{"host":"p9t7qd83igtcp2bh","time":1610761577,"event":{"mods":["2.2 Compatiblity","AchievementEnabler","BaseMod","Colored Map","Colored Powertips","Custom Start","DeckTracker","Keyboard Shortcuts","Minty Spire (QoL Compilation)","Permanent Neow","StSLib","SuperFastMode","everything is the same but u backflip on backflip"],"gold_per_floor":[118,193,209,225,65,65,79,114,137,150,29,29,88,107,107,107,107],"floor_reached":16,"language":"KOR","playtime":277,"items_purged":[],"score":199,"play_id":"31a764e0-93a3-46a4-a8a3-b5dc29ac348f","local_time":"20210116104617","is_ascension_mode":true,"campfire_choices":[{"data":"Doom and Gloom","floor":6.0,"key":"SMITH"},{"data":"Self Repair","floor":15.0,"key":"SMITH"}],"circlet_count":0,"master_deck":["AscendersBane","Strike_B","Strike_B","Strike_B","Strike_B","Defend_B","Defend_B","Defend_B","Defend_B","Zap+1","Dualcast","Genetic Algorithm","Capacitor+1","Doom and Gloom+1","Self Repair+1","Self Repair","Heatsinks","Chill","Barrage"],"relics":["Cracked Core","PreservedInsect","Lantern","Juzu Bracelet"],"acts_visited":["Exordium"],"potions_floor_usage":[],"damage_taken":[{"damage":2.0,"enemies":"Jaw Worm","floor":1.0,"turns":5.0},{"damage":2.0,"enemies":"2 Louse","floor":3.0,"turns":3.0},{"damage":1.0,"enemies":"Cultist","floor":4.0,"turns":4.0},{"damage":3.0,"enemies":"Exordium Wildlife","floor":7.0,"turns":2.0},{"damage":20.0,"enemies":"3 Sentries","floor":8.0,"turns":4.0},{"damage":12.0,"enemies":"2 Fungi Beasts","floor":10.0,"turns":3.0},{"damage":2.0,"enemies":"Exordium Thugs","floor":14.0,"turns":4.0},{"damage":36,"enemies":"The Guardian","floor":16,"turns":4}],"seed_played":"-803546368562769260","potions_obtained":[{"floor":7.0,"key":"Energy Potion"},{"floor":8.0,"key":"DistilledChaos"}],"is_trial":false,"path_per_floor":["M","?","M","M","$","R","M","E","T","M","$","?","?","M","R","B"],"character_chosen":"DEFECT","items_purchased":["PreservedInsect","Heatsinks","Chill"],"campfire_rested":0,"item_purchase_floors":[5,11,11],"current_hp_per_floor":[62,51,49,48,48,48,45,25,25,20,20,20,20,32,32,0,0],"gold":107,"neow_bonus":"UPGRADE_CARD","is_daily":false,"chose_seed":false,"campfire_upgraded":2,"win_rate":0.0,"timestamp":1610761577,"path_taken":["M","?","M","M","$","R","M","E","T","M","$","?","?","M","R","BOSS"],"items_purchased_type":["Relic","Card","Card"],"build_version":"2020-12-22","purchased_purges":0,"victory":false,"max_hp_per_floor":[71,71,71,71,71,71,71,71,71,71,71,71,71,71,71,71,71],"card_choices":[{"not_picked":["Steam","Sweeping Beam"],"picked":"Genetic Algorithm","floor":1.0},{"not_picked":["Ball Lightning","Gash"],"picked":"Capacitor","floor":3.0},{"not_picked":["Reprogram","Skim"],"picked":"Doom and Gloom","floor":4.0},{"not_picked":["Static Discharge","Amplify","Steam Power"],"picked":"SKIP","floor":7.0},{"not_picked":["Compile Driver","Steam"],"picked":"Self Repair","floor":8.0},{"not_picked":["Conserve Battery","Ball Lightning"],"picked":"Self Repair","floor":10.0},{"not_picked":["Rebound","Turbo"],"picked":"Barrage","floor":14.0}],"player_experience":646372,"relics_obtained":[{"floor":8.0,"key":"Lantern"},{"floor":9.0,"key":"Juzu Bracelet"}],"event_choices":[{"damage_healed":0.0,"max_hp_gain":0.0,"max_hp_loss":0.0,"gold_gain":75.0,"event_name":"World of Goop","player_choice":"Gather Gold","floor":2.0,"gold_loss":0.0,"damage_taken":11.0},{"damage_healed":0.0,"max_hp_gain":0.0,"max_hp_loss":0.0,"gold_gain":0.0,"event_name":"Upgrade Shrine","player_choice":"Upgraded","floor":12.0,"gold_loss":0.0,"damage_taken":0.0,"cards_upgraded":["Capacitor"]},{"damage_healed":0.0,"max_hp_gain":0.0,"max_hp_loss":0.0,"gold_gain":59.0,"event_name":"Golden Wing","player_choice":"Gained Gold","floor":13.0,"gold_loss":0.0,"damage_taken":0.0}],"is_beta":false,"boss_relics":[],"items_purged_floors":[],"is_endless":false,"potions_floor_spawned":[7,8],"killed_by":"The Guardian","ascension_level":19}}