{"host":"appz8zkad29u9482","time":1610828467,"event":{"mods":["2.2 Compatiblity","Act Like it!","Aspiration","BaseMod","Beaked The Cultist","Better Altar","Better Match","Better Note","Better Skull","Better Third Choice","BetterRewards","CapriCore","Conspire","Disable Question Mark Monsters","Energized Spire","Gensokyo","GifTheSpireLib","Gold Saver","Halation","Hermit","Hubris","Infinite Spire","Jedi Mod","Luminous","Marisa????????","Minty Spire (QoL Compilation)","Permanent Neow","Reimu??????","Replay The Spire","Spicy Shops","StSLib","Strawberry Spire","Stuff the Spire","The Administrix","The Bug Knight","The Construct","The Cursed","The Florist","The Hierophant","The Immortal","The Servant 0.9.4","yUi"],"gold_per_floor":[1577,1537,1555,784,784,784,784,798,798,798,833,852,538,573,573,676,726,744,744,292,192,192,192,216,278,303,314,314,368,368,384,384,481,481,496,543,554,573,573,593,641,415,467,518,518,574,592,608,608,628],"floor_reached":51,"language":"ENG","playtime":3445,"items_purged":["Normality","Normality"],"score":1087,"play_id":"0f609350-25a3-4804-9e66-099b5e553790","local_time":"20210116102107","is_ascension_mode":false,"campfire_choices":[{"data":"HollowMod:MawleksShell","floor":6.0,"key":"SMITH"},{"data":"Replay:Sssssssssstrike","floor":10.0,"key":"SMITH"},{"data":"HollowMod:GrimmsGift","floor":23.0,"key":"SMITH"},{"floor":30,"key":"REST"},{"floor":32,"key":"DIG"},{"floor":49,"key":"DIG"}],"circlet_count":0,"master_deck":["HollowMod:NailStrikeStart","HollowMod:NailStrikeStart+1","HollowMod:NailStrikeStart","HollowMod:NailStrikeStart","HollowMod:QuickDashStart","HollowMod:QuickDashStart","HollowMod:QuickDashStart","HollowMod:QuickDashStart","HollowMod:FocusHealStart","HollowMod:PogoStrike","Replay:Sssssssssstrike+1","HollowMod:MawleksShell+1","HollowMod:ShadowDash","HollowMod:VoidDash","HollowMod:AbyssShriek","HollowMod:SiblingsShadow+1","HollowMod:WraithStrike+1","HollowMod:ShapeofUnn+1","HollowMod:DescendingDark","Crow Ritual+1","Crow Ritual+1","HollowMod:Weaversong","HollowMod:GrimmsGift+1","HollowMod:WraithStrike+1","DevaForm","HollowMod:DescendingDark+1","conspire:SpireCoStock","conspire:SpireCoStock","HollowMod:DescendingDark+1","HollowMod:VengefulVoid","HollowMod:DashSlash+1","HollowMod:DashSlash+1","HollowMod:DashSlash+1","HollowMod:DashSlash+1","HollowMod:DashSlash+1","HollowMod:DashSlash+1","HollowMod:DashSlash+1","HollowMod:DashSlash+1","HollowMod:DashSlash+1","HollowMod:DashSlash+1","HollowMod:DashSlash+1","HollowMod:DashSlash+1","HollowMod:DashSlash+1","HollowMod:DashSlash+1","HollowMod:DashSlash+1","HollowMod:DashSlash+1","HollowMod:DashSlash+1","HollowMod:DashSlash+1","HollowMod:DashSlash+1","HollowMod:DashSlash+1","HollowMod:DashSlash+1","HollowMod:DashSlash+1","HollowMod:DashSlash+1","HollowMod:DashSlash+1","HollowMod:DashSlash+1","HollowMod:DashSlash+1","HollowMod:DashSlash+1","HollowMod:DashSlash+1","HollowMod:DashSlash+1","HollowMod:DashSlash+1","HollowMod:DashSlash+1","HollowMod:DashSlash+1","HollowMod:DashSlash+1","HollowMod:DashSlash+1","HollowMod:DashSlash+1","HollowMod:DashSlash+1","HollowMod:DashSlash+1","HollowMod:DashSlash+1","HollowMod:DashSlash+1","HollowMod:DashSlash+1","HollowMod:MonarchWings+1","HollowMod:MonarchWings+1","HollowMod:MonarchWings+1","HollowMod:MonarchWings+1","HollowMod:MonarchWings+1","HollowMod:MonarchWings+1","HollowMod:Hiveblood","HollowMod:Hiveblood","HollowMod:Hiveblood","HollowMod:HuntersJournal","HollowMod:HuntersJournal","HollowMod:HuntersJournal","HollowMod:HuntersJournal","HollowMod:HuntersJournal","HollowMod:HuntersJournal","HollowMod:HuntersJournal","HollowMod:HuntersJournal","HollowMod:HuntersJournal","HollowMod:HuntersJournal","HollowMod:HuntersJournal","HollowMod:HuntersJournal","HollowMod:HuntersJournal","HollowMod:HuntersJournal","HollowMod:HuntersJournal","HollowMod:HuntersJournal","HollowMod:HuntersJournal","HollowMod:HuntersJournal","HollowMod:HuntersJournal","HollowMod:HuntersJournal","HollowMod:HuntersJournal","HollowMod:HuntersJournal","Madness","Madness","Madness","Madness","Madness","HollowMod:VoidDash","HollowMod:VoidDash","HollowMod:VoidDash","HollowMod:VoidDash","HollowMod:VoidDash","HollowMod:VoidDash","HollowMod:VoidDash","HollowMod:VoidDash","HollowMod:VoidDash","HollowMod:VoidDash","HollowMod:VoidDash","HollowMod:VoidDash","HollowMod:VoidDash","HollowMod:VoidDash","infinitespire:FutureSight","infinitespire:FutureSight","infinitespire:FutureSight","infinitespire:FutureSight","infinitespire:FutureSight","HollowMod:SharpenedShadows","HollowMod:SharpenedShadows","HollowMod:SharpenedShadows","HollowMod:SharpenedShadows","HollowMod:SharpenedShadows","HollowMod:SharpenedShadows","HollowMod:SharpenedShadows","HollowMod:SharpenedShadows","HollowMod:SharpenedShadows","HollowMod:SharpenedShadows","HollowMod:SharpenedShadows","HollowMod:SharpenedShadows","HollowMod:SharpenedShadows","HollowMod:SharpenedShadows","HollowMod:SharpenedShadows","HollowMod:SharpenedShadows"],"relics":["StuffTheSpire:OccultApparatus","PaintedHorse:ReiMu","halation:Sosunser","Replay:Ringing Soul","hubris:Towel","HollowMod:StagPassRelic","strawberrySpire:DirtyLipstick","halation:NonexistentMirror","Omamori","Tiny House","HollowMod:MantisClawRelic","aspiration:Lifesprig","hubris:FruitBowl","Oddly Smooth Stone","infinitespire:Bottled Soul","Shovel","jedi:matchstick","StuffTheSpire:RunicHypercube","Replay:WaspNest","strawberrySpire:ElefentMask","Vajra","Lantern","hubris:SphereOfDissonance","strawberrySpire:SolarisEssence","aspiration:EmptySkull","Bag of Preparation"],"acts_visited":["Exordium","TheCity","TheBeyond"],"potions_floor_usage":[],"damage_taken":[{"damage":0.0,"enemies":"Small Slimes","floor":1.0,"turns":3.0},{"damage":1.0,"enemies":"2 Louse","floor":3.0,"turns":3.0},{"damage":5.0,"enemies":"Jaw Worm","floor":8.0,"turns":3.0},{"damage":8.0,"enemies":"Gremlin Nob","floor":11.0,"turns":4.0},{"damage":8.0,"enemies":"2 Fungi Beasts","floor":12.0,"turns":2.0},{"damage":20.0,"enemies":"Replay:BlueRogue","floor":14.0,"turns":5.0},{"damage":15.0,"enemies":"HollowMod:FalseKnight","floor":16.0,"turns":5.0},{"damage":20.0,"enemies":"Shell Parasite","floor":18.0,"turns":5.0},{"damage":10.0,"enemies":"Chosen","floor":24.0,"turns":4.0},{"damage":9.0,"enemies":"conspire:HollyBat","floor":25.0,"turns":8.0},{"damage":13.0,"enemies":"Snake Plant","floor":27.0,"turns":3.0},{"damage":14,"enemies":"Book of Stabbing","floor":29,"turns":5},{"damage":0,"enemies":"Centurion and Healer","floor":31,"turns":4},{"damage":43,"enemies":"hubris:MusketHawk","floor":33,"turns":9},{"damage":0,"enemies":"Orb Walker","floor":35,"turns":2},{"damage":21,"enemies":"3 Shapes","floor":37,"turns":5},{"damage":16,"enemies":"Jaw Worm Horde","floor":38,"turns":5},{"damage":0,"enemies":"Writhing Mass","floor":40,"turns":2},{"damage":10,"enemies":"Reptomancer","floor":41,"turns":5},{"damage":20,"enemies":"Maw","floor":44,"turns":5},{"damage":10,"enemies":"Nemesis","floor":46,"turns":5},{"damage":10,"enemies":"Transient","floor":47,"turns":5},{"damage":0,"enemies":"3 Darklings","floor":48,"turns":2},{"damage":60,"enemies":"Donu and Deca","floor":50,"turns":7}],"seed_played":"4147744570675935416","potions_obtained":[{"floor":8.0,"key":"ZuzhouPotion:ReiMu"},{"floor":12.0,"key":"Fire Potion"},{"floor":17.0,"key":"Death Potion"},{"floor":25.0,"key":"Fire Potion"},{"floor":35,"key":"LifebloodPotion"},{"floor":41,"key":"DistilledChaos"}],"is_trial":false,"path_per_floor":["M","?","M","$","?","R","?","M","T","R","E","M","$","E","R","B",null,"M","?","$","?","?","R","M","M","T","M","$","E","R","M","R","B",null,"M","T","M","M","?","M","E","$","T","M","AVR","E","M","M","R","B",null],"character_chosen":"THE_BUGKNIGHT","items_purchased":["halation:Sosunser","HollowMod:VoidDash","Replay:Ringing Soul","HollowMod:AbyssShriek","HollowMod:SiblingsShadow+1","halation:NonexistentMirror","Crow Ritual","HollowMod:DescendingDark+1","HollowMod:MantisClawRelic","hubris:FruitBowl","Oddly Smooth Stone","infinitespire:Bottled Soul","strawberrySpire:ElefentMask","Vajra"],"campfire_rested":1,"item_purchase_floors":[4,4,4,4,4,13,13,20,20,28,28,28,42,42],"current_hp_per_floor":[75,75,74,77,77,77,77,75,75,75,70,65,68,48,75,63,101,84,87,90,93,93,93,86,80,80,67,22,12,48,52,52,13,131,131,131,114,103,90,90,92,92,92,100,104,106,108,112,112,87],"gold":628,"neow_bonus":"RANDOM_COLORLESS","is_daily":false,"chose_seed":false,"campfire_upgraded":3,"win_rate":0.0,"timestamp":1610828467,"path_taken":["M","?","M","$","?","R","?","M","T","R","E","M","$","E","R","BOSS","M","?","$","?","?","R","?","M","T","M","?","E","R","?","R","BOSS","M","?","?","M","?","M","E","?","T","M","AVR","E","M","M","R","BOSS"],"items_purchased_type":["Relic","Card","Relic","Card","Card","Relic","Card","Card","Relic","Relic","Relic","Relic","Relic","Relic"],"build_version":"2020-12-22","purchased_purges":2,"victory":true,"max_hp_per_floor":[75,75,75,78,78,78,78,81,81,81,84,87,90,90,90,93,101,104,107,110,113,113,113,116,119,119,119,119,123,123,127,127,131,131,131,131,135,135,139,139,139,139,139,143,147,147,147,151,151,151],"card_choices":[{"not_picked":["Impatience","Enlightenment"],"picked":"Replay:Sssssssssstrike","floor":0.0},{"not_picked":["HollowMod:CloakDash","HollowMod:BlackTendrils"],"picked":"HollowMod:MawleksShell","floor":1.0},{"not_picked":["HollowMod:HowlingWraiths","HollowMod:HeavyBlow"],"picked":"HollowMod:ShadowDash","floor":3.0},{"not_picked":["HollowMod:DoubleDash","HollowMod:SoulSplash"],"picked":"HollowMod:WraithStrike","floor":8.0},{"not_picked":["HollowMod:NewGlowingWomb","HollowMod:CrystalDash"],"picked":"HollowMod:ShapeofUnn","floor":11.0},{"not_picked":["HollowMod:CornifersMapStart","HollowMod:InfectedAttack"],"picked":"HollowMod:DescendingDark","floor":12.0},{"not_picked":["HollowMod:NewGlowingWomb","HollowMod:DesolateDive","HollowMod:ChannelNail"],"picked":"SKIP","floor":14.0},{"not_picked":["HollowMod:NewInfectedGuardian","HollowMod:ZotesMagnificence"],"picked":"HollowMod:Weaversong","floor":16.0},{"not_picked":["HollowMod:NewLittleFool","HollowMod:SoulSplash"],"picked":"HollowMod:GrimmsGift","floor":17.0},{"not_picked":["HollowMod:ChannelNail","HollowMod:SoulSplash+1"],"picked":"HollowMod:WraithStrike+1","floor":18.0},{"not_picked":["HollowMod:CycloneSlash","HollowMod:CoiledNail"],"picked":"HollowMod:DescendingDark+1","floor":24.0},{"not_picked":["HollowMod:InfectionAssault","HollowMod:CycloneSlash"],"picked":"HollowMod:VengefulVoid","floor":25.0},{"not_picked":["HollowMod:HowlingWraiths","HollowMod:DungDefenderAura+1","HollowMod:PerfectDash+1"],"picked":"SKIP","floor":27.0},{"not_picked":["HollowMod:NewJinnsSoul","HollowMod:SiblingsSouls"],"picked":"HollowMod:DashSlash+1","floor":29},{"not_picked":["HollowMod:SharpenedNail","HollowMod:WraithStrike"],"picked":"HollowMod:MonarchWings+1","floor":31},{"not_picked":["HollowMod:ZotesMagnificence","HollowMod:MidwifesHunger"],"picked":"HollowMod:Hiveblood","floor":33},{"not_picked":["HollowMod:HeavyBlow","HollowMod:DreamGate+1","HollowMod:ShadowDash"],"picked":"SKIP","floor":35},{"not_picked":["HollowMod:VengefulVoid","HollowMod:CornifersMapStart+1"],"picked":"HollowMod:HuntersJournal","floor":37},{"not_picked":["HollowMod:DungDefenderAura","HollowMod:FallenFury","HollowMod:ShapeofUnn+1"],"picked":"SKIP","floor":38},{"not_picked":["HollowMod:SoulStrike+1","HollowMod:HowlingWraiths+1","HollowMod:NewLittleFool+1"],"picked":"SKIP","floor":40},{"not_picked":["HollowMod:SoulSplash+1","HollowMod:BrokenVessel+1","HollowMod:CornifersMapStart+1"],"picked":"SKIP","floor":41},{"not_picked":["HollowMod:CycloneSlash","HollowMod:SiblingsSouls+1"],"picked":"HollowMod:VoidDash","floor":44},{"not_picked":["HollowMod:SharpenedNail","HollowMod:GreatSlash+1","HollowMod:SoulEater+1"],"picked":"SKIP","floor":46},{"not_picked":["HollowMod:LifebloodCocoon","HollowMod:DescendingDark","HollowMod:CycloneSlash"],"picked":"SKIP","floor":47},{"not_picked":["HollowMod:SharpenedNail","HollowMod:CornifersMapStart+1"],"picked":"HollowMod:SharpenedShadows","floor":48}],"player_experience":535169,"relics_obtained":[{"floor":9.0,"key":"HollowMod:StagPassRelic"},{"floor":11.0,"key":"strawberrySpire:DirtyLipstick"},{"floor":14.0,"key":"Omamori"},{"floor":26.0,"key":"aspiration:Lifesprig"},{"floor":29,"key":"Shovel"},{"floor":32,"key":"jedi:matchstick"},{"floor":41,"key":"Replay:WaspNest"},{"floor":43,"key":"Lantern"},{"floor":46,"key":"aspiration:EmptySkull"},{"floor":49,"key":"Bag of Preparation"}],"event_choices":[{"damage_healed":0.0,"max_hp_gain":0.0,"max_hp_loss":0.0,"gold_gain":0.0,"event_name":"yidonshenshe","player_choice":"Donate","floor":2.0,"gold_loss":40.0,"damage_taken":0.0,"relics_obtained":["PaintedHorse:ReiMu"]},{"cards_removed":["HollowMod:MawleksShell"],"damage_healed":0.0,"max_hp_gain":0.0,"max_hp_loss":0.0,"gold_gain":0.0,"event_name":"betterNote:BetterNote","player_choice":"Take \u0026 Give","floor":19.0,"gold_loss":0.0,"damage_taken":0.0,"cards_obtained":["DevaForm"]},{"damage_healed":0.0,"max_hp_gain":0.0,"max_hp_loss":0.0,"gold_gain":0.0,"event_name":"conspire:Investor","player_choice":"Invest 2","floor":21.0,"gold_loss":0.0,"damage_taken":0.0},{"damage_healed":0.0,"max_hp_gain":0.0,"max_hp_loss":0.0,"gold_gain":0.0,"event_name":"Upgrade Shrine","player_choice":"Upgraded","floor":22.0,"gold_loss":0.0,"damage_taken":0.0,"cards_upgraded":["HollowMod:ShapeofUnn"]},{"damage_healed":0,"gold_gain":0,"player_choice":"Embrace Madness","damage_taken":17,"max_hp_gain":0,"max_hp_loss":0,"event_name":"Winding Halls","floor":39,"gold_loss":0,"cards_obtained":["Madness","Madness"]}],"is_beta":false,"boss_relics":[{"not_picked":["conspire:SpecialSausage","strawberrySpire:RottenAvocado"],"picked":"Tiny House"},{"not_picked":["Pandora\u0027s Box","hubris:CrackedHourglass"],"picked":"StuffTheSpire:RunicHypercube"}],"items_purged_floors":[13,20],"is_endless":false,"potions_floor_spawned":[8,12,25,35,41,44,47],"ascension_level":0}}