{"host":"746m694if73h3gai","time":1610792816,"event":{"mods":["2.2 Compatiblity","AYAYA","AchievementEnabler","Act Like it!","BaseMod","Bestiary","Colored Map","Colored Powertips","Downfall","Minty Spire (QoL Compilation)","Quick Restart","Rare Cards Sparkle","Relic Stats","StSLib","The Cursed","The Death Knight","Wandering Minibosses","everything is the same but u backflip on backflip","slay the spire mod where everything is the same but ironclad has a cowboy hat"],"gold_per_floor":[117,117,67,87,87,87,103,136,136,87,98,130,146,160,160,264,264,276,296,296,395,21,21,121,149,224,236,261,272,286,286,286,382,382,392,392,10,10,27,27,59,59,110,29,29,29,29],"floor_reached":46,"language":"ENG","playtime":1875,"items_purged":["Strike_P","Strike_P"],"score":598,"play_id":"3675d7f5-cef6-4f41-a88c-0cad2d06bda4","local_time":"20210116112656","is_ascension_mode":true,"campfire_choices":[{"data":"Eruption","floor":6,"key":"SMITH"},{"data":"FearNoEvil","floor":15,"key":"SMITH"},{"data":"1","floor":23,"key":"LIFT"},{"floor":32,"key":"REST"},{"data":"2","floor":40,"key":"LIFT"},{"data":"3","floor":42,"key":"LIFT"}],"circlet_count":0,"master_deck":["Strike_P","Defend_P","Defend_P","Defend_P","Defend_P","Eruption+1","Vigilance","Consecrate","FlyingSleeves","FearNoEvil+1","FlurryOfBlows","Swivel","WaveOfTheHand","CutThroughFate","Scrawl","CarveReality","TalkToTheHand","DevaForm","FlurryOfBlows+1","DeusExMachina","Crescendo+1","MentalFortress","TalkToTheHand+1","MentalFortress+1"],"relics":["PureWater","Omamori","Matryoshka","Guardian:PocketSentry","Black Star","Girya","DeathKnight:SindragosasSkull","Mercury Hourglass","Centennial Puzzle","Pear","Toy Ornithopter","Nilry\u0027s Codex","Snecko Eye","Incense Burner","The Courier","Bronze Scales","Frozen Egg 2","Smiling Mask"],"acts_visited":["Exordium","TheCity","TheBeyond"],"potions_floor_usage":[33,41,46,46],"damage_taken":[{"damage":7,"enemies":"2 Louse","floor":1,"turns":3},{"damage":0,"enemies":"Small Slimes","floor":4,"turns":2},{"damage":1,"enemies":"Jaw Worm","floor":7,"turns":4},{"damage":25,"enemies":"Lagavulin","floor":8,"turns":9},{"damage":0,"enemies":"Exordium Wildlife","floor":11,"turns":2},{"damage":6,"enemies":"Gremlin Nob","floor":12,"turns":3},{"damage":7,"enemies":"Exordium Thugs","floor":13,"turns":3},{"damage":0,"enemies":"Large Slime","floor":14,"turns":3},{"damage":0,"enemies":"Slime Boss","floor":16,"turns":4},{"damage":0,"enemies":"3 Byrds","floor":18,"turns":4},{"damage":22,"enemies":"2 Thieves","floor":19,"turns":2},{"damage":8,"enemies":"Gremlin Leader","floor":25,"turns":4},{"damage":0,"enemies":"Snecko","floor":27,"turns":3},{"damage":16,"enemies":"Slavers","floor":28,"turns":4},{"damage":15,"enemies":"Chosen and Byrds","floor":29,"turns":3},{"damage":0,"enemies":"Centurion and Healer","floor":30,"turns":3},{"damage":48,"enemies":"Champ","floor":33,"turns":8},{"damage":24,"enemies":"3 Darklings","floor":35,"turns":4},{"damage":15,"enemies":"3 Shapes","floor":39,"turns":2},{"damage":27,"enemies":"Nemesis","floor":41,"turns":6},{"damage":60,"enemies":"Awakened One","floor":46,"turns":7}],"seed_played":"2135251300987049829","potions_obtained":[{"floor":1,"key":"Regen Potion"},{"floor":8,"key":"Weak Potion"},{"floor":13,"key":"Weak Potion"},{"floor":18,"key":"SmokeBomb"},{"floor":28,"key":"DeathKnight:RimePotion"},{"floor":35,"key":"LiquidMemories"}],"is_trial":false,"path_per_floor":["M","?","?","M","?","R","M","E","T","$","M","E","M","M","R","B",null,"M","M","?","?","$","R","?","E","T","M","E","M","M","?","R","B",null,"M","?","$","?","M","R","E","R","T","$","?","B"],"character_chosen":"WATCHER","items_purchased":["Crescendo","Girya","Incense Burner","MentalFortress","MentalFortress+1"],"campfire_rested":1,"item_purchase_floors":[10,22,37,37,44],"current_hp_per_floor":[72,77,77,77,77,77,76,51,51,51,51,45,38,38,38,38,84,84,62,62,62,62,62,62,54,54,54,48,33,33,17,45,2,94,70,70,70,70,55,55,33,33,33,33,33,0,0],"gold":29,"neow_bonus":"TEN_PERCENT_HP_BONUS","is_daily":false,"chose_seed":false,"campfire_upgraded":2,"win_rate":0.0,"timestamp":1610792816,"path_taken":["M","?","?","M","?","R","M","E","T","?","M","E","?","M","R","BOSS","M","M","?","?","$","R","?","E","T","M","E","?","M","?","R","BOSS","M","?","$","?","M","R","E","R","T","$","?","BOSS"],"items_purchased_type":["Card","Relic","Relic","Card","Card"],"build_version":"2020-12-22","purchased_purges":2,"victory":false,"max_hp_per_floor":[79,84,84,84,84,84,84,84,84,84,84,84,84,84,84,84,84,84,84,84,84,84,84,84,84,84,84,94,94,94,94,94,94,94,94,94,94,94,94,94,94,94,94,94,94,94,94],"relic_stats":{"Centennial Puzzle":[21],"counters":[21,83],"Bronze Scales":[36],"Snecko Eye":[37,38,37,31],"Black Star":3,"Smiling Mask":30,"obtain_stats":[{"Girya":22,"Pear":28,"Nilry\u0027s Codex":31,"The Courier":41,"Omamori":8,"Guardian:PocketSentry":12,"Incense Burner":37,"Frozen Egg 2":43,"Smiling Mask":43,"Mercury Hourglass":25,"Centennial Puzzle":26,"Matryoshka":9,"Bronze Scales":41,"Snecko Eye":34,"Black Star":17,"PureWater":0,"Toy Ornithopter":28,"DeathKnight:SindragosasSkull":25},{"Girya":11,"Pear":14,"Nilry\u0027s Codex":16,"The Courier":20,"Omamori":4,"Guardian:PocketSentry":6,"Incense Burner":18,"Frozen Egg 2":20,"Smiling Mask":20,"Mercury Hourglass":12,"Centennial Puzzle":12,"Matryoshka":4,"Bronze Scales":20,"Snecko Eye":17,"Black Star":9,"PureWater":0,"Toy Ornithopter":14,"DeathKnight:SindragosasSkull":12},{"Girya":39,"Pear":50,"Nilry\u0027s Codex":56,"The Courier":76,"Omamori":18,"Guardian:PocketSentry":23,"Incense Burner":68,"Frozen Egg 2":76,"Smiling Mask":76,"Mercury Hourglass":43,"Centennial Puzzle":43,"Matryoshka":18,"Bronze Scales":76,"Snecko Eye":64,"Black Star":33,"PureWater":0,"Toy Ornithopter":50,"DeathKnight:SindragosasSkull":43}],"Toy Ornithopter":20,"Mercury Hourglass":[158]},"card_choices":[{"not_picked":["InnerPeace","Crescendo"],"picked":"Consecrate","floor":1},{"not_picked":["CrushJoints","Indignation","EmptyBody"],"picked":"SKIP","floor":4},{"not_picked":["Crescendo","CrushJoints"],"picked":"FlyingSleeves","floor":7},{"not_picked":["PathToVictory","DeceiveReality"],"picked":"FearNoEvil","floor":8},{"not_picked":["Adaptation","Crescendo"],"picked":"FlurryOfBlows","floor":11},{"not_picked":["LikeWater","ForeignInfluence"],"picked":"Swivel","floor":12},{"not_picked":["Consecrate","ThirdEye"],"picked":"WaveOfTheHand","floor":13},{"not_picked":["JustLucky","Meditate"],"picked":"CutThroughFate","floor":14},{"not_picked":["DeusExMachina","Omniscience"],"picked":"Scrawl","floor":16},{"not_picked":["Evaluate+1","SignatureMove"],"picked":"CarveReality","floor":18},{"not_picked":["BowlingBash","Study+1","EmptyMind+1"],"picked":"SKIP","floor":19},{"not_picked":["Prostrate","Protect","PathToVictory"],"picked":"SKIP","floor":25},{"not_picked":["FearNoEvil+1","Pray","SignatureMove"],"picked":"SKIP","floor":27},{"not_picked":["LikeWater+1","Nirvana+1"],"picked":"DevaForm","floor":28},{"not_picked":["FlurryOfBlows","Indignation","BowlingBash"],"picked":"SKIP","floor":29},{"not_picked":["ThirdEye","Evaluate"],"picked":"FlurryOfBlows+1","floor":30},{"not_picked":["Scrawl","DevaForm"],"picked":"DeusExMachina","floor":33},{"not_picked":["FlyingSleeves+1","Sanctity+1"],"picked":"Crescendo+1","floor":35},{"not_picked":["EmptyFist","Halt","FlyingSleeves"],"picked":"SKIP","floor":39},{"not_picked":["Indignation","ForeignInfluence"],"picked":"TalkToTheHand+1","floor":41}],"player_experience":122227,"relics_obtained":[{"floor":8,"key":"Omamori"},{"floor":9,"key":"Matryoshka"},{"floor":12,"key":"Guardian:PocketSentry"},{"floor":25,"key":"DeathKnight:SindragosasSkull"},{"floor":25,"key":"Mercury Hourglass"},{"floor":26,"key":"Centennial Puzzle"},{"floor":28,"key":"Pear"},{"floor":28,"key":"Toy Ornithopter"},{"floor":31,"key":"Nilry\u0027s Codex"},{"floor":41,"key":"The Courier"},{"floor":41,"key":"Bronze Scales"},{"floor":43,"key":"Frozen Egg 2"},{"floor":43,"key":"Smiling Mask"}],"event_choices":[{"damage_healed":0,"gold_gain":0,"player_choice":"Donut","damage_taken":0,"max_hp_gain":5,"max_hp_loss":0,"event_name":"Big Fish","floor":2,"gold_loss":0},{"cards_removed":["Strike_P"],"damage_healed":0,"gold_gain":0,"player_choice":"Card Removal","damage_taken":0,"max_hp_gain":0,"max_hp_loss":0,"event_name":"The Cleric","floor":3,"gold_loss":50},{"damage_healed":0,"gold_gain":0,"player_choice":"Ignored","damage_taken":0,"max_hp_gain":0,"max_hp_loss":0,"event_name":"Golden Wing","floor":5,"gold_loss":0},{"damage_healed":0,"gold_gain":0,"player_choice":"Read","damage_taken":0,"max_hp_gain":0,"max_hp_loss":0,"event_name":"The Library","floor":20,"gold_loss":0,"cards_obtained":["TalkToTheHand"]},{"damage_healed":0,"gold_gain":99,"player_choice":"Stole From Cult","damage_taken":0,"max_hp_gain":0,"max_hp_loss":0,"event_name":"Nest","floor":21,"gold_loss":0},{"damage_healed":0,"gold_gain":100,"player_choice":"Pray","damage_taken":0,"max_hp_gain":0,"max_hp_loss":0,"event_name":"Golden Shrine","floor":24,"gold_loss":0},{"damage_healed":0,"gold_gain":0,"player_choice":"Obtained Book","damage_taken":16,"max_hp_gain":0,"max_hp_loss":0,"event_name":"Cursed Tome","floor":31,"gold_loss":0},{"cards_removed":["Crescendo"],"damage_healed":0,"gold_gain":0,"player_choice":"Removed Skill","damage_taken":0,"max_hp_gain":0,"max_hp_loss":0,"event_name":"Falling","floor":36,"gold_loss":0},{"damage_healed":0,"gold_gain":0,"player_choice":"Memory 1","damage_taken":0,"max_hp_gain":0,"max_hp_loss":0,"event_name":"SensoryStone","floor":38,"gold_loss":0},{"damage_healed":0,"gold_gain":0,"player_choice":"Took Portal","damage_taken":0,"max_hp_gain":0,"max_hp_loss":0,"event_name":"SecretPortal","floor":45,"gold_loss":0}],"is_beta":false,"boss_relics":[{"not_picked":["SacredBark","Sozu"],"picked":"Black Star"},{"not_picked":["Runic Dome","Coffee Dripper"],"picked":"Snecko Eye"}],"items_purged_floors":[22,44],"is_endless":false,"potions_floor_spawned":[1,8,13,18,19,28,35],"killed_by":"Awakened One","ascension_level":1}}