{"host":"08t08ld674si40tv","time":1610775793,"event":{"mods":["AchievementEnabler","BaseMod","Colored Map","Minty Spire (QoL Compilation)","StSLib","SuperFastMode"],"gold_per_floor":[111,131,56,56,68,68,100,100,100,100,128,140,181,193,205,294,306,330,15,15,15,15,15,44,60,87,87,34,34,67,117,117,193,193,212,257,282,157,157,157,28,59,59,79,79,0,0,33,33,33,33,33,33,66,66],"floor_reached":56,"language":"KOR","playtime":1725,"items_purged":["Strike_B","Strike_B","Defend_B"],"score":2180,"play_id":"60ae5752-526a-44b4-99a4-8d8306015eb2","local_time":"20210116144313","is_ascension_mode":true,"campfire_choices":[{"data":"Biased Cognition","floor":6.0,"key":"SMITH"},{"data":"Zap","floor":8.0,"key":"SMITH"},{"floor":12.0,"key":"REST"},{"data":"Amplify","floor":15.0,"key":"SMITH"},{"data":"Defragment","floor":23.0,"key":"SMITH"},{"data":"Heatsinks","floor":27.0,"key":"SMITH"},{"data":"White Noise","floor":29.0,"key":"SMITH"},{"floor":32,"key":"REST"},{"data":"Reboot","floor":40,"key":"SMITH"},{"data":"Coolheaded","floor":45,"key":"SMITH"},{"data":"Buffer","floor":47,"key":"SMITH"},{"floor":49,"key":"RECALL"},{"data":"Turbo","floor":52,"key":"SMITH"}],"circlet_count":0,"master_deck":["AscendersBane","Defend_B","Zap+1","Dualcast","Biased Cognition+1","White Noise+1","Core Surge+1","Buffer+1","Amplify+1","Reboot+1","Defragment+1","Heatsinks+1","Core Surge+1","Echo Form","Force Field","Turbo+1","Machine Learning","Coolheaded+1","Chill","Electrodynamics"],"relics":["Cracked Core","StrikeDummy","Question Card","MawBank","Mummified Hand","Nuclear Battery","Runic Capacitor","Whetstone","Orichalcum","Black Star","Turnip","Calipers","Blue Candle","Juzu Bracelet","InkBottle","Red Mask","Regal Pillow","Shuriken","Gremlin Horn","Anchor"],"acts_visited":["Exordium","TheCity","TheBeyond","TheEnding"],"potions_floor_usage":[30,33,55,55],"damage_taken":[{"damage":0.0,"enemies":"Cultist","floor":1.0,"turns":2.0},{"damage":8.0,"enemies":"Small Slimes","floor":2.0,"turns":3.0},{"damage":3.0,"enemies":"2 Louse","floor":5.0,"turns":2.0},{"damage":2.0,"enemies":"3 Sentries","floor":7.0,"turns":8.0},{"damage":4.0,"enemies":"Lagavulin","floor":11.0,"turns":6.0},{"damage":11.0,"enemies":"3 Sentries","floor":13.0,"turns":7.0},{"damage":4.0,"enemies":"Slime Boss","floor":16.0,"turns":8.0},{"damage":22.0,"enemies":"2 Thieves","floor":18.0,"turns":4.0},{"damage":0.0,"enemies":"Book of Stabbing","floor":24.0,"turns":4.0},{"damage":9.0,"enemies":"3 Byrds","floor":25.0,"turns":3.0},{"damage":18,"enemies":"Slavers","floor":30,"turns":4},{"damage":22,"enemies":"Collector","floor":33,"turns":14},{"damage":3,"enemies":"3 Shapes","floor":35,"turns":3},{"damage":13,"enemies":"2 Orb Walkers","floor":36,"turns":6},{"damage":0,"enemies":"Mind Bloom Boss Battle","floor":37,"turns":5},{"damage":0,"enemies":"Nemesis","floor":42,"turns":11},{"damage":0,"enemies":"Orb Walker","floor":44,"turns":3},{"damage":0,"enemies":"Giant Head","floor":48,"turns":6},{"damage":0,"enemies":"Awakened One","floor":50,"turns":10},{"damage":21,"enemies":"Shield and Spear","floor":54,"turns":5},{"damage":5,"enemies":"The Heart","floor":55,"turns":6}],"seed_played":"-114053476536540101","potions_obtained":[{"floor":5.0,"key":"SkillPotion"},{"floor":11.0,"key":"GamblersBrew"},{"floor":16.0,"key":"DistilledChaos"},{"floor":18.0,"key":"ColorlessPotion"},{"floor":24.0,"key":"Weak Potion"},{"floor":25.0,"key":"DistilledChaos"},{"floor":37,"key":"LiquidMemories"},{"floor":44,"key":"ColorlessPotion"}],"is_trial":false,"path_per_floor":["M","M","$","?","M","R","E","R","T","?","E","R","E","?","R","B",null,"M","$","?","?","?","R","E","M","T","R","$","R","E","?","R","B",null,"M","?","?","$","?","R","$","E","T","M","R","?","R","E","R","B",null,"R","$","E","B",null],"character_chosen":"DEFECT","items_purchased":["Defragment","Runic Capacitor","Turbo","Coolheaded","Chill"],"campfire_rested":2,"item_purchase_floors":[19,19,28,41,41],"current_hp_per_floor":[46,38,38,38,35,35,33,33,33,33,29,50,39,44,44,40,67,45,45,45,45,45,45,45,36,36,36,36,36,18,18,40,18,62,59,46,46,46,46,46,46,46,46,46,46,46,46,46,46,46,69,69,69,48,43],"gold":66,"neow_bonus":"THREE_RARE_CARDS","is_daily":false,"chose_seed":false,"campfire_upgraded":10,"win_rate":0.0,"timestamp":1610775793,"path_taken":["M","M","$","?","?","R","E","R","T","?","E","R","E","?","R","BOSS","M","$","?","?","?","R","E","?","T","R","$","R","E","?","R","BOSS","M","?","?","$","?","R","$","E","T","M","R","?","R","E","R","BOSS","R","$","E","BOSS"],"items_purchased_type":["Card","Relic","Card","Card","Card"],"build_version":"2020-12-22","purchased_purges":3,"victory":true,"max_hp_per_floor":[71,71,71,71,71,71,71,71,71,71,71,71,71,76,76,76,76,76,76,76,76,76,76,76,76,76,76,76,76,76,76,76,76,76,76,76,76,76,76,76,76,76,76,76,76,76,76,76,76,76,76,76,76,76,76],"card_choices":[{"not_picked":["Fission","Meteor Strike"],"picked":"Biased Cognition","floor":0.0},{"not_picked":["Ball Lightning","Rebound"],"picked":"Cold Snap","floor":1.0},{"not_picked":["Streamline","Turbo"],"picked":"White Noise","floor":2.0},{"not_picked":["Fusion","Barrage","Static Discharge"],"picked":"SKIP","floor":5.0},{"not_picked":["Hologram","Gash"],"picked":"Core Surge","floor":7.0},{"not_picked":["Lockon","Conserve Battery","Compile Driver"],"picked":"Buffer","floor":11.0},{"not_picked":["Auto Shields","Darkness","Ball Lightning"],"picked":"Amplify","floor":13.0},{"not_picked":["Amplify","Echo Form","Meteor Strike"],"picked":"Reboot","floor":16.0},{"not_picked":["Streamline","Stack","Go for the Eyes","Darkness"],"picked":"SKIP","floor":18.0},{"not_picked":["Steam","Barrage","Redo"],"picked":"Echo Form","floor":24.0},{"not_picked":["Hologram","Sweeping Beam","Conserve Battery"],"picked":"Force Field","floor":25.0},{"not_picked":["Leap","Darkness","Cold Snap","Ball Lightning"],"picked":"SKIP","floor":30},{"not_picked":["Multi-Cast","Core Surge","Biased Cognition"],"picked":"Machine Learning","floor":33},{"not_picked":["BootSequence","Defragment","Fusion","Scrape"],"picked":"SKIP","floor":35},{"not_picked":["Streamline+1","Chaos","Hologram","Hello World"],"picked":"SKIP","floor":42},{"not_picked":["Sunder","Go for the Eyes","Heatsinks+1","Barrage+1"],"picked":"SKIP","floor":44},{"not_picked":["Hologram","Heatsinks","Reinforced Body","Stack"],"picked":"SKIP","floor":48},{"not_picked":["BootSequence","Cold Snap","Rebound"],"picked":"Electrodynamics","floor":54}],"player_experience":228526,"relics_obtained":[{"floor":7.0,"key":"StrikeDummy"},{"floor":9.0,"key":"Question Card"},{"floor":11.0,"key":"MawBank"},{"floor":13.0,"key":"Mummified Hand"},{"floor":24.0,"key":"Whetstone"},{"floor":30,"key":"Orichalcum"},{"floor":36,"key":"Turnip"},{"floor":37,"key":"Calipers"},{"floor":42,"key":"Blue Candle"},{"floor":42,"key":"Juzu Bracelet"},{"floor":43,"key":"InkBottle"},{"floor":48,"key":"Regal Pillow"},{"floor":48,"key":"Shuriken"},{"floor":54,"key":"Gremlin Horn"},{"floor":54,"key":"Anchor"}],"event_choices":[{"cards_removed":["Strike_B"],"damage_healed":0.0,"max_hp_gain":0.0,"max_hp_loss":0.0,"gold_gain":0.0,"event_name":"Bonfire Elementals","player_choice":"Offered Basic","floor":4.0,"gold_loss":0.0,"damage_taken":0.0},{"cards_removed":["Strike_B"],"damage_healed":0.0,"max_hp_gain":0.0,"max_hp_loss":0.0,"gold_gain":0.0,"event_name":"Living Wall","player_choice":"Forget","floor":10.0,"gold_loss":0.0,"damage_taken":0.0},{"damage_healed":0.0,"max_hp_gain":5.0,"max_hp_loss":0.0,"gold_gain":0.0,"event_name":"Big Fish","player_choice":"Donut","floor":14.0,"gold_loss":0.0,"damage_taken":0.0},{"damage_healed":0.0,"max_hp_gain":0.0,"max_hp_loss":0.0,"gold_gain":0.0,"cards_transformed":["Defend_B","Defend_B"],"event_name":"Drug Dealer","player_choice":"Became Test Subject","floor":20.0,"gold_loss":0.0,"damage_taken":0.0,"cards_obtained":["Heatsinks","Core Surge"]},{"damage_healed":0.0,"max_hp_gain":0.0,"max_hp_loss":0.0,"gold_gain":0.0,"event_name":"FaceTrader","player_choice":"Leave","floor":22.0,"gold_loss":0.0,"damage_taken":0.0},{"damage_healed":0,"gold_gain":50,"player_choice":"Stole From Cult","damage_taken":0,"max_hp_gain":0,"max_hp_loss":0,"event_name":"Nest","floor":31,"gold_loss":0},{"damage_healed":0,"gold_gain":0,"player_choice":"Fight","damage_taken":0,"max_hp_gain":0,"max_hp_loss":0,"event_name":"Mysterious Sphere","floor":36,"gold_loss":0},{"damage_healed":0,"gold_gain":0,"player_choice":"Fight","damage_taken":0,"max_hp_gain":0,"max_hp_loss":0,"event_name":"MindBloom","floor":37,"gold_loss":0},{"cards_removed":["Cold Snap"],"damage_healed":0,"gold_gain":0,"player_choice":"Removed Attack","damage_taken":0,"max_hp_gain":0,"max_hp_loss":0,"event_name":"Falling","floor":39,"gold_loss":0},{"damage_healed":0,"gold_gain":0,"player_choice":"Paid","damage_taken":0,"relics_obtained":["Red Mask"],"max_hp_gain":0,"max_hp_loss":0,"event_name":"Tomb of Lord Red Mask","floor":46,"gold_loss":79}],"is_beta":false,"boss_relics":[{"not_picked":["Snecko Eye","SlaversCollar"],"picked":"Nuclear Battery"},{"not_picked":["Tiny House","Cursed Key"],"picked":"Black Star"}],"items_purged_floors":[3,19,38],"is_endless":false,"potions_floor_spawned":[5,11,16,18,24,25,37,44,54],"ascension_level":15}}