{"host":"y3h3n3f7seyagppx","time":1610820664,"event":{"mods":["AlwaysNeverKeys","BaseMod","Better Vampires","Colored Powertips","DeckTracker","Emptier Cage","Minty Spire (QoL Compilation)","Permanent Neow","Quick Restart","Rare Cards Sparkle","Relic Sorter","Relic Stats","StSLib","Transform Curses"],"gold_per_floor":[109,109,124,138,151,151,170,200,200,200,230,241,241,256,256,330,330,343,268,248,248,264,264,264],"floor_reached":23,"language":"ENG","playtime":2641,"items_purged":[],"score":410,"play_id":"c7a6e3e1-5ea8-462d-891e-77b9980db05e","local_time":"20210116131104","is_ascension_mode":true,"campfire_choices":[{"data":"Sucker Punch","floor":6.0,"key":"SMITH"},{"data":"Noxious Fumes","floor":10.0,"key":"SMITH"},{"floor":13.0,"key":"REST"},{"data":"Footwork","floor":15.0,"key":"SMITH"}],"circlet_count":0,"master_deck":["AscendersBane","Strike_G+1","Strike_G+1","Strike_G","Defend_G","Defend_G","Defend_G","Defend_G","Defend_G","Survivor","Neutralize","Dagger Throw","Choke","Sucker Punch+1","Heel Hook","Noxious Fumes+1","Footwork+1","Noxious Fumes","Escape Plan","Calculated Gamble","After Image","Writhe"],"relics":["Ring of the Snake","Gambling Chip","Darkstone Periapt","Whetstone","Art of War","SlaversCollar","Molten Egg 2"],"acts_visited":["Exordium","TheCity"],"potions_floor_usage":[20,22,23],"damage_taken":[{"damage":0.0,"enemies":"2 Louse","floor":1.0,"turns":2.0},{"damage":1.0,"enemies":"Small Slimes","floor":3.0,"turns":4.0},{"damage":1.0,"enemies":"Jaw Worm","floor":4.0,"turns":4.0},{"damage":4.0,"enemies":"3 Louse","floor":5.0,"turns":5.0},{"damage":9.0,"enemies":"Blue Slaver","floor":7.0,"turns":3.0},{"damage":20.0,"enemies":"3 Sentries","floor":8.0,"turns":7.0},{"damage":6.0,"enemies":"Gremlin Nob","floor":11.0,"turns":3.0},{"damage":12.0,"enemies":"Lots of Slimes","floor":12.0,"turns":4.0},{"damage":7.0,"enemies":"Exordium Thugs","floor":14.0,"turns":5.0},{"damage":9,"enemies":"The Guardian","floor":16,"turns":11},{"damage":1,"enemies":"Chosen","floor":18,"turns":5},{"damage":4,"enemies":"2 Thieves","floor":20,"turns":5},{"damage":29,"enemies":"Chosen and Byrds","floor":22,"turns":9},{"damage":23,"enemies":"Gremlin Leader","floor":23,"turns":5}],"seed_played":"2590996836587544543","potions_obtained":[{"floor":1.0,"key":"ColorlessPotion"},{"floor":7.0,"key":"SteroidPotion"},{"floor":8.0,"key":"Block Potion"},{"floor":18,"key":"Fire Potion"},{"floor":22,"key":"SpeedPotion"}],"is_trial":false,"path_per_floor":["M","?","M","M","M","R","M","E","T","R","E","M","R","M","R","B",null,"M","?","M","?","M","E"],"character_chosen":"THE_SILENT","items_purchased":[],"campfire_rested":1,"item_purchase_floors":[],"current_hp_per_floor":[59,59,58,57,53,53,44,24,24,24,18,6,24,17,17,8,47,46,46,42,48,19,0,0],"gold":264,"neow_bonus":"ONE_RARE_RELIC","is_daily":false,"chose_seed":false,"campfire_upgraded":3,"win_rate":0.0,"timestamp":1610820664,"path_taken":["M","?","M","M","M","R","M","E","T","R","E","M","R","M","R","BOSS","M","?","M","?","M","E"],"items_purchased_type":[],"build_version":"2020-12-22","purchased_purges":0,"victory":false,"max_hp_per_floor":[60,60,60,60,60,60,60,60,60,60,60,60,60,60,60,60,60,60,60,60,66,66,66,66],"relic_stats":{"Darkstone Periapt":6,"counters":[14,72],"Gambling Chip":[54],"Art of War":[7],"Whetstone":["Strike_G","Strike_G"],"obtain_stats":[{"Darkstone Periapt":8,"SlaversCollar":17,"Gambling Chip":0,"Molten Egg 2":21,"Art of War":11,"Whetstone":9,"Ring of the Snake":0},{"Darkstone Periapt":6,"SlaversCollar":10,"Gambling Chip":0,"Molten Egg 2":12,"Art of War":7,"Whetstone":6,"Ring of the Snake":0},{"Darkstone Periapt":25,"SlaversCollar":48,"Gambling Chip":0,"Molten Egg 2":58,"Art of War":28,"Whetstone":25,"Ring of the Snake":0}],"Ring of the Snake":[28]},"card_choices":[{"not_picked":["Choke","Finisher"],"picked":"Dagger Throw","floor":1.0},{"not_picked":["Deadly Poison","Riddle With Holes"],"picked":"Sucker Punch","floor":3.0},{"not_picked":["Acrobatics","Caltrops"],"picked":"Heel Hook","floor":4.0},{"not_picked":["Prepared","Slice"],"picked":"Noxious Fumes","floor":5.0},{"not_picked":["Quick Slash","Skewer"],"picked":"Footwork","floor":7.0},{"not_picked":["Quick Slash","Dagger Spray","Well Laid Plans"],"picked":"SKIP","floor":8.0},{"not_picked":["Underhanded Strike","Choke"],"picked":"Noxious Fumes","floor":11.0},{"not_picked":["Envenom","Dagger Spray"],"picked":"Escape Plan","floor":12.0},{"not_picked":["Tactician","Predator"],"picked":"Calculated Gamble","floor":14.0},{"not_picked":["Burst","A Thousand Cuts"],"picked":"After Image","floor":16},{"not_picked":["Skewer","Accuracy","Dodge and Roll"],"picked":"SKIP","floor":18},{"not_picked":["Skewer","Accuracy","Dodge and Roll"],"picked":"SKIP","floor":18},{"not_picked":["Choke","Bane","Flying Knee"],"picked":"SKIP","floor":20},{"not_picked":["Outmaneuver","Dash+1","Bane+1"],"picked":"SKIP","floor":22}],"player_experience":21075010,"relics_obtained":[{"floor":8.0,"key":"Darkstone Periapt"},{"floor":9.0,"key":"Whetstone"},{"floor":11.0,"key":"Art of War"}],"event_choices":[{"damage_healed":0.0,"max_hp_gain":0.0,"max_hp_loss":0.0,"gold_gain":0.0,"cards_transformed":["Strike_G"],"event_name":"Living Wall","player_choice":"Change","floor":2.0,"gold_loss":0.0,"damage_taken":0.0,"cards_obtained":["Choke"]},{"cards_removed":["Strike_G"],"damage_healed":0,"gold_gain":0,"player_choice":"Gave Gold","damage_taken":0,"max_hp_gain":0,"max_hp_loss":0,"event_name":"Beggar","floor":19,"gold_loss":75},{"damage_healed":0,"gold_gain":0,"player_choice":"Opened","damage_taken":0,"relics_obtained":["Molten Egg 2"],"max_hp_gain":0,"max_hp_loss":0,"event_name":"The Mausoleum","floor":21,"gold_loss":0,"cards_obtained":["Writhe"]}],"is_beta":false,"boss_relics":[{"not_picked":["Black Star","Calling Bell"],"picked":"SlaversCollar"}],"items_purged_floors":[],"is_endless":false,"potions_floor_spawned":[1,7,8,18,22],"killed_by":"Gremlin Leader","ascension_level":20}}