{"host":"cv77zuuuekizn3ic","time":1610815660,"event":{"mods":["AchievementEnabler","Act Like it!","BaseMod","Gensokyo","Marisa£®ÏF”Í°°ƒß¿Ì…≥£©","Minty Spire (QoL Compilation)","StSLib","Waifu the Spire","everything is the same but u backflip on backflip","slay the spire mod where everything is the same but ironclad has a cowboy hat"],"gold_per_floor":[111,121,0,20,95,125,137,137,207,107,136,158,158,176,176,279,279,289,314,314,331,331,331,366,326,326,326,356,373,385,81,81,178,178,190,190,190,65,115,115,147,147,218,218,237,269,291,351,363,375,387,399,89,121,121],"floor_reached":56,"language":"ZHS","playtime":3269,"items_purged":["Strike_G","Strike_G","Defend_G","Defend_G"],"score":1724,"play_id":"dccd1ce7-c46b-4376-b4e8-0f0c05bde9b9","local_time":"20210117004740","is_ascension_mode":false,"campfire_choices":[{"data":"Blade Dance","floor":8.0,"key":"SMITH"},{"data":"Cloak And Dagger","floor":15.0,"key":"SMITH"},{"data":"Cloak And Dagger","floor":23.0,"key":"SMITH"},{"data":"Acrobatics","floor":27.0,"key":"SMITH"},{"floor":32.0,"key":"DIG"},{"floor":40.0,"key":"DIG"},{"floor":42.0,"key":"DIG"},{"floor":49.0,"key":"RECALL"},{"floor":52.0,"key":"DIG"}],"circlet_count":0,"master_deck":["Defend_G","Defend_G","Survivor+1","Neutralize+1","PiercingWail","Slice","Blade Dance+1","Dagger Spray+1","Acrobatics+1","Cloak And Dagger+1","Backflip+1","Acrobatics+1","PiercingWail","Cloak And Dagger+1","Backflip+1","Iron Wave","PiercingWail"],"relics":["Ring of the Snake","Dead Branch","Turnip","Matryoshka","Whetstone","Odd Mushroom","Coffee Dripper","Red Mask","HornCleat","Ancient Tea Set","Regal Pillow","Shovel","Juzu Bracelet","Busted Crown","FossilizedHelix","Pantograph","Prayer Wheel","Frozen Egg 2","Blood Vial","MawBank","CatCart","Bottled Lightning","War Paint","Toy Ornithopter"],"acts_visited":["Exordium","TheCity","TheBeyond","TheEnding"],"potions_floor_usage":[55,55,55],"damage_taken":[{"damage":1.0,"enemies":"Cultist","floor":1.0,"turns":3.0},{"damage":0.0,"enemies":"Small Slimes","floor":2.0,"turns":3.0},{"damage":0.0,"enemies":"2 Louse","floor":4.0,"turns":2.0},{"damage":0.0,"enemies":"Gremlin Nob","floor":6.0,"turns":2.0},{"damage":0.0,"enemies":"Looter","floor":7.0,"turns":2.0},{"damage":3.0,"enemies":"Lagavulin","floor":11.0,"turns":6.0},{"damage":0.0,"enemies":"The Mushroom Lair","floor":12.0,"turns":3.0},{"damage":0.0,"enemies":"2 Fungi Beasts","floor":14.0,"turns":1.0},{"damage":0.0,"enemies":"Hexaghost","floor":16.0,"turns":5.0},{"damage":0.0,"enemies":"2 Thieves","floor":18.0,"turns":3.0},{"damage":0.0,"enemies":"Masked Bandits","floor":19.0,"turns":3.0},{"damage":0.0,"enemies":"Spheric Guardian","floor":21.0,"turns":2.0},{"damage":0.0,"enemies":"Book of Stabbing","floor":24.0,"turns":3.0},{"damage":0.0,"enemies":"Slavers","floor":28.0,"turns":2.0},{"damage":0.0,"enemies":"Snake Plant","floor":29.0,"turns":5.0},{"damage":0.0,"enemies":"Snecko","floor":30.0,"turns":2.0},{"damage":23.0,"enemies":"Automaton","floor":33.0,"turns":7.0},{"damage":0.0,"enemies":"3 Shapes","floor":35.0,"turns":2.0},{"damage":0.0,"enemies":"Mind Bloom Boss Battle","floor":39.0,"turns":4.0},{"damage":0.0,"enemies":"Reptomancer","floor":41.0,"turns":3.0},{"damage":0.0,"enemies":"3 Darklings","floor":45.0,"turns":4.0},{"damage":6.0,"enemies":"Nemesis","floor":46.0,"turns":5.0},{"damage":0.0,"enemies":"4 Shapes","floor":47.0,"turns":6.0},{"damage":6.0,"enemies":"Orin","floor":48.0,"turns":6.0},{"damage":18.0,"enemies":"Awakened One","floor":50.0,"turns":11.0},{"damage":0.0,"enemies":"Shield and Spear","floor":54.0,"turns":8.0},{"damage":31,"enemies":"The Heart","floor":55,"turns":11}],"seed_played":"-2206624011038368603","potions_obtained":[{"floor":4.0,"key":"CultistPotion"},{"floor":11.0,"key":"Fruit Juice"},{"floor":14.0,"key":"LiquidBronze"},{"floor":21.0,"key":"Dexterity Potion"},{"floor":24.0,"key":"SkillPotion"},{"floor":25.0,"key":"DistilledChaos"},{"floor":35.0,"key":"GamblersBrew"},{"floor":48.0,"key":"Strength Potion"}],"is_trial":false,"path_per_floor":["M","M","$","M","?","E","M","R","T","$","E","?","?","M","R","B",null,"M","?","?","M","?","R","E","?","T","R","E","M","M","$","R","B",null,"M","?","?","$","?","R","E","R","T","?","M","E","M","?","R","B",null,"R","$","E","B",null],"character_chosen":"THE_SILENT","items_purchased":["Slice","Shovel","PiercingWail","War Paint"],"campfire_rested":0,"item_purchase_floors":[3,31,53,53],"current_hp_per_floor":[48,48,48,48,37,37,37,37,37,37,34,34,34,34,34,34,70,70,70,70,70,70,70,75,75,75,75,75,75,75,75,75,52,75,75,75,75,75,75,75,75,75,75,75,75,69,71,67,67,57,75,75,75,75,49],"gold":121,"neow_bonus":"ONE_RARE_RELIC","is_daily":false,"chose_seed":false,"campfire_upgraded":4,"win_rate":0.0,"timestamp":1610815660,"path_taken":["M","M","$","M","?","E","M","R","T","$","E","?","?","M","R","BOSS","M","?","?","M","?","R","E","?","T","R","E","M","M","$","R","BOSS","M","?","?","$","?","R","E","R","T","?","M","E","M","?","R","BOSS","R","$","E","BOSS"],"items_purchased_type":["Card","Relic","Card","Relic"],"build_version":"2020-12-22","purchased_purges":4,"victory":true,"max_hp_per_floor":[70,70,70,70,70,70,70,70,70,70,70,70,70,70,70,70,70,70,70,70,70,70,70,75,75,75,75,75,75,75,75,75,75,75,75,75,75,75,75,75,75,75,75,75,75,75,75,75,75,75,75,75,75,75,75],"card_choices":[{"not_picked":["Bane","Noxious Fumes","Underhanded Strike"],"picked":"SKIP","floor":1.0},{"not_picked":["Bane","Noxious Fumes","Underhanded Strike"],"picked":"SKIP","floor":1.0},{"not_picked":["Bane","Noxious Fumes","Underhanded Strike"],"picked":"SKIP","floor":1.0},{"not_picked":["Sucker Punch","Outmaneuver"],"picked":"PiercingWail","floor":2.0},{"not_picked":["Outmaneuver","Prepared"],"picked":"Blade Dance","floor":4.0},{"not_picked":["Reflex","Outmaneuver"],"picked":"Dagger Spray","floor":6.0},{"not_picked":["Bane","Dagger Spray"],"picked":"Acrobatics","floor":7.0},{"not_picked":["Dagger Spray","Burst"],"picked":"Cloak And Dagger","floor":11.0},{"not_picked":["Quick Slash","Tactician"],"picked":"Backflip","floor":12.0},{"not_picked":["Endless Agony","Dagger Spray"],"picked":"Acrobatics","floor":14.0},{"not_picked":["Finisher","Poisoned Stab"],"picked":"PiercingWail","floor":18.0},{"not_picked":["Acrobatics","Dagger Throw+1"],"picked":"Cloak And Dagger","floor":21.0},{"not_picked":["Escape Plan","Blur+1","Underhanded Strike+1"],"picked":"SKIP","floor":24.0},{"not_picked":["Setup","Envenom","Noxious Fumes"],"picked":"SKIP","floor":28.0},{"not_picked":["Caltrops+1","Poisoned Stab"],"picked":"Backflip+1","floor":29.0},{"not_picked":["All Out Attack+1","Leg Sweep","Outmaneuver"],"picked":"SKIP","floor":30.0},{"not_picked":["Acrobatics"],"picked":"SKIP","floor":35.0},{"not_picked":["Infinite Blades"],"picked":"SKIP","floor":41.0},{"not_picked":["Flying Knee+1"],"picked":"SKIP","floor":45.0},{"not_picked":["Terror"],"picked":"SKIP","floor":45.0},{"not_picked":["Sucker Punch+1"],"picked":"SKIP","floor":46.0},{"not_picked":["Riddle With Holes"],"picked":"SKIP","floor":47.0},{"not_picked":["Bane"],"picked":"SKIP","floor":47.0},{"not_picked":["Underhanded Strike"],"picked":"SKIP","floor":54.0}],"player_experience":928016,"relics_obtained":[{"floor":6.0,"key":"Turnip"},{"floor":9.0,"key":"Matryoshka"},{"floor":11.0,"key":"Whetstone"},{"floor":12.0,"key":"Odd Mushroom"},{"floor":19.0,"key":"Red Mask"},{"floor":24.0,"key":"HornCleat"},{"floor":26.0,"key":"Ancient Tea Set"},{"floor":28.0,"key":"Regal Pillow"},{"floor":32.0,"key":"Juzu Bracelet"},{"floor":39.0,"key":"FossilizedHelix"},{"floor":40.0,"key":"Pantograph"},{"floor":41.0,"key":"Prayer Wheel"},{"floor":42.0,"key":"Frozen Egg 2"},{"floor":43.0,"key":"Blood Vial"},{"floor":46.0,"key":"MawBank"},{"floor":48.0,"key":"CatCart"},{"floor":52.0,"key":"Bottled Lightning"},{"floor":54.0,"key":"Toy Ornithopter"}],"event_choices":[{"damage_healed":0.0,"max_hp_gain":0.0,"max_hp_loss":0.0,"gold_gain":75.0,"event_name":"World of Goop","player_choice":"Gather Gold","floor":5.0,"gold_loss":0.0,"damage_taken":11.0},{"damage_healed":0.0,"max_hp_gain":0.0,"max_hp_loss":0.0,"gold_gain":0.0,"event_name":"Mushrooms","player_choice":"Fought Mushrooms","floor":12.0,"gold_loss":0.0,"damage_taken":0.0},{"cards_removed":["Strike_G"],"damage_healed":0.0,"max_hp_gain":0.0,"max_hp_loss":0.0,"gold_gain":0.0,"event_name":"Living Wall","player_choice":"Forget","floor":13.0,"gold_loss":0.0,"damage_taken":0.0},{"damage_healed":0.0,"max_hp_gain":0.0,"max_hp_loss":0.0,"gold_gain":0.0,"event_name":"Masked Bandits","player_choice":"Fought Bandits","floor":19.0,"gold_loss":0.0,"damage_taken":0.0},{"cards_removed":["Strike_G"],"damage_healed":0.0,"max_hp_gain":0.0,"max_hp_loss":0.0,"gold_gain":0.0,"event_name":"Back to Basics","player_choice":"Elegance","floor":20.0,"gold_loss":0.0,"damage_taken":0.0},{"damage_healed":0.0,"max_hp_gain":0.0,"max_hp_loss":0.0,"gold_gain":0.0,"event_name":"The Mausoleum","player_choice":"Ignored","floor":22.0,"gold_loss":0.0,"damage_taken":0.0},{"damage_healed":0.0,"max_hp_gain":0.0,"max_hp_loss":0.0,"gold_gain":0.0,"event_name":"The Woman in Blue","player_choice":"Bought 3 Potions","floor":25.0,"gold_loss":0.0,"damage_taken":0.0},{"cards_removed":["Strike_G"],"damage_healed":0.0,"max_hp_gain":0.0,"max_hp_loss":0.0,"gold_gain":0.0,"event_name":"NoteForYourself","player_choice":"Took Card","floor":36.0,"gold_loss":0.0,"damage_taken":0.0,"cards_obtained":["Iron Wave"]},{"cards_removed":["Defend_G"],"damage_healed":0.0,"max_hp_gain":0.0,"max_hp_loss":0.0,"gold_gain":0.0,"event_name":"Falling","player_choice":"Removed Skill","floor":37.0,"gold_loss":0.0,"damage_taken":0.0},{"damage_healed":0.0,"max_hp_gain":0.0,"max_hp_loss":0.0,"gold_gain":0.0,"event_name":"MindBloom","player_choice":"Fight","floor":39.0,"gold_loss":0.0,"damage_taken":0.0},{"damage_healed":0.0,"max_hp_gain":0.0,"max_hp_loss":0.0,"gold_gain":0.0,"event_name":"Upgrade Shrine","player_choice":"Upgraded","floor":44.0,"gold_loss":0.0,"damage_taken":0.0,"cards_upgraded":["Acrobatics"]},{"damage_healed":0.0,"max_hp_gain":0.0,"max_hp_loss":0.0,"gold_gain":0.0,"event_name":"OrinTheCat","player_choice":"Fight","floor":48.0,"gold_loss":0.0,"damage_taken":0.0}],"is_beta":false,"boss_relics":[{"not_picked":["Ring of the Serpent","Velvet Choker"],"picked":"Coffee Dripper"},{"not_picked":["Cursed Key","SacredBark"],"picked":"Busted Crown"}],"items_purged_floors":[3,10,38,53],"is_endless":false,"potions_floor_spawned":[4,11,14,21,24,29,30,35,45,47,48,54],"ascension_level":0}}