{"host":"dlqyscxstsnu98l1","time":1610765000,"event":{"mods":["AchievementEnabler","BaseMod","Bestiary","Colored Map","Colored Powertips","Conspire","GifTheSpireLib","Highlight Path","Minty Spire (QoL Compilation)","Random Character Button","Replay The Spire","SacredBarkPlus","StSLib"],"gold_per_floor":[111,130,130,55,55,83,97,129,152,187,187,255,255,270,270,270,270],"floor_reached":16,"language":"ENG","playtime":566,"items_purged":["Strike_R"],"score":150,"play_id":"b5cfef09-6756-4698-a377-252c7ad3e93d","local_time":"20210115204320","is_ascension_mode":true,"campfire_choices":[{"data":"Barricade","floor":13,"key":"SMITH"},{"data":"Inflame","floor":15,"key":"SMITH"}],"circlet_count":0,"master_deck":["Strike_R","Strike_R","Strike_R","Strike_R","Defend_R","Defend_R","Defend_R","Defend_R","Bash","Replay:Undeath\u0027s Touch","Inflame+1","Pot Of Greed","Barricade+1","Pot Of Greed","Parasite"],"relics":["Burning Blood","NeowsBlessing","Grinning Jar","PreservedInsect","Bag of Marbles","Blood Vial","Paper Frog"],"acts_visited":["Exordium"],"potions_floor_usage":[8,10,16],"damage_taken":[{"damage":0,"enemies":"2 Louse","floor":1,"turns":1},{"damage":0,"enemies":"Cultist","floor":2,"turns":1},{"damage":0,"enemies":"Lagavulin","floor":6,"turns":1},{"damage":6,"enemies":"Jaw Worm","floor":7,"turns":4},{"damage":30,"enemies":"3 Sentries","floor":8,"turns":6},{"damage":2,"enemies":"Gremlin Nob","floor":10,"turns":3},{"damage":5,"enemies":"3 Louse","floor":14,"turns":3},{"damage":46,"enemies":"Slime Boss","floor":16,"turns":9}],"seed_played":"-3994273582663735055","potions_obtained":[{"floor":2,"key":"PowerPotion"},{"floor":8,"key":"Energy Potion"},{"floor":10,"key":"SteroidPotion"},{"floor":14,"key":"Venom Potion"}],"is_trial":false,"path_per_floor":["M","M","?","$","$","E","M","E","T","E","?","T","R","M","R","B"],"character_chosen":"IRONCLAD","items_purchased":[],"campfire_rested":0,"item_purchase_floors":[],"current_hp_per_floor":[80,80,80,80,80,80,80,56,56,60,80,80,80,80,80,34,34],"gold":270,"neow_bonus":"THREE_ENEMY_KILL","is_daily":false,"chose_seed":false,"campfire_upgraded":2,"win_rate":0.0,"timestamp":1610765000,"path_taken":["M","M","?","?","$","E","?","E","T","E","?","?","R","M","R","BOSS"],"items_purchased_type":[],"build_version":"2020-12-22","purchased_purges":1,"victory":false,"max_hp_per_floor":[80,80,80,80,80,80,80,80,80,80,80,80,80,80,80,80,80],"card_choices":[{"not_picked":["Body Slam","Fire Breathing"],"picked":"Replay:Undeath\u0027s Touch","floor":1},{"not_picked":["ReplayTheSpireMod:Strike From Hell","Pommel Strike"],"picked":"Inflame","floor":2},{"not_picked":["Cleave","Clothesline","Clash"],"picked":"SKIP","floor":6},{"not_picked":["Flame Barrier","Infernal Blade","ReplayTheSpireMod:Strike From Hell"],"picked":"SKIP","floor":7},{"not_picked":["Feed","Headbutt","Perfected Strike"],"picked":"SKIP","floor":8},{"not_picked":["conspire:Charge","Carnage"],"picked":"Barricade","floor":10},{"not_picked":["Disarm","Anger","Run Through"],"picked":"SKIP","floor":14}],"player_experience":58568,"relics_obtained":[{"floor":6,"key":"Grinning Jar"},{"floor":8,"key":"PreservedInsect"},{"floor":9,"key":"Bag of Marbles"},{"floor":10,"key":"Blood Vial"},{"floor":12,"key":"Paper Frog"}],"event_choices":[{"damage_healed":0,"gold_gain":0,"player_choice":"Bought 0 Potions","damage_taken":0,"max_hp_gain":0,"max_hp_loss":0,"event_name":"The Woman in Blue","floor":3,"gold_loss":0},{"damage_healed":20,"gold_gain":0,"player_choice":"Healed and dodged fight","damage_taken":0,"max_hp_gain":0,"max_hp_loss":0,"event_name":"Mushrooms","floor":11,"gold_loss":0,"cards_obtained":["Parasite"]}],"is_beta":false,"boss_relics":[],"items_purged_floors":[4],"is_endless":false,"potions_floor_spawned":[2,8,10,14],"killed_by":"Slime Boss","ascension_level":1}}