{"host":"ibonnlq6s1c814xj","time":1610788726,"event":{"mods":["BaseMod","BetterRewards","Minty Spire (QoL Compilation)","Quick Restart","Shop Mod","¡¾ÒÅÎï¿¨ÅÆ¡¿REMEMod"],"gold_per_floor":[115,22,22,22,38,54,54,69,92,92,92,167,18,31,31,31,31],"floor_reached":16,"language":"ZHS","playtime":564,"items_purged":["Brutality"],"score":154,"play_id":"398a2ed8-8e64-4dce-91b4-4acfd8796a20","local_time":"20210116171846","is_ascension_mode":true,"campfire_choices":[{"data":"Infinite Blades","floor":7.0,"key":"SMITH"},{"data":"Accuracy","floor":11.0,"key":"SMITH"},{"floor":15,"key":"REST"}],"circlet_count":0,"master_deck":["Strike_G","Strike_G","Strike_G","Strike_G","Strike_G","Defend_G","Defend_G","Defend_G","Defend_G","Defend_G","Survivor","Neutralize","Infinite Blades+1","Well Laid Plans","Accuracy+1","Pain","Acrobatics","Pain","Blade Dance"],"relics":["Ring of the Snake","REME_ComplimentaryCards","Strange Spoon","Shuriken","Bronze Scales","REME_IWantAll","Membership Card","Lantern","CaptainsWheel","Medical Kit","WarpedTongs","Happy Flower","Anchor","REME_CardOfGreed"],"acts_visited":["Exordium"],"potions_floor_usage":[],"damage_taken":[{"damage":0.0,"enemies":"Small Slimes","floor":1.0,"turns":3.0},{"damage":5.0,"enemies":"Cultist","floor":5.0,"turns":4.0},{"damage":1.0,"enemies":"Jaw Worm","floor":6.0,"turns":4.0},{"damage":2.0,"enemies":"3 Louse","floor":8.0,"turns":3.0},{"damage":8,"enemies":"Exordium Wildlife","floor":14,"turns":4},{"damage":28,"enemies":"The Guardian","floor":16,"turns":4}],"seed_played":"2578173474628273475","potions_obtained":[{"floor":5.0,"key":"AttackPotion"}],"is_trial":false,"path_per_floor":["M","$","?","$","M","M","R","M","T","?","R","?","$","M","R","B"],"character_chosen":"THE_SILENT","items_purchased":["Strange Spoon","Shuriken","Infinite Blades","Bronze Scales","Membership Card","Lantern","Medical Kit","Accuracy","Anchor","REME_CardOfGreed"],"campfire_rested":1,"item_purchase_floors":[0,0,0,0,0,0,2,2,13,13],"current_hp_per_floor":[28,28,28,28,23,22,22,20,20,20,20,9,9,1,22,0,0],"gold":31,"neow_bonus":"","is_daily":false,"chose_seed":false,"campfire_upgraded":2,"win_rate":0.0,"timestamp":1610788726,"path_taken":["M","$","?","$","M","?","R","M","T","?","R","?","?","M","R","BOSS"],"items_purchased_type":["Relic","Relic","Card","Relic","Relic","Relic","Relic","Card","Relic","Relic"],"build_version":"2020-12-22","purchased_purges":1,"victory":false,"max_hp_per_floor":[70,70,70,70,70,70,70,70,70,70,70,70,70,70,70,70,70],"card_choices":[{"not_picked":["Bane","Dagger Spray"],"picked":"Well Laid Plans","floor":1.0},{"not_picked":["Well Laid Plans","Poisoned Stab"],"picked":"Acrobatics","floor":5.0},{"not_picked":["Bouncing Flask","Crippling Poison","Expertise"],"picked":"SKIP","floor":6.0},{"not_picked":["Dagger Spray","Choke","Heel Hook"],"picked":"SKIP","floor":8.0},{"not_picked":["Acrobatics","Bouncing Flask"],"picked":"Blade Dance","floor":14}],"player_experience":258846,"relics_obtained":[{"floor":9.0,"key":"Happy Flower"}],"event_choices":[{"damage_healed":0.0,"max_hp_gain":0.0,"max_hp_loss":0.0,"gold_gain":0.0,"event_name":"Accursed Blacksmith","player_choice":"Rummage","floor":3.0,"gold_loss":0.0,"damage_taken":0.0,"relics_obtained":["WarpedTongs"],"cards_obtained":["Pain"]},{"damage_healed":0.0,"max_hp_gain":0.0,"max_hp_loss":0.0,"gold_gain":75.0,"event_name":"World of Goop","player_choice":"Gather Gold","floor":12.0,"gold_loss":0.0,"damage_taken":11.0}],"is_beta":false,"boss_relics":[],"items_purged_floors":[0],"is_endless":false,"potions_floor_spawned":[5],"killed_by":"The Guardian","ascension_level":2}}