{"host":"w7o06k3e8uel8euj","time":1610788010,"event":{"mods":["100% Spire Juice","AchievementEnabler","BaseMod","Colored Powertips","Custom Start","DeckTracker","Keyboard Shortcuts","Minty Spire (QoL Compilation)","Quick Restart","Relic Stats","StSLib","SuperFastMode","everything is the same but u backflip on backflip"],"gold_per_floor":[112,132,82,82,101,126,138,138,138,154,140,140,168,118,118,219,269,284,284,284,300,237,237,257,268,268,295,220,250,4,15,15,15,15],"floor_reached":33,"language":"KOR","playtime":1350,"items_purged":["Moonworks:Defend","Moonworks:Strike","Moonworks:Strike","Moonworks:ScrambledEve","Moonworks:Poppoformation"],"score":345,"play_id":"e8d44351-9ad9-4e77-9896-12d96838c012","local_time":"20210116180650","is_ascension_mode":false,"campfire_choices":[{"data":"Moonworks:IndiscriminateFireSupport","floor":8,"key":"SMITH"},{"floor":12,"key":"REST"},{"data":"Moonworks:MetallicMonocoque","floor":15,"key":"SMITH"},{"data":"Moonworks:Blazing","floor":23,"key":"SMITH"},{"data":"Moonworks:MetallicMonocoque","floor":32,"key":"SMITH"}],"circlet_count":0,"master_deck":["Moonworks:Defend","Moonworks:Defend","Moonworks:Ambush","Moonworks:LongDistanceShot","Moonworks:WindyEnchantment","Moonworks:WindyEnchantment+1","Moonworks:ForcedRevival","Moonworks:IndiscriminateFireSupport+1","Moonworks:ImOnFire","Moonworks:MetallicMonocoque+1","Moonworks:Blazing+1","Moonworks:MetallicMonocoque+1","Moonworks:SweetBattle","Moonworks:MiracleRedBeanIceCream","Moonworks:Gamble"],"relics":["Moonworks:BrokenBomb","Moonworks:Homemark","NeowsBlessing","Shuriken","Eternal Feather","Membership Card","Meat on the Bone","Kunai","Tiny House","Moonworks:LittleGull","Unceasing Top","Turnip","Pantograph"],"acts_visited":["Exordium","TheCity"],"potions_floor_usage":[6,17,27,29],"damage_taken":[{"damage":0,"enemies":"2 Louse","floor":1,"turns":1},{"damage":0,"enemies":"Jaw Worm","floor":2,"turns":1},{"damage":0,"enemies":"Small Slimes","floor":5,"turns":1},{"damage":43,"enemies":"Gremlin Nob","floor":6,"turns":6},{"damage":11,"enemies":"Exordium Wildlife","floor":7,"turns":6},{"damage":10,"enemies":"Looter","floor":10,"turns":2},{"damage":9,"enemies":"3 Sentries","floor":13,"turns":2},{"damage":25,"enemies":"The Guardian","floor":16,"turns":9},{"damage":8,"enemies":"Spheric Guardian","floor":18,"turns":3},{"damage":30,"enemies":"Shell Parasite","floor":21,"turns":3},{"damage":10,"enemies":"Cultist and Chosen","floor":24,"turns":3},{"damage":6,"enemies":"Snake Plant","floor":25,"turns":3},{"damage":28,"enemies":"Gremlin Leader","floor":27,"turns":5},{"damage":43,"enemies":"Book of Stabbing","floor":29,"turns":6},{"damage":14,"enemies":"Snecko","floor":31,"turns":3},{"damage":996,"enemies":"Collector","floor":33,"turns":1}],"seed_played":"-107153187564340660","potions_obtained":[{"floor":2,"key":"AttackPotion"},{"floor":5,"key":"DuplicationPotion"},{"floor":7,"key":"Dexterity Potion"},{"floor":10,"key":"GamblersBrew"},{"floor":17,"key":"Fruit Juice"},{"floor":21,"key":"LiquidMemories"},{"floor":29,"key":"SkillPotion"}],"is_trial":false,"path_per_floor":["M","M","?","?","M","E","M","R","T","M","$","R","E","$","R","B",null,"M","?","?","M","$","R","M","M","T","E","$","E","$","M","R","B"],"character_chosen":"THE_STARBREAKER","items_purchased":["Membership Card","Meat on the Bone","Moonworks:Gamble","Pantograph"],"campfire_rested":1,"item_purchase_floors":[11,11,30,30],"current_hp_per_floor":[60,60,60,60,60,17,11,11,11,1,1,25,28,28,34,26,70,62,62,62,37,37,46,45,49,49,41,41,24,24,31,40,0,0],"gold":15,"neow_bonus":"THREE_ENEMY_KILL","is_daily":false,"chose_seed":false,"campfire_upgraded":4,"win_rate":0.0,"timestamp":1610788010,"path_taken":["M","M","?","?","M","E","?","R","T","M","$","R","E","$","R","BOSS","M","?","?","M","$","R","M","M","T","E","$","E","?","M","R","BOSS"],"items_purchased_type":["Relic","Relic","Card","Relic"],"build_version":"2020-12-22","purchased_purges":5,"victory":false,"max_hp_per_floor":[60,60,60,60,60,60,60,60,60,60,60,60,60,60,60,60,70,70,70,70,70,70,70,70,70,70,70,70,70,70,70,70,70,70],"relic_stats":{"counters":[16,55],"Shuriken":[5],"Pantograph":25,"Eternal Feather":30,"Turnip":[0],"Kunai":[2],"obtain_stats":[{"Tiny House":17,"NeowsBlessing":0,"Moonworks:LittleGull":26,"Eternal Feather":9,"Shuriken":6,"Moonworks:Homemark":0,"Pantograph":30,"Turnip":29,"Membership Card":11,"Kunai":13,"Unceasing Top":27,"Moonworks:BrokenBomb":0,"Meat on the Bone":11},{"Tiny House":8,"NeowsBlessing":0,"Moonworks:LittleGull":12,"Eternal Feather":5,"Shuriken":4,"Moonworks:Homemark":0,"Pantograph":14,"Turnip":14,"Membership Card":6,"Kunai":7,"Unceasing Top":13,"Moonworks:BrokenBomb":0,"Meat on the Bone":6},{"Tiny House":28,"NeowsBlessing":0,"Moonworks:LittleGull":40,"Eternal Feather":15,"Shuriken":9,"Moonworks:Homemark":0,"Pantograph":51,"Turnip":51,"Membership Card":17,"Kunai":19,"Unceasing Top":45,"Moonworks:BrokenBomb":0,"Meat on the Bone":17}],"Unceasing Top":[0],"Meat on the Bone":48},"card_choices":[{"not_picked":["Moonworks:CloudOfSeagulls","Moonworks:ImmovableObject"],"picked":"Moonworks:WindyEnchantment","floor":1},{"not_picked":["Moonworks:ImOnFire","Moonworks:Bloodlust"],"picked":"Moonworks:WindyEnchantment","floor":2},{"not_picked":["Moonworks:CloudOfSeagulls","Moonworks:DeployBits"],"picked":"Moonworks:Poppoformation","floor":5},{"not_picked":["Moonworks:CloudOfSeagulls","Moonworks:Flamethrower"],"picked":"Moonworks:ForcedRevival","floor":6},{"not_picked":["Moonworks:JonathanRush","Moonworks:BigBangBell"],"picked":"Moonworks:IndiscriminateFireSupport","floor":7},{"not_picked":["Moonworks:BackdoorTrade","Moonworks:EvilSpyWorkPreparation"],"picked":"Moonworks:ImOnFire","floor":10},{"not_picked":["Moonworks:Assault","Moonworks:DeployBits"],"picked":"Moonworks:MetallicMonocoque","floor":13},{"not_picked":["Moonworks:HolyNight","Moonworks:WeAreWaruda"],"picked":"Moonworks:Blazing","floor":16},{"not_picked":["Moonworks:ImOnFire+1","Moonworks:CloudOfSeagulls","Moonworks:AngelHand+1"],"picked":"SKIP","floor":18},{"not_picked":["Moonworks:CloudOfSeagulls","Moonworks:JonathanRush+1"],"picked":"Moonworks:SweetBattle","floor":21},{"not_picked":["Moonworks:IndiscriminateFireSupport","Moonworks:AngelHand+1"],"picked":"Moonworks:MiracleRedBeanIceCream","floor":24},{"not_picked":["Moonworks:LulusLuckyEgg","Moonworks:SakisCookie","Moonworks:JonathanRush"],"picked":"SKIP","floor":25},{"not_picked":["Moonworks:ReproductionOfRecords","Moonworks:EvilSpyWorkPreparation","Moonworks:BigBangBell"],"picked":"SKIP","floor":27},{"not_picked":["Moonworks:RedAndBlue","Moonworks:Assault","Moonworks:IndiscriminateFireSupport"],"picked":"SKIP","floor":29},{"not_picked":["Moonworks:FinalSurgery","Moonworks:DeployBits","Moonworks:LulusLuckyEgg"],"picked":"SKIP","floor":31}],"player_experience":584223,"relics_obtained":[{"floor":6,"key":"Shuriken"},{"floor":9,"key":"Eternal Feather"},{"floor":13,"key":"Kunai"},{"floor":26,"key":"Moonworks:LittleGull"},{"floor":27,"key":"Unceasing Top"},{"floor":29,"key":"Turnip"}],"event_choices":[{"cards_removed":["Moonworks:Strike"],"damage_healed":0,"gold_gain":0,"player_choice":"Card Removal","damage_taken":0,"max_hp_gain":0,"max_hp_loss":0,"event_name":"The Cleric","floor":3,"gold_loss":50},{"damage_healed":0,"gold_gain":0,"player_choice":"Ignored","damage_taken":0,"max_hp_gain":0,"max_hp_loss":0,"event_name":"Liars Game","floor":4,"gold_loss":0},{"damage_healed":0,"gold_gain":0,"player_choice":"Ignored","damage_taken":0,"max_hp_gain":0,"max_hp_loss":0,"event_name":"Ghosts","floor":19,"gold_loss":0},{"damage_healed":0,"gold_gain":0,"cards_transformed":["Moonworks:Strike","Moonworks:Defend"],"player_choice":"Became Test Subject","damage_taken":0,"max_hp_gain":0,"max_hp_loss":0,"event_name":"Drug Dealer","floor":20,"gold_loss":0,"cards_obtained":["Moonworks:ScrambledEve","Moonworks:MetallicMonocoque"]}],"is_beta":false,"boss_relics":[{"not_picked":["Ectoplasm","Snecko Eye"],"picked":"Tiny House"}],"items_purged_floors":[11,14,22,28,30],"is_endless":false,"potions_floor_spawned":[2,5,7,10,21,29],"killed_by":"Collector","ascension_level":0}}