{"host":"lzzv50t0ea3gz1kk","time":1610799222,"event":{"mods":["ATMod(°¢èªMod)","Act Like it!","BaseMod","Gensokyo","Hallownest","Hermit","Marisa£¨ìFÓê¡¡Ä§ÀíÉ³£©","Minty Spire (QoL Compilation)","Replay The Spire","Robot Space Explorer","StSLib","The Animator"],"gold_per_floor":[116,58,69,69,69,69,96,96,96,107,136,147,147,181,181,276,326,346,364,146,146,160,160,193,193,218,218,244,258,258,270,270,365,365,377,391,391,411,311,311,311,7,58,58,58,58],"floor_reached":45,"language":"ZHS","playtime":2257,"items_purged":["Strike_R","Strike_R"],"score":579,"play_id":"845af2c3-71de-41e9-9990-e3b490a0738d","local_time":"20210116201342","is_ascension_mode":true,"campfire_choices":[{"data":"Rupture","floor":6.0,"key":"SMITH"},{"data":"Dropkick","floor":8.0,"key":"SMITH"},{"data":"Hemogenesis","floor":13.0,"key":"SMITH"},{"data":"Power Through","floor":15.0,"key":"SMITH"},{"data":"Rampage","floor":23,"key":"SMITH"},{"floor":25,"key":"REST"},{"floor":32,"key":"REST"},{"floor":40,"key":"REST"}],"circlet_count":0,"master_deck":["Strike_R+1","Strike_R","Strike_R+1","Defend_R","Defend_R","Defend_R","Defend_R+1","Bash+1","Dropkick+1","Rupture+1","Bloodletting+1","Burning Pact+1","Sever Soul","Hemogenesis+1","Spot Weakness","Power Through+1","Rampage+1","Sentinel","Fire Breathing+1","Power Through+1","Bloodletting+1","AT_Dispersion","AT_ShrugMaster","Defy Death+1"],"relics":["Burning Blood","AT_ATBox","Hallownest:DreamNailRelic","Incense Burner","Another Sword","AT_BellDemon","War Paint","Happy Flower","Tiny House","MealTicket","Bottled Flame","Juzu Bracelet","Orichalcum","Hallownest:WatcherSealRelic","AT_Kusabimaru","Philosopher\u0027s Stone","TungstenRod","ReplayFunnel"],"acts_visited":["Hallownest:Greenpath","Hallownest:CityofTears","Hallownest:KingdomsEdge"],"potions_floor_usage":[22,28,31,33],"damage_taken":[{"damage":0.0,"enemies":"2_ Uuma","floor":1.0,"turns":6.0},{"damage":16.0,"enemies":"Hallownest:2_Baldur","floor":3.0,"turns":6.0},{"damage":27.0,"enemies":"Hallownest:eliteCrystalGuardian","floor":7.0,"turns":4.0},{"damage":8.0,"enemies":"Hallownest:monsterHuskWarrior","floor":10.0,"turns":4.0},{"damage":3.0,"enemies":"Hallownest:eliteMossKnight","floor":11.0,"turns":5.0},{"damage":7.0,"enemies":"Hallownest:1_Baldur_1_Crawlid_1_Warrior","floor":12.0,"turns":5.0},{"damage":6.0,"enemies":"Hallownest:eliteVengeflyKing","floor":14.0,"turns":5.0},{"damage":41.0,"enemies":"Hallownest:BossHornet","floor":16.0,"turns":10.0},{"damage":16,"enemies":"Hallownest:Guard_and_Sentry","floor":18,"turns":5},{"damage":17,"enemies":"Hallownest:Flukemon_and_Top","floor":19,"turns":6},{"damage":20,"enemies":"Hallownest:Master_and_Novice","floor":22,"turns":4},{"damage":44,"enemies":"Hallownest:eliteSoulWarrior","floor":24,"turns":8},{"damage":19,"enemies":"Hallownest:Nosk","floor":28,"turns":8},{"damage":37,"enemies":"Hallownest:Warrior_and_Youth","floor":29,"turns":6},{"damage":24,"enemies":"Hallownest:monsterShrumalOgre","floor":31,"turns":5},{"damage":32,"enemies":"Hallownest:BossMantisLord","floor":33,"turns":8},{"damage":67,"enemies":"Hallownest:3_Siblings","floor":35,"turns":9},{"damage":33,"enemies":"Hallownest:2_Littles","floor":36,"turns":6},{"damage":10,"enemies":"Hallownest:2_Great","floor":38,"turns":7},{"damage":96,"enemies":"Hallownest:StalkingDevout","floor":45,"turns":4}],"seed_played":"300943014355555595","potions_obtained":[{"floor":1.0,"key":"Flashbang"},{"floor":10.0,"key":"CultistPotion"},{"floor":11.0,"key":"SpeedPotion"},{"floor":14.0,"key":"Venom Potion"},{"floor":17.0,"key":"Swift Potion"},{"floor":19,"key":"DuplicationPotion"},{"floor":29,"key":"Fire Potion"}],"is_trial":false,"path_per_floor":["M","$","M","?","?","R","E","R","T","M","E","M","R","E","R","B",null,"M","M","$","?","M","R","E","R","T","?","E","M","?","M","R","B",null,"M","M","?","M","$","R","?","$","T","?","E"],"character_chosen":"IRONCLAD","items_purchased":["Bloodletting+1","MealTicket","TungstenRod"],"campfire_rested":3,"item_purchase_floors":[2,20,42],"current_hp_per_floor":[80,80,70,70,70,70,49,49,49,47,50,49,49,60,60,25,85,75,64,64,64,66,66,28,53,53,53,40,17,17,10,35,17,85,35,16,16,20,35,60,60,75,75,75,0,0],"gold":58,"neow_bonus":"THREE_CARDS","is_daily":false,"chose_seed":false,"campfire_upgraded":5,"win_rate":0.0,"timestamp":1610799222,"path_taken":["M","$","M","?","?","R","E","R","T","M","E","?","R","E","R","BOSS","M","M","$","?","M","R","E","R","T","?","E","M","?","M","R","BOSS","M","M","?","M","?","R","?","$","T","?","E"],"items_purchased_type":["Card","Relic","Relic"],"build_version":"2020-12-22","purchased_purges":2,"victory":false,"max_hp_per_floor":[80,80,80,80,80,80,80,80,80,80,80,80,80,80,80,80,85,85,85,85,85,85,85,85,85,85,85,85,85,85,85,85,85,85,85,85,85,85,85,85,85,85,85,85,85,85],"card_choices":[{"not_picked":["Massacre","Combust"],"picked":"Dropkick","floor":0.0},{"not_picked":["Battle Trance","Headbutt"],"picked":"Rupture","floor":1.0},{"not_picked":["Pummel","Reckless Charge","Shockwave"],"picked":"SKIP","floor":3.0},{"not_picked":["AT_IchimonjiDouble","Body Slam"],"picked":"Burning Pact","floor":7.0},{"not_picked":["Cleave","Flex"],"picked":"Sever Soul","floor":10.0},{"not_picked":["Impervious","Intimidate"],"picked":"Hemogenesis","floor":11.0},{"not_picked":["Perfected Strike","AT_IchimonjiDouble"],"picked":"Spot Weakness","floor":12.0},{"not_picked":["Fire Breathing","AT_BodySlamDance"],"picked":"Power Through","floor":14.0},{"not_picked":["Disarm","Armaments"],"picked":"Rampage","floor":18},{"not_picked":["Reckless Charge","Replay:Undeath\u0027s Touch+1"],"picked":"Sentinel","floor":19},{"not_picked":["Battle Trance","Abandon"],"picked":"Fire Breathing+1","floor":22},{"not_picked":["Clash","Inflame"],"picked":"Power Through+1","floor":24},{"not_picked":["Cleave","Barricade","Body Slam"],"picked":"SKIP","floor":28},{"not_picked":["Sword Boomerang","Heavy Blade","Carnage"],"picked":"SKIP","floor":29},{"not_picked":["Clothesline+1","Wild Strike"],"picked":"Bloodletting+1","floor":31},{"not_picked":["Feed","Eclipse"],"picked":"AT_Dispersion","floor":33},{"not_picked":["Run Through+1","Hemokinesis"],"picked":"AT_ShrugMaster","floor":35},{"not_picked":["Headbutt+1","Disarm+1"],"picked":"Defy Death+1","floor":36},{"not_picked":["AT_GerminateFire","Sever Soul+1","Intimidate"],"picked":"SKIP","floor":38}],"player_experience":325619,"relics_obtained":[{"floor":7.0,"key":"Incense Burner"},{"floor":9.0,"key":"Another Sword"},{"floor":11.0,"key":"AT_BellDemon"},{"floor":12.0,"key":"War Paint"},{"floor":14.0,"key":"Happy Flower"},{"floor":24,"key":"Juzu Bracelet"},{"floor":26,"key":"Orichalcum"},{"floor":28,"key":"AT_Kusabimaru"},{"floor":43,"key":"ReplayFunnel"}],"event_choices":[],"is_beta":false,"boss_relics":[{"not_picked":["Snecko Eye","Sozu"],"picked":"Tiny House"},{"not_picked":["Black Blood","Ring of Chaos"],"picked":"Philosopher\u0027s Stone"}],"items_purged_floors":[20,39],"is_endless":false,"potions_floor_spawned":[1,10,11,14,19,29],"killed_by":"Hallownest:StalkingDevout","ascension_level":4}}