{"host":"Ruben","time":1610819189,"event":{"mods":["AchievementEnabler","Aspiration","BaseMod","Better Altar","Better Match","Better Note","Better Sensory Stone","Better Skull","Better Third Choice","BetterRewards","Colored Map","Conspire","Downfall","GifTheSpireLib","Googly Eyes","Highlight Path","Hubris","Minty Spire (QoL Compilation)","Permanent Neow","Shop Mod","Spicy Shops","StSLib","Stuff the Spire","The IronCluck","everything is the same but u backflip on backflip","slay the spire mod where everything is the same but ironclad has a cowboy hat"],"gold_per_floor":[111,186,198,47,62,95,9,9,9,9,22,22,33,33,33,131,131,141,67,78,3,27,27,27,37,63,63,88,106,136,155,155,251,251,269,288,32,32,46,46,46],"floor_reached":40,"language":"ENG","playtime":2346,"items_purged":["Strike_G","Defend_G"],"score":482,"play_id":"619a1500-e11f-451b-90a4-d65b4745468f","local_time":"20210116184629","is_ascension_mode":true,"campfire_choices":[{"floor":15.0,"key":"REST"},{"floor":23.0,"key":"REST"},{"floor":27.0,"key":"REST"},{"floor":32,"key":"REST"}],"circlet_count":0,"master_deck":["Defend_G","Defend_G","Defend_G","Survivor","Neutralize","Poisoned Stab","Poisoned Stab","Accuracy","Blade Dance","StuffTheSpire:Injection","Well Laid Plans","Blade Dance","StuffTheSpire:Injection","Tactician","StuffTheSpire:Incantation","Envenom","Backflip+1","Noxious Fumes","Blade Dance","Caltrops","Footwork","Deadly Poison","Slice+1","Noxious Fumes+1","Well Laid Plans+1","Catalyst+1","Tools of the Trade+1","conspire:PoisonWeapons+1","Deadly Poison+1","Accuracy+1","Madness","Madness","StuffTheSpire:ReptileScales+1"],"relics":["Ring of the Snake","aspiration:ArtOfWarUpgrade","hubris:Icosahedron","Lizard Tail","Bag of Marbles","HoveringKite","Regal Pillow","StuffTheSpire:WitherSkull","aspiration:VileToxins","Frozen Egg 2","Astrolabe","hubris:ToyBattleship"],"acts_visited":["Exordium","TheCity","TheBeyond"],"potions_floor_usage":[39,40],"damage_taken":[{"damage":0.0,"enemies":"conspire:RoseBush","floor":1.0,"turns":4.0},{"damage":0.0,"enemies":"Small Slimes","floor":3.0,"turns":3.0},{"damage":0.0,"enemies":"Cultist","floor":5.0,"turns":3.0},{"damage":13.0,"enemies":"Lagavulin","floor":6.0,"turns":8.0},{"damage":0.0,"enemies":"Looter","floor":11.0,"turns":2.0},{"damage":22.0,"enemies":"Gremlin Nob","floor":13.0,"turns":4.0},{"damage":20.0,"enemies":"Hexaghost","floor":16.0,"turns":7.0},{"damage":18.0,"enemies":"3 Byrds","floor":18.0,"turns":4.0},{"damage":27.0,"enemies":"Spheric Guardian","floor":20.0,"turns":4.0},{"damage":33.0,"enemies":"3 Cultists","floor":25.0,"turns":5.0},{"damage":47.0,"enemies":"Slavers","floor":28.0,"turns":4.0},{"damage":7.0,"enemies":"Snake Plant","floor":29.0,"turns":4.0},{"damage":5.0,"enemies":"Book of Stabbing","floor":30.0,"turns":4.0},{"damage":9,"enemies":"conspire:HollyBat","floor":31,"turns":7},{"damage":69,"enemies":"Champ","floor":33,"turns":8},{"damage":14,"enemies":"Orb Walker","floor":35,"turns":4},{"damage":5,"enemies":"3 Shapes","floor":36,"turns":2},{"damage":45,"enemies":"Maw","floor":39,"turns":6},{"damage":13,"enemies":"Reptomancer","floor":40,"turns":2}],"seed_played":"4274028173302715915","potions_obtained":[{"floor":3.0,"key":"Swift Potion"},{"floor":11.0,"key":"Strength Potion"},{"floor":16.0,"key":"DuplicationPotion"},{"floor":24.0,"key":"EntropicBrew"},{"floor":24.0,"key":"LiquidBronze"},{"floor":28.0,"key":"Slimebound:ThreeZeroPotion"},{"floor":29.0,"key":"Slimebound:ThreeZeroPotion"},{"floor":31,"key":"LiquidMemories"},{"floor":35,"key":"Regen Potion"}],"is_trial":false,"path_per_floor":["M","?","M","$","M","E","$","?","T","R","M","R","E","?","R","B",null,"M","$","M","$","T","R","?","M","T","R","E","M","E","M","R","B",null,"M","M","$","?","M","E"],"character_chosen":"THE_SILENT","items_purchased":["Accuracy","Blade Dance","Blade Dance","StuffTheSpire:Injection","Noxious Fumes","Accuracy+1","hubris:ToyBattleship"],"campfire_rested":4,"item_purchase_floors":[4,4,7,7,19,37,37],"current_hp_per_floor":[70,59,59,59,59,46,46,46,46,46,46,46,24,24,45,25,70,52,52,25,25,25,61,61,28,28,64,17,10,5,35,70,1,70,56,51,51,42,9,0,0],"gold":46,"neow_bonus":"REMOVE_CARD","is_daily":false,"chose_seed":false,"campfire_upgraded":0,"win_rate":0.0,"timestamp":1610819189,"path_taken":["M","?","M","$","M","E","$","?","T","R","M","R","E","?","R","BOSS","M","$","M","$","?","R","?","M","T","R","E","M","E","M","R","BOSS","M","M","$","?","M","E"],"items_purchased_type":["Card","Card","Card","Card","Card","Card","Relic"],"build_version":"2020-12-18","purchased_purges":2,"victory":false,"max_hp_per_floor":[70,70,70,70,70,70,70,70,70,70,70,70,70,70,70,70,70,70,70,70,70,70,70,70,70,70,70,70,70,70,70,70,70,70,70,70,70,70,70,70,70],"card_choices":[{"not_picked":["PiercingWail","Backflip"],"picked":"Poisoned Stab","floor":1.0},{"not_picked":["Masterful Stab","Storm of Steel"],"picked":"Poisoned Stab","floor":3.0},{"not_picked":["StuffTheSpire:Sprint","hubris:Counter"],"picked":"StuffTheSpire:Injection","floor":5.0},{"not_picked":["StuffTheSpire:Python","Dagger Throw"],"picked":"Well Laid Plans","floor":6.0},{"not_picked":["Dodge and Roll","Dagger Spray","Outmaneuver"],"picked":"SKIP","floor":11.0},{"not_picked":["hubris:SlightOfHand","StuffTheSpire:BumpUp"],"picked":"Tactician","floor":13.0},{"not_picked":["After Image","Malaise"],"picked":"Envenom","floor":16.0},{"not_picked":["Dodge and Roll","Expertise"],"picked":"Backflip+1","floor":18.0},{"not_picked":["Riddle With Holes","StuffTheSpire:BumpUp"],"picked":"Blade Dance","floor":20.0},{"not_picked":["Dagger Spray","StuffTheSpire:Python"],"picked":"Caltrops","floor":25.0},{"not_picked":["Riddle With Holes","hubris:TrickCloak"],"picked":"Footwork","floor":28.0},{"not_picked":["Grand Finale","hubris:TrickCloak+1"],"picked":"Deadly Poison","floor":29.0},{"not_picked":["hubris:SlightOfHand","Well Laid Plans+1"],"picked":"Slice+1","floor":30.0},{"not_picked":["StuffTheSpire:Fury+1","Slice"],"picked":"Noxious Fumes+1","floor":31},{"not_picked":["Deadly Poison+1","Sucker Punch+1"],"picked":"conspire:PoisonWeapons+1","floor":35},{"not_picked":["Acrobatics","StuffTheSpire:ReptileScales+1"],"picked":"Deadly Poison+1","floor":36},{"not_picked":["Predator","Dodge and Roll+1"],"picked":"StuffTheSpire:ReptileScales+1","floor":39}],"player_experience":286493,"relics_obtained":[{"floor":6.0,"key":"Art of War"},{"floor":9.0,"key":"Lizard Tail"},{"floor":13.0,"key":"Bag of Marbles"},{"floor":22.0,"key":"Regal Pillow"},{"floor":26.0,"key":"StuffTheSpire:WitherSkull"},{"floor":28.0,"key":"aspiration:VileToxins"},{"floor":30.0,"key":"Frozen Egg 2"}],"event_choices":[{"damage_healed":0.0,"max_hp_gain":0.0,"max_hp_loss":0.0,"gold_gain":75.0,"event_name":"betterThird:BetterGoop","player_choice":"Gold","floor":2.0,"gold_loss":0.0,"damage_taken":11.0},{"damage_healed":0.0,"max_hp_gain":0.0,"max_hp_loss":0.0,"gold_gain":0.0,"cards_transformed":["Strike_G"],"event_name":"Transmorgrifier","player_choice":"Transformed","floor":14.0,"gold_loss":0.0,"damage_taken":0.0,"cards_obtained":["StuffTheSpire:Incantation"]},{"damage_healed":0.0,"max_hp_gain":0.0,"max_hp_loss":0.0,"gold_gain":0.0,"event_name":"Lab","player_choice":"Got Potions","floor":24.0,"gold_loss":0.0,"damage_taken":0.0},{"damage_healed":0,"gold_gain":0,"player_choice":"Embrace Madness","damage_taken":9,"max_hp_gain":0,"max_hp_loss":0,"event_name":"Winding Halls","floor":38,"gold_loss":0,"cards_obtained":["Madness","Madness"]}],"is_beta":true,"boss_relics":[{"not_picked":["Busted Crown","SacredBark"],"picked":"HoveringKite"},{"not_picked":["Coffee Dripper","hubris:RunicObelisk"],"picked":"Astrolabe"}],"items_purged_floors":[21,37],"is_endless":false,"potions_floor_spawned":[3,11,16,28,29,31,35],"killed_by":"Reptomancer","ascension_level":1}}