{"host":"8fup84v061vi31le","time":1610785360,"event":{"mods":["Aspiration","BaseMod","Better Match","Better Third Choice","Minty Spire (QoL Compilation)","Replay The Spire","StSLib"],"gold_per_floor":[114,114,114,39,54,80,93,168,250,264,264,214,231,250,250,348,348,367,380,88,98,98,126,126,151,151,151,151,151,178,191,191,291,291,308,380,430,449,473,473,484,519,598,614,643,658,658,668,668,668],"floor_reached":51,"language":"ZHS","playtime":2939,"items_purged":["Injury"],"score":1196,"play_id":"bdfe3803-ac10-46e7-b1bf-765b2c93162f","local_time":"20210116162240","is_ascension_mode":true,"campfire_choices":[{"floor":11.0,"key":"REST"},{"data":"Blade Dance","floor":15.0,"key":"SMITH"},{"floor":24.0,"key":"REST"},{"data":"Survivor","floor":28.0,"key":"SMITH"},{"floor":32.0,"key":"REST"},{"floor":40.0,"key":"REST"},{"floor":49,"key":"REST"}],"circlet_count":0,"master_deck":["Survivor+1","Neutralize","Blade Dance+1","Apotheosis+1","Blade Dance+1","Acrobatics+1","After Image+1","Hidden Blade+1","Blade Dance+1","Bouncing Flask+1","Bullet Time+1","Outmaneuver+1","Unload+1","Replay:Poison Smokescreen+1","Tactician+1","PiercingWail+1","Deflect+1","Pot Of Greed+1","Pot Of Greed+1","Necronomicurse","Terror+1","Atom Bomb+1","Accuracy+1","Reflex+1","Hallucinations","Burst+1","Pot Of Greed+1"],"relics":["Ring of the Snake","NeowsBlessing","Toxic Egg 2","Golden Egg","Shuriken","Pandora\u0027s Box","The Specimen","Divine Protection","Grinning Jar","Paper Crane","Necronomicon","Ancient Tea Set","Snecko Scales","Lantern","Bag of Preparation","Replay:WaspNest","Mummified Hand","Bag of Marbles"],"acts_visited":["Exordium","TheCity","TheBeyond"],"potions_floor_usage":[50,50],"damage_taken":[{"damage":0.0,"enemies":"Small Slimes","floor":1.0,"turns":1.0},{"damage":0.0,"enemies":"2 Louse","floor":5.0,"turns":1.0},{"damage":0.0,"enemies":"3 Sentries","floor":6.0,"turns":1.0},{"damage":0.0,"enemies":"Jaw Worm","floor":7.0,"turns":2.0},{"damage":5.0,"enemies":"Red Slaver","floor":10.0,"turns":3.0},{"damage":5.0,"enemies":"Large Slime","floor":13.0,"turns":3.0},{"damage":0.0,"enemies":"Looter","floor":14.0,"turns":3.0},{"damage":21.0,"enemies":"Hexaghost","floor":16.0,"turns":5.0},{"damage":0.0,"enemies":"3 Byrds","floor":18.0,"turns":3.0},{"damage":0.0,"enemies":"2 Thieves","floor":19.0,"turns":2.0},{"damage":10.0,"enemies":"3 Cultists","floor":21.0,"turns":3.0},{"damage":3.0,"enemies":"Gremlin Leader","floor":23.0,"turns":4.0},{"damage":0.0,"enemies":"Replay:Snechameleon","floor":25.0,"turns":3.0},{"damage":0.0,"enemies":"Snecko","floor":31.0,"turns":5.0},{"damage":3.0,"enemies":"Pondfish","floor":33.0,"turns":7.0},{"damage":0.0,"enemies":"3 Shapes","floor":35.0,"turns":3.0},{"damage":0.0,"enemies":"Mind Bloom Boss Battle","floor":37.0,"turns":2.0},{"damage":0.0,"enemies":"3 Darklings","floor":38.0,"turns":3.0},{"damage":4.0,"enemies":"4 Shapes","floor":41.0,"turns":2.0},{"damage":0.0,"enemies":"Reptomancer","floor":42.0,"turns":2.0},{"damage":0.0,"enemies":"Transient","floor":44.0,"turns":5.0},{"damage":3,"enemies":"Giant Head","floor":45,"turns":2},{"damage":0,"enemies":"Writhing Mass","floor":46,"turns":2},{"damage":0,"enemies":"Spire Growth","floor":48,"turns":1},{"damage":3,"enemies":"Donu and Deca","floor":50,"turns":2}],"seed_played":"-3485619850632699762","potions_obtained":[{"floor":6.0,"key":"Explosive Potion"},{"floor":13.0,"key":"Strength Potion"},{"floor":16.0,"key":"GamblersBrew"},{"floor":23.0,"key":"GamblersBrew"},{"floor":25.0,"key":"PowerPotion"},{"floor":31.0,"key":"Reflective Coating"},{"floor":36.0,"key":"GhostInAJar"}],"is_trial":false,"path_per_floor":["M","?","?","$","M","E","M","?","T","M","R","?","M","M","R","B",null,"M","M","$","M","?","E","R","E","T","$","R","?","T","M","R","B",null,"M","?","?","M","T","R","M","E","T","M","E","M","?","M","R","B",null],"character_chosen":"THE_SILENT","items_purchased":["The Specimen"],"campfire_rested":5,"item_purchase_floors":[20],"current_hp_per_floor":[70,70,70,70,70,70,70,59,59,54,70,70,65,65,65,44,64,64,64,64,54,59,56,70,70,70,70,70,54,54,54,70,67,69,69,52,52,52,52,70,66,66,66,66,63,63,63,63,70,67],"gold":668,"neow_bonus":"THREE_ENEMY_KILL","is_daily":false,"chose_seed":false,"campfire_upgraded":2,"win_rate":0.0,"timestamp":1610785360,"path_taken":["M","?","?","?","M","E","?","?","T","M","R","?","M","M","R","BOSS","M","M","$","M","?","E","R","E","T","?","R","?","?","M","R","BOSS","M","?","?","M","?","R","M","E","T","?","E","M","?","M","R","BOSS"],"items_purchased_type":["Relic"],"build_version":"2020-12-22","purchased_purges":1,"victory":true,"max_hp_per_floor":[70,70,70,70,70,70,70,70,70,70,70,70,70,70,70,70,70,70,70,70,70,70,70,70,70,70,70,70,70,70,70,70,70,70,70,70,70,70,70,70,70,70,70,70,70,70,70,70,70,70],"card_choices":[{"not_picked":["Acrobatics","Slice"],"picked":"Blade Dance","floor":1.0},{"not_picked":["Poisoned Stab","Deflect+1"],"picked":"Blade Dance+1","floor":5.0},{"not_picked":["Sucker Punch","Slice"],"picked":"Acrobatics+1","floor":6.0},{"not_picked":["Bane","ReplayTheSpireMod:Speed Training+1","Cloak And Dagger+1"],"picked":"SKIP","floor":7.0},{"not_picked":["Prepared+1","Poisoned Stab"],"picked":"After Image","floor":10.0},{"not_picked":["Footwork","Outmaneuver+1"],"picked":"Hidden Blade+1","floor":13.0},{"not_picked":["Dodge and Roll+1","Dagger Throw"],"picked":"Blade Dance+1","floor":14.0},{"not_picked":["Hidden Blade+1","Well Laid Plans","Backstab"],"picked":"SKIP","floor":18.0},{"not_picked":["PiercingWail+1","Hidden Blade+1","Tactician+1"],"picked":"SKIP","floor":19.0},{"not_picked":["Noxious Fumes","Endless Agony","Quick Slash"],"picked":"SKIP","floor":21.0},{"not_picked":["Bane","ReplayTheSpireMod:Speed Training+1","Dagger Spray"],"picked":"SKIP","floor":23.0},{"not_picked":["Night Terror+1","Setup+1","Concentrate+1"],"picked":"SKIP","floor":25.0},{"not_picked":["Blade Dance+1","Well Laid Plans"],"picked":"Terror+1","floor":31.0},{"not_picked":["Grand Finale","aspiration:Lunge"],"picked":"Atom Bomb","floor":33.0},{"not_picked":["Underhanded Strike+1","ReplayTheSpireMod:Tripwire+1","Dagger Throw+1"],"picked":"SKIP","floor":35.0},{"not_picked":["Dodge and Roll+1","Prepared+1"],"picked":"Accuracy+1","floor":38.0},{"not_picked":["Bane","Crippling Poison+1","Quick Slash"],"picked":"SKIP","floor":41.0},{"not_picked":["Sucker Punch+1","Poisoned Stab+1","Poison Darts+1"],"picked":"SKIP","floor":42.0},{"not_picked":["Dagger Throw","ReplayTheSpireMod:Speed Training+1","Backflip+1"],"picked":"SKIP","floor":44},{"not_picked":["Sucker Punch","Underhanded Strike+1","Outmaneuver+1"],"picked":"SKIP","floor":45},{"not_picked":["Prepared+1","PiercingWail+1"],"picked":"Reflex+1","floor":46},{"not_picked":["Distraction+1","Escape Plan+1"],"picked":"Burst+1","floor":48}],"player_experience":166234,"relics_obtained":[{"floor":6.0,"key":"Golden Egg"},{"floor":9.0,"key":"Shuriken"},{"floor":23.0,"key":"Divine Protection"},{"floor":25.0,"key":"Grinning Jar"},{"floor":26.0,"key":"Paper Crane"},{"floor":29.0,"key":"Necronomicon"},{"floor":30.0,"key":"Ancient Tea Set"},{"floor":36.0,"key":"Lantern"},{"floor":39.0,"key":"Bag of Preparation"},{"floor":42.0,"key":"Replay:WaspNest"},{"floor":43.0,"key":"Mummified Hand"},{"floor":45,"key":"Bag of Marbles"}],"event_choices":[{"damage_healed":70.0,"max_hp_gain":0.0,"max_hp_loss":70.0,"gold_gain":0.0,"event_name":"betterThird:BetterShining","player_choice":"Embrace","floor":2.0,"gold_loss":0.0,"damage_taken":0.0},{"damage_healed":0.0,"max_hp_gain":0.0,"max_hp_loss":0.0,"gold_gain":75.0,"event_name":"betterThird:BetterGoop","player_choice":"Gold","floor":8.0,"gold_loss":0.0,"damage_taken":11.0},{"cards_removed":["Strike_G"],"damage_healed":0.0,"max_hp_gain":0.0,"max_hp_loss":0.0,"gold_gain":0.0,"event_name":"The Cleric","player_choice":"Card Removal","floor":12.0,"gold_loss":50.0,"damage_taken":0.0},{"cards_removed":["Bane"],"damage_healed":5.0,"max_hp_gain":0.0,"max_hp_loss":0.0,"gold_gain":0.0,"event_name":"Bonfire Elementals","player_choice":"Offered Common","floor":22.0,"gold_loss":0.0,"damage_taken":0.0},{"cards_removed":["Bane"],"damage_healed":5.0,"max_hp_gain":0.0,"max_hp_loss":0.0,"gold_gain":0.0,"event_name":"Bonfire Elementals","player_choice":"Offered Special","floor":22.0,"gold_loss":0.0,"damage_taken":0.0},{"damage_healed":0.0,"max_hp_gain":0.0,"max_hp_loss":0.0,"gold_gain":0.0,"event_name":"Cursed Tome","player_choice":"Obtained Book","floor":29.0,"gold_loss":0.0,"damage_taken":16.0},{"damage_healed":0.0,"max_hp_gain":0.0,"max_hp_loss":0.0,"gold_gain":0.0,"event_name":"MindBloom","player_choice":"Fight","floor":37.0,"gold_loss":0.0,"damage_taken":0.0}],"is_beta":false,"boss_relics":[{"not_picked":["aspiration:DefectSkillbook","Ectoplasm"],"picked":"Pandora\u0027s Box"},{"not_picked":["Ring of the Serpent","Empty Cage"],"picked":"Snecko Scales"}],"items_purged_floors":[4],"is_endless":false,"potions_floor_spawned":[6,13,16,23,25,31,33,38,41,42,45],"ascension_level":5}}