{"host":"9tdk3zzhmpo6o3dg","time":1610819672,"event":{"mods":["AchievementEnabler","BaseMod","Downfall","Marisa£®ÏF”Í°°ƒß¿Ì…≥£©","Minty Spire (QoL Compilation)","Shop Mod","StSLib","The Cursed","The Marked","The Servant 0.9.4"],"gold_per_floor":[110,110,110,110,13,45,45,77,102,102,112,212,212,224,224,321,321,331,342,40,53,63,63,89,89,89,120,120,120,138,157,157,257,257,271,271,0,12,30,30,58,0,0,15,15,15,35,35,35,35],"floor_reached":51,"language":"ZHS","playtime":1994,"items_purged":["Strike_B","Strike_B"],"score":925,"play_id":"188c975f-cdf2-4618-9742-cab6d3f99666","local_time":"20210117015432","is_ascension_mode":true,"campfire_choices":[{"floor":7.0,"key":"REST"},{"floor":10.0,"key":"REST"},{"data":"Dualcast","floor":13.0,"key":"SMITH"},{"data":"Madness","floor":15.0,"key":"SMITH"},{"data":"Zap","floor":23.0,"key":"SMITH"},{"floor":25.0,"key":"REST"},{"floor":29.0,"key":"REST"},{"data":"Redo","floor":32.0,"key":"SMITH"},{"data":"Transmutation","floor":40.0,"key":"SMITH"},{"floor":49,"key":"REST"}],"circlet_count":0,"master_deck":["Strike_B","Strike_B","Defend_B","Defend_B","Defend_B","Zap+1","Dualcast+1","Madness+1","Glacier","Turbo","Defragment","Buffer","Multi-Cast","Compile Driver","Core Surge","Storm+1","Finesse","Consume+1","Self Repair+1","Loop","Decay","Redo+1","Biased Cognition","Transmutation+1","Biased Cognition","Heatsinks","Compile Driver+1","Barrage+1","Turbo","Chill+1"],"relics":["Cracked Core","Symbiotic Virus","DataDisk","Smiling Mask","Regal Pillow","Nuclear Battery","Runic Capacitor","Matryoshka","Lantern","Lizard Tail","White Beast Statue","Runic Pyramid","DollysMirror","Juzu Bracelet","Red Mask","Happy Flower","Orichalcum"],"acts_visited":["Exordium","TheCity","TheBeyond"],"potions_floor_usage":[47,47,50,50],"damage_taken":[{"damage":1.0,"enemies":"Cultist","floor":1.0,"turns":3.0},{"damage":44.0,"enemies":"Gremlin Nob","floor":6.0,"turns":5.0},{"damage":20.0,"enemies":"Lagavulin","floor":8.0,"turns":4.0},{"damage":0.0,"enemies":"Small Slimes","floor":11.0,"turns":2.0},{"damage":7.0,"enemies":"Jaw Worm","floor":14.0,"turns":2.0},{"damage":28.0,"enemies":"Hexaghost","floor":16.0,"turns":13.0},{"damage":17.0,"enemies":"2 Thieves","floor":18.0,"turns":3.0},{"damage":0.0,"enemies":"Spheric Guardian","floor":19.0,"turns":3.0},{"damage":25.0,"enemies":"Snake Plant","floor":21.0,"turns":3.0},{"damage":0.0,"enemies":"Centurion and Healer","floor":22.0,"turns":7.0},{"damage":3.0,"enemies":"Book of Stabbing","floor":24.0,"turns":6.0},{"damage":41.0,"enemies":"Slavers","floor":27.0,"turns":4.0},{"damage":6.0,"enemies":"Cultist and Chosen","floor":30.0,"turns":4.0},{"damage":8.0,"enemies":"Chosen and Byrds","floor":31.0,"turns":3.0},{"damage":22.0,"enemies":"Automaton","floor":33.0,"turns":7.0},{"damage":35.0,"enemies":"3 Shapes","floor":35.0,"turns":3.0},{"damage":16.0,"enemies":"Orb Walker","floor":38.0,"turns":2.0},{"damage":12.0,"enemies":"Writhing Mass","floor":39.0,"turns":2.0},{"damage":16.0,"enemies":"Nemesis","floor":41.0,"turns":5.0},{"damage":1.0,"enemies":"Sphere and 2 Shapes","floor":44.0,"turns":4.0},{"damage":12,"enemies":"Jaw Worm Horde","floor":47,"turns":2},{"damage":1,"enemies":"Donu and Deca","floor":50,"turns":6}],"seed_played":"-4691501037156406804","potions_obtained":[{"floor":6.0,"key":"FocusPotion"},{"floor":11.0,"key":"PotionOfCapacity"},{"floor":21.0,"key":"EntropicBrew"},{"floor":24.0,"key":"SpeedPotion"},{"floor":27.0,"key":"Dexterity Potion"},{"floor":30.0,"key":"Fire Potion"},{"floor":31.0,"key":"Swift Potion"},{"floor":33.0,"key":"PotionOfCapacity"},{"floor":35.0,"key":"AttackPotion"},{"floor":39.0,"key":"Fire Potion"},{"floor":46.0,"key":"SkillPotion"},{"floor":46.0,"key":"DuplicationPotion"},{"floor":47,"key":"EssenceOfSteel"}],"is_trial":false,"path_per_floor":["M","$","T","?","$","E","R","E","T","R","M","?","R","M","R","B",null,"M","M","$","M","M","R","E","R","T","E","?","R","M","M","R","B",null,"M","?","$","M","M","R","E","?","T","M","?","?","M","$","R","B",null],"character_chosen":"DEFECT","items_purchased":["Turbo","Defragment","Finesse","Runic Capacitor","DollysMirror","Heatsinks"],"campfire_rested":5,"item_purchase_floors":[5,5,20,20,37,37],"current_hp_per_floor":[67,67,67,67,67,23,45,25,25,62,62,62,62,55,55,27,63,46,46,46,21,21,21,18,55,55,24,24,61,65,57,57,45,68,43,43,43,37,35,35,29,29,29,38,38,38,36,36,73,75],"gold":35,"neow_bonus":"RANDOM_COLORLESS","is_daily":false,"chose_seed":false,"campfire_upgraded":5,"win_rate":0.0,"timestamp":1610819672,"path_taken":["M","$","?","?","$","E","R","E","T","R","?","?","R","M","R","BOSS","M","?","$","M","M","R","E","R","T","E","?","R","M","M","R","BOSS","M","?","$","M","M","R","E","?","T","M","?","?","M","$","R","BOSS"],"items_purchased_type":["Card","Card","Card","Relic","Relic","Card"],"build_version":"2020-12-22","purchased_purges":2,"victory":true,"max_hp_per_floor":[75,75,75,75,75,75,75,75,75,75,75,75,75,75,75,75,75,75,75,75,75,75,75,75,75,75,75,75,75,75,75,75,75,75,75,75,75,75,75,75,75,75,75,75,75,75,75,75,75,75],"card_choices":[{"not_picked":["Blind","Panacea"],"picked":"Madness","floor":0.0},{"not_picked":["Storm","Doom and Gloom"],"picked":"Glacier","floor":1.0},{"not_picked":["Rebound","Stack"],"picked":"Buffer","floor":6.0},{"not_picked":["Go for the Eyes","Chill"],"picked":"Multi-Cast","floor":8.0},{"not_picked":["FTL","Glacier"],"picked":"Compile Driver","floor":11.0},{"not_picked":["Steam","Beam Cell","Leap"],"picked":"SKIP","floor":14.0},{"not_picked":["Hyperbeam","Creative AI"],"picked":"Core Surge","floor":16.0},{"not_picked":["Go for the Eyes","FTL"],"picked":"Storm+1","floor":18.0},{"not_picked":["Sunder","Auto Shields+1","Go for the Eyes"],"picked":"SKIP","floor":19.0},{"not_picked":["Aggregate+1","Steam Power+1"],"picked":"Chaos","floor":21.0},{"not_picked":["Ball Lightning","Compile Driver"],"picked":"Consume+1","floor":22.0},{"not_picked":["White Noise","Undo"],"picked":"Self Repair+1","floor":24.0},{"not_picked":["Chill","Scrape"],"picked":"Loop","floor":27.0},{"not_picked":["Streamline","Steam+1"],"picked":"Redo","floor":30.0},{"not_picked":["Steam Power","Fusion","Rebound"],"picked":"SKIP","floor":31.0},{"not_picked":["Machine Learning","Fission"],"picked":"Biased Cognition","floor":33.0},{"not_picked":["Undo+1","Streamline","Reprogram"],"picked":"SKIP","floor":35.0},{"not_picked":["Jack Of All Trades","Sadistic Nature"],"picked":"Transmutation","floor":36.0},{"not_picked":["Scrape+1","Turbo"],"picked":"Compile Driver+1","floor":38.0},{"not_picked":["FTL+1","Stack","Gash+1"],"picked":"SKIP","floor":39.0},{"not_picked":["Cold Snap+1","Hyperbeam"],"picked":"Barrage+1","floor":41.0},{"not_picked":["Loop","Rip and Tear"],"picked":"Turbo","floor":44.0},{"not_picked":["Melter","Capacitor+1"],"picked":"Chill+1","floor":47}],"player_experience":148310,"relics_obtained":[{"floor":3.0,"key":"Symbiotic Virus"},{"floor":6.0,"key":"DataDisk"},{"floor":8.0,"key":"Smiling Mask"},{"floor":9.0,"key":"Regal Pillow"},{"floor":24.0,"key":"Matryoshka"},{"floor":26.0,"key":"Lantern"},{"floor":26.0,"key":"Lizard Tail"},{"floor":27.0,"key":"White Beast Statue"},{"floor":41.0,"key":"Juzu Bracelet"},{"floor":43.0,"key":"Happy Flower"},{"floor":43.0,"key":"Orichalcum"}],"event_choices":[{"cards_removed":["Defend_B"],"damage_healed":0.0,"max_hp_gain":0.0,"max_hp_loss":0.0,"gold_gain":0.0,"event_name":"Purifier","player_choice":"Purged","floor":4.0,"gold_loss":0.0,"damage_taken":0.0},{"damage_healed":0.0,"max_hp_gain":0.0,"max_hp_loss":0.0,"gold_gain":100.0,"event_name":"Wheel of Change","player_choice":"Gold","floor":12.0,"gold_loss":0.0,"damage_taken":0.0},{"damage_healed":0.0,"max_hp_gain":0.0,"max_hp_loss":0.0,"gold_gain":0.0,"event_name":"Wheel of Change","player_choice":"Cursed","floor":28.0,"gold_loss":0.0,"damage_taken":0.0,"cards_obtained":["Decay"]},{"damage_healed":0.0,"max_hp_gain":0.0,"max_hp_loss":0.0,"gold_gain":0.0,"event_name":"SensoryStone","player_choice":"Memory 1","floor":36.0,"gold_loss":0.0,"damage_taken":0.0},{"damage_healed":0.0,"max_hp_gain":0.0,"max_hp_loss":0.0,"gold_gain":0.0,"event_name":"Tomb of Lord Red Mask","player_choice":"Paid","floor":42.0,"gold_loss":58.0,"damage_taken":0.0,"relics_obtained":["Red Mask"]},{"cards_removed":["Chaos"],"damage_healed":0.0,"max_hp_gain":0.0,"max_hp_loss":0.0,"gold_gain":0.0,"event_name":"Falling","player_choice":"Removed Skill","floor":45.0,"gold_loss":0.0,"damage_taken":0.0},{"damage_healed":0.0,"max_hp_gain":0.0,"max_hp_loss":0.0,"gold_gain":0.0,"event_name":"Lab","player_choice":"Got Potions","floor":46.0,"gold_loss":0.0,"damage_taken":0.0}],"is_beta":false,"boss_relics":[{"not_picked":["bronze:MakeshiftBattery","Velvet Choker"],"picked":"Nuclear Battery"},{"not_picked":["FrozenCore","Calling Bell"],"picked":"Runic Pyramid"}],"items_purged_floors":[20,37],"is_endless":false,"potions_floor_spawned":[6,11,21,24,27,30,31,33,35,38,39,41,44,47],"ascension_level":6}}