{"host":"7qoz5gmva6til3yp","time":1610822231,"event":{"mods":["AchievementEnabler","BaseMod","Minty Spire (QoL Compilation)","StSLib","SuperFastMode"],"gold_per_floor":[112,112,112,129,145,145,177,177,177,191,191,43,43,57,57,159,159,174,174,186,35,47,47,76,87,87,87,103,3,3,19,19,124,124,136,11,11,24,24,24,55,55,55,55,105,115,126,174,174,174],"floor_reached":51,"language":"KOR","playtime":2326,"items_purged":["Strike_G","Unload","Blur"],"score":1122,"play_id":"d7c8056d-f1f4-4527-8b43-51ad4e2a2ab6","local_time":"20210117033711","is_ascension_mode":true,"campfire_choices":[{"data":"Underhanded Strike","floor":6.0,"key":"SMITH"},{"data":"Catalyst","floor":8.0,"key":"SMITH"},{"data":"Blur","floor":11.0,"key":"SMITH"},{"data":"Tools of the Trade","floor":15.0,"key":"SMITH"},{"data":"Burst","floor":23.0,"key":"SMITH"},{"floor":27.0,"key":"REST"},{"floor":30.0,"key":"REST"},{"data":"Calculated Gamble","floor":32.0,"key":"SMITH"},{"floor":40,"key":"REST"},{"floor":42,"key":"REST"},{"data":"Tactician","floor":44,"key":"SMITH"},{"floor":49,"key":"REST"}],"circlet_count":0,"master_deck":["Survivor","Neutralize","Blur+1","Catalyst+1","Underhanded Strike+1","Deadly Poison","Acrobatics","Dagger Spray","Tools of the Trade+1","Doppelganger","Venomology","Noxious Fumes","Footwork","Skewer","Burst+1","Eviscerate","Slice","Bane+1","Backflip","Crippling Poison","Calculated Gamble+1","PiercingWail+1","Tactician+1","Leg Sweep","Escape Plan","Grand Finale"],"relics":["Ring of the Snake","Bag of Preparation","Pantograph","InkBottle","Pandora\u0027s Box","Happy Flower","Snake Skull","Dream Catcher","Pen Nib","HoveringKite","Strawberry","Frozen Egg 2","Incense Burner","Prayer Wheel"],"acts_visited":["Exordium","TheCity","TheBeyond"],"potions_floor_usage":[50,50,50,50],"damage_taken":[{"damage":1.0,"enemies":"Small Slimes","floor":1.0,"turns":4.0},{"damage":0.0,"enemies":"Cultist","floor":4.0,"turns":5.0},{"damage":2.0,"enemies":"Jaw Worm","floor":5.0,"turns":6.0},{"damage":19.0,"enemies":"Gremlin Nob","floor":7.0,"turns":4.0},{"damage":2.0,"enemies":"3 Louse","floor":10.0,"turns":5.0},{"damage":1.0,"enemies":"Blue Slaver","floor":14.0,"turns":4.0},{"damage":0.0,"enemies":"The Guardian","floor":16.0,"turns":10.0},{"damage":25.0,"enemies":"3 Byrds","floor":18.0,"turns":5.0},{"damage":13.0,"enemies":"Shell Parasite","floor":20.0,"turns":5.0},{"damage":4.0,"enemies":"Snake Plant","floor":22.0,"turns":4.0},{"damage":23.0,"enemies":"Gremlin Leader","floor":24.0,"turns":6.0},{"damage":3.0,"enemies":"Shelled Parasite and Fungi","floor":25.0,"turns":8.0},{"damage":0.0,"enemies":"Centurion and Healer","floor":28.0,"turns":5.0},{"damage":11.0,"enemies":"Cultist and Chosen","floor":31.0,"turns":6.0},{"damage":62.0,"enemies":"Automaton","floor":33.0,"turns":10.0},{"damage":8,"enemies":"Orb Walker","floor":35,"turns":3},{"damage":22,"enemies":"3 Darklings","floor":38,"turns":5},{"damage":30,"enemies":"Nemesis","floor":41,"turns":7},{"damage":0,"enemies":"Mind Bloom Boss Battle","floor":45,"turns":5},{"damage":27,"enemies":"Spire Growth","floor":46,"turns":4},{"damage":18,"enemies":"Sphere and 2 Shapes","floor":47,"turns":5},{"damage":23,"enemies":"2 Orb Walkers","floor":48,"turns":5},{"damage":28,"enemies":"Donu and Deca","floor":50,"turns":12}],"seed_played":"-1527379368224263925","potions_obtained":[{"floor":1.0,"key":"DistilledChaos"},{"floor":3.0,"key":"Poison Potion"},{"floor":3.0,"key":"Dexterity Potion"},{"floor":7.0,"key":"EssenceOfSteel"},{"floor":22.0,"key":"SteroidPotion"},{"floor":38,"key":"Ancient Potion"},{"floor":46,"key":"PowerPotion"}],"is_trial":false,"path_per_floor":["M","?","?","M","M","R","E","R","T","M","R","$","?","M","R","B",null,"M","?","M","$","M","R","E","M","T","R","M","$","R","M","R","B",null,"M","$","?","M","$","R","E","R","T","R","?","M","M","?","R","B",null],"character_chosen":"THE_SILENT","items_purchased":["Acrobatics","Dagger Spray","Snake Skull"],"campfire_rested":5,"item_purchase_floors":[12,12,21],"current_hp_per_floor":[69,69,69,69,67,67,48,48,48,46,46,46,39,38,38,63,74,49,49,36,36,32,32,9,6,6,29,29,29,52,41,41,4,59,51,51,51,29,29,52,29,54,54,54,79,52,34,11,36,33],"gold":174,"neow_bonus":"TEN_PERCENT_HP_BONUS","is_daily":false,"chose_seed":false,"campfire_upgraded":7,"win_rate":0.0,"timestamp":1610822231,"path_taken":["M","?","?","M","?","R","E","R","T","M","R","$","?","M","R","BOSS","M","?","M","$","M","R","E","M","T","R","M","$","R","M","R","BOSS","M","$","?","M","$","R","E","R","T","R","?","M","M","?","R","BOSS"],"items_purchased_type":["Card","Card","Relic"],"build_version":"2020-12-22","purchased_purges":3,"victory":true,"max_hp_per_floor":[77,77,77,77,77,77,77,77,77,77,77,77,77,77,77,77,77,77,77,77,77,77,77,77,77,77,77,77,77,77,77,77,77,77,77,77,77,77,77,77,84,84,84,84,84,84,84,84,84,84],"card_choices":[{"not_picked":["Blade Dance","Sucker Punch"],"picked":"Blur","floor":1.0},{"not_picked":["Blade Dance","Endless Agony"],"picked":"Catalyst","floor":4.0},{"not_picked":["Heel Hook","Backflip"],"picked":"Underhanded Strike","floor":5.0},{"not_picked":["Dash","Tactician"],"picked":"Deadly Poison","floor":7.0},{"not_picked":["Deadly Poison","Prepared"],"picked":"Well Laid Plans","floor":10.0},{"not_picked":["Dagger Throw","Underhanded Strike"],"picked":"Tools of the Trade","floor":14.0},{"not_picked":["Storm of Steel","A Thousand Cuts"],"picked":"Doppelganger","floor":16.0},{"not_picked":["Prepared","Flying Knee+1"],"picked":"Bane+1","floor":18.0},{"not_picked":["Flying Knee+1","Blade Dance","Outmaneuver+1"],"picked":"SKIP","floor":20.0},{"not_picked":["Quick Slash+1","Heel Hook"],"picked":"Backflip","floor":22.0},{"not_picked":["Flying Knee","Deflect","Finisher"],"picked":"SKIP","floor":24.0},{"not_picked":["Phantasmal Killer","Quick Slash"],"picked":"Crippling Poison","floor":25.0},{"not_picked":["Dagger Spray","Outmaneuver"],"picked":"Calculated Gamble","floor":27.0},{"not_picked":["Backstab","Underhanded Strike","Reflex"],"picked":"SKIP","floor":28.0},{"not_picked":["Deflect+1","Cloak And Dagger"],"picked":"PiercingWail+1","floor":30.0},{"not_picked":["Poisoned Stab","Footwork","Masterful Stab"],"picked":"SKIP","floor":31.0},{"not_picked":["Quick Slash+1","Outmaneuver","Predator"],"picked":"SKIP","floor":35},{"not_picked":["Terror","Cloak And Dagger"],"picked":"Tactician","floor":38},{"not_picked":["Prepared+1","Setup"],"picked":"Leg Sweep","floor":41},{"not_picked":["Footwork","Flying Knee+1"],"picked":"Escape Plan","floor":42},{"not_picked":["Cloak And Dagger+1","Backflip","Outmaneuver"],"picked":"SKIP","floor":46},{"not_picked":["Deflect","Flying Knee"],"picked":"Grand Finale","floor":47}],"player_experience":363919,"relics_obtained":[{"floor":7.0,"key":"Bag of Preparation"},{"floor":9.0,"key":"Pantograph"},{"floor":24.0,"key":"Dream Catcher"},{"floor":26.0,"key":"Pen Nib"},{"floor":41,"key":"Strawberry"},{"floor":43,"key":"Frozen Egg 2"},{"floor":45,"key":"Incense Burner"},{"floor":48,"key":"Prayer Wheel"}],"event_choices":[{"damage_healed":0.0,"max_hp_gain":0.0,"max_hp_loss":0.0,"gold_gain":0.0,"event_name":"Liars Game","player_choice":"Ignored","floor":2.0,"gold_loss":0.0,"damage_taken":0.0},{"damage_healed":0.0,"max_hp_gain":0.0,"max_hp_loss":0.0,"gold_gain":0.0,"event_name":"Lab","player_choice":"Got Potions","floor":3.0,"gold_loss":0.0,"damage_taken":0.0},{"damage_healed":0.0,"max_hp_gain":0.0,"max_hp_loss":0.0,"gold_gain":0.0,"event_name":"Scrap Ooze","player_choice":"Success","floor":13.0,"gold_loss":0.0,"damage_taken":7.0,"relics_obtained":["InkBottle"]},{"damage_healed":0.0,"max_hp_gain":0.0,"max_hp_loss":0.0,"gold_gain":0.0,"event_name":"The Mausoleum","player_choice":"Opened","floor":19.0,"gold_loss":0.0,"damage_taken":0.0,"relics_obtained":["Happy Flower"],"cards_obtained":["Writhe"]},{"cards_removed":["Well Laid Plans"],"damage_healed":0,"gold_gain":0,"player_choice":"Removed Power","damage_taken":0,"max_hp_gain":0,"max_hp_loss":0,"event_name":"Falling","floor":37,"gold_loss":0},{"damage_healed":0,"gold_gain":0,"player_choice":"Fight","damage_taken":0,"max_hp_gain":0,"max_hp_loss":0,"event_name":"MindBloom","floor":45,"gold_loss":0},{"damage_healed":0,"gold_gain":0,"player_choice":"Fight","damage_taken":0,"max_hp_gain":0,"max_hp_loss":0,"event_name":"Mysterious Sphere","floor":48,"gold_loss":0}],"is_beta":false,"boss_relics":[{"not_picked":["Sozu","SacredBark"],"picked":"Pandora\u0027s Box"},{"not_picked":["Philosopher\u0027s Stone","Calling Bell"],"picked":"HoveringKite"}],"items_purged_floors":[12,29,36],"is_endless":false,"potions_floor_spawned":[1,5,7,22,25,38,46],"ascension_level":7}}