{"host":"p245q48pmopyklqs","time":1610833740,"event":{"mods":["BaseMod","DeckTracker","Downfall","Minty Spire (QoL Compilation)","StSLib","SuperFastMode"],"gold_per_floor":[99,119,129,149,164,164,164,182,245,262,262,278,278,278,295,295,295,295],"floor_reached":16,"language":"ENG","playtime":813,"items_purged":[],"score":96,"play_id":"ce003e0f-6724-4072-91b3-db12d3f8b512","local_time":"20210117064900","is_ascension_mode":false,"campfire_choices":[{"data":"hexamod:WildfireWeapon","floor":1.0,"key":"SMITH"},{"data":"hexamod:Float","floor":6.0,"key":"SMITH"}],"circlet_count":0,"master_deck":["hexamod:Strike","hexamod:Strike","hexamod:Defend","hexamod:Defend","hexamod:Defend","hexamod:Defend","hexamod:Sear","hexamod:Float+1","hexamod:WildfireWeapon+1","hexamod:SwordOfDarkness","hexamod:BurningTouch","hexamod:BacktrackSmack","hexamod:GhostflameBarrier","hexamod:RetreatToShadows","hexamod:FourthSeal","hexamod:FlamesFromBeyond"],"relics":["hexamod:SpiritBrand","Letter Opener","Pocketwatch"],"acts_visited":["Exordium"],"potions_floor_usage":[16,16],"damage_taken":[{"damage":0.0,"enemies":"Cultist","floor":2.0,"turns":3.0},{"damage":5.0,"enemies":"Small Slimes","floor":3.0,"turns":3.0},{"damage":1.0,"enemies":"2 Louse","floor":4.0,"turns":3.0},{"damage":23.0,"enemies":"Large Slime","floor":5.0,"turns":7.0},{"damage":6.0,"enemies":"Lots of Slimes","floor":8.0,"turns":3.0},{"damage":16.0,"enemies":"Gremlin Nob","floor":9.0,"turns":3.0},{"damage":2.0,"enemies":"Gremlin Gang","floor":10.0,"turns":3.0},{"damage":1.0,"enemies":"3 Louse","floor":12.0,"turns":2.0},{"damage":2.0,"enemies":"Large Slime","floor":15.0,"turns":6.0},{"damage":19,"enemies":"IC_STATUS_ARCHETYPE","floor":16,"turns":4}],"seed_played":"-4164013861028030346","potions_obtained":[{"floor":3.0,"key":"AttackPotion"},{"floor":8.0,"key":"sneckomod:MuddlingPotion"},{"floor":9.0,"key":"champ:CounterPotion"},{"floor":12.0,"key":"PowerPotion"},{"floor":15.0,"key":"CultistPotion"}],"is_trial":false,"path_per_floor":["R","M","M","M","M","R","T","M","?","M","?","M","?","?","M","B"],"character_chosen":"THE_SPIRIT","items_purchased":[],"campfire_rested":0,"item_purchase_floors":[],"current_hp_per_floor":[70,70,65,64,41,41,41,35,19,17,17,16,16,16,14,0,0,0],"gold":295,"neow_bonus":"TRANSFORM_CARD","is_daily":false,"chose_seed":false,"campfire_upgraded":2,"win_rate":0.0,"timestamp":1610833740,"path_taken":["R","M","M","M","M","R","T","M","?","M","?","M","?","?","M","BOSS"],"items_purchased_type":[],"build_version":"2020-12-22","purchased_purges":0,"victory":false,"max_hp_per_floor":[70,70,70,70,70,70,70,70,70,70,70,70,70,70,70,70,70,70],"card_choices":[{"not_picked":["hexamod:GhostShield","hexamod:DynamicBlow"],"picked":"hexamod:SwordOfDarkness","floor":2.0},{"not_picked":["hexamod:PowerFromBeyond","hexamod:FlamesFromBeyond","hexamod:NecessarySacrifice"],"picked":"SKIP","floor":3.0},{"not_picked":["hexamod:SwordOfDarkness","hexamod:NightmareStrike"],"picked":"hexamod:BurningTouch","floor":4.0},{"not_picked":["hexamod:SpectersWail","hexamod:Hexaguard"],"picked":"hexamod:BacktrackSmack","floor":5.0},{"not_picked":["hexamod:ParanormalForm","hexamod:AdvancingGuard","hexamod:SwordOfDarkness"],"picked":"SKIP","floor":8.0},{"not_picked":["hexamod:NecessarySacrifice","hexamod:ShieldOfDarkness"],"picked":"hexamod:GhostflameBarrier","floor":9.0},{"not_picked":["hexamod:SpectralAdrenaline","hexamod:Hexaguard"],"picked":"hexamod:RetreatToShadows","floor":10.0},{"not_picked":["hexamod:DynamicBlow","hexamod:StepThrough","hexamod:PhantomCloak"],"picked":"SKIP","floor":12.0},{"not_picked":["hexamod:Hexaguard","hexamod:SpectralAdrenaline"],"picked":"hexamod:FlamesFromBeyond","floor":15.0}],"player_experience":2369586,"relics_obtained":[{"floor":7.0,"key":"Letter Opener"},{"floor":9.0,"key":"Pocketwatch"}],"event_choices":[],"is_beta":false,"boss_relics":[],"items_purged_floors":[],"is_endless":false,"potions_floor_spawned":[3,8,9,12],"killed_by":"IC_STATUS_ARCHETYPE","ascension_level":0}}