{"host":"hszimsrtxxc2k25w","time":1610792788,"event":{"mods":["AchievementEnabler","BaseMod","Colored Map","DeckTracker","Minty Spire (QoL Compilation)","Rare Cards Sparkle","SuperFastMode"],"gold_per_floor":[119,119,131,131,141,174,184,154,177,193,193,193],"floor_reached":11,"language":"KOR","playtime":293,"items_purged":[],"score":154,"play_id":"a68c8b3b-c635-4788-84d4-4d221d0c3df7","local_time":"20210116192628","is_ascension_mode":true,"campfire_choices":[],"circlet_count":0,"master_deck":["AscendersBane","Strike_R","Strike_R","Strike_R","Strike_R","Defend_R","Defend_R","Defend_R","Defend_R","Bash","Demon Form","Pommel Strike","Shrug It Off","Shrug It Off+1","Second Wind+1","Limit Break+1","Sentinel+1"],"relics":["Burning Blood","Toxic Egg 2","Potion Belt"],"acts_visited":["Exordium"],"potions_floor_usage":[6,8],"damage_taken":[{"damage":17,"enemies":"Small Slimes","floor":1,"turns":4},{"damage":8,"enemies":"2 Louse","floor":3,"turns":3},{"damage":6,"enemies":"Cultist","floor":5,"turns":3},{"damage":40,"enemies":"3 Sentries","floor":6,"turns":7},{"damage":22,"enemies":"Gremlin Gang","floor":7,"turns":6},{"damage":12,"enemies":"Exordium Thugs","floor":8,"turns":4},{"damage":21,"enemies":"Blue Slaver","floor":10,"turns":6},{"damage":0,"enemies":"Lagavulin","floor":11,"turns":3}],"seed_played":"-3952105919062338608","potions_obtained":[{"floor":4,"key":"BloodPotion"},{"floor":4,"key":"FairyPotion"},{"floor":7,"key":"Explosive Potion"},{"floor":8,"key":"BlessingOfTheForge"},{"floor":10,"key":"Fruit Juice"}],"is_trial":false,"path_per_floor":["M","?","M","?","M","E","M","M","T","M","E"],"character_chosen":"IRONCLAD","items_purchased":[],"campfire_rested":0,"item_purchase_floors":[],"current_hp_per_floor":[57,50,48,48,48,27,11,26,26,11,11,11],"gold":193,"neow_bonus":"THREE_RARE_CARDS","is_daily":false,"chose_seed":false,"campfire_upgraded":0,"win_rate":0.0,"timestamp":1610792788,"path_taken":["M","?","M","?","?","E","?","M","T","?","E"],"items_purchased_type":[],"build_version":"2020-12-22","purchased_purges":0,"victory":false,"max_hp_per_floor":[68,68,68,68,68,68,68,68,68,68,68,68],"card_choices":[{"not_picked":["Limit Break","Juggernaut"],"picked":"Demon Form","floor":0},{"not_picked":["Havoc","Thunderclap"],"picked":"Pommel Strike","floor":1},{"not_picked":["Warcry","Pommel Strike","Reckless Charge"],"picked":"SKIP","floor":3},{"not_picked":["Iron Wave","Clothesline"],"picked":"Shrug It Off","floor":5},{"not_picked":["Cleave","Iron Wave"],"picked":"Shrug It Off+1","floor":6},{"not_picked":["Havoc+1","Thunderclap"],"picked":"Second Wind+1","floor":7},{"not_picked":["Reckless Charge","Sword Boomerang"],"picked":"Limit Break+1","floor":8},{"not_picked":["Ghostly Armor+1","Clash"],"picked":"Sentinel+1","floor":10}],"player_experience":617770,"relics_obtained":[{"floor":6,"key":"Toxic Egg 2"},{"floor":9,"key":"Potion Belt"}],"event_choices":[{"cards_removed":["Strike_R"],"damage_healed":0,"gold_gain":0,"player_choice":"Card Removal","damage_taken":7,"max_hp_gain":0,"max_hp_loss":0,"event_name":"Golden Wing","floor":2,"gold_loss":0},{"damage_healed":0,"gold_gain":0,"player_choice":"Got Potions","damage_taken":0,"max_hp_gain":0,"max_hp_loss":0,"event_name":"Lab","floor":4,"gold_loss":0}],"is_beta":false,"boss_relics":[],"items_purged_floors":[],"is_endless":false,"potions_floor_spawned":[7,8,10],"killed_by":"Lagavulin","ascension_level":20}}