{"host":"jl3raagrljzztomj","time":1610760653,"event":{"mods":["Aspiration","BaseMod","Better Match","Better Note","Better Sensory Stone","Better Third Choice","Better Vampires","BetterRewards","Colored Map","Colored Powertips","Custom Start","Hermit","Highlight Path","Marked Mod","Mimic Mod","Minty Spire (QoL Compilation)","Permanent Neow","Rare Cards Sparkle","Relic Stats","StSLib","SuperFastMode","The Blue Laboratory","The Runesmith","??????REMEMod"],"gold_per_floor":[119,119,135,135,153,153,186,136,136,152,152,163,163,11,11,106,106,118,118,118,33,33,33,33],"floor_reached":23,"language":"ENG","playtime":618,"items_purged":[],"score":187,"play_id":"565a2ddd-e1c1-46f5-a65a-25d0131436c2","local_time":"20210115193053","is_ascension_mode":false,"campfire_choices":[{"data":"Sentinel","floor":6,"key":"SMITH"},{"data":"True Grit","floor":11,"key":"SMITH"},{"data":"Anger","floor":13,"key":"SMITH"},{"data":"Offering","floor":15,"key":"SMITH"}],"circlet_count":0,"master_deck":["Strike_R","Strike_R","Strike_R","Strike_R","Defend_R","Defend_R","Defend_R","Defend_R","Bash","Fiend Fire+1","Feel No Pain","Sentinel+1","Anger+1","True Grit+1","Offering+1","Power Through","Power Through"],"relics":["Burning Blood","REME_ComplimentaryCards","Letter Opener","InkBottle","Brimstone","aspiration:SecretTechniqueScroll","Darkstone Periapt"],"acts_visited":["Exordium","TheCity"],"potions_floor_usage":[7,16],"damage_taken":[{"damage":3,"enemies":"Small Slimes","floor":1,"turns":2},{"damage":1,"enemies":"Jaw Worm","floor":3,"turns":3},{"damage":0,"enemies":"Cultist","floor":5,"turns":2},{"damage":9,"enemies":"Gremlin Nob","floor":7,"turns":3},{"damage":5,"enemies":"Looter","floor":10,"turns":2},{"damage":3,"enemies":"2 Fungi Beasts","floor":12,"turns":4},{"damage":16,"enemies":"The Guardian","floor":16,"turns":4},{"damage":6,"enemies":"Chosen","floor":18,"turns":3},{"damage":0,"enemies":"REME_1_Revenger","floor":23,"turns":1}],"seed_played":"882756718561533902","potions_obtained":[{"floor":3,"key":"blueLaboratory:BubblePotion"},{"floor":5,"key":"ElixirPotion"},{"floor":12,"key":"Explosive Potion"},{"floor":16,"key":"blueLaboratory:AbyssPotion"},{"floor":18,"key":"HeartOfIron"}],"is_trial":false,"path_per_floor":["M","?","M","$","M","R","E","?","T","M","R","M","R","$","R","B",null,"M","?","?","?","?","E"],"character_chosen":"IRONCLAD","items_purchased":["Brimstone"],"campfire_rested":0,"item_purchase_floors":[14],"current_hp_per_floor":[80,80,80,80,80,80,77,77,77,78,78,80,80,80,80,70,80,80,80,80,80,90,90,90],"gold":33,"neow_bonus":"TRANSFORM_CARD","is_daily":false,"chose_seed":false,"campfire_upgraded":4,"win_rate":0.0,"timestamp":1610760653,"path_taken":["M","?","M","$","M","R","E","?","T","M","R","?","R","$","R","BOSS","M","?","?","?","?","E"],"items_purchased_type":["Relic"],"build_version":"2020-12-22","purchased_purges":0,"victory":false,"max_hp_per_floor":[80,80,80,80,80,80,80,80,80,80,80,80,80,80,80,80,80,80,80,80,80,90,90,90],"relic_stats":{"Darkstone Periapt":0,"counters":[9,24],"Letter Opener":[0],"obtain_stats":[{"Darkstone Periapt":21,"Brimstone":14,"Letter Opener":7,"aspiration:SecretTechniqueScroll":17,"Burning Blood":0,"InkBottle":9,"REME_ComplimentaryCards":0},{"Darkstone Periapt":8,"Brimstone":6,"Letter Opener":4,"aspiration:SecretTechniqueScroll":7,"Burning Blood":0,"InkBottle":4,"REME_ComplimentaryCards":0},{"Darkstone Periapt":23,"Brimstone":16,"Letter Opener":10,"aspiration:SecretTechniqueScroll":20,"Burning Blood":0,"InkBottle":10,"REME_ComplimentaryCards":0}],"Burning Blood":33,"InkBottle":[4]},"card_choices":[{"not_picked":["True Grit","Metallicize"],"picked":"Feel No Pain","floor":1},{"not_picked":["Second Wind","Reckless Charge"],"picked":"Sentinel","floor":3},{"not_picked":["Havoc","Perfected Strike"],"picked":"Anger","floor":5},{"not_picked":["Uppercut","Dual Wield"],"picked":"True Grit","floor":7},{"not_picked":["Body Slam","Pommel Strike","Flex"],"picked":"SKIP","floor":10},{"not_picked":["Heavy Blade","Sword Boomerang"],"picked":"Offering","floor":12},{"not_picked":["Corruption","Demon Form"],"picked":"REME_TheLastStrike","floor":16},{"not_picked":["Wild Strike+1","Cleave"],"picked":"Power Through","floor":18}],"player_experience":964853,"relics_obtained":[{"floor":7,"key":"Letter Opener"},{"floor":9,"key":"InkBottle"}],"event_choices":[{"damage_healed":0,"gold_gain":0,"player_choice":"Grow","damage_taken":0,"max_hp_gain":0,"max_hp_loss":0,"event_name":"Living Wall","floor":2,"gold_loss":0,"cards_upgraded":["Fiend Fire"]},{"cards_removed":["Strike_R"],"damage_healed":0,"gold_gain":0,"player_choice":"Card Removal","damage_taken":0,"max_hp_gain":0,"max_hp_loss":0,"event_name":"The Cleric","floor":8,"gold_loss":50},{"damage_healed":0,"gold_gain":0,"player_choice":"Copied","damage_taken":0,"max_hp_gain":0,"max_hp_loss":0,"event_name":"Duplicator","floor":19,"gold_loss":0,"cards_obtained":["Power Through"]},{"cards_removed":["Power Through"],"damage_healed":0,"gold_gain":0,"player_choice":"Give","damage_taken":0,"max_hp_gain":0,"max_hp_loss":0,"event_name":"betterNote:BetterNote","floor":20,"gold_loss":0,"cards_obtained":["Strike_P"]},{"damage_healed":0,"gold_gain":0,"player_choice":"Obtained Relic","damage_taken":0,"relics_obtained":["Darkstone Periapt"],"max_hp_gain":0,"max_hp_loss":0,"event_name":"Addict","floor":21,"gold_loss":85},{"cards_removed":["REME_TheLastStrike"],"damage_healed":0,"gold_gain":0,"player_choice":"Offered Rare","damage_taken":0,"max_hp_gain":10,"max_hp_loss":0,"event_name":"Bonfire Elementals","floor":22,"gold_loss":0}],"is_beta":false,"boss_relics":[{"not_picked":["Pandora\u0027s Box","Snecko Eye"],"picked":"aspiration:SecretTechniqueScroll"}],"items_purged_floors":[],"is_endless":false,"potions_floor_spawned":[3,5,12,16,18],"killed_by":"REME_1_Revenger","ascension_level":0}}