{"host":"5p9hybygolzp0efr","time":1610802675,"event":{"mods":["AchievementEnabler","BaseMod","Bestiary","Colored Map","Minty Spire (QoL Compilation)","Permanent Neow","Relic Stats"],"gold_per_floor":[114,127,127,87,97,122,139,139,139,166,183,201,234,84,84,183,183,195,294,294,306,318,318,330,45,45,45,45,71,81,81,81,185,185,203,103,103,119,144,176,226,238,265,265,300,16,45,45,45,45],"floor_reached":51,"language":"ENG","playtime":3358,"items_purged":["Defend_P","Defend_P","Strike_P"],"score":943,"play_id":"80bac1a1-cff0-48a2-92d3-db074a5c4fb0","local_time":"20210116211115","is_ascension_mode":true,"campfire_choices":[{"floor":8.0,"key":"REST"},{"data":"Vigilance","floor":15.0,"key":"SMITH"},{"data":"LessonLearned","floor":23.0,"key":"SMITH"},{"floor":28,"key":"REST"},{"floor":32,"key":"REST"},{"floor":44,"key":"REST"},{"floor":49,"key":"REST"}],"circlet_count":0,"master_deck":["Strike_P+1","Strike_P","Defend_P","Defend_P+1","Eruption","Vigilance+1","FollowUp+1","Prostrate+1","BowlingBash","Worship","Sanctity+1","CutThroughFate+1","Protect+1","FlurryOfBlows","Brilliance+1","LessonLearned+1","Meditate+1","Judgement+1","Consecrate+1","JustLucky","EmptyMind+1","CrushJoints+1","FlurryOfBlows","LessonLearned+1","LikeWater+1","Devotion","Dark Shackles","ThirdEye","Halt+1","Establishment","FlurryOfBlows","Wallop+1"],"relics":["Runic Pyramid","PreservedInsect","Ornamental Fan","Pen Nib","Matryoshka","Unceasing Top","VioletLotus","Oddly Smooth Stone","Tiny Chest","Lizard Tail","Gremlin Horn","Fusion Hammer","Anchor","Art of War","Regal Pillow","TungstenRod","Orichalcum","Shuriken","Membership Card","Blood Vial","Molten Egg 2"],"acts_visited":["Exordium","TheCity","TheBeyond"],"potions_floor_usage":[38,41,50],"damage_taken":[{"damage":6.0,"enemies":"Jaw Worm","floor":1.0,"turns":3.0},{"damage":0.0,"enemies":"Small Slimes","floor":2.0,"turns":3.0},{"damage":0.0,"enemies":"Cultist","floor":5.0,"turns":2.0},{"damage":12.0,"enemies":"Lagavulin","floor":6.0,"turns":4.0},{"damage":9.0,"enemies":"Exordium Wildlife","floor":7.0,"turns":5.0},{"damage":2.0,"enemies":"3 Sentries","floor":10.0,"turns":4.0},{"damage":10.0,"enemies":"3 Louse","floor":11.0,"turns":2.0},{"damage":6.0,"enemies":"Red Slaver","floor":12.0,"turns":4.0},{"damage":3.0,"enemies":"Lagavulin","floor":13.0,"turns":6.0},{"damage":7.0,"enemies":"Hexaghost","floor":16.0,"turns":5.0},{"damage":5.0,"enemies":"Shell Parasite","floor":18.0,"turns":3.0},{"damage":3.0,"enemies":"Chosen","floor":21.0,"turns":3.0},{"damage":13.0,"enemies":"3 Cultists","floor":22.0,"turns":4.0},{"damage":7.0,"enemies":"Snake Plant","floor":24.0,"turns":4.0},{"damage":10,"enemies":"Book of Stabbing","floor":29,"turns":5},{"damage":6,"enemies":"Cultist and Chosen","floor":30,"turns":4},{"damage":31,"enemies":"Automaton","floor":33,"turns":8},{"damage":7,"enemies":"3 Shapes","floor":35,"turns":3},{"damage":15,"enemies":"3 Darklings","floor":38,"turns":4},{"damage":0,"enemies":"Nemesis","floor":40,"turns":3},{"damage":5,"enemies":"Mind Bloom Boss Battle","floor":41,"turns":4},{"damage":0,"enemies":"Transient","floor":42,"turns":5},{"damage":0,"enemies":"Reptomancer","floor":45,"turns":2},{"damage":4,"enemies":"Giant Head","floor":47,"turns":6},{"damage":26,"enemies":"Awakened One","floor":50,"turns":7}],"seed_played":"-4439391185043654395","potions_obtained":[{"floor":4.0,"key":"GamblersBrew"},{"floor":4.0,"key":"FearPotion"},{"floor":4.0,"key":"SneckoOil"},{"floor":7.0,"key":"Explosive Potion"},{"floor":16.0,"key":"SkillPotion"},{"floor":40,"key":"Block Potion"},{"floor":42,"key":"BlessingOfTheForge"}],"is_trial":false,"path_per_floor":["M","M","?","?","M","E","M","R","T","E","M","M","E","$","R","B",null,"M","?","?","M","M","R","M","$","T","?","R","E","M","$","R","B",null,"M","$","?","M","T","E","?","M","T","R","E","$","E","T","R","B",null],"character_chosen":"WATCHER","items_purchased":["LessonLearned","Meditate","Oddly Smooth Stone","FlurryOfBlows","Membership Card","FlurryOfBlows","Ambrosia"],"campfire_rested":5,"item_purchase_floors":[14,14,25,25,46,46,46],"current_hp_per_floor":[66,66,59,59,59,47,38,59,59,57,47,41,38,38,38,31,72,67,67,67,64,51,51,44,44,44,44,65,55,49,49,70,39,72,65,65,65,50,50,50,45,45,45,72,72,72,68,68,72,46],"gold":45,"neow_bonus":"BOSS_RELIC","is_daily":false,"chose_seed":false,"campfire_upgraded":2,"win_rate":0.0,"timestamp":1610802675,"path_taken":["M","M","?","?","M","E","M","R","T","E","M","?","E","$","R","BOSS","M","?","?","?","M","R","M","$","T","?","R","E","M","?","R","BOSS","M","$","?","M","?","E","?","M","T","R","E","$","E","?","R","BOSS"],"items_purchased_type":["Card","Card","Relic","Card","Relic","Card","Potion"],"build_version":"2020-12-22","purchased_purges":3,"victory":true,"max_hp_per_floor":[72,72,72,72,72,72,72,72,72,72,72,72,72,72,72,72,72,72,72,72,72,72,72,72,72,72,72,72,72,72,72,72,72,72,72,72,72,72,72,72,72,72,72,72,72,72,72,72,72,72],"relic_stats":{"Regal Pillow":6,"Gremlin Horn":[13,13],"counters":[25,103],"PreservedInsect":356,"Pen Nib":[24],"Orichalcum":[0],"Blood Vial":0,"Lizard Tail":0,"Ornamental Fan":[240],"Shuriken":[12],"Tiny Chest":1,"VioletLotus":[15],"Art of War":[3],"obtain_stats":[{"Regal Pillow":40,"Gremlin Horn":29,"Oddly Smooth Stone":25,"PreservedInsect":3,"Pen Nib":9,"Orichalcum":43,"Blood Vial":47,"Lizard Tail":26,"Anchor":39,"Matryoshka":10,"Ornamental Fan":6,"Shuriken":45,"Tiny Chest":26,"Molten Egg 2":48,"VioletLotus":17,"Fusion Hammer":34,"Art of War":39,"Membership Card":46,"PureWater":0,"Unceasing Top":13,"TungstenRod":41,"Runic Pyramid":0},{"Regal Pillow":20,"Gremlin Horn":15,"Oddly Smooth Stone":14,"PreservedInsect":2,"Pen Nib":5,"Orichalcum":22,"Blood Vial":24,"Lizard Tail":14,"Anchor":19,"Matryoshka":6,"Ornamental Fan":4,"Shuriken":23,"Tiny Chest":14,"Molten Egg 2":24,"VioletLotus":10,"Fusion Hammer":17,"Art of War":19,"Membership Card":23,"PureWater":0,"Unceasing Top":9,"TungstenRod":21,"Runic Pyramid":0},{"Regal Pillow":79,"Gremlin Horn":57,"Oddly Smooth Stone":52,"PreservedInsect":6,"Pen Nib":17,"Orichalcum":88,"Blood Vial":96,"Lizard Tail":52,"Anchor":76,"Matryoshka":21,"Ornamental Fan":12,"Shuriken":90,"Tiny Chest":52,"Molten Egg 2":96,"VioletLotus":38,"Fusion Hammer":69,"Art of War":76,"Membership Card":90,"PureWater":0,"Unceasing Top":33,"TungstenRod":83,"Runic Pyramid":0}],"Unceasing Top":[4],"TungstenRod":4},"card_choices":[{"not_picked":["Halt","Collect"],"picked":"FollowUp","floor":1.0},{"not_picked":["FlyingSleeves","Adaptation"],"picked":"Prostrate","floor":2.0},{"not_picked":["BattleHymn","PathToVictory"],"picked":"BowlingBash","floor":5.0},{"not_picked":["JustLucky","FlyingSleeves"],"picked":"Worship","floor":6.0},{"not_picked":["EmptyFist","Wireheading"],"picked":"Sanctity","floor":7.0},{"not_picked":["Protect","Wireheading"],"picked":"CutThroughFate","floor":10.0},{"not_picked":["PathToVictory","InnerPeace"],"picked":"Protect","floor":11.0},{"not_picked":["Tantrum","Crescendo"],"picked":"FlurryOfBlows","floor":12.0},{"not_picked":["Crescendo","FollowUp"],"picked":"Brilliance","floor":13.0},{"not_picked":["ConjureBlade","Blasphemy"],"picked":"Judgement","floor":16.0},{"not_picked":["Halt","FollowUp"],"picked":"Consecrate+1","floor":18.0},{"not_picked":["PathToVictory","SashWhip"],"picked":"JustLucky","floor":21.0},{"not_picked":["SignatureMove","FlyingSleeves"],"picked":"EmptyMind+1","floor":22.0},{"not_picked":["SandsOfTime+1","Collect"],"picked":"CrushJoints+1","floor":24.0},{"not_picked":["Tantrum","ForeignInfluence"],"picked":"LikeWater+1","floor":29},{"not_picked":["Nirvana+1","EmptyFist+1","SashWhip"],"picked":"SKIP","floor":30},{"not_picked":["Wish","DeusExMachina"],"picked":"Devotion","floor":33},{"not_picked":["CutThroughFate+1","Protect","JustLucky"],"picked":"SKIP","floor":35},{"not_picked":["Jack Of All Trades","PanicButton"],"picked":"Dark Shackles","floor":37},{"not_picked":["Evaluate","Consecrate+1","Pray"],"picked":"SKIP","floor":38},{"not_picked":["SignatureMove","FollowUp+1"],"picked":"ThirdEye","floor":40},{"not_picked":["ThirdEye+1","JustLucky"],"picked":"Halt+1","floor":41},{"not_picked":["EmptyFist","JustLucky+1","Halt+1"],"picked":"SKIP","floor":42},{"not_picked":["CutThroughFate","DeusExMachina"],"picked":"Establishment","floor":45},{"not_picked":["FlurryOfBlows","SashWhip+1"],"picked":"Wallop+1","floor":47}],"player_experience":476511,"relics_obtained":[{"floor":6.0,"key":"Ornamental Fan"},{"floor":9.0,"key":"Pen Nib"},{"floor":10.0,"key":"Matryoshka"},{"floor":13.0,"key":"Unceasing Top"},{"floor":26,"key":"Tiny Chest"},{"floor":26,"key":"Lizard Tail"},{"floor":29,"key":"Gremlin Horn"},{"floor":39,"key":"Anchor"},{"floor":39,"key":"Art of War"},{"floor":40,"key":"Regal Pillow"},{"floor":41,"key":"TungstenRod"},{"floor":43,"key":"Orichalcum"},{"floor":45,"key":"Shuriken"},{"floor":47,"key":"Blood Vial"},{"floor":48,"key":"Molten Egg 2"}],"event_choices":[{"damage_healed":0.0,"max_hp_gain":0.0,"max_hp_loss":0.0,"gold_gain":0.0,"event_name":"Scrap Ooze","player_choice":"Success","floor":3.0,"gold_loss":0.0,"damage_taken":7.0,"relics_obtained":["PreservedInsect"]},{"damage_healed":0.0,"max_hp_gain":0.0,"max_hp_loss":0.0,"gold_gain":0.0,"event_name":"The Woman in Blue","player_choice":"Bought 3 Potions","floor":4.0,"gold_loss":0.0,"damage_taken":0.0},{"damage_healed":0.0,"max_hp_gain":0.0,"max_hp_loss":0.0,"gold_gain":99.0,"event_name":"Nest","player_choice":"Stole From Cult","floor":19.0,"gold_loss":0.0,"damage_taken":0.0},{"cards_removed":["Strike_P"],"damage_healed":0.0,"max_hp_gain":0.0,"max_hp_loss":0.0,"gold_gain":0.0,"event_name":"Purifier","player_choice":"Purged","floor":20.0,"gold_loss":0.0,"damage_taken":0.0},{"damage_healed":0,"gold_gain":0,"player_choice":"Copied","damage_taken":0,"max_hp_gain":0,"max_hp_loss":0,"event_name":"Duplicator","floor":27,"gold_loss":0,"cards_obtained":["LessonLearned"]},{"damage_healed":0,"gold_gain":0,"player_choice":"Memory 1","damage_taken":0,"max_hp_gain":0,"max_hp_loss":0,"event_name":"SensoryStone","floor":37,"gold_loss":0},{"damage_healed":0,"gold_gain":0,"player_choice":"Fight","damage_taken":0,"max_hp_gain":0,"max_hp_loss":0,"event_name":"MindBloom","floor":41,"gold_loss":0}],"is_beta":false,"boss_relics":[{"not_picked":["SacredBark","Tiny House"],"picked":"VioletLotus"},{"not_picked":["SlaversCollar","Sozu"],"picked":"Fusion Hammer"}],"items_purged_floors":[25,36,46],"is_endless":false,"potions_floor_spawned":[5,7,10,13,16,22,24,35,40,42,45],"ascension_level":3}}