{"host":"i58uscbei3sy5089","time":1610821035,"event":{"mods":["ATMod(°¢èªMod)","Act Like it!","BaseMod","Challenge The Spire","Colored Powertips","Conspire","Highlight Path","Infinite Spire","KinomotoSakuraMod(Ä¾Ö®±¾Ó£)","Lobotomy","LobotomyExtend","Minty Spire (QoL Compilation)","MostiFishMod","Quick Restart","Replay The Spire","Shop Mod","Spicy Shops","StSLib","TestMod","UnlockEverythingMod","[IsaacMod]ÒÔÈö¼âËþ","vexMod","¡¾¹¦ÄÜMod¡¿»ìãçÖ®»·ÐÞ¸´²¹¶¡","¡¾ÒÅÎï¿¨ÅÆ¡¿REMEMod","óô»ðÖ¸ÄÏ"],"gold_per_floor":[414,2,58,78,91,91,121,121,167,167,187,259,259,259,259,370,370,384,403,421,571,607,641,641,646,646],"floor_reached":25,"language":"ZHS","playtime":2189,"items_purged":["ClowCardTheSword","Voices"],"score":307,"play_id":"ae0839a1-8d1f-43ff-9946-734e44e9e649","local_time":"20210117021715","is_ascension_mode":true,"campfire_choices":[{"data":"ClowCardTheFirey","floor":6.0,"key":"SMITH"},{"data":"ClowCardTheFloat","floor":8.0,"key":"SMITH"},{"floor":15,"key":"REST"},{"data":"SpellCardSeal","floor":24,"key":"SMITH"}],"circlet_count":0,"master_deck":["SakuraCardTheFirey+","ClowCardTheSword","ClowCardTheShield+1","SpellCardSeal+1","SpellCardRelease","conspire:Purge","ClowCardTheFirey+1","LongBird","QueenOfHatred","ClowCardTheFloat+1","ClowCardTheDark","ClowCardTheBubbles","ClowCardTheMove","ClowCardTheWave","ClowCardTheGlow+1"],"relics":["KSMOD_SealedBook","KSMOD_SealedWand","testmod-TestBox","HushsDoor","DaveBox","AT_ATBox","REME_ComplimentaryCards","Old Coin","testmod-Acrobat","BookofShadows","CogitoBucket","RabbitCall","SynthV:TestCard","LetterFromLob","Membership Card","MerchantsRug","Replay:Bottled Flurry","Meat on the Bone","Blue Doll","The Courier","KSMOD_SwordJade","AspirationHeart","Sozu","ReplayTheSpireMod:CursedCoin","testmod-SaigiyounoYou","BehaviorAdjustment","Dream Catcher"],"acts_visited":["Exordium","TheCity"],"potions_floor_usage":[],"damage_taken":[{"damage":8.0,"enemies":"2 Louse","floor":1.0,"turns":2.0},{"damage":52.0,"enemies":"Hiden Room Battle","floor":3.0,"turns":6.0},{"damage":5.0,"enemies":"Cultist","floor":4.0,"turns":3.0},{"damage":2.0,"enemies":"conspire:RoseBush","floor":5.0,"turns":1.0},{"damage":25.0,"enemies":"Gremlin Nob","floor":7.0,"turns":3.0},{"damage":18,"enemies":"2 Fungi Beasts","floor":11,"turns":6},{"damage":39,"enemies":"Slime Boss","floor":16,"turns":10},{"damage":23,"enemies":"3 Byrds","floor":18,"turns":3},{"damage":36,"enemies":"2 Thieves","floor":19,"turns":4},{"damage":12,"enemies":"Shelled Parasite and Fungi","floor":20,"turns":4},{"damage":108,"enemies":"Sentry and Sphere","floor":22,"turns":11},{"damage":33,"enemies":"Replay:Snechameleon","floor":23,"turns":5},{"damage":14,"enemies":"conspire:SneckoGhost","floor":25,"turns":3}],"seed_played":"-9137259503372911869","potions_obtained":[{"floor":4.0,"key":"Reflective Coating"},{"floor":7.0,"key":"LiquidMemories"}],"is_trial":false,"path_per_floor":["M","$","?","M","M","R","E","R","T","?","M","?","?","?","R","B",null,"M","M","M","AVR","M","E","R","E"],"character_chosen":"KINOMOTOSAKURA","items_purchased":["Membership Card","MerchantsRug","ClowCardTheFirey","Replay:Bottled Flurry"],"campfire_rested":1,"item_purchase_floors":[2,2,2,2],"current_hp_per_floor":[62,62,10,17,27,27,14,14,14,14,27,12,12,12,36,45,80,63,51,51,51,54,50,50,51,51],"gold":646,"neow_bonus":"","is_daily":false,"chose_seed":false,"campfire_upgraded":3,"win_rate":0.0,"timestamp":1610821035,"path_taken":["M","$","?","M","M","R","E","R","T","?","?","?","?","?","R","BOSS","M","M","?","AVR","M","E","R","E"],"items_purchased_type":["Relic","Relic","Card","Relic"],"build_version":"2020-12-22","purchased_purges":2,"victory":false,"max_hp_per_floor":[70,70,70,70,70,70,70,70,70,70,80,80,80,80,80,80,80,80,80,80,80,80,80,80,80,80],"card_choices":[{"not_picked":[],"picked":"Bomb","floor":0.0},{"not_picked":["UniverseFragment","OSAHOGD","Funeral"],"picked":"Singing Bowl","floor":1.0},{"not_picked":["ClowCardTheWatery","ClowCardTheChange","ClowCardTheFreeze"],"picked":"SKIP","floor":1.0},{"not_picked":["Scorched","Murderer","Bloodbath"],"picked":"Singing Bowl","floor":3.0},{"not_picked":["ClowCardTheShot","ClowCardTheLibra","ClowCardTheChange","ClowCardTheSleep"],"picked":"Bomb","floor":3.0},{"not_picked":["LittlePrince","LongBird","Porccubus"],"picked":"Singing Bowl","floor":4.0},{"not_picked":["Bloodbath","BlackSwan"],"picked":"LongBird","floor":4.0},{"not_picked":["ClowCardTheSong","ClowCardTheBubbles","ClowCardTheIllusion","ClowCardTheLoop"],"picked":"Bomb","floor":4.0},{"not_picked":["FairyFestival","LaLuna","Wellcheers"],"picked":"Singing Bowl","floor":5.0},{"not_picked":["ClowCardThePower","ClowCardTheShot","ClowCardTheSand","ClowCardTheMaze","ClowCardTheSilent"],"picked":"SKIP","floor":5.0},{"not_picked":["OldLady","UniverseFragment"],"picked":"QueenOfHatred","floor":7.0},{"not_picked":["ClowCardTheShadow","ClowCardTheCreate","ClowCardTheVoice","ClowCardTheDream"],"picked":"ClowCardTheFloat","floor":7.0},{"not_picked":["OldLady","FairyFestival","UniverseFragment"],"picked":"Singing Bowl","floor":11},{"not_picked":["ClowCardTheLibra","ClowCardTheChange","ClowCardTheIllusion","ClowCardTheErase","ClowCardTheStorm"],"picked":"SKIP","floor":11},{"not_picked":["ClowCardTheDash","ClowCardTheThrough","ClowCardTheReturn","ClowCardTheThunder"],"picked":"ClowCardTheDark","floor":16},{"not_picked":["Rudolta","FairyFestival","FieryBird"],"picked":"Singing Bowl","floor":16},{"not_picked":["CherryBlossoms","MHz","SingingMachine"],"picked":"Singing Bowl","floor":18},{"not_picked":["ClowCardTheChange","ClowCardTheMist","ClowCardTheVoice","ClowCardTheWood+1"],"picked":"ClowCardTheBubbles","floor":18},{"not_picked":["Laetitia","RedShoes","NakedNest"],"picked":"Singing Bowl","floor":19},{"not_picked":["ClowCardTheSong","ClowCardTheIllusion","ClowCardTheShadow","ClowCardTheVoice","ClowCardTheMist+1"],"picked":"SKIP","floor":19},{"not_picked":["ShyLook","GalaxyChild","UniverseFragment"],"picked":"Singing Bowl","floor":20},{"not_picked":["ClowCardTheThunder","ClowCardTheChange+1","ClowCardTheWood","ClowCardThePower"],"picked":"ClowCardTheMove","floor":20},{"not_picked":["Variant","Porccubus","WhiteNight"],"picked":"Singing Bowl","floor":22},{"not_picked":["ClowCardThePower","ClowCardTheShadow","ClowCardTheFly","ClowCardTheVoice"],"picked":"ClowCardTheWave","floor":22},{"not_picked":["ClowCardTheFreeze+1","ClowCardTheSilent+1","ClowCardTheArrow","ClowCardTheWindy"],"picked":"ClowCardTheGlow+1","floor":23}],"player_experience":588678,"relics_obtained":[{"floor":1.0,"key":"SynthV:TestCard"},{"floor":1.0,"key":"LetterFromLob"},{"floor":3.0,"key":"Meat on the Bone"},{"floor":3.0,"key":"Blue Doll"},{"floor":7.0,"key":"The Courier"},{"floor":9.0,"key":"KSMOD_SwordJade"},{"floor":23,"key":"Dream Catcher"}],"event_choices":[{"damage_healed":0.0,"max_hp_gain":0.0,"max_hp_loss":0.0,"gold_gain":0.0,"event_name":"HidenRoomEvent","player_choice":"Fight","floor":3.0,"gold_loss":0.0,"damage_taken":0.0},{"damage_healed":0.0,"max_hp_gain":0.0,"max_hp_loss":0.0,"gold_gain":0.0,"event_name":"conspire:Investor","player_choice":"Leave","floor":10.0,"gold_loss":0.0,"damage_taken":0.0},{"damage_healed":0,"gold_gain":0,"player_choice":"Forge","damage_taken":0,"max_hp_gain":0,"max_hp_loss":0,"event_name":"Accursed Blacksmith","floor":13,"gold_loss":0,"cards_upgraded":["ClowCardTheShield"]},{"damage_healed":0,"gold_gain":0,"player_choice":"Bought 0 Potions","damage_taken":0,"max_hp_gain":0,"max_hp_loss":0,"event_name":"The Woman in Blue","floor":14,"gold_loss":0}],"is_beta":false,"boss_relics":[{"not_picked":["testmod-StringDisintegrator","Snecko Eye"],"picked":"Sozu"},{"not_picked":[]}],"items_purged_floors":[2,21],"is_endless":false,"potions_floor_spawned":[4,7,18,20,22],"killed_by":"conspire:SneckoGhost","ascension_level":1}}