{"host":"yuhy0i501zzmn1iz","time":1610765397,"event":{"mods":["AchievementEnabler","AlwaysNeverKeys","BaseMod","Bestiary","Better Match","Better Third Choice","Curses Come First","Downfall","Minty Spire (QoL Compilation)","StSLib","slay the spire mod where everything is the same but ironclad has a cowboy hat"],"gold_per_floor":[111,128,203,213,223,257,257,257,257,277,277,289,301,14,14,119,119,87,12,12,12],"floor_reached":20,"language":"ENG","playtime":836,"items_purged":["Strike_G"],"score":245,"play_id":"3d8c4712-8b24-4622-851b-6ae6e72f7347","local_time":"20210115214957","is_ascension_mode":true,"campfire_choices":[{"data":"Accuracy","floor":7,"key":"SMITH"},{"floor":15,"key":"REST"}],"circlet_count":0,"master_deck":["Strike_G","Strike_G","Strike_G","Strike_G","Defend_G","Defend_G","Defend_G","Defend_G","Defend_G","Survivor","Neutralize","Catalyst","PiercingWail","Infinite Blades","Accuracy+1","Bouncing Flask","Eviscerate","Die Die Die","Grand Finale","Tactician","Purity","After Image"],"relics":["Ring of the Snake","NeowsBlessing","Bottled Lightning","Bottled Tornado","Centennial Puzzle","Pear","Snake Skull","WristBlade"],"acts_visited":["Exordium","TheCity"],"potions_floor_usage":[3,6,18,18],"damage_taken":[{"damage":0,"enemies":"Cultist","floor":1,"turns":1},{"damage":0,"enemies":"2 Louse","floor":2,"turns":1},{"damage":0,"enemies":"Jaw Worm","floor":4,"turns":1},{"damage":6,"enemies":"Blue Slaver","floor":5,"turns":5},{"damage":44,"enemies":"Lagavulin","floor":6,"turns":11},{"damage":18,"enemies":"Exordium Thugs","floor":10,"turns":5},{"damage":15,"enemies":"Large Slime","floor":12,"turns":5},{"damage":8,"enemies":"Red Slaver","floor":13,"turns":4},{"damage":15,"enemies":"Hexaghost","floor":16,"turns":7},{"damage":50,"enemies":"2 Thieves","floor":18,"turns":5},{"damage":27,"enemies":"3 Byrds","floor":20,"turns":5}],"seed_played":"-5219921053462059383","potions_obtained":[{"floor":2,"key":"Fruit Juice"},{"floor":4,"key":"SpeedPotion"},{"floor":10,"key":"SneckoOil"},{"floor":16,"key":"ColorlessPotion"}],"is_trial":false,"path_per_floor":["M","M","T","M","M","E","R","?","T","M","?","M","M","$","R","B",null,"M","?","M"],"character_chosen":"THE_SILENT","items_purchased":["Snake Skull","Die Die Die"],"campfire_rested":1,"item_purchase_floors":[14,14],"current_hp_per_floor":[70,70,75,75,69,25,25,25,35,17,45,30,22,22,47,32,72,22,22,0,0],"gold":12,"neow_bonus":"THREE_ENEMY_KILL","is_daily":false,"chose_seed":false,"campfire_upgraded":1,"win_rate":0.0,"timestamp":1610765397,"path_taken":["M","?","?","M","M","E","R","?","T","?","?","M","M","$","R","BOSS","M","?","M"],"items_purchased_type":["Relic","Card"],"build_version":"2020-12-22","purchased_purges":1,"victory":false,"max_hp_per_floor":[70,70,75,75,75,75,75,75,85,85,85,85,85,85,85,85,85,85,85,85,85],"card_choices":[{"not_picked":["Cloak And Dagger","Bane"],"picked":"Catalyst","floor":1},{"not_picked":["Acrobatics","Deflect"],"picked":"PiercingWail","floor":2},{"not_picked":["Wraith Form v2","Flying Knee"],"picked":"Dash","floor":4},{"not_picked":["Outmaneuver","Endless Agony"],"picked":"Infinite Blades","floor":5},{"not_picked":["Concentrate","Noxious Fumes"],"picked":"Accuracy","floor":6},{"not_picked":["PiercingWail","Deflect"],"picked":"Bouncing Flask","floor":10},{"not_picked":["Bane","Sucker Punch","Acrobatics"],"picked":"SKIP","floor":12},{"not_picked":["Slice","Well Laid Plans"],"picked":"Eviscerate","floor":13},{"not_picked":["A Thousand Cuts","Night Terror"],"picked":"Grand Finale","floor":16},{"not_picked":["Concentrate","Quick Slash+1"],"picked":"Tactician","floor":18},{"not_picked":["Impatience","Swift Strike"],"picked":"Purity","floor":19},{"not_picked":["Venomology","Glass Knife"],"picked":"After Image","floor":19}],"player_experience":295574,"relics_obtained":[{"floor":3,"key":"Bottled Lightning"},{"floor":6,"key":"Bottled Tornado"},{"floor":9,"key":"Pear"}],"event_choices":[{"cards_removed":["Dash"],"damage_healed":0,"gold_gain":0,"player_choice":"Gave Card","damage_taken":0,"relics_obtained":["Centennial Puzzle"],"max_hp_gain":0,"max_hp_loss":0,"event_name":"WeMeetAgain","floor":8,"gold_loss":0},{"damage_healed":28,"gold_gain":0,"player_choice":"Banana","damage_taken":0,"max_hp_gain":0,"max_hp_loss":0,"event_name":"Big Fish","floor":11,"gold_loss":0},{"damage_healed":0,"gold_gain":0,"player_choice":"1","damage_taken":0,"max_hp_gain":0,"max_hp_loss":0,"event_name":"betterMatch:BetterMatch","floor":19,"gold_loss":0,"cards_obtained":["betterMatch:ColorlessUncommonCard","betterMatch:RareCard"]}],"is_beta":false,"boss_relics":[{"not_picked":["Cursed Key","Calling Bell"],"picked":"WristBlade"}],"items_purged_floors":[14],"is_endless":false,"potions_floor_spawned":[2,4,10,16],"killed_by":"3 Byrds","ascension_level":5}}