{"host":"6es90lqcwaoc0kgm","time":1610790203,"event":{"mods":["Act Like it!","Bard","BaseMod","Hallownest","HololiveMod","Jorbs\u0027s Wanderer Trilogy","Marisa£®ÏF”Í°°ƒß¿Ì…≥£©","Minty Spire (QoL Compilation)","Quick Restart","StSLib","The Administrix","The Animator","The Bug Knight","The Cursed","The Hierophant","The Runesmith","[GremlinLeader]The Maniac"],"gold_per_floor":[114,128,128,128,203,242,282,282,282,282,324,331,331,57,57,227,227,282,278,278],"floor_reached":19,"language":"ZHS","playtime":1034,"items_purged":["Regret"],"score":217,"play_id":"e8dc954b-be57-4df7-9143-c988a5c6bf42","local_time":"20210116174323","is_ascension_mode":false,"campfire_choices":[{"data":"hierophant:ChurchCoffers","floor":8.0,"key":"SMITH"},{"data":"hierophant:CoinFling","floor":10.0,"key":"SMITH"},{"data":"hierophant:Batter","floor":15.0,"key":"SMITH"}],"circlet_count":0,"master_deck":["hierophant:Strike_Hierophant","hierophant:Strike_Hierophant","hierophant:Strike_Hierophant","hierophant:Strike_Hierophant","hierophant:Punish","hierophant:Defend_Hierophant","hierophant:Defend_Hierophant","hierophant:Defend_Hierophant","hierophant:Defend_Hierophant","hierophant:ChurchCoffers+1","hierophant:Community+1","hierophant:Doubloon","hierophant:ConvertCurrency","hierophant:Doubloon","hierophant:Doubloon","hierophant:CoinFling+1","hierophant:Batter+1","hierophant:Doubloon+1","hierophant:RecallFunds","hierophant:CoinFling","hierophant:Doubloon","Discovery","hierophant:AuricForm","hierophant:OrnateBuckler"],"relics":["hierophant:PropheticMaskRelic","NeowsBlessing","HollowMod:StagPassRelic","Golden Idol","Blue Candle","hierophant:DonationBoxRelic","Membership Card","SlaversCollar"],"acts_visited":["Exordium","TheCity"],"potions_floor_usage":[19],"damage_taken":[{"damage":0.0,"enemies":"Cultist","floor":1.0,"turns":1.0},{"damage":0.0,"enemies":"2 Louse","floor":2.0,"turns":2.0},{"damage":0.0,"enemies":"HollowMod:MossKnight","floor":6.0,"turns":1.0},{"damage":5.0,"enemies":"Small Slimes","floor":7.0,"turns":4.0},{"damage":7.0,"enemies":"2 Fungi Beasts","floor":11.0,"turns":3.0},{"damage":1.0,"enemies":"Looter","floor":12.0,"turns":3.0},{"damage":16.0,"enemies":"The Guardian","floor":16.0,"turns":13.0},{"damage":47,"enemies":"Chosen","floor":18,"turns":6},{"damage":35,"enemies":"Chosen and Byrds","floor":19,"turns":5}],"seed_played":"-7801245872391734916","potions_obtained":[{"floor":6.0,"key":"Block Potion"},{"floor":12.0,"key":"EntropicBrew"},{"floor":18,"key":"Weak Potion"}],"is_trial":false,"path_per_floor":["M","M","?","?","?","E","M","R","T","R","M","M","?","$","R","B",null,"M","M"],"character_chosen":"HIEROPHANT","items_purchased":["Membership Card","hierophant:CoinFling","Discovery"],"campfire_rested":0,"item_purchase_floors":[14,14,14],"current_hp_per_floor":[75,75,75,57,46,46,41,41,41,41,34,33,18,18,18,2,75,28,0,0],"gold":278,"neow_bonus":"THREE_ENEMY_KILL","is_daily":false,"chose_seed":false,"campfire_upgraded":3,"win_rate":0.0,"timestamp":1610790203,"path_taken":["M","M","?","?","?","E","M","R","T","R","M","M","?","?","R","BOSS","M","M"],"items_purchased_type":["Relic","Card","Card"],"build_version":"2020-12-22","purchased_purges":1,"victory":false,"max_hp_per_floor":[75,75,75,75,75,75,75,75,75,75,75,75,75,75,75,75,75,75,75,75],"card_choices":[{"not_picked":["hierophant:MorningPrayer","hierophant:AuricBeam"],"picked":"hierophant:Community","floor":1.0},{"not_picked":["hierophant:HolyVerse","hierophant:Shelter"],"picked":"hierophant:ConvertCurrency","floor":2.0},{"not_picked":["hierophant:Chorus","hierophant:RepressedViolence"],"picked":"hierophant:Doubloon","floor":6.0},{"not_picked":["hierophant:Doomsaying","hierophant:Endure"],"picked":"hierophant:CoinFling","floor":7.0},{"not_picked":["hierophant:Patience","hierophant:Doubloon"],"picked":"hierophant:Batter","floor":11.0},{"not_picked":["hierophant:Bribe","hierophant:Doomsaying"],"picked":"hierophant:RecallFunds","floor":12.0},{"not_picked":["hierophant:Generosity","hierophant:DivineIntervention"],"picked":"hierophant:AuricForm","floor":16.0},{"not_picked":["hierophant:Shelter","hierophant:Purify"],"picked":"hierophant:OrnateBuckler","floor":18}],"player_experience":690725,"relics_obtained":[{"floor":6.0,"key":"Blue Candle"},{"floor":9.0,"key":"hierophant:DonationBoxRelic"}],"event_choices":[{"damage_healed":0.0,"max_hp_gain":0.0,"max_hp_loss":0.0,"gold_gain":0.0,"event_name":"Big Fish","player_choice":"Box","floor":3.0,"gold_loss":0.0,"damage_taken":0.0,"relics_obtained":["HollowMod:StagPassRelic"],"cards_obtained":["Regret"]},{"damage_healed":0.0,"max_hp_gain":0.0,"max_hp_loss":0.0,"gold_gain":0.0,"event_name":"Golden Idol","player_choice":"Take Damage","floor":4.0,"gold_loss":0.0,"damage_taken":18.0,"relics_obtained":["Golden Idol"]},{"damage_healed":0.0,"max_hp_gain":0.0,"max_hp_loss":0.0,"gold_gain":75.0,"event_name":"World of Goop","player_choice":"Gather Gold","floor":5.0,"gold_loss":0.0,"damage_taken":11.0},{"damage_healed":0.0,"max_hp_gain":0.0,"max_hp_loss":0.0,"gold_gain":0.0,"event_name":"Shining Light","player_choice":"Entered Light","floor":13.0,"gold_loss":0.0,"damage_taken":15.0,"cards_upgraded":["hierophant:Doubloon","hierophant:Community"]}],"is_beta":false,"boss_relics":[{"not_picked":["Runesmith:UraniumAnvil","Tiny House"],"picked":"SlaversCollar"}],"items_purged_floors":[14],"is_endless":false,"potions_floor_spawned":[6,12,18],"killed_by":"Chosen and Byrds","ascension_level":0}}