{"host":"9d9dhukr2jywmy0f","time":1610804042,"event":{"mods":["2.2 Compatiblity","Alarm Clock","BaseMod","Bestiary","Block Reminder","Colored Map","Colored Powertips","Curses Come First","DeckTracker","Highlight Path","Key Reminder","Minty Spire (QoL Compilation)","Quick Restart","Rare Cards Sparkle","Relic Sorter","Relic Stats","Spire Birthday Party","StSLib","SuperFastMode","Synergy Search","TestMod","Unceasing Turn Reminder","Unknown Chances"],"gold_per_floor":[118,43,43,43,93,118,135,135,162,162,175,195,221,48,48,48,48],"floor_reached":16,"language":"ZHS","playtime":491,"items_purged":["Strike_R"],"score":216,"play_id":"8f66408a-0023-4491-9168-f30e06ad40fc","local_time":"20210116213402","is_ascension_mode":true,"campfire_choices":[{"floor":8.0,"key":"RECALL"},{"floor":10.0,"key":"REST"},{"data":"Perfected Strike","floor":15.0,"key":"SMITH"}],"circlet_count":0,"master_deck":["AscendersBane","Strike_R","Strike_R","Strike_R","Strike_R","Defend_R","Defend_R","Defend_R","Defend_R","Bash","Shrug It Off","Perfected Strike+1"],"relics":["Burning Blood","testmod-TestBox","testmod-AssaultLearning","testmod-LifeArmor","PreservedInsect","keyreminder:keyreminder","Anchor","Boot","testmod-IWantAll"],"acts_visited":["Exordium"],"potions_floor_usage":[],"damage_taken":[{"damage":3.0,"enemies":"2 Louse","floor":1.0,"turns":4.0},{"damage":37.0,"enemies":"Gremlin Nob","floor":6.0,"turns":4.0},{"damage":0.0,"enemies":"Small Slimes","floor":7.0,"turns":4.0},{"damage":0.0,"enemies":"Cultist","floor":11.0,"turns":4.0},{"damage":3.0,"enemies":"Red Slaver","floor":12.0,"turns":5.0},{"damage":15.0,"enemies":"Lagavulin","floor":13.0,"turns":6.0},{"damage":52,"enemies":"Slime Boss","floor":16,"turns":8}],"seed_played":"4491125580117768383","potions_obtained":[{"floor":11.0,"key":"BloodPotion"},{"floor":12.0,"key":"SmokeBomb"}],"is_trial":false,"path_per_floor":["M","$","?","?","?","E","M","R","T","R","M","M","E","$","R","B"],"character_chosen":"IRONCLAD","items_purchased":["testmod-IWantAll"],"campfire_rested":1,"item_purchase_floors":[14],"current_hp_per_floor":[71,71,53,53,46,15,21,21,21,43,49,52,58,58,58,6,6],"gold":48,"neow_bonus":"RANDOM_COMMON_RELIC","is_daily":false,"chose_seed":false,"campfire_upgraded":1,"win_rate":0.0,"timestamp":1610804042,"path_taken":["M","$","?","?","?","E","M","R","T","R","M","?","E","?","R","BOSS"],"items_purchased_type":["Relic"],"build_version":"2020-11-30","purchased_purges":1,"victory":false,"max_hp_per_floor":[75,75,75,75,75,75,75,75,75,75,75,75,75,75,75,75,75],"relic_stats":{"counters":[7,35],"PreservedInsect":29,"Boot":[0],"obtain_stats":[{"keyreminder:keyreminder":6,"Anchor":9,"testmod-TestBox":0,"testmod-AssaultLearning":0,"testmod-LifeArmor":3,"PreservedInsect":6,"testmod-IWantAll":14,"Boot":13,"Burning Blood":0},{"keyreminder:keyreminder":2,"Anchor":3,"testmod-TestBox":0,"testmod-AssaultLearning":0,"testmod-LifeArmor":1,"PreservedInsect":2,"testmod-IWantAll":6,"Boot":6,"Burning Blood":0},{"keyreminder:keyreminder":8,"Anchor":12,"testmod-TestBox":0,"testmod-AssaultLearning":0,"testmod-LifeArmor":4,"PreservedInsect":8,"testmod-IWantAll":27,"Boot":27,"Burning Blood":0}],"Burning Blood":36},"card_choices":[{"not_picked":["Sword Boomerang","Flex","Sentinel"],"picked":"SKIP","floor":1.0},{"not_picked":["Fiend Fire","Sword Boomerang"],"picked":"Shrug It Off","floor":6.0},{"not_picked":["Sever Soul","Twin Strike","Wild Strike"],"picked":"SKIP","floor":7.0},{"not_picked":["True Grit","Sword Boomerang","Flex"],"picked":"SKIP","floor":11.0},{"not_picked":["Thunderclap","Sword Boomerang"],"picked":"Perfected Strike","floor":12.0},{"not_picked":["Rage","Cleave","Clash"],"picked":"SKIP","floor":13.0}],"player_experience":832491,"relics_obtained":[{"floor":6.0,"key":"PreservedInsect"},{"floor":9.0,"key":"Anchor"},{"floor":13.0,"key":"Boot"}],"event_choices":[{"damage_healed":0.0,"max_hp_gain":0.0,"max_hp_loss":0.0,"gold_gain":0.0,"event_name":"Scrap Ooze","player_choice":"Success","floor":3.0,"gold_loss":0.0,"damage_taken":18.0,"relics_obtained":["testmod-LifeArmor"]},{"damage_healed":0.0,"max_hp_gain":0.0,"max_hp_loss":0.0,"gold_gain":0.0,"event_name":"The Cleric","player_choice":"Leave","floor":4.0,"gold_loss":0.0,"damage_taken":0.0},{"damage_healed":0.0,"max_hp_gain":0.0,"max_hp_loss":0.0,"gold_gain":50.0,"event_name":"FaceTrader","player_choice":"Touch","floor":5.0,"gold_loss":0.0,"damage_taken":7.0}],"is_beta":false,"boss_relics":[],"items_purged_floors":[2],"is_endless":false,"potions_floor_spawned":[11,12],"killed_by":"Slime Boss","ascension_level":20}}