{"host":"2i0myh7fqij2ti1z","time":1610772470,"event":{"mods":["Aspiration","BaseMod","Better Third Choice","Colored Powertips","Conspire","Evolution","FoggyMod","GifTheSpireLib","Highlight Path","Hubris","Minty Spire (QoL Compilation)","Permanent Neow","Quick Restart","Random Character Button","Random Character Mod","Replay The Spire","Shop Mod","Spicy Shops","StSLib","Stuff the Spire","The Construct","Wandering Minibosses","vexMod","óô»ðÖ¸ÄÏ"],"gold_per_floor":[110,35,35,35,35,62,62,90,90,40,55,75,75,119,119,119,119],"floor_reached":16,"language":"ENG","playtime":739,"items_purged":["construct:Defend_Gold"],"score":116,"play_id":"7f379cc5-3f97-4859-91a3-7d6b8b501367","local_time":"20210116124750","is_ascension_mode":false,"campfire_choices":[{"data":"conspire:SpireCoStock","floor":13.0,"key":"SMITH"},{"data":"construct:AttackMode","floor":15,"key":"SMITH"}],"circlet_count":0,"master_deck":["construct:Strike_Gold","construct:Strike_Gold","construct:Strike_Gold","construct:Strike_Gold","construct:Strike_Gold","construct:Defend_Gold","construct:Defend_Gold","construct:Defend_Gold","construct:Defend_Gold","construct:AttackMode+1","construct:DefenseMode","construct:SweepLaser","construct:Hazardproof","ReplayTheSpireMod:Omega Cannon","construct:FlakBarrage","conspire:SpireCoStock+1","construct:Versatility"],"relics":["construct:Cogwheel","EVO:Axolotl","aspiration:Nostalgia","Burning Blood","StuffTheSpire:DarkSteelAnvil","Blood Vial","Snack Pack"],"acts_visited":["Exordium"],"potions_floor_usage":[14],"damage_taken":[{"damage":6.0,"enemies":"Jaw Worm","floor":1.0,"turns":4.0},{"damage":29.0,"enemies":"Lagavulin","floor":6.0,"turns":7.0},{"damage":51.0,"enemies":"Gremlin Nob","floor":8.0,"turns":5.0},{"damage":0.0,"enemies":"2 Louse","floor":11.0,"turns":2.0},{"damage":0.0,"enemies":"Small Slimes","floor":12.0,"turns":2.0},{"damage":18,"enemies":"Lagavulin","floor":14,"turns":5},{"damage":19,"enemies":"Hexaghost","floor":16,"turns":7}],"seed_played":"6596593720738677115","potions_obtained":[{"floor":1.0,"key":"SmokeBomb"},{"floor":8.0,"key":"Venom Potion"}],"is_trial":false,"path_per_floor":["M","$","?","?","$","E","?","E","T","?","M","M","R","E","R","B"],"character_chosen":"THE_CONSTRUCT_MOD","items_purchased":[],"campfire_rested":0,"item_purchase_floors":[],"current_hp_per_floor":[85,85,85,77,77,54,54,9,9,9,17,25,25,15,15,0,0],"gold":119,"neow_bonus":"NOSTALGIA","is_daily":false,"chose_seed":false,"campfire_upgraded":2,"win_rate":0.0,"timestamp":1610772470,"path_taken":["M","$","?","?","?","E","?","E","T","?","?","?","R","E","R","BOSS"],"items_purchased_type":[],"build_version":"2020-12-22","purchased_purges":1,"victory":false,"max_hp_per_floor":[85,85,85,85,85,85,85,85,85,85,85,85,85,85,85,85,85],"card_choices":[{"not_picked":["construct:ChargeShot","construct:Analyze"],"picked":"construct:SweepLaser","floor":1.0},{"not_picked":["construct:ScrapCannon","construct:SyphonStrike"],"picked":"construct:CriticalHit","floor":6.0},{"not_picked":["construct:Accumulate","construct:Tumble"],"picked":"construct:FlakBarrage","floor":8.0},{"not_picked":["construct:ScrapCannon","construct:ElectricArmor","construct:Autoturret"],"picked":"SKIP","floor":12.0},{"not_picked":["construct:ShiftingStance","construct:QuickAttack"],"picked":"construct:Versatility","floor":14}],"player_experience":229830,"relics_obtained":[{"floor":8.0,"key":"Blood Vial"},{"floor":14,"key":"Snack Pack"}],"event_choices":[{"damage_healed":0.0,"max_hp_gain":0.0,"max_hp_loss":0.0,"gold_gain":0.0,"event_name":"conspire:Investor","player_choice":"Invest 1","floor":10.0,"gold_loss":0.0,"damage_taken":0.0}],"is_beta":false,"boss_relics":[],"items_purged_floors":[2],"is_endless":false,"potions_floor_spawned":[1,8],"killed_by":"Hexaghost","ascension_level":0}}