{"host":"swn8ychr123rw3gf","time":1610806873,"event":{"mods":["BaseMod","Minty Spire (QoL Compilation)","StSLib"],"gold_per_floor":[109,109,109,34,46,46,81,81,81,107,7,17,17,17,17,17,17],"floor_reached":16,"language":"ZHS","playtime":494,"items_purged":["Normality","Strike_B"],"score":164,"play_id":"39424506-46f2-462d-b14f-106113c2cc64","local_time":"20210116222113","is_ascension_mode":true,"campfire_choices":[{"data":"Zap","floor":6,"key":"SMITH"},{"floor":8,"key":"REST"},{"floor":15,"key":"REST"}],"circlet_count":0,"master_deck":["AscendersBane","Strike_B","Strike_B","Strike_B","Defend_B","Defend_B","Defend_B","Zap+1","Dualcast","Genetic Algorithm","BootSequence","Cold Snap","Self Repair","Fusion"],"relics":["Cracked Core","TungstenRod","Shuriken","Strawberry","Blood Vial","Thread and Needle"],"acts_visited":["Exordium"],"potions_floor_usage":[],"damage_taken":[{"damage":4,"enemies":"2 Louse","floor":1,"turns":2},{"damage":11,"enemies":"Small Slimes","floor":5,"turns":4},{"damage":36,"enemies":"3 Sentries","floor":7,"turns":9},{"damage":36,"enemies":"Gremlin Nob","floor":10,"turns":5},{"damage":0,"enemies":"Jaw Worm","floor":12,"turns":5},{"damage":46,"enemies":"Slime Boss","floor":16,"turns":8}],"seed_played":"4487991356956203512","potions_obtained":[{"floor":7,"key":"Block Potion"},{"floor":12,"key":"Block Potion"}],"is_trial":false,"path_per_floor":["M","?","?","$","M","R","E","R","T","E","$","M","?","?","R","B"],"character_chosen":"DEFECT","items_purchased":[],"campfire_rested":2,"item_purchase_floors":[],"current_hp_per_floor":[64,55,55,55,44,44,15,39,39,5,5,14,14,14,38,0,0],"gold":17,"neow_bonus":"ONE_RARE_RELIC","is_daily":false,"chose_seed":false,"campfire_upgraded":1,"win_rate":0.0,"timestamp":1610806873,"path_taken":["M","?","?","$","M","R","E","R","T","E","$","M","?","?","R","BOSS"],"items_purchased_type":[],"build_version":"2020-12-22","purchased_purges":2,"victory":false,"max_hp_per_floor":[75,75,75,75,75,75,82,82,82,82,82,82,82,82,82,82,82],"card_choices":[{"not_picked":["Defragment","Coolheaded"],"picked":"Genetic Algorithm","floor":1},{"not_picked":["Rebound","Consume"],"picked":"BootSequence","floor":5},{"not_picked":["Stack","Compile Driver"],"picked":"Cold Snap","floor":7},{"not_picked":["FTL","BootSequence"],"picked":"Self Repair","floor":10},{"not_picked":["Compile Driver","Leap"],"picked":"Fusion","floor":12}],"player_experience":426412,"relics_obtained":[{"floor":7,"key":"Strawberry"},{"floor":9,"key":"Blood Vial"},{"floor":10,"key":"Thread and Needle"}],"event_choices":[{"damage_healed":0,"gold_gain":0,"player_choice":"Success","damage_taken":12,"relics_obtained":["Shuriken"],"max_hp_gain":0,"max_hp_loss":0,"event_name":"Scrap Ooze","floor":2,"gold_loss":0},{"damage_healed":0,"gold_gain":0,"player_choice":"Ignored","damage_taken":0,"max_hp_gain":0,"max_hp_loss":0,"event_name":"Liars Game","floor":3,"gold_loss":0},{"cards_removed":["Defend_B"],"damage_healed":0,"gold_gain":0,"player_choice":"Forget","damage_taken":0,"max_hp_gain":0,"max_hp_loss":0,"event_name":"Living Wall","floor":13,"gold_loss":0},{"damage_healed":0,"gold_gain":0,"player_choice":"Ignored","damage_taken":0,"max_hp_gain":0,"max_hp_loss":0,"event_name":"Shining Light","floor":14,"gold_loss":0}],"is_beta":false,"boss_relics":[],"items_purged_floors":[4,11],"is_endless":false,"potions_floor_spawned":[7,12],"killed_by":"Slime Boss","ascension_level":11}}