{"host":"4q9sjfj9e5mwk5sb","time":1610813338,"event":{"mods":["2.2 Compatiblity","AchievementEnabler","Act Like it!","BaseMod","BetterRewards","Colored Powertips","Downfall","Friendly Minions","Koishi","Minty Spire (QoL Compilation)","Prisma Mod","Relic Stats","StSLib","Td1madao Mod","The Senshi"],"gold_per_floor":[114,126,139,139,149,176,188,188,257,269,295,295,306,336,336,435,435,451,156,156,156,156,156,171,199,199,215,215,215],"floor_reached":28,"language":"ENG","playtime":1929,"items_purged":[],"score":250,"play_id":"773bb863-758d-4cde-95ef-31566f1effd8","local_time":"20210116110858","is_ascension_mode":false,"campfire_choices":[{"floor":8.0,"key":"REST"},{"floor":12.0,"key":"REST"},{"floor":15.0,"key":"REST"},{"data":"Data Freezing","floor":23.0,"key":"SMITH"}],"circlet_count":0,"master_deck":["Strike_C","Strike_C","Strike_C+1","Strike_C","Defend_C","Defend_C","Defend_C","Defend_C","Knight Kick","Chip","Data Freezing+1","Twin Teeth","Bugfix","Floating Swing Kick","Black Shadow+1","Winding Magic","Reinforcement Parts","White Contract","Black Execution","Rupture","Furious","Lore","Black Contract","Decay","Break Into","Coercion"],"relics":["Apod","Vajra","Bottled Flame","Ginger","Happy Flower","Foreshadowing","Whetstone","Mango","Matryoshka"],"acts_visited":["Exordium","TheCity"],"potions_floor_usage":[28,28,28],"damage_taken":[{"damage":3.0,"enemies":"Cultist","floor":1.0,"turns":4.0},{"damage":0.0,"enemies":"Small Slimes","floor":2.0,"turns":3.0},{"damage":0.0,"enemies":"Jaw Worm","floor":3.0,"turns":5.0},{"damage":5.0,"enemies":"3 Louse","floor":5.0,"turns":4.0},{"damage":36.0,"enemies":"3 Sentries","floor":6.0,"turns":12.0},{"damage":8.0,"enemies":"Exordium Thugs","floor":7.0,"turns":5.0},{"damage":6.0,"enemies":"Large Slime","floor":10.0,"turns":7.0},{"damage":6.0,"enemies":"Lagavulin","floor":11.0,"turns":5.0},{"damage":4.0,"enemies":"Lots of Slimes","floor":13.0,"turns":4.0},{"damage":38.0,"enemies":"Hexaghost","floor":16.0,"turns":9.0},{"damage":4.0,"enemies":"Spheric Guardian","floor":18.0,"turns":4.0},{"damage":10.0,"enemies":"2 Thieves","floor":24.0,"turns":4.0},{"damage":37.0,"enemies":"Slavers","floor":25.0,"turns":4.0},{"damage":21.0,"enemies":"Sentry and Sphere","floor":27.0,"turns":4.0},{"damage":29,"enemies":"3 Cultists","floor":28,"turns":5}],"seed_played":"6516287237344848658","potions_obtained":[{"floor":3.0,"key":"Block Potion"},{"floor":7.0,"key":"SteroidPotion"},{"floor":11.0,"key":"CultistPotion"},{"floor":13.0,"key":"Regen Potion"}],"is_trial":false,"path_per_floor":["M","M","M","$","M","E","M","R","T","M","E","R","M","?","R","B",null,"M","$","?","?","?","R","M","E","T","M","M"],"character_chosen":"TD1MADAO_CLASS","items_purchased":["Black Contract","Whetstone"],"campfire_rested":3,"item_purchase_floors":[19,19],"current_hp_per_floor":[67,67,67,67,62,26,18,39,39,33,27,48,44,44,65,27,70,66,66,66,66,66,66,56,33,33,12,0,0],"gold":215,"neow_bonus":"ONE_RANDOM_RARE_CARD","is_daily":false,"chose_seed":false,"campfire_upgraded":1,"win_rate":0.0,"timestamp":1610813338,"path_taken":["M","M","M","?","M","E","M","R","T","?","E","R","M","?","R","BOSS","M","$","?","?","?","R","?","E","T","M","M"],"items_purchased_type":["Card","Relic"],"build_version":"2020-12-22","purchased_purges":0,"victory":false,"max_hp_per_floor":[70,70,70,70,70,70,70,70,70,70,70,70,70,70,70,70,70,70,70,70,70,70,70,70,84,84,84,84,84],"relic_stats":{"Happy Flower":[10],"counters":[15,79],"Ginger":[5],"Whetstone":["Black Shadow","Strike_C"],"obtain_stats":[{"Bottled Flame":9,"Matryoshka":26,"Happy Flower":14,"Vajra":6,"Mango":25,"Apod":0,"Ginger":11,"Whetstone":19,"Foreshadowing":17},{"Bottled Flame":6,"Matryoshka":13,"Happy Flower":9,"Vajra":5,"Mango":13,"Apod":0,"Ginger":8,"Whetstone":11,"Foreshadowing":10},{"Bottled Flame":33,"Matryoshka":70,"Happy Flower":49,"Vajra":28,"Mango":70,"Apod":0,"Ginger":45,"Whetstone":62,"Foreshadowing":58}]},"card_choices":[{"not_picked":["Paralysis","Lunge"],"picked":"Twin Teeth","floor":1.0},{"not_picked":["Three Hit","Reflection Mechanism"],"picked":"Bugfix","floor":2.0},{"not_picked":["Transfer Energy","Black Shadow"],"picked":"Floating Swing Kick","floor":3.0},{"not_picked":["Break Into","Thunder Jump"],"picked":"Black Shadow","floor":5.0},{"not_picked":["Paralysis","Moon Tear"],"picked":"Winding Magic","floor":6.0},{"not_picked":["Ruin Defend","Coercion"],"picked":"Reinforcement Parts","floor":7.0},{"not_picked":["Preloading","Cursed Blade"],"picked":"White Contract","floor":10.0},{"not_picked":["Three Hit","Moon Tear"],"picked":"Black Execution","floor":11.0},{"not_picked":["Three Hit","Fire Blade"],"picked":"Rupture","floor":13.0},{"not_picked":["Moon Tear","Optimization"],"picked":"Furious","floor":16.0},{"not_picked":["Cursed Blade","Resistance+1"],"picked":"Lore","floor":18.0},{"not_picked":["Energy Supply","Oblique Hack"],"picked":"Break Into","floor":24.0},{"not_picked":["Thunder Jump","Cursed Blade","Afterwards"],"picked":"SKIP","floor":25.0},{"not_picked":["Twin Teeth","Break Into"],"picked":"Coercion","floor":27.0}],"player_experience":222269,"relics_obtained":[{"floor":6.0,"key":"Vajra"},{"floor":9.0,"key":"Bottled Flame"},{"floor":11.0,"key":"Ginger"},{"floor":25.0,"key":"Mango"},{"floor":26.0,"key":"Matryoshka"}],"event_choices":[{"damage_healed":0.0,"max_hp_gain":0.0,"max_hp_loss":0.0,"gold_gain":30.0,"event_name":"Dead Adventurer","player_choice":"Searched \u00272\u0027 times","floor":14.0,"gold_loss":0.0,"damage_taken":0.0,"relics_obtained":["Happy Flower"]},{"damage_healed":0.0,"max_hp_gain":0.0,"max_hp_loss":0.0,"gold_gain":0.0,"event_name":"Ghosts","player_choice":"Ignored","floor":20.0,"gold_loss":0.0,"damage_taken":0.0},{"damage_healed":0.0,"max_hp_gain":0.0,"max_hp_loss":0.0,"gold_gain":0.0,"event_name":"Beggar","player_choice":"Ignored","floor":21.0,"gold_loss":0.0,"damage_taken":0.0},{"damage_healed":0.0,"max_hp_gain":0.0,"max_hp_loss":0.0,"gold_gain":0.0,"event_name":"Wheel of Change","player_choice":"Cursed","floor":22.0,"gold_loss":0.0,"damage_taken":0.0,"cards_obtained":["Decay"]}],"is_beta":false,"boss_relics":[{"not_picked":["Calling Bell","SacredBark"],"picked":"Foreshadowing"}],"items_purged_floors":[],"is_endless":false,"potions_floor_spawned":[3,7,11,13,16,18,25],"killed_by":"3 Cultists","ascension_level":0}}