{"host":"9tdk3zzhmpo6o3dg","time":1610812889,"event":{"mods":["AchievementEnabler","BaseMod","Downfall","Marisa£®ÏF”Í°°ƒß¿Ì…≥£©","Minty Spire (QoL Compilation)","Shop Mod","StSLib","The Cursed","The Marked","The Servant 0.9.4"],"gold_per_floor":[119,129,58,58,58,58,77,77,77,92,105,123,157,157,157,261,261,271,288,74,86,86,86,86,98,122,140,216,216,235,253,253,253,253],"floor_reached":33,"language":"ZHS","playtime":1166,"items_purged":["Strike_B"],"score":314,"play_id":"ee6df71a-def2-465e-9550-72973cf3ef51","local_time":"20210117000129","is_ascension_mode":true,"campfire_choices":[{"data":"Dualcast","floor":6.0,"key":"SMITH"},{"data":"Double Energy","floor":8.0,"key":"SMITH"},{"floor":15.0,"key":"REST"},{"floor":24.0,"key":"REST"},{"floor":29.0,"key":"REST"},{"floor":32.0,"key":"REST"}],"circlet_count":0,"master_deck":["Strike_B","Defend_B","Defend_B","Defend_B","Defend_B","Zap+1","Dualcast+1","Redo+1","Rainbow","Turbo","Coolheaded","Multi-Cast","Zap","Double Energy+1","Ball Lightning","Ball Lightning","Meteor Strike","Coolheaded+1","Turbo","Enlightenment","Tempest","Buffer","Sunder","Meteor Strike"],"relics":["Cracked Core","Pear","Ancient Tea Set","White Beast Statue","bronze:MakeshiftBattery","Bronze Scales","Darkstone Periapt"],"acts_visited":["Exordium","TheCity"],"potions_floor_usage":[],"damage_taken":[{"damage":1.0,"enemies":"Cultist","floor":1.0,"turns":3.0},{"damage":2.0,"enemies":"2 Louse","floor":2.0,"turns":2.0},{"damage":7.0,"enemies":"Jaw Worm","floor":7.0,"turns":2.0},{"damage":12.0,"enemies":"Exordium Thugs","floor":10.0,"turns":3.0},{"damage":0.0,"enemies":"Blue Slaver","floor":11.0,"turns":1.0},{"damage":5.0,"enemies":"Gremlin Gang","floor":12.0,"turns":3.0},{"damage":26.0,"enemies":"Lagavulin","floor":13.0,"turns":4.0},{"damage":7.0,"enemies":"Slime Boss","floor":16.0,"turns":7.0},{"damage":8.0,"enemies":"3 Byrds","floor":18.0,"turns":4.0},{"damage":1.0,"enemies":"Spheric Guardian","floor":19.0,"turns":3.0},{"damage":58.0,"enemies":"Centurion and Healer","floor":21.0,"turns":9.0},{"damage":22.0,"enemies":"Shelled Parasite and Fungi","floor":25.0,"turns":3.0},{"damage":0.0,"enemies":"Cultist and Chosen","floor":27.0,"turns":1.0},{"damage":0.0,"enemies":"Snake Plant","floor":30.0,"turns":2.0},{"damage":6.0,"enemies":"Snecko","floor":31.0,"turns":4.0},{"damage":57,"enemies":"Collector","floor":33,"turns":6}],"seed_played":"-3460565038731935613","potions_obtained":[{"floor":10.0,"key":"Dexterity Potion"},{"floor":11.0,"key":"champ:CounterPotion"},{"floor":16.0,"key":"Strength Potion"},{"floor":18.0,"key":"DuplicationPotion"},{"floor":19.0,"key":"DistilledChaos"},{"floor":21.0,"key":"DistilledChaos"},{"floor":25.0,"key":"Swift Potion"},{"floor":27.0,"key":"SmokeBomb"},{"floor":30.0,"key":"SpeedPotion"},{"floor":31.0,"key":"Strength Potion"}],"is_trial":false,"path_per_floor":["M","M","$","?","?","R","M","R","T","M","M","M","E","?","R","B",null,"M","M","$","M","?","?","R","M","T","M","T","R","M","M","R","B"],"character_chosen":"DEFECT","items_purchased":["Turbo","Coolheaded","Turbo","Enlightenment"],"campfire_rested":4,"item_purchase_floors":[3,3,20,20],"current_hp_per_floor":[74,72,72,75,75,75,68,68,68,56,56,51,25,25,50,43,75,67,66,66,8,8,8,33,11,11,11,11,36,36,30,55,0,0],"gold":253,"neow_bonus":"UPGRADE_CARD","is_daily":false,"chose_seed":false,"campfire_upgraded":2,"win_rate":0.0,"timestamp":1610812889,"path_taken":["M","?","$","?","?","R","M","R","T","M","?","M","E","?","R","BOSS","M","M","$","?","?","?","R","M","T","M","?","R","M","M","R","BOSS"],"items_purchased_type":["Card","Card","Card","Card"],"build_version":"2020-12-22","purchased_purges":1,"victory":false,"max_hp_per_floor":[75,75,75,85,85,85,85,85,85,85,85,85,85,85,85,85,85,85,85,85,85,85,85,85,85,85,85,85,85,85,85,85,85,85],"card_choices":[{"not_picked":["Stack","Barrage"],"picked":"Redo","floor":1.0},{"not_picked":["Conserve Battery","Rip and Tear"],"picked":"Rainbow","floor":2.0},{"not_picked":["Ball Lightning","Sweeping Beam"],"picked":"Double Energy","floor":7.0},{"not_picked":["Gash","Streamline","White Noise"],"picked":"SKIP","floor":10.0},{"not_picked":["Rebound","Chaos"],"picked":"Ball Lightning","floor":11.0},{"not_picked":["Steam","Barrage","Cold Snap"],"picked":"SKIP","floor":12.0},{"not_picked":["Hologram","Machine Learning"],"picked":"Ball Lightning","floor":13.0},{"not_picked":["Echo Form","Rainbow"],"picked":"Meteor Strike","floor":16.0},{"not_picked":["Leap","Melter","Sweeping Beam"],"picked":"SKIP","floor":18.0},{"not_picked":["Streamline","Steam"],"picked":"Coolheaded+1","floor":19.0},{"not_picked":["Rebound","Gash+1"],"picked":"Tempest","floor":21.0},{"not_picked":["Cold Snap+1","Rebound"],"picked":"Meteor Strike","floor":25.0},{"not_picked":["Streamline","Rebound","Reprogram+1"],"picked":"SKIP","floor":27.0},{"not_picked":["Compile Driver","Melter+1","Double Energy"],"picked":"SKIP","floor":30.0},{"not_picked":["Steam+1","Storm","Ball Lightning"],"picked":"SKIP","floor":31.0}],"player_experience":142848,"relics_obtained":[{"floor":9.0,"key":"Ancient Tea Set"},{"floor":13.0,"key":"White Beast Statue"},{"floor":26.0,"key":"Bronze Scales"},{"floor":28.0,"key":"Darkstone Periapt"}],"event_choices":[{"damage_healed":0.0,"max_hp_gain":0.0,"max_hp_loss":0.0,"gold_gain":0.0,"event_name":"Scrap Ooze","player_choice":"Success","floor":4.0,"gold_loss":0.0,"damage_taken":7.0,"relics_obtained":["Pear"]},{"damage_healed":0.0,"max_hp_gain":0.0,"max_hp_loss":0.0,"gold_gain":0.0,"event_name":"Match and Keep!","player_choice":"2 cards matched","floor":5.0,"gold_loss":0.0,"damage_taken":0.0,"cards_obtained":["Multi-Cast","Zap"]},{"damage_healed":0.0,"max_hp_gain":0.0,"max_hp_loss":0.0,"gold_gain":0.0,"event_name":"Upgrade Shrine","player_choice":"Upgraded","floor":14.0,"gold_loss":0.0,"damage_taken":0.0,"cards_upgraded":["Redo"]},{"damage_healed":0.0,"max_hp_gain":0.0,"max_hp_loss":0.0,"gold_gain":0.0,"cards_transformed":["Strike_B","Strike_B"],"event_name":"Drug Dealer","player_choice":"Became Test Subject","floor":23.0,"gold_loss":0.0,"damage_taken":0.0,"cards_obtained":["Buffer","Sunder"]}],"is_beta":false,"boss_relics":[{"not_picked":["FrozenCore","Ectoplasm"],"picked":"bronze:MakeshiftBattery"}],"items_purged_floors":[20],"is_endless":false,"potions_floor_spawned":[10,11,16,18,19,21,25,27,30,31],"killed_by":"Collector","ascension_level":5}}