{"host":"51fyd6gkml7xavq8","time":1610831904,"event":{"mods":["BaseMod","BetterRewards","Colored Map","Energized Spire","Infinite Spire","Minty Spire (QoL Compilation)","Replay The Spire","Shop Mod","Spicy Shops","StSLib","The Blue Laboratory","[IsaacMod]????"],"gold_per_floor":[118,129,144,69,69,69,43,43,96,116,166,166,166,222,222,327,327,391,418,463,282,321,321,321,321],"floor_reached":24,"language":"ENG","playtime":1046,"items_purged":["Dualcast","Regret","Strike_B"],"score":272,"play_id":"e2cdddbc-4748-4f1e-80a3-479203f0218d","local_time":"20210116181824","is_ascension_mode":true,"campfire_choices":[{"data":"BettingIsNotGood","floor":6.0,"key":"SMITH"},{"data":"Zap","floor":8.0,"key":"SMITH"},{"data":"Leap","floor":12.0,"key":"SMITH"},{"floor":15.0,"key":"REST"},{"floor":23,"key":"REST"}],"circlet_count":0,"master_deck":["Strike_B","Strike_B","Strike_B","Defend_B","Defend_B","Defend_B","Defend_B","Zap+1","BettingIsNotGood+1","Leap+1","FIFO Queue","Echo Form","Gash+1","Madness+1"],"relics":["Cracked Core","HushsDoor","DeathBook","Juzu Bracelet","ReplayTheSpireMod:CursedCoin","MerchantsRug","Boot","Toxic Egg 2","Nunchaku","Art of War","energizedSpire:RedRose","TheBean"],"acts_visited":["Exordium","TheCity"],"potions_floor_usage":[18],"damage_taken":[{"damage":10.0,"enemies":"2 Louse","floor":1.0,"turns":2.0},{"damage":0.0,"enemies":"Cultist","floor":2.0,"turns":3.0},{"damage":3.0,"enemies":"Small Slimes","floor":3.0,"turns":3.0},{"damage":0.0,"enemies":"3 Louse","floor":10.0,"turns":1.0},{"damage":9.0,"enemies":"Hiden Room Battle","floor":11.0,"turns":2.0},{"damage":38.0,"enemies":"Lagavulin","floor":14.0,"turns":7.0},{"damage":31.0,"enemies":"Hexaghost","floor":16.0,"turns":8.0},{"damage":26,"enemies":"Spheric Guardian","floor":18,"turns":6},{"damage":20,"enemies":"Shell Parasite","floor":20,"turns":6},{"damage":42,"enemies":"Snecko","floor":22,"turns":8},{"damage":43,"enemies":"Book of Stabbing","floor":24,"turns":4}],"seed_played":"-5836025960665277529","potions_obtained":[{"floor":2.0,"key":"SpeedPotion"},{"floor":3.0,"key":"EntropicBrew"},{"floor":10.0,"key":"Elixir"},{"floor":16.0,"key":"blueLaboratory:FruitPunch"},{"floor":20,"key":"blueLaboratory:ForbiddenFruitJuice"},{"floor":22,"key":"LiquidMemories"}],"is_trial":false,"path_per_floor":["M","M","M","$","?","R","$","R","T","M","?","R","?","E","R","B",null,"M","T","M","$","M","R","E"],"character_chosen":"DEFECT","items_purchased":["ReplayTheSpireMod:CursedCoin","MerchantsRug","Madness+1"],"campfire_rested":2,"item_purchase_floors":[7,7,21],"current_hp_per_floor":[58,58,55,55,48,48,48,48,48,48,39,39,44,16,40,9,62,48,48,38,38,16,40,0,0],"gold":321,"neow_bonus":"","is_daily":false,"chose_seed":false,"campfire_upgraded":3,"win_rate":0.0,"timestamp":1610831904,"path_taken":["M","M","M","$","?","R","$","R","T","M","?","R","?","E","R","BOSS","M","?","M","$","M","R","E"],"items_purchased_type":["Relic","Relic","Card"],"build_version":"2020-12-22","purchased_purges":3,"victory":false,"max_hp_per_floor":[75,75,75,75,75,75,75,75,75,75,75,75,80,80,80,80,80,82,82,82,82,82,82,82,82],"card_choices":[{"not_picked":[],"picked":"BettingIsNotGood","floor":0.0},{"not_picked":["Reinforced Body","Leap"],"picked":"Bomb","floor":1.0},{"not_picked":["Go for the Eyes","Barrage","Stack"],"picked":"SKIP","floor":2.0},{"not_picked":["Ball Lightning","ReplaySolidLightProjector"],"picked":"Leap","floor":3.0},{"not_picked":["BasicCrystalCard","Panic Button","Conserve Battery"],"picked":"SKIP","floor":10.0},{"not_picked":["BasicCrystalCard+1","ReplaySolidLightProjector+1"],"picked":"FIFO Queue","floor":11.0},{"not_picked":["Streamline","FTL"],"picked":"Echo Form","floor":14.0},{"not_picked":["Stack+1","Compile Driver+1","Genetic Algorithm+1"],"picked":"SKIP","floor":18},{"not_picked":["Barrage","ElectricPowerLearning"],"picked":"Gash+1","floor":20},{"not_picked":["Scrape+1","ReplaySolidLightProjector+1","Coolheaded+1"],"picked":"SKIP","floor":22}],"player_experience":569624,"relics_obtained":[{"floor":9.0,"key":"Boot"},{"floor":11.0,"key":"Toxic Egg 2"},{"floor":11.0,"key":"Nunchaku"},{"floor":14.0,"key":"Art of War"},{"floor":19,"key":"TheBean"}],"event_choices":[{"damage_healed":0.0,"max_hp_gain":0.0,"max_hp_loss":0.0,"gold_gain":0.0,"event_name":"Scrap Ooze","player_choice":"Success","floor":5.0,"gold_loss":0.0,"damage_taken":7.0,"relics_obtained":["Juzu Bracelet"]},{"damage_healed":0.0,"max_hp_gain":0.0,"max_hp_loss":0.0,"gold_gain":0.0,"event_name":"HidenRoomEvent","player_choice":"Fight","floor":11.0,"gold_loss":0.0,"damage_taken":0.0},{"damage_healed":0.0,"max_hp_gain":5.0,"max_hp_loss":0.0,"gold_gain":0.0,"event_name":"Big Fish","player_choice":"Donut","floor":13.0,"gold_loss":0.0,"damage_taken":0.0}],"is_beta":false,"boss_relics":[{"not_picked":["Ring of Chaos","Busted Crown"],"picked":"energizedSpire:RedRose"},{"not_picked":[]}],"items_purged_floors":[4,7,21],"is_endless":false,"potions_floor_spawned":[2,3,10,16,20,22],"killed_by":"Book of Stabbing","ascension_level":8}}