{"host":"2pmmafybkq7zb6na","time":1610786286,"event":{"mods":["AchievementEnabler","BaseMod","Colored Map","Highlight Path","Minty Spire (QoL Compilation)","Quick Restart","StSLib","SuperFastMode"],"gold_per_floor":[368,384,395,406,137,154,154,180,256,282,31,49,49,61,61,165,165,181,199,210,18,18,18,18,117,144,144,155,155,155],"floor_reached":29,"language":"KOR","playtime":1379,"items_purged":["Strike_B","Strike_B"],"score":237,"play_id":"1849f256-58be-49e2-ac92-14fc7949cb0e","local_time":"20210116173806","is_ascension_mode":false,"campfire_choices":[{"floor":7.0,"key":"REST"},{"floor":13.0,"key":"REST"},{"floor":15.0,"key":"REST"},{"floor":23.0,"key":"REST"},{"floor":24.0,"key":"RECALL"},{"data":"Creative AI","floor":27.0,"key":"SMITH"}],"circlet_count":0,"master_deck":["Strike_B","Strike_B","Defend_B","Defend_B","Defend_B","Defend_B","Zap","Dualcast","Coolheaded","Redo","Capacitor","Beam Cell","Static Discharge","Cold Snap","Blizzard","White Noise","Ball Lightning","Buffer","Chill","Capacitor","Ball Lightning","Coolheaded","Creative AI+1","Turbo+1","Melter+1","Loop","Loop","Consume+1"],"relics":["Cracked Core","Bottled Flame","WingedGreaves","Philosopher\u0027s Stone","Membership Card","Ancient Tea Set"],"acts_visited":["Exordium","TheCity"],"potions_floor_usage":[28],"damage_taken":[{"damage":0.0,"enemies":"Cultist","floor":1.0,"turns":4.0},{"damage":0.0,"enemies":"Jaw Worm","floor":2.0,"turns":4.0},{"damage":0.0,"enemies":"Small Slimes","floor":3.0,"turns":4.0},{"damage":8.0,"enemies":"Looter","floor":4.0,"turns":4.0},{"damage":28.0,"enemies":"Lots of Slimes","floor":6.0,"turns":3.0},{"damage":17.0,"enemies":"3 Sentries","floor":8.0,"turns":7.0},{"damage":17.0,"enemies":"Gremlin Nob","floor":10.0,"turns":5.0},{"damage":0.0,"enemies":"Blue Slaver","floor":12.0,"turns":4.0},{"damage":1.0,"enemies":"Looter","floor":14.0,"turns":3.0},{"damage":24.0,"enemies":"Hexaghost","floor":16.0,"turns":8.0},{"damage":17.0,"enemies":"Shell Parasite","floor":18.0,"turns":5.0},{"damage":26.0,"enemies":"3 Byrds","floor":19.0,"turns":4.0},{"damage":7.0,"enemies":"Centurion and Healer","floor":20.0,"turns":8.0},{"damage":41,"enemies":"Snake Plant","floor":28,"turns":7},{"damage":9,"enemies":"Shelled Parasite and Fungi","floor":29,"turns":2}],"seed_played":"1367117449306565141","potions_obtained":[{"floor":4.0,"key":"Fire Potion"},{"floor":8.0,"key":"PowerPotion"},{"floor":10.0,"key":"Strength Potion"},{"floor":14.0,"key":"PotionOfCapacity"},{"floor":18.0,"key":"BlessingOfTheForge"}],"is_trial":false,"path_per_floor":["M","M","M","M","$","M","R","E","T","E","$","M","R","M","R","B",null,"M","M","M","$","$","R","R","?","T","R","M","M"],"character_chosen":"DEFECT","items_purchased":["Static Discharge","Cold Snap","Blizzard","Chill","Capacitor","Membership Card","Loop"],"campfire_rested":4,"item_purchase_floors":[5,5,5,11,11,21,21],"current_hp_per_floor":[54,54,54,46,46,18,40,23,23,6,6,6,28,27,49,25,75,58,32,25,25,25,47,47,47,47,47,6,0,0],"gold":155,"neow_bonus":"TWO_FIFTY_GOLD","is_daily":false,"chose_seed":false,"campfire_upgraded":1,"win_rate":0.0,"timestamp":1610786286,"path_taken":["M","M","M","M","$","M","R","E","T","E","$","?","R","M","R","BOSS","M","M","M","?","$","R","R","?","T","R","M","M"],"items_purchased_type":["Card","Card","Card","Card","Card","Relic","Card"],"build_version":"2020-12-22","purchased_purges":2,"victory":false,"max_hp_per_floor":[75,75,75,75,75,75,75,75,75,75,75,75,75,75,75,75,75,75,75,75,75,75,75,75,75,75,75,75,75,75],"card_choices":[{"not_picked":["Barrage","Steam"],"picked":"Coolheaded","floor":1.0},{"not_picked":["Rebound","Steam Power"],"picked":"Redo","floor":2.0},{"not_picked":["Beam Cell","Barrage"],"picked":"Capacitor","floor":3.0},{"not_picked":["Scrape","Melter"],"picked":"Beam Cell","floor":4.0},{"not_picked":["Cold Snap","Barrage"],"picked":"White Noise","floor":6.0},{"not_picked":["Ball Lightning","Redo","Undo"],"picked":"SKIP","floor":8.0},{"not_picked":["Redo","Undo"],"picked":"Ball Lightning","floor":8.0},{"not_picked":["Coolheaded","Thunder Strike"],"picked":"Buffer","floor":10.0},{"not_picked":["Coolheaded","Redo"],"picked":"Ball Lightning","floor":12.0},{"not_picked":["Redo","Steam"],"picked":"Coolheaded","floor":14.0},{"not_picked":["Meteor Strike","All For One"],"picked":"Creative AI","floor":16.0},{"not_picked":["Gash+1","Steam"],"picked":"Turbo+1","floor":18.0},{"not_picked":["Leap","Compile Driver"],"picked":"Melter+1","floor":19.0},{"not_picked":["Static Discharge","Scrape+1"],"picked":"Loop","floor":20.0},{"not_picked":["Undo","Melter"],"picked":"Consume+1","floor":28}],"player_experience":50280,"relics_obtained":[{"floor":8.0,"key":"Bottled Flame"},{"floor":10.0,"key":"WingedGreaves"},{"floor":26.0,"key":"Ancient Tea Set"}],"event_choices":[{"damage_healed":0.0,"max_hp_gain":0.0,"max_hp_loss":0.0,"gold_gain":99.0,"event_name":"Nest","player_choice":"Stole From Cult","floor":25.0,"gold_loss":0.0,"damage_taken":0.0}],"is_beta":false,"boss_relics":[{"not_picked":["Cursed Key","Ectoplasm"],"picked":"Philosopher\u0027s Stone"}],"items_purged_floors":[5,11],"is_endless":false,"potions_floor_spawned":[4,8,10,14,18],"killed_by":"Shelled Parasite and Fungi","ascension_level":0}}