{"host":"5biwxqawqld14qif","time":1610774751,"event":{"mods":["2.2 Compatiblity","AchievementEnabler","BaseMod","Colored Map","Colored Powertips","DeckTracker","Highlight Path","Minty Spire (QoL Compilation)","Quick Restart","Rare Cards Sparkle","Relic Stats"],"gold_per_floor":[115,131,406,175,1,30,105,131,206,57,77,77,112,128,128,224,224,242,242,77,97,116,116,128,159,159,177,212,212,227,245,245,341,341,360,379,425,425,445,478,478,497,497,529,529,557,557,569,569,569,569,569,44,79,79],"floor_reached":56,"language":"KOR","playtime":8363,"items_purged":["Regret","Survivor"],"score":1504,"play_id":"4ae0dd77-3132-42d4-b3ee-e157b8c2a194","local_time":"20210116142551","is_ascension_mode":true,"campfire_choices":[{"data":"Calculated Gamble","floor":12,"key":"SMITH"},{"data":"Footwork","floor":15,"key":"SMITH"},{"floor":23,"key":"RECALL"},{"data":"Acrobatics","floor":32,"key":"SMITH"},{"data":"Storm of Steel","floor":45,"key":"SMITH"},{"data":"Phantasmal Killer","floor":47,"key":"SMITH"},{"data":"Accuracy","floor":49,"key":"SMITH"},{"data":"Neutralize","floor":52,"key":"SMITH"}],"circlet_count":0,"master_deck":["Strike_G+1","Strike_G+1","Strike_G+1","Strike_G+1","Strike_G+1","Defend_G+1","Defend_G+1","Defend_G+1","Defend_G+1","Defend_G+1","Neutralize+1","Calculated Gamble+1","Accuracy+1","Finesse","Blade Dance+1","Deflect","Footwork+1","Escape Plan","After Image","Calculated Gamble+1","After Image","Escape Plan","Panache+1","Dagger Throw","Die Die Die","Acrobatics+1","Prepared+1","Infinite Blades+1","Tools of the Trade","Deflect+1","Acrobatics+1","Deflect+1","Storm of Steel+1","Phantasmal Killer+1","Distraction+1","Blind","Expertise","Setup+1"],"relics":["Ring of the Snake","NeowsBlessing","Nunchaku","Oddly Smooth Stone","Blood Vial","Eternal Feather","Paper Crane","HoveringKite","Orichalcum","HornCleat","WristBlade","TungstenRod","Centennial Puzzle","Mummified Hand","Thread and Needle","Gremlin Horn","War Paint","Strawberry"],"acts_visited":["Exordium","TheCity","TheBeyond","TheEnding"],"potions_floor_usage":[39,50,50,55,55],"damage_taken":[{"damage":0.0,"enemies":"2 Louse","floor":1.0,"turns":1.0},{"damage":0.0,"enemies":"Cultist","floor":2.0,"turns":1.0},{"damage":0,"enemies":"Gremlin Nob","floor":6,"turns":1},{"damage":5,"enemies":"Lagavulin","floor":8,"turns":9},{"damage":0,"enemies":"Small Slimes","floor":11,"turns":4},{"damage":19,"enemies":"3 Sentries","floor":13,"turns":11},{"damage":2,"enemies":"2 Fungi Beasts","floor":14,"turns":5},{"damage":56,"enemies":"Hexaghost","floor":16,"turns":20},{"damage":0,"enemies":"Shell Parasite","floor":18,"turns":9},{"damage":12,"enemies":"Chosen","floor":21,"turns":8},{"damage":0,"enemies":"Shelled Parasite and Fungi","floor":22,"turns":6},{"damage":10,"enemies":"Cultist and Chosen","floor":24,"turns":7},{"damage":0,"enemies":"Gremlin Leader","floor":25,"turns":6},{"damage":0,"enemies":"Centurion and Healer","floor":27,"turns":5},{"damage":11,"enemies":"Book of Stabbing","floor":28,"turns":7},{"damage":0,"enemies":"3 Cultists","floor":30,"turns":4},{"damage":11,"enemies":"Snake Plant","floor":31,"turns":4},{"damage":38,"enemies":"Collector","floor":33,"turns":12},{"damage":0,"enemies":"Orb Walker","floor":35,"turns":4},{"damage":0,"enemies":"3 Darklings","floor":36,"turns":3},{"damage":20,"enemies":"2 Orb Walkers","floor":37,"turns":5},{"damage":0,"enemies":"Jaw Worm Horde","floor":39,"turns":3},{"damage":7,"enemies":"Giant Head","floor":40,"turns":7},{"damage":0,"enemies":"4 Shapes","floor":42,"turns":3},{"damage":11,"enemies":"Nemesis","floor":44,"turns":9},{"damage":5,"enemies":"Giant Head","floor":46,"turns":6},{"damage":0,"enemies":"Spire Growth","floor":48,"turns":5},{"damage":61,"enemies":"Time Eater","floor":50,"turns":11},{"damage":20,"enemies":"Shield and Spear","floor":54,"turns":4},{"damage":21,"enemies":"The Heart","floor":55,"turns":8}],"seed_played":"8179054157918075729","potions_obtained":[{"floor":1.0,"key":"Dexterity Potion"},{"floor":11,"key":"Strength Potion"},{"floor":14,"key":"Block Potion"},{"floor":18,"key":"DistilledChaos"},{"floor":30,"key":"FairyPotion"},{"floor":39,"key":"PowerPotion"}],"is_trial":false,"path_per_floor":["M","M","?","$","$","E","?","E","T","$","M","R","E","M","R","B",null,"M","?","$","M","M","R","M","E","T","M","E","?","M","M","R","B",null,"M","M","?","?","M","E","?","M","T","E","R","E","R","M","R","B",null,"R","$","E","B",null],"character_chosen":"THE_SILENT","items_purchased":["Nunchaku","Finesse","Blade Dance","Deflect","After Image","Panache","Blind","Weak Potion","ColorlessPotion","War Paint","Expertise"],"campfire_rested":0,"item_purchase_floors":[4,5,5,5,10,20,53,53,53,53,53],"current_hp_per_floor":[70,70,70,70,70,70,59,54,54,54,56,68,51,51,63,9,70,70,70,70,58,60,70,60,62,62,64,55,55,57,48,63,27,70,70,70,50,50,52,47,47,49,49,40,58,55,66,66,66,5,66,66,66,53,34],"gold":79,"neow_bonus":"THREE_ENEMY_KILL","is_daily":false,"chose_seed":false,"campfire_upgraded":7,"win_rate":0.0,"timestamp":1610774751,"path_taken":["M","M","?","?","$","E","?","E","T","$","M","R","E","M","R","BOSS","M","?","?","?","M","R","M","E","T","M","E","?","M","M","R","BOSS","M","M","?","?","M","E","?","M","T","E","R","E","R","M","R","BOSS","R","$","E","BOSS"],"items_purchased_type":["Relic","Card","Card","Card","Card","Card","Card","Potion","Potion","Relic","Card"],"build_version":"2020-12-22","purchased_purges":2,"victory":true,"max_hp_per_floor":[70,70,70,70,70,70,70,70,70,70,70,70,70,70,70,70,70,70,70,70,70,70,70,70,70,70,70,70,70,70,70,70,70,70,70,70,70,66,66,66,66,66,66,66,66,66,66,66,66,66,66,66,66,73,73],"relic_stats":{"Gremlin Horn":[1,1],"counters":[30,188],"HoveringKite":[101],"Eternal Feather":78,"Orichalcum":[12],"War Paint":["Calculated Gamble","Blade Dance"],"Blood Vial":34,"Nunchaku":[47],"Centennial Puzzle":[15],"Mummified Hand":[37],"obtain_stats":[{"NeowsBlessing":0,"Gremlin Horn":46,"Oddly Smooth Stone":6,"HoveringKite":17,"Eternal Feather":9,"Thread and Needle":44,"Paper Crane":13,"Orichalcum":25,"War Paint":53,"Blood Vial":8,"Nunchaku":4,"Centennial Puzzle":40,"HornCleat":28,"WristBlade":34,"Mummified Hand":43,"Strawberry":54,"TungstenRod":37,"Ring of the Snake":0},{"NeowsBlessing":0,"Gremlin Horn":26,"Oddly Smooth Stone":3,"HoveringKite":8,"Eternal Feather":4,"Thread and Needle":25,"Paper Crane":6,"Orichalcum":13,"War Paint":28,"Blood Vial":4,"Nunchaku":2,"Centennial Puzzle":23,"HornCleat":15,"WristBlade":18,"Mummified Hand":24,"Strawberry":29,"TungstenRod":21,"Ring of the Snake":0},{"NeowsBlessing":0,"Gremlin Horn":160,"Oddly Smooth Stone":3,"HoveringKite":52,"Eternal Feather":12,"Thread and Needle":154,"Paper Crane":27,"Orichalcum":88,"War Paint":176,"Blood Vial":12,"Nunchaku":2,"Centennial Puzzle":142,"HornCleat":100,"WristBlade":120,"Mummified Hand":145,"Strawberry":180,"TungstenRod":132,"Ring of the Snake":0}],"TungstenRod":14,"Ring of the Snake":[60]},"card_choices":[{"not_picked":["Slice","Deadly Poison"],"picked":"Calculated Gamble","floor":1.0},{"not_picked":["Dagger Spray","Sucker Punch"],"picked":"Accuracy","floor":2.0},{"not_picked":["Dash","Leg Sweep"],"picked":"Footwork","floor":6},{"not_picked":["Backstab","Terror"],"picked":"Escape Plan","floor":8},{"not_picked":["Acrobatics","Blur","Cloak And Dagger"],"picked":"SKIP","floor":11},{"not_picked":["Cloak And Dagger","Bane","Dagger Spray"],"picked":"SKIP","floor":13},{"not_picked":["Poisoned Stab","Dagger Throw"],"picked":"Calculated Gamble","floor":14},{"not_picked":["Tools of the Trade","Adrenaline"],"picked":"After Image","floor":16},{"not_picked":["Bane","Setup"],"picked":"Escape Plan","floor":18},{"not_picked":["Blade Dance","Quick Slash"],"picked":"Dagger Throw","floor":21},{"not_picked":["Caltrops+1","Well Laid Plans"],"picked":"Die Die Die","floor":22},{"not_picked":["Prepared","Dodge and Roll"],"picked":"Acrobatics","floor":24},{"not_picked":["Unload","Dagger Spray"],"picked":"Prepared+1","floor":25},{"not_picked":["Accuracy","Poisoned Stab","Predator"],"picked":"SKIP","floor":27},{"not_picked":["All Out Attack","Outmaneuver+1","Dagger Spray"],"picked":"SKIP","floor":28},{"not_picked":["Bane","Poisoned Stab+1","PiercingWail"],"picked":"SKIP","floor":30},{"not_picked":["Poisoned Stab","Prepared+1"],"picked":"Infinite Blades+1","floor":31},{"not_picked":["Burst","Grand Finale"],"picked":"Tools of the Trade","floor":33},{"not_picked":["Blade Dance","Finisher"],"picked":"Deflect+1","floor":35},{"not_picked":["All Out Attack+1","Infinite Blades+1","Caltrops"],"picked":"SKIP","floor":36},{"not_picked":["Endless Agony+1","All Out Attack"],"picked":"Acrobatics+1","floor":39},{"not_picked":["Caltrops+1","Deadly Poison+1","Bouncing Flask+1"],"picked":"SKIP","floor":40},{"not_picked":["Quick Slash","Dagger Throw"],"picked":"Deflect+1","floor":42},{"not_picked":["Backflip","Flechettes"],"picked":"Storm of Steel","floor":44},{"not_picked":["Dagger Spray","Slice+1"],"picked":"Phantasmal Killer","floor":46},{"not_picked":["Escape Plan","Dagger Spray"],"picked":"Distraction+1","floor":48},{"not_picked":["PiercingWail","Endless Agony"],"picked":"Setup+1","floor":54}],"player_experience":231127,"relics_obtained":[{"floor":6,"key":"Oddly Smooth Stone"},{"floor":8,"key":"Blood Vial"},{"floor":9,"key":"Eternal Feather"},{"floor":13,"key":"Paper Crane"},{"floor":25,"key":"Orichalcum"},{"floor":28,"key":"HornCleat"},{"floor":37,"key":"TungstenRod"},{"floor":40,"key":"Centennial Puzzle"},{"floor":43,"key":"Mummified Hand"},{"floor":44,"key":"Thread and Needle"},{"floor":46,"key":"Gremlin Horn"},{"floor":54,"key":"Strawberry"}],"event_choices":[{"damage_healed":0.0,"max_hp_gain":0.0,"max_hp_loss":0.0,"gold_gain":275.0,"event_name":"Golden Shrine","player_choice":"Desecrate","floor":3.0,"gold_loss":0.0,"damage_taken":0.0,"cards_obtained":["Regret"]},{"damage_healed":0,"gold_gain":75,"player_choice":"Gather Gold","damage_taken":11,"max_hp_gain":0,"max_hp_loss":0,"event_name":"World of Goop","floor":7,"gold_loss":0},{"damage_healed":0,"gold_gain":0,"player_choice":"Bought 0 Potions","damage_taken":0,"max_hp_gain":0,"max_hp_loss":0,"event_name":"The Woman in Blue","floor":19,"gold_loss":0},{"damage_healed":0,"gold_gain":0,"player_choice":"Simplicity","damage_taken":0,"max_hp_gain":0,"max_hp_loss":0,"event_name":"Back to Basics","floor":29,"gold_loss":0,"cards_upgraded":["Strike_G","Strike_G","Strike_G","Strike_G","Strike_G","Defend_G","Defend_G","Defend_G","Defend_G","Defend_G"]},{"damage_healed":0,"gold_gain":0,"player_choice":"Fight","damage_taken":0,"max_hp_gain":0,"max_hp_loss":0,"event_name":"Mysterious Sphere","floor":37,"gold_loss":0},{"damage_healed":0,"gold_gain":0,"player_choice":"Max HP","damage_taken":0,"max_hp_gain":0,"max_hp_loss":4,"event_name":"Winding Halls","floor":38,"gold_loss":0},{"damage_healed":0,"gold_gain":0,"player_choice":"Upgraded","damage_taken":0,"max_hp_gain":0,"max_hp_loss":0,"event_name":"Upgrade Shrine","floor":41,"gold_loss":0,"cards_upgraded":["Panache"]}],"is_beta":false,"boss_relics":[{"not_picked":["Calling Bell","Coffee Dripper"],"picked":"HoveringKite"},{"not_picked":["Astrolabe","Runic Dome"],"picked":"WristBlade"}],"items_purged_floors":[4,53],"is_endless":false,"potions_floor_spawned":[1,11,14,16,18,24,25,30,36,39,42,46],"ascension_level":3}}