{"host":"51fyd6gkml7xavq8","time":1610830748,"event":{"mods":["BaseMod","BetterRewards","Colored Map","Energized Spire","Infinite Spire","Minty Spire (QoL Compilation)","Replay The Spire","Shop Mod","Spicy Shops","StSLib","The Blue Laboratory","[IsaacMod]????"],"gold_per_floor":[109,109,34,47,142,142,177,177,177,192,192,253,253,317,317,416,416,523,523,61,61,111,111,131,131,131,131,56,73,84,23,23,126,126,137,137,154,209,226,226,253,130,130,130,130,156,169,57,57,74,74,90,90,36,36,52,83,83,103,103,0,0,16,16,16],"floor_reached":51,"language":"ENG","playtime":3558,"items_purged":["Defend_G","Strike_G","Pain","Defend_G","Defend_G","Strike_G","Defend_G","Strike_G"],"score":1532,"play_id":"ace611f9-30d2-4c81-bf4e-34ac2f2d3e02","local_time":"20210116175908","is_ascension_mode":true,"campfire_choices":[{"data":"ReplayTheSpireMod:Chaos Vortex","floor":6.0,"key":"SMITH"},{"data":"Neutralize","floor":8.0,"key":"SMITH"},{"data":"Noxious Fumes","floor":15.0,"key":"SMITH"},{"data":"Noxious Fumes","floor":23.0,"key":"SMITH"},{"data":"Poisoned Stab","floor":27.0,"key":"SMITH"},{"data":"Corpse Explosion","floor":32.0,"key":"SMITH"},{"data":"infinitespire:UltimateForm","floor":40.0,"key":"SMITH"},{"data":"infinitespire:Starlight","floor":45.0,"key":"SMITH"},{"floor":49.0,"key":"REST"},{"data":"Core Surge","floor":49.0,"key":"SMITH"},{"floor":40.0,"key":"REST"},{"data":"Survivor","floor":40.0,"key":"SMITH"},{"floor":45,"key":"REST"},{"data":"Defend_G","floor":45,"key":"SMITH"},{"floor":49,"key":"REST"}],"circlet_count":0,"master_deck":["Strike_G+1","Defend_G+1","Survivor+1","Neutralize+1","ReplayTheSpireMod:Chaos Vortex+1","Noxious Fumes+1","Noxious Fumes+1","Corpse Explosion+1","Footwork+1","Poisoned Stab+1","Noxious Fumes+1","infinitespire:UltimateForm+1","Core Surge+1","infinitespire:Starlight+1","infinitespire:UltimateForm+1"],"relics":["Ring of the Snake","HushsDoor","PokeGo","TwistedFunnel","MerchantsRug","infinitespire:Lucky Rock","infinitespire:WardingShard","energizedSpire:OgreHead","infinitespire:CursedDice","Omamori","Philosopher\u0027s Stone","D6","Busted Crown","Replay:Accelerometer","Pen Nib","infinitespire:Magic Flask","TheBible","DollysMirror","GuppysHead","CaptainsWheel","Red Mask"],"acts_visited":["Exordium","TheCity","TheBeyond"],"potions_floor_usage":[50],"damage_taken":[{"damage":0.0,"enemies":"Small Slimes","floor":1.0,"turns":3.0},{"damage":0.0,"enemies":"Jaw Worm","floor":4.0,"turns":4.0},{"damage":0.0,"enemies":"3 Sentries","floor":7.0,"turns":18.0},{"damage":0.0,"enemies":"Cultist","floor":10.0,"turns":3.0},{"damage":0.0,"enemies":"Looter","floor":12.0,"turns":4.0},{"damage":0.0,"enemies":"Exordium Thugs","floor":14.0,"turns":4.0},{"damage":0.0,"enemies":"Hexaghost","floor":16.0,"turns":7.0},{"damage":0.0,"enemies":"2 Thieves","floor":18.0,"turns":3.0},{"damage":0.0,"enemies":"3 Byrds","floor":24.0,"turns":4.0},{"damage":13.0,"enemies":"Snake Plant","floor":29.0,"turns":4.0},{"damage":0.0,"enemies":"Cultist and Chosen","floor":30.0,"turns":4.0},{"damage":0.0,"enemies":"Collector","floor":33.0,"turns":6.0},{"damage":7.0,"enemies":"3 Shapes","floor":35.0,"turns":3.0},{"damage":19.0,"enemies":"3 Darklings","floor":37.0,"turns":3.0},{"damage":0.0,"enemies":"Sphere and 2 Shapes","floor":39.0,"turns":4.0},{"damage":7.0,"enemies":"R_Hoarder","floor":41.0,"turns":7.0},{"damage":8.0,"enemies":"Nemesis","floor":46.0,"turns":7.0},{"damage":0.0,"enemies":"Spire Growth","floor":47.0,"turns":5.0},{"damage":24.0,"enemies":"3 Shapes","floor":35.0,"turns":3.0},{"damage":42.0,"enemies":"3 Darklings","floor":37.0,"turns":4.0},{"damage":0,"enemies":"Maw","floor":41,"turns":6},{"damage":5,"enemies":"Giant Head","floor":42,"turns":7},{"damage":31,"enemies":"Writhing Mass","floor":44,"turns":5},{"damage":7,"enemies":"4 Shapes","floor":48,"turns":3},{"damage":29,"enemies":"infinitespire:MassOfShapes","floor":50,"turns":9}],"seed_played":"800033878719811384","potions_obtained":[{"floor":10.0,"key":"blueLaboratory:RememoryPotion"},{"floor":14.0,"key":"Poison Potion"},{"floor":16.0,"key":"blueLaboratory:BubblePotion"},{"floor":22.0,"key":"SneckoOil"},{"floor":24.0,"key":"Adrenaline Potion"},{"floor":30.0,"key":"blueLaboratory:CorrosionFlask"},{"floor":35.0,"key":"Weak Potion"},{"floor":38.0,"key":"Adrenaline Potion"},{"floor":38.0,"key":"EssenceOfSteel"},{"floor":38.0,"key":"blueLaboratory:BottleOfVodka"},{"floor":46.0,"key":"Elixir"},{"floor":41,"key":"blueLaboratory:RememoryPotion"},{"floor":44,"key":"Fire Potion"},{"floor":48,"key":"PowerPotion"}],"is_trial":false,"path_per_floor":["M","?","$","M","?","R","E","R","T","M","?","M","?","M","R","B",null,"M","?","$","?","AVR","R","M","?","T","R","?","M","M","$","R","B",null,"M","AVR","M","?","M","R","E","$","T","$","R","E","M","$","R","M","AVR","M","?","$","R","M","E","T","M","R","?","?","M","R","B",null],"character_chosen":"THE_SILENT","items_purchased":["TwistedFunnel","MerchantsRug","infinitespire:CursedDice","Poisoned Stab","PrismaticShard","infinitespire:Magic Flask","DollysMirror"],"campfire_rested":4,"item_purchase_floors":[0,0,20,20,20,48,39],"current_hp_per_floor":[53,36,36,36,21,21,21,21,21,21,21,21,6,6,6,6,54,54,41,41,41,46,46,46,46,46,46,46,33,33,33,33,33,68,61,61,42,22,32,32,35,35,35,35,35,42,57,57,80,56,56,29,29,29,53,80,80,80,64,80,80,70,63,80,66],"gold":16,"neow_bonus":"","is_daily":false,"chose_seed":false,"campfire_upgraded":11,"win_rate":0.0,"timestamp":1610830748,"path_taken":["M","?","$","M","?","R","E","R","T","?","?","M","?","M","R","BOSS","M","?","$","?","AVR","R","M","?","T","R","?","M","?","$","R","BOSS","M","AVR","M","?","M","R","E","?","T","$","R","E","M","$","R","M","AVR","M","?","$","R","M","E","T","M","R","?","?","M","R","BOSS"],"items_purchased_type":["Relic","Relic","Relic","Card","Relic","Relic","Relic"],"build_version":"2020-12-22","purchased_purges":8,"victory":true,"max_hp_per_floor":[70,70,70,70,70,70,70,70,70,70,70,70,70,70,70,70,70,70,75,75,75,80,80,80,80,80,80,80,80,80,80,80,80,80,80,80,80,80,80,80,80,80,80,80,80,80,80,80,80,80,80,80,80,80,80,80,80,80,80,80,80,80,80,80,80],"card_choices":[{"not_picked":["Quick Slash","Cloak And Dagger","PiercingWail"],"picked":"SKIP","floor":1.0},{"not_picked":["infinitespire:Execution","infinitespire:Oblivion"],"picked":"ReplayTheSpireMod:Chaos Vortex","floor":2.0},{"not_picked":["Accuracy","Outmaneuver","Blur"],"picked":"SKIP","floor":4.0},{"not_picked":["Prepared","Sneak Up","Fluid Movement"],"picked":"SKIP","floor":7.0},{"not_picked":["Backflip","Acrobatics"],"picked":"Footwork","floor":10.0},{"not_picked":["Riddle With Holes","Dash"],"picked":"Noxious Fumes","floor":12.0},{"not_picked":["Footwork","Bomb"],"picked":"Noxious Fumes","floor":14.0},{"not_picked":["Phantasmal Killer","Die Die Die"],"picked":"Corpse Explosion","floor":16.0},{"not_picked":["Slice","Replay:Poison Smokescreen"],"picked":"Footwork+1","floor":18.0},{"not_picked":["Blade Dance","Compile Driver+1","Halt"],"picked":"SKIP","floor":24.0},{"not_picked":["Jack Of All Trades+1","Aggregate","LikeWater"],"picked":"SKIP","floor":29.0},{"not_picked":["Ball Lightning","Heavy Blade","Dagger Throw"],"picked":"SKIP","floor":30.0},{"not_picked":["Replay:Many Hands","Poisoned Strike"],"picked":"Core Surge","floor":33.0},{"not_picked":["Spot Weakness","ReplayTheSpireMod:Stacked+1","Bane"],"picked":"SKIP","floor":35.0},{"not_picked":["Life Link+1"],"picked":"SKIP","floor":37.0},{"not_picked":["BattleHymn+1"],"picked":"SKIP","floor":39.0},{"not_picked":["Impatience+1"],"picked":"SKIP","floor":41.0},{"not_picked":["Poisoned Stab+1"],"picked":"SKIP","floor":46.0},{"not_picked":["Dagger Throw+1"],"picked":"SKIP","floor":47.0},{"not_picked":["Blur"],"picked":"SKIP","floor":35.0},{"not_picked":["Acrobatics+1"],"picked":"SKIP","floor":37.0},{"not_picked":["Hidden Blade"],"picked":"SKIP","floor":41},{"not_picked":["Hidden Blade+1"],"picked":"SKIP","floor":42},{"not_picked":["Flying Knee+1"],"picked":"SKIP","floor":44},{"not_picked":["Acrobatics+1"],"picked":"SKIP","floor":48}],"player_experience":566066,"relics_obtained":[{"floor":7.0,"key":"infinitespire:Lucky Rock"},{"floor":9.0,"key":"infinitespire:WardingShard"},{"floor":26.0,"key":"Omamori"},{"floor":41.0,"key":"Replay:Accelerometer"},{"floor":43.0,"key":"ForgetMeNow"},{"floor":46.0,"key":"Pen Nib"},{"floor":42,"key":"GuppysHead"},{"floor":43,"key":"CaptainsWheel"}],"event_choices":[{"damage_healed":0.0,"max_hp_gain":0.0,"max_hp_loss":0.0,"gold_gain":0.0,"event_name":"Living Wall","player_choice":"Grow","floor":11.0,"gold_loss":0.0,"damage_taken":0.0,"cards_upgraded":["Footwork"]},{"damage_healed":0.0,"max_hp_gain":5.0,"max_hp_loss":0.0,"gold_gain":0.0,"event_name":"Forgotten Altar","player_choice":"Shed Blood","floor":19.0,"gold_loss":0.0,"damage_taken":18.0},{"damage_healed":0.0,"max_hp_gain":0.0,"max_hp_loss":0.0,"gold_gain":0.0,"event_name":"Duplicator","player_choice":"Copied","floor":21.0,"gold_loss":0.0,"damage_taken":0.0,"cards_obtained":["Noxious Fumes"]},{"damage_healed":0.0,"max_hp_gain":0.0,"max_hp_loss":0.0,"gold_gain":0.0,"event_name":"Ghosts","player_choice":"Ignored","floor":25.0,"gold_loss":0.0,"damage_taken":0.0},{"cards_removed":["Strike_G"],"damage_healed":0.0,"max_hp_gain":0.0,"max_hp_loss":0.0,"gold_gain":0.0,"event_name":"Beggar","player_choice":"Gave Gold","floor":28.0,"gold_loss":75.0,"damage_taken":0.0},{"cards_removed":["Footwork"],"damage_healed":0.0,"max_hp_gain":0.0,"max_hp_loss":0.0,"gold_gain":0.0,"event_name":"Falling","player_choice":"Removed Power","floor":38.0,"gold_loss":0.0,"damage_taken":0.0},{"damage_healed":0,"gold_gain":0,"player_choice":"Paid","damage_taken":0,"relics_obtained":["Red Mask"],"max_hp_gain":0,"max_hp_loss":0,"event_name":"Tomb of Lord Red Mask","floor":46,"gold_loss":103},{"damage_healed":0,"gold_gain":0,"player_choice":"Memory 3","damage_taken":10,"max_hp_gain":0,"max_hp_loss":0,"event_name":"SensoryStone","floor":47,"gold_loss":0}],"is_beta":false,"boss_relics":[{"not_picked":["infinitespire:Cupcake","WristBlade"],"picked":"energizedSpire:OgreHead"},{"not_picked":[]},{"not_picked":["energizedSpire:PogoStick","Abe\u0027s Treasure"],"picked":"Philosopher\u0027s Stone"},{"not_picked":[]}],"items_purged_floors":[3,20,20,22,31,36,42,36],"is_endless":false,"potions_floor_spawned":[10,14,16,24,30,35,39,46,41,44,48],"ascension_level":8}}