{"host":"dm4yvegl9um2tlqd","time":1610755891,"event":{"mods":["2.2 Compatiblity","AchievementEnabler","BaseMod","Colored Map","DeckTracker","Highlight Path","KOR Keyword Fix","Keyboard Shortcuts","Minty Spire (QoL Compilation)","Permanent Neow","Quick Restart","Random Character Button","StSLib","SuperFastMode","everything is the same but u backflip on backflip"],"gold_per_floor":[117,132,9,24,24,24,55,55,81,113,113,146,165,190,190,190,190],"floor_reached":16,"language":"KOR","playtime":517,"items_purged":["Strike_B"],"score":147,"play_id":"629fd3d4-b8a9-4728-98ba-ebd76cd1beb3","local_time":"20210116091131","is_ascension_mode":true,"campfire_choices":[{"data":"Redo","floor":6,"key":"SMITH"},{"data":"Dualcast","floor":8,"key":"SMITH"},{"data":"Self Repair","floor":11,"key":"SMITH"},{"floor":15,"key":"REST"}],"circlet_count":0,"master_deck":["Strike_B+1","Strike_B","Strike_B","Defend_B","Defend_B","Defend_B","Defend_B","Zap","Dualcast+1","Chaos+1","Rip and Tear+1","Conserve Battery","Redo+1","Self Repair+1","Scrape+1","Compile Driver+1","BootSequence","Go for the Eyes+1"],"relics":["Cracked Core","Art of War","Whetstone","Smiling Mask","Molten Egg 2","Mummified Hand","FossilizedHelix"],"acts_visited":["Exordium"],"potions_floor_usage":[7,12,16],"damage_taken":[{"damage":5,"enemies":"Small Slimes","floor":1,"turns":3},{"damage":5,"enemies":"Jaw Worm","floor":2,"turns":4},{"damage":0,"enemies":"2 Louse","floor":4,"turns":2},{"damage":20,"enemies":"Gremlin Nob","floor":7,"turns":4},{"damage":21,"enemies":"Lagavulin","floor":10,"turns":6},{"damage":15,"enemies":"3 Sentries","floor":12,"turns":4},{"damage":7,"enemies":"Exordium Wildlife","floor":13,"turns":2},{"damage":16,"enemies":"Gremlin Nob","floor":14,"turns":3},{"damage":47,"enemies":"Slime Boss","floor":16,"turns":8}],"seed_played":"7635150479268002459","potions_obtained":[{"floor":1,"key":"Explosive Potion"},{"floor":4,"key":"Strength Potion"},{"floor":13,"key":"Swift Potion"}],"is_trial":false,"path_per_floor":["M","M","$","M","?","R","E","R","T","E","R","E","M","E","R","B"],"character_chosen":"DEFECT","items_purchased":["Conserve Battery"],"campfire_rested":1,"item_purchase_floors":[3],"current_hp_per_floor":[70,65,65,65,65,65,45,45,45,31,31,26,19,13,35,0,0],"gold":190,"neow_bonus":"RANDOM_COMMON_RELIC","is_daily":false,"chose_seed":false,"campfire_upgraded":3,"win_rate":0.0,"timestamp":1610755891,"path_taken":["M","M","$","M","?","R","E","R","T","E","R","E","M","E","R","BOSS"],"items_purchased_type":["Card"],"build_version":"2020-12-22","purchased_purges":1,"victory":false,"max_hp_per_floor":[75,75,75,75,75,75,75,75,75,75,75,75,75,75,75,75,75],"card_choices":[{"not_picked":["Blizzard","Turbo"],"picked":"Chaos","floor":1},{"not_picked":["Heatsinks","Hologram"],"picked":"Rip and Tear","floor":2},{"not_picked":["Tempest","Rebound"],"picked":"Redo","floor":4},{"not_picked":["All For One","Amplify"],"picked":"Self Repair","floor":7},{"not_picked":["Steam","Redo"],"picked":"Scrape+1","floor":10},{"not_picked":["Ball Lightning+1","Turbo"],"picked":"Compile Driver+1","floor":12},{"not_picked":["Ball Lightning+1","Cold Snap+1"],"picked":"BootSequence","floor":13},{"not_picked":["Glacier","Coolheaded"],"picked":"Go for the Eyes+1","floor":14}],"player_experience":49944,"relics_obtained":[{"floor":7,"key":"Whetstone"},{"floor":9,"key":"Smiling Mask"},{"floor":10,"key":"Molten Egg 2"},{"floor":12,"key":"Mummified Hand"},{"floor":14,"key":"FossilizedHelix"}],"event_choices":[{"damage_healed":0,"gold_gain":0,"player_choice":"Grow","damage_taken":0,"max_hp_gain":0,"max_hp_loss":0,"event_name":"Living Wall","floor":5,"gold_loss":0,"cards_upgraded":["Chaos"]}],"is_beta":false,"boss_relics":[],"items_purged_floors":[3],"is_endless":false,"potions_floor_spawned":[1,4,13],"killed_by":"Slime Boss","ascension_level":3}}