{"host":"8qunn9rv8l67kf3a","time":1610834213,"event":{"mods":["100% Spire Juice","2.2 Compatiblity","Act Like it!","Aspiration","Bard","BaseMod","Beaked The Cultist","Bestiary","Better Match","Better Note","Better Sensory Stone","Better Skull","Better Third Choice","Better Vampires","BetterRewards","Block Reminder","Chen","Colored Map","Conspire","Energized Spire","Gensokyo","Gold Saver","GungeonMod","Halation","Hermit","Hubris","Infinite Spire","KinomotoSakuraMod(????)","Koishi","Marisa????????","Marked Mod","Minty Spire (QoL Compilation)","Onozuka Komachi Mod","Potionbrewer","Random Character Button","Reimu??????","Replay The Spire","Shade Mod","Spikes Relics","StSLib","The Administrix","The Bladedancer","The Cursed","The Dragon Tamer","The Druid","The Florist","The Gatherer","The Hierophant","The Jungle","The Marked","The Mystic","The Senshi","The Servant 0.9.4","The Vixen","TheBandit","TheFirefly","TheVacant","Trackpad","Youmu??????","Yuyuko","vexMod","??????REMEMod"],"gold_per_floor":[119,139,157,173,98,98,98,98],"floor_reached":7,"language":"ENG","playtime":499,"items_purged":[],"score":43,"play_id":"669925c1-033d-45de-9a6c-90a12100b447","local_time":"20210116165653","is_ascension_mode":false,"campfire_choices":[{"floor":6,"key":"REST"}],"circlet_count":0,"master_deck":["Fantasy Butterflies","Fantasy Butterflies","Fantasy Butterflies","Fantasy Butterflies","Fantasy Butterflies","Dreamy Sakura","Dreamy Sakura","Dreamy Sakura","Dreamy Sakura","Dreamy Sakura","Deathly Ground","Faramita\u0027s Temptation","Open The Fan","Unborn Light","Bloom"],"relics":["Coronal","Yuyuko\u0027s fan","REME_ComplimentaryCards","trackpad:Compendium","halation:LostSnail","Replay:Multitool","aspiration:HatOfInfinitePower"],"acts_visited":["Exordium"],"potions_floor_usage":[],"damage_taken":[{"damage":24,"enemies":"Gensokyo:2_Kodama","floor":1,"turns":3},{"damage":42,"enemies":"Gensokyo:Gryphon","floor":2,"turns":7},{"damage":12,"enemies":"Gensokyo:Python","floor":3,"turns":3},{"damage":51,"enemies":"Gensokyo:3_Kodama","floor":4,"turns":6},{"damage":0,"enemies":"Gensokyo:Mamizou","floor":7,"turns":1}],"seed_played":"-2519876442463879434","potions_obtained":[{"floor":3,"key":"SteroidPotion"}],"is_trial":false,"path_per_floor":["M","M","M","M","?","R","E"],"character_chosen":"YUYOKO","items_purchased":["trackpad:Compendium","halation:LostSnail","aspiration:HatOfInfinitePower"],"campfire_rested":1,"item_purchase_floors":[0,0,0],"current_hp_per_floor":[24,33,36,18,18,30,30,30],"gold":98,"neow_bonus":"","is_daily":false,"chose_seed":false,"campfire_upgraded":0,"win_rate":0.0,"timestamp":1610834213,"path_taken":["M","M","M","M","?","R","E"],"items_purchased_type":["Relic","Relic","Relic"],"build_version":"2020-12-22","purchased_purges":0,"victory":false,"max_hp_per_floor":[40,40,40,40,40,40,40,40],"card_choices":[{"not_picked":["Song of Papilio","Dancing Soul"],"picked":"Open The Fan","floor":1},{"not_picked":["Open The Fan","Dancing Butterflies"],"picked":"Unborn Light","floor":2},{"not_picked":["Steamed Phantom","Unpaved Way"],"picked":"Bloom","floor":3},{"not_picked":["Suicide","Unreal","Showy Withering"],"picked":"SKIP","floor":4}],"player_experience":672085,"relics_obtained":[],"event_choices":[{"damage_healed":0,"gold_gain":0,"player_choice":"2","damage_taken":0,"max_hp_gain":0,"max_hp_loss":0,"event_name":"betterMatch:BetterMatch","floor":5,"gold_loss":0,"cards_obtained":[]}],"is_beta":false,"boss_relics":[],"items_purged_floors":[],"is_endless":false,"potions_floor_spawned":[3],"killed_by":"Gensokyo:Mamizou","ascension_level":0}}