{"host":"92108ef2q9tm8rod","time":1610828684,"event":{"mods":["BaseMod","Defuse TimeMaze Blight","Minty Spire (QoL Compilation)","StSLib","The Jungle"],"gold_per_floor":[114,134,134,134,145,145,145,180,180,180,210,226,241,273,273,368,368,384,384,404,404,404,436,461,494,494,188,206,217,244,258,258,353,353,369,369,216,226,238,238,238,270,270,270,270,270,320,170,170,170],"floor_reached":51,"language":"ENG","playtime":1727,"items_purged":[],"score":1246,"play_id":"eefddf1a-7eec-4f34-ac04-2a02c381f056","local_time":"20210116202444","daily_mods":["SealedDeck","Colorless Cards","Heirloom","Flight"],"is_ascension_mode":false,"campfire_choices":[{"data":"Redo","floor":6,"key":"SMITH"},{"data":"Madness","floor":7,"key":"SMITH"},{"data":"Blind","floor":10,"key":"SMITH"},{"data":"Beam Cell","floor":15,"key":"SMITH"},{"data":"Panacea","floor":32,"key":"SMITH"},{"data":"Gash","floor":40,"key":"SMITH"},{"data":"Gash","floor":41,"key":"SMITH"},{"data":"Good Instincts","floor":45,"key":"SMITH"},{"data":"Ball Lightning","floor":46,"key":"SMITH"},{"data":"1","floor":49,"key":"LIFT"}],"circlet_count":0,"master_deck":["Gash+1","Beam Cell+1","Madness+1","Ball Lightning+1","Gash+1","Blind+1","Chill","Redo+1","Good Instincts+1","Panacea+1"],"relics":["Unceasing Top","Ice Cream","InkBottle","Bottled Lightning","Boot","Gremlin Horn","Empty Cage","Akabeko","Nunchaku","DataDisk","Eternal Feather","Potion Belt","Pen Nib","TheAbacus","Peace Pipe","Thread and Needle","Girya","ClockworkSouvenir"],"acts_visited":["Exordium","Exordium","TheBeyond"],"potions_floor_usage":[33,33,50,50],"damage_taken":[{"damage":0,"enemies":"2 Louse","floor":1,"turns":1},{"damage":0,"enemies":"Cultist","floor":2,"turns":1},{"damage":0,"enemies":"Small Slimes","floor":5,"turns":1},{"damage":0,"enemies":"Gremlin Nob","floor":8,"turns":1},{"damage":0,"enemies":"Lagavulin","floor":11,"turns":1},{"damage":0,"enemies":"Exordium Thugs","floor":12,"turns":1},{"damage":0,"enemies":"Large Slime","floor":13,"turns":1},{"damage":0,"enemies":"Gremlin Nob","floor":14,"turns":1},{"damage":0,"enemies":"Slime Boss","floor":16,"turns":1},{"damage":0,"enemies":"theJungle:5_Spyders","floor":18,"turns":1},{"damage":0,"enemies":"theJungle:MUSHROOMGANG","floor":20,"turns":1},{"damage":0,"enemies":"theJungle:2_Phrogs","floor":23,"turns":1},{"damage":0,"enemies":"theJungle:Cassacara","floor":24,"turns":1},{"damage":0,"enemies":"theJungle:2_Phrogs","floor":25,"turns":1},{"damage":0,"enemies":"theJungle:JungleHuntersEncounter","floor":28,"turns":1},{"damage":0,"enemies":"theJungle:Lyon","floor":29,"turns":1},{"damage":0,"enemies":"theJungle:Cassacara","floor":30,"turns":1},{"damage":0,"enemies":"theJungle:2_Flameangoes","floor":31,"turns":1},{"damage":0,"enemies":"theJungle:TotemBoss","floor":33,"turns":1},{"damage":0,"enemies":"3 Darklings","floor":35,"turns":1},{"damage":0,"enemies":"Orb Walker","floor":38,"turns":1},{"damage":0,"enemies":"4 Shapes","floor":39,"turns":1},{"damage":0,"enemies":"Giant Head","floor":42,"turns":1},{"damage":0,"enemies":"Mind Bloom Boss Battle","floor":47,"turns":1},{"damage":0,"enemies":"Donu and Deca","floor":50,"turns":1}],"seed_played":"-2665534638473531679","potions_obtained":[{"floor":1,"key":"CultistPotion"},{"floor":5,"key":"Fire Potion"},{"floor":8,"key":"Block Potion"},{"floor":13,"key":"Strength Potion"},{"floor":16,"key":"Strength Potion"},{"floor":20,"key":"Weak Potion"},{"floor":28,"key":"Weak Potion"},{"floor":33,"key":"SneckoOil"},{"floor":35,"key":"PowerPotion"},{"floor":38,"key":"Energy Potion"}],"is_trial":true,"path_per_floor":["M","M","?","?","M","R","R","E","T","R","E","M","M","E","R","B",null,"M","$","M","$","?","E","E","E","T","$","M","M","E","M","R","B",null,"M","?","$","M","M","R","R","E","T","?","R","R","?","$","R","B",null],"character_chosen":"DEFECT","items_purchased":["Potion Belt","Panacea","DuplicationPotion","TheAbacus","ClockworkSouvenir"],"campfire_rested":0,"item_purchase_floors":[27,27,27,37,48],"current_hp_per_floor":[75,75,75,75,75,75,75,75,75,75,75,75,75,75,75,75,75,75,75,75,75,75,75,75,75,75,75,75,75,75,75,75,75,75,75,75,75,75,75,75,75,75,75,75,75,75,75,75,75,75],"gold":170,"neow_bonus":"","is_daily":false,"chose_seed":false,"campfire_upgraded":9,"win_rate":0.0,"timestamp":1610828684,"path_taken":["M","M","?","?","M","R","R","E","T","R","E","M","?","E","R","BOSS","M","$","M","$","?","E","E","E","T","$","M","M","E","M","R","BOSS","M","?","?","M","M","R","R","E","T","?","R","R","?","$","R","BOSS"],"items_purchased_type":["Relic","Card","Potion","Relic","Relic"],"build_version":"2020-12-22","purchased_purges":0,"victory":true,"max_hp_per_floor":[75,75,75,75,75,75,75,75,75,75,75,75,75,75,75,75,75,75,75,75,75,75,75,75,75,75,75,75,75,75,75,75,75,75,75,75,75,75,75,75,75,75,75,75,75,75,75,75,75,75],"card_choices":[{"not_picked":["Heatsinks","Storm","Discovery"],"picked":"SKIP","floor":1},{"not_picked":["Reinforced Body","Heatsinks","Beam Cell"],"picked":"SKIP","floor":2},{"not_picked":["Turbo","Streamline"],"picked":"Redo","floor":5},{"not_picked":["FTL","Auto Shields"],"picked":"Good Instincts","floor":8},{"not_picked":["Lockon","Bandage Up","Double Energy"],"picked":"SKIP","floor":11},{"not_picked":["Sweeping Beam","Cold Snap","Biased Cognition"],"picked":"SKIP","floor":12},{"not_picked":["Sweeping Beam","Go for the Eyes","Auto Shields"],"picked":"SKIP","floor":13},{"not_picked":["Transmutation","Sweeping Beam","Coolheaded"],"picked":"SKIP","floor":14},{"not_picked":["Beam Cell+1","Enlightenment+1","Redo"],"picked":"SKIP","floor":18},{"not_picked":["Rebound","Capacitor+1","Compile Driver"],"picked":"SKIP","floor":20},{"not_picked":["Turbo","Fission","Go for the Eyes"],"picked":"SKIP","floor":23},{"not_picked":["Steam","Force Field+1","Blind"],"picked":"SKIP","floor":24},{"not_picked":["Chaos","Sunder","Barrage+1"],"picked":"SKIP","floor":25},{"not_picked":["Stack","Barrage+1","Leap"],"picked":"SKIP","floor":28},{"not_picked":["BootSequence","Panacea","Bandage Up"],"picked":"SKIP","floor":29},{"not_picked":["Redo","Coolheaded","Sweeping Beam"],"picked":"SKIP","floor":30},{"not_picked":["Conserve Battery","Steam","Ball Lightning"],"picked":"SKIP","floor":31},{"not_picked":["Impatience","Coolheaded+1","Reprogram+1"],"picked":"SKIP","floor":35},{"not_picked":["Deep Breath+1","Compile Driver","Undo"],"picked":"SKIP","floor":38},{"not_picked":["Sweeping Beam","Barrage","Compile Driver"],"picked":"SKIP","floor":39},{"not_picked":["Rebound","Capacitor","Coolheaded"],"picked":"SKIP","floor":42}],"player_experience":3305494,"relics_obtained":[{"floor":8,"key":"InkBottle"},{"floor":9,"key":"Bottled Lightning"},{"floor":11,"key":"Boot"},{"floor":14,"key":"Gremlin Horn"},{"floor":23,"key":"Akabeko"},{"floor":24,"key":"Nunchaku"},{"floor":25,"key":"DataDisk"},{"floor":26,"key":"Eternal Feather"},{"floor":30,"key":"Pen Nib"},{"floor":42,"key":"Peace Pipe"},{"floor":43,"key":"Thread and Needle"},{"floor":47,"key":"Girya"}],"event_choices":[{"damage_healed":0,"gold_gain":0,"player_choice":"Leave","damage_taken":0,"max_hp_gain":0,"max_hp_loss":0,"event_name":"The Cleric","floor":3,"gold_loss":0},{"damage_healed":0,"gold_gain":0,"player_choice":"Leave","damage_taken":0,"max_hp_gain":0,"max_hp_loss":0,"event_name":"FaceTrader","floor":4,"gold_loss":0},{"cards_removed":["Swift Strike"],"damage_healed":0,"gold_gain":0,"player_choice":"Offered Uncommon","damage_taken":0,"max_hp_gain":0,"max_hp_loss":0,"event_name":"Bonfire Elementals","floor":36,"gold_loss":0},{"damage_healed":0,"gold_gain":0,"player_choice":"Ignored","damage_taken":0,"max_hp_gain":0,"max_hp_loss":0,"event_name":"Mysterious Sphere","floor":44,"gold_loss":0},{"damage_healed":0,"gold_gain":0,"player_choice":"Fight","damage_taken":0,"max_hp_gain":0,"max_hp_loss":0,"event_name":"MindBloom","floor":47,"gold_loss":0}],"is_beta":false,"boss_relics":[{"not_picked":["Astrolabe","Runic Dome"],"picked":"Empty Cage"},{"not_picked":["Philosopher\u0027s Stone","Velvet Choker","Cursed Key"]}],"items_purged_floors":[],"is_endless":false,"potions_floor_spawned":[1,5,8,13,16,18,20,28,29,33,35,38],"ascension_level":0}}