{"host":"Jedit","time":1610833563,"event":{"mods":["BaseMod","Minty Spire (QoL Compilation)","Relic Stats","StSLib"],"gold_per_floor":[115,265,265,265,280,307,307,332,382,417,387,387,407,438,438,512,512,526,88,102,102,115,145,145,145,145,0,41,41,341,351,351,437,437,448,3,3,3,25,66,75,102,129,129,143,143,169,184,184,204,204,204],"floor_reached":51,"language":"ENG","playtime":2275,"items_purged":["Strike_G","Strike_G","Strike_G"],"score":1578,"play_id":"dbfce941-e6fc-4f74-9a1a-2ab37e8c573f","local_time":"20210116214603","is_ascension_mode":true,"campfire_choices":[{"data":"Noxious Fumes","floor":7.0,"key":"SMITH"},{"floor":12.0,"key":"REST"},{"data":"Noxious Fumes","floor":15.0,"key":"SMITH"},{"floor":25.0,"key":"REST"},{"floor":29.0,"key":"RECALL"},{"floor":32.0,"key":"REST"},{"data":"Footwork","floor":44,"key":"SMITH"},{"floor":49,"key":"REST"}],"circlet_count":0,"master_deck":["AscendersBane","Strike_G","Strike_G+1","Defend_G","Defend_G","Defend_G","Defend_G","Defend_G","Survivor","Neutralize","Dagger Spray+1","Backflip","Noxious Fumes+1","Noxious Fumes+1","Malaise","Dodge and Roll","Deadly Poison","Malaise","PiercingWail","Apotheosis","Riddle With Holes","Noxious Fumes+1","Deadly Poison","Blur","Footwork+1","Predator","Night Terror","Skewer","Tools of the Trade","Doubt","Choke"],"relics":["Ring of the Snake","NeowsBlessing","Oddly Smooth Stone","Snake Skull","Whetstone","Lantern","Bottled Tornado","Snecko Eye","Toolbox","Ornamental Fan","CeramicFish","Old Coin","WristBlade","Paper Crane","Toy Ornithopter","Omamori","Orichalcum"],"acts_visited":["Exordium","TheCity","TheBeyond"],"potions_floor_usage":[39,40,40,48,50],"damage_taken":[{"damage":0.0,"enemies":"Jaw Worm","floor":1.0,"turns":1.0},{"damage":0.0,"enemies":"Small Slimes","floor":5.0,"turns":1.0},{"damage":0.0,"enemies":"Gremlin Nob","floor":6.0,"turns":1.0},{"damage":22.0,"enemies":"3 Sentries","floor":8.0,"turns":7.0},{"damage":34.0,"enemies":"Gremlin Nob","floor":10.0,"turns":5.0},{"damage":0.0,"enemies":"Cultist","floor":13.0,"turns":4.0},{"damage":4.0,"enemies":"3 Sentries","floor":14.0,"turns":5.0},{"damage":24.0,"enemies":"Slime Boss","floor":16.0,"turns":9.0},{"damage":0.0,"enemies":"Spheric Guardian","floor":18.0,"turns":3.0},{"damage":0.0,"enemies":"3 Byrds","floor":20.0,"turns":4.0},{"damage":0.0,"enemies":"Snake Plant","floor":22.0,"turns":7.0},{"damage":31.0,"enemies":"Slavers","floor":23.0,"turns":5.0},{"damage":0.0,"enemies":"Book of Stabbing","floor":28.0,"turns":7.0},{"damage":16.0,"enemies":"Shelled Parasite and Fungi","floor":31.0,"turns":5.0},{"damage":7,"enemies":"Automaton","floor":33,"turns":7},{"damage":0,"enemies":"Orb Walker","floor":35,"turns":3},{"damage":5,"enemies":"3 Shapes","floor":39,"turns":3},{"damage":44,"enemies":"Nemesis","floor":40,"turns":9},{"damage":36,"enemies":"Jaw Worm Horde","floor":45,"turns":4},{"damage":0,"enemies":"Spire Growth","floor":47,"turns":7},{"damage":9,"enemies":"Sphere and 2 Shapes","floor":48,"turns":4},{"damage":35,"enemies":"Time Eater","floor":50,"turns":15},{"damage":24,"enemies":"Awakened One","floor":51,"turns":2}],"seed_played":"-6428134224806418221","potions_obtained":[{"floor":5.0,"key":"GamblersBrew"},{"floor":8.0,"key":"Weak Potion"},{"floor":11.0,"key":"LiquidMemories"},{"floor":11.0,"key":"Dexterity Potion"},{"floor":16.0,"key":"Ancient Potion"},{"floor":18.0,"key":"LiquidBronze"},{"floor":28.0,"key":"SkillPotion"},{"floor":35,"key":"Weak Potion"},{"floor":39,"key":"DistilledChaos"},{"floor":45,"key":"GamblersBrew"},{"floor":47,"key":"Dexterity Potion"}],"is_trial":false,"path_per_floor":["M","?","?","?","M","E","R","E","T","E","?","R","M","E","R","B",null,"M","$","M","?","M","E","?","R","T","$","E","R","?","M","R","B",null,"M","$","?","?","M","E","?","T","T","R","M","$","M","M","R","B","B"],"character_chosen":"THE_SILENT","items_purchased":["Apotheosis","Toolbox","Footwork","Paper Crane","Poison Potion"],"campfire_rested":4,"item_purchase_floors":[19,19,27,36,36],"current_hp_per_floor":[59,59,64,64,64,64,64,42,42,8,8,29,29,25,25,1,54,54,54,54,54,54,23,23,44,44,44,44,44,44,28,49,42,64,64,64,64,64,59,15,67,67,67,67,31,31,31,27,47,17,0,0],"gold":204,"neow_bonus":"THREE_ENEMY_KILL","is_daily":false,"chose_seed":false,"campfire_upgraded":3,"win_rate":0.0,"timestamp":1610833563,"path_taken":["M","?","?","?","?","E","R","E","T","E","?","R","?","E","R","BOSS","M","$","M","?","?","E","?","R","T","?","E","R","?","M","R","BOSS","M","$","?","?","M","E","?","?","T","R","?","$","M","M","R","BOSS","BOSS"],"items_purchased_type":["Card","Relic","Card","Relic","Potion"],"build_version":"2020-12-18","purchased_purges":3,"victory":false,"max_hp_per_floor":[66,66,71,71,71,71,71,71,71,71,71,71,71,71,71,71,71,71,71,71,71,71,71,71,71,71,71,71,71,71,71,71,71,71,71,71,71,67,67,67,67,67,67,67,67,67,67,67,67,67,67,67],"relic_stats":{"counters":[23,118],"Ornamental Fan":[12],"CeramicFish":54,"Snecko Eye":[154,171,136,137],"Snake Skull":[141],"Whetstone":["Strike_G","Dagger Spray"],"Orichalcum":[30],"obtain_stats":[{"Lantern":10,"NeowsBlessing":0,"CeramicFish":28,"Oddly Smooth Stone":6,"Snake Skull":8,"Omamori":42,"Whetstone":9,"Bottled Tornado":14,"Paper Crane":36,"Orichalcum":43,"Old Coin":30,"WristBlade":34,"Ornamental Fan":23,"Snecko Eye":17,"Toolbox":19,"Toy Ornithopter":40,"Ring of the Snake":0},{"Lantern":5,"NeowsBlessing":0,"CeramicFish":13,"Oddly Smooth Stone":3,"Snake Skull":4,"Omamori":18,"Whetstone":4,"Bottled Tornado":7,"Paper Crane":16,"Orichalcum":18,"Old Coin":13,"WristBlade":15,"Ornamental Fan":12,"Snecko Eye":8,"Toolbox":9,"Toy Ornithopter":18,"Ring of the Snake":0},{"Lantern":15,"NeowsBlessing":0,"CeramicFish":59,"Oddly Smooth Stone":3,"Snake Skull":10,"Omamori":86,"Whetstone":10,"Bottled Tornado":24,"Paper Crane":74,"Orichalcum":86,"Old Coin":59,"WristBlade":71,"Ornamental Fan":52,"Snecko Eye":33,"Toolbox":36,"Toy Ornithopter":86,"Ring of the Snake":0}],"Toy Ornithopter":10,"Ring of the Snake":[46]},"card_choices":[{"not_picked":["PiercingWail","Bane"],"picked":"Dagger Spray","floor":1.0},{"not_picked":["Quick Slash","Escape Plan"],"picked":"Backflip","floor":5.0},{"not_picked":["Finisher","Expertise"],"picked":"Noxious Fumes","floor":6.0},{"not_picked":["Outmaneuver","Riddle With Holes"],"picked":"Noxious Fumes","floor":8.0},{"not_picked":["Dagger Throw","Heel Hook"],"picked":"Malaise","floor":10.0},{"not_picked":["Dagger Throw","Concentrate"],"picked":"Dodge and Roll","floor":13.0},{"not_picked":["Terror","Wraith Form v2"],"picked":"Deadly Poison","floor":14.0},{"not_picked":["Grand Finale","A Thousand Cuts"],"picked":"Malaise","floor":16.0},{"not_picked":["Sucker Punch","Heel Hook"],"picked":"PiercingWail","floor":18.0},{"not_picked":["Calculated Gamble+1","Cloak And Dagger"],"picked":"Riddle With Holes","floor":20.0},{"not_picked":["Flying Knee","Poisoned Stab"],"picked":"Deadly Poison","floor":22.0},{"not_picked":["Sucker Punch+1","Dash"],"picked":"Blur","floor":23.0},{"not_picked":["Concentrate","Deflect"],"picked":"Predator","floor":28.0},{"not_picked":["Riddle With Holes","Escape Plan","Cloak And Dagger"],"picked":"SKIP","floor":31.0},{"not_picked":["Unload","Envenom"],"picked":"Night Terror","floor":33},{"not_picked":["Setup","Sucker Punch","Deflect"],"picked":"SKIP","floor":35},{"not_picked":["Sucker Punch","Prepared"],"picked":"Skewer","floor":39},{"not_picked":["Acrobatics+1","Deadly Poison"],"picked":"Tools of the Trade","floor":40},{"not_picked":["Prepared","Escape Plan+1","Bane"],"picked":"SKIP","floor":45},{"not_picked":["Dagger Spray","Slice"],"picked":"Choke","floor":47},{"not_picked":["Dodge and Roll","Prepared","Escape Plan"],"picked":"SKIP","floor":48}],"player_experience":3452521,"relics_obtained":[{"floor":6.0,"key":"Oddly Smooth Stone"},{"floor":8.0,"key":"Snake Skull"},{"floor":9.0,"key":"Whetstone"},{"floor":10.0,"key":"Lantern"},{"floor":14.0,"key":"Bottled Tornado"},{"floor":23.0,"key":"Ornamental Fan"},{"floor":28.0,"key":"CeramicFish"},{"floor":40,"key":"Toy Ornithopter"},{"floor":42,"key":"Omamori"},{"floor":43,"key":"Orichalcum"}],"event_choices":[{"damage_healed":0.0,"max_hp_gain":0.0,"max_hp_loss":0.0,"gold_gain":150.0,"event_name":"Liars Game","player_choice":"AGREE","floor":2.0,"gold_loss":0.0,"damage_taken":0.0,"cards_obtained":["Doubt"]},{"damage_healed":0.0,"max_hp_gain":5.0,"max_hp_loss":0.0,"gold_gain":0.0,"event_name":"Big Fish","player_choice":"Donut","floor":3.0,"gold_loss":0.0,"damage_taken":0.0},{"cards_removed":["Doubt"],"damage_healed":0.0,"max_hp_gain":0.0,"max_hp_loss":0.0,"gold_gain":0.0,"event_name":"Purifier","player_choice":"Purged","floor":4.0,"gold_loss":0.0,"damage_taken":0.0},{"damage_healed":0.0,"max_hp_gain":0.0,"max_hp_loss":0.0,"gold_gain":0.0,"event_name":"The Woman in Blue","player_choice":"Bought 2 Potions","floor":11.0,"gold_loss":0.0,"damage_taken":0.0},{"damage_healed":0.0,"max_hp_gain":0.0,"max_hp_loss":0.0,"gold_gain":0.0,"event_name":"Duplicator","player_choice":"Copied","floor":21.0,"gold_loss":0.0,"damage_taken":0.0,"cards_obtained":["Noxious Fumes"]},{"damage_healed":0.0,"max_hp_gain":0.0,"max_hp_loss":0.0,"gold_gain":0.0,"event_name":"Vampires","player_choice":"Ignored","floor":24.0,"gold_loss":0.0,"damage_taken":0.0},{"damage_healed":0.0,"max_hp_gain":0.0,"max_hp_loss":0.0,"gold_gain":0.0,"event_name":"WeMeetAgain","player_choice":"Gave Potion","floor":30.0,"gold_loss":0.0,"damage_taken":0.0,"relics_obtained":["Old Coin"]},{"damage_healed":0,"gold_gain":0,"player_choice":"Ignored","damage_taken":0,"max_hp_gain":0,"max_hp_loss":0,"event_name":"Mysterious Sphere","floor":37,"gold_loss":0},{"damage_healed":0,"gold_gain":0,"player_choice":"Max HP","damage_taken":0,"max_hp_gain":0,"max_hp_loss":4,"event_name":"Winding Halls","floor":38,"gold_loss":0},{"damage_healed":52,"gold_gain":0,"player_choice":"Heal","damage_taken":0,"max_hp_gain":0,"max_hp_loss":0,"event_name":"MindBloom","floor":41,"gold_loss":0,"cards_obtained":["Doubt"]}],"is_beta":true,"boss_relics":[{"not_picked":["Tiny House","Coffee Dripper"],"picked":"Snecko Eye"},{"not_picked":["Runic Pyramid","SacredBark"],"picked":"WristBlade"}],"items_purged_floors":[19,27,36],"is_endless":false,"potions_floor_spawned":[5,8,13,16,18,22,28,35,39,45,47],"killed_by":"Awakened One","ascension_level":20}}