{"host":"684z1xpuwaoqmmh1","time":1610817123,"event":{"mods":["Bard","BaseMod","Downfall","Hermit","Jorbs\u0027s Wanderer Trilogy","Marisa????????","Minty Spire (QoL Compilation)","Robot Space Explorer","Shade Mod","StSLib","The Bug Knight","The Cursed","The Hayseed","The Hierophant","The Marked","The Mystic","The Runesmith","The Senshi","The Spell Scribe"],"gold_per_floor":[111,111,128,148,168,168,196,214,260,260,285,285,318,318,318,442,442,455,111,130,145,145,145,183,183,183,83,123,38,57,90,90,210,210,235,235,235,235,248,288,288,322,368,402,402,425,425,468,468,468,468,468,21,52,52],"floor_reached":56,"language":"ENG","playtime":4620,"items_purged":["RobotSpaceExplorer:Strike","RobotSpaceExplorer:Strike"],"score":1953,"play_id":"fdb5e64e-5fe7-4405-afeb-29f1b01a936f","local_time":"20210116191203","is_ascension_mode":true,"campfire_choices":[{"data":"RobotSpaceExplorer:FrostMissile","floor":6,"key":"SMITH"},{"data":"RobotSpaceExplorer:ScrapShield","floor":12,"key":"SMITH"},{"data":"RobotSpaceExplorer:Asteroid","floor":15,"key":"SMITH"},{"data":"RobotSpaceExplorer:Jetpack","floor":23,"key":"SMITH"},{"data":"RobotSpaceExplorer:Jetpack","floor":32,"key":"SMITH"},{"floor":41,"key":"RECALL"},{"data":"RobotSpaceExplorer:ImprovisedAttack","floor":47,"key":"SMITH"},{"data":"RobotSpaceExplorer:Pulsar","floor":49,"key":"SMITH"},{"data":"RobotSpaceExplorer:ScrapToss","floor":52,"key":"SMITH"}],"circlet_count":0,"master_deck":["RobotSpaceExplorer:Strike","RobotSpaceExplorer:Strike","RobotSpaceExplorer:Defend","RobotSpaceExplorer:Defend","RobotSpaceExplorer:Defend","RobotSpaceExplorer:Scan","RobotSpaceExplorer:MiniLasers+1","RobotSpaceExplorer:FrostMissile+1","RobotSpaceExplorer:LuckyStrike","RobotSpaceExplorer:ScrapToss+1","RobotSpaceExplorer:LuckyStrike","RobotSpaceExplorer:ScrapShield+1","RobotSpaceExplorer:ScrapToss","RobotSpaceExplorer:Jetpack+1","RobotSpaceExplorer:Asteroid+1","RobotSpaceExplorer:TrailblazerForm+1","RobotSpaceExplorer:DualCore+1","RobotSpaceExplorer:Smokescreen","RobotSpaceExplorer:ExhaustFan+1","RobotSpaceExplorer:Pulsar+1","RobotSpaceExplorer:ScrapMissile","RobotSpaceExplorer:Jetpack+1","RobotSpaceExplorer:Discharger+1","RobotSpaceExplorer:FreezeRay+1","RobotSpaceExplorer:DualCore+1","RobotSpaceExplorer:Accelerator+1","RobotSpaceExplorer:ImprovisedAttack+1","RobotSpaceExplorer:Pulsar+1","RobotSpaceExplorer:SurgingShield","RobotSpaceExplorer:FreezingShield"],"relics":["RobotSpaceExplorer:RoboCore","Frozen Egg 2","sneckomod:BlankCard","Golden Idol","Slimebound:PreparedRelic","Anchor","RobotSpaceExplorer:Reprocessor","Bag of Preparation","MutagenicStrength","Juzu Bracelet","Singing Bowl","White Beast Statue","Pantograph","Gremlin Horn","Busted Crown","Mummified Hand","Regal Pillow","Toy Ornithopter","Runesmith:Nanobots","HornCleat","Centennial Puzzle","Kunai"],"acts_visited":["Exordium","TheCity","TheBeyond","TheEnding"],"potions_floor_usage":[7,16,16,20,24,31,33,39,40,42,48,50,54,55,55],"damage_taken":[{"damage":0,"enemies":"Jaw Worm","floor":1,"turns":3},{"damage":0,"enemies":"Cultist","floor":3,"turns":3},{"damage":0,"enemies":"Small Slimes","floor":4,"turns":3},{"damage":3,"enemies":"3 Louse","floor":5,"turns":4},{"damage":9,"enemies":"Gremlin Nob","floor":7,"turns":4},{"damage":0,"enemies":"Large Slime","floor":8,"turns":5},{"damage":0,"enemies":"2 Fungi Beasts","floor":11,"turns":1},{"damage":15,"enemies":"Lagavulin","floor":13,"turns":5},{"damage":9,"enemies":"Slime Boss","floor":16,"turns":4},{"damage":14,"enemies":"2 Thieves","floor":18,"turns":4},{"damage":7,"enemies":"Snecko","floor":20,"turns":5},{"damage":0,"enemies":"Centurion and Healer","floor":21,"turns":6},{"damage":19,"enemies":"Gremlin Leader","floor":24,"turns":12},{"damage":0,"enemies":"HollowMod:Nosk","floor":28,"turns":11},{"damage":0,"enemies":"3 Cultists","floor":30,"turns":6},{"damage":0,"enemies":"Gremlin Leader","floor":31,"turns":8},{"damage":0,"enemies":"Automaton","floor":33,"turns":10},{"damage":0,"enemies":"Orb Walker","floor":35,"turns":2},{"damage":22,"enemies":"3 Shapes","floor":39,"turns":5},{"damage":16,"enemies":"Nemesis","floor":40,"turns":8},{"damage":0,"enemies":"Giant Head","floor":42,"turns":6},{"damage":0,"enemies":"HollowMod:StalkingDevout","floor":44,"turns":7},{"damage":0,"enemies":"Jaw Worm Horde","floor":46,"turns":3},{"damage":0,"enemies":"Giant Head","floor":48,"turns":6},{"damage":14,"enemies":"Donu and Deca","floor":50,"turns":8},{"damage":53,"enemies":"Shield and Spear","floor":54,"turns":6},{"damage":40,"enemies":"The Heart","floor":55,"turns":10}],"seed_played":"-9053335993365718152","potions_obtained":[{"floor":3,"key":"Block Potion"},{"floor":8,"key":"Explosive Potion"},{"floor":13,"key":"Explosive Potion"},{"floor":16,"key":"RobotSpaceExplorer:RecyclePotion"},{"floor":18,"key":"RobotSpaceExplorer:LiquidFusion"},{"floor":28,"key":"Explosive Potion"},{"floor":30,"key":"Guardian:BlockOnCardUsePotion"},{"floor":31,"key":"Swift Potion"},{"floor":33,"key":"Dexterity Potion"},{"floor":35,"key":"Ancient Potion"},{"floor":39,"key":"PowerPotion"},{"floor":40,"key":"Fruit Juice"},{"floor":42,"key":"GamblersBrew"},{"floor":46,"key":"SkillPotion"},{"floor":48,"key":"AttackPotion"},{"floor":54,"key":"Dexterity Potion"}],"is_trial":false,"path_per_floor":["M","?","M","M","M","R","E","M","T","?","M","R","E","?","R","B",null,"M","$","M","M","?","R","E","?","T","$","E","?","M","E","R","B",null,"M","?","?","?","M","E","R","E","T","E","?","M","R","E","R","B",null,"R","$","E","B",null],"character_chosen":"RobotSpaceExplorer","items_purchased":["RobotSpaceExplorer:Smokescreen","Bag of Preparation","RobotSpaceExplorer:ExhaustFan+1","HornCleat","Centennial Puzzle","RobotSpaceExplorer:SurgingShield"],"campfire_rested":0,"item_purchase_floors":[19,19,19,53,53,53],"current_hp_per_floor":[75,75,75,75,72,72,63,63,63,43,43,43,28,21,21,12,65,51,51,44,44,44,44,25,25,25,25,25,25,25,25,25,50,74,76,76,76,76,56,42,42,49,49,51,51,53,53,58,58,74,90,90,90,42,37],"gold":52,"neow_bonus":"TEN_PERCENT_HP_BONUS","is_daily":false,"chose_seed":false,"campfire_upgraded":8,"win_rate":0.0,"timestamp":1610817123,"path_taken":["M","?","M","M","M","R","E","?","T","?","M","R","E","?","R","BOSS","M","$","M","M","?","R","E","?","T","$","E","?","M","E","R","BOSS","M","?","?","?","M","E","R","E","T","E","?","M","R","E","R","BOSS","R","$","E","BOSS"],"items_purchased_type":["Card","Relic","Card","Relic","Relic","Card"],"build_version":"2020-12-22","purchased_purges":2,"victory":true,"max_hp_per_floor":[82,82,82,82,82,82,82,82,82,82,82,82,82,82,82,82,82,82,82,82,82,82,82,82,82,82,82,82,82,82,82,82,82,82,84,84,80,80,82,84,84,91,91,93,93,95,95,95,95,95,95,95,95,95,95],"card_choices":[{"not_picked":["RobotSpaceExplorer:Reload","RobotSpaceExplorer:StunGrenade"],"picked":"RobotSpaceExplorer:FrostMissile","floor":1},{"not_picked":["RobotSpaceExplorer:FrostMissile","RobotSpaceExplorer:Pulsar"],"picked":"RobotSpaceExplorer:LuckyStrike","floor":3},{"not_picked":["RobotSpaceExplorer:SurgingStrike","RobotSpaceExplorer:DualCore"],"picked":"RobotSpaceExplorer:ScrapToss","floor":4},{"not_picked":["RobotSpaceExplorer:SwiftStep","RobotSpaceExplorer:StunGrenade"],"picked":"RobotSpaceExplorer:LuckyStrike","floor":5},{"not_picked":["RobotSpaceExplorer:SlimeMissile","RobotSpaceExplorer:RigExplosive"],"picked":"RobotSpaceExplorer:ScrapShield","floor":7},{"not_picked":["RobotSpaceExplorer:FreezingShield","RobotSpaceExplorer:SurgingShield"],"picked":"RobotSpaceExplorer:ScrapToss","floor":8},{"not_picked":["RobotSpaceExplorer:ImprovisedAttack","RobotSpaceExplorer:Electropulse"],"picked":"RobotSpaceExplorer:Jetpack","floor":11},{"not_picked":["RobotSpaceExplorer:Pulsar","RobotSpaceExplorer:GlueShot"],"picked":"RobotSpaceExplorer:Asteroid","floor":13},{"not_picked":["RobotSpaceExplorer:ShockMissile","RobotSpaceExplorer:BlastShield"],"picked":"RobotSpaceExplorer:TrailblazerForm+1","floor":16},{"not_picked":["RobotSpaceExplorer:FrostMissile+1","RobotSpaceExplorer:SwiftStep"],"picked":"RobotSpaceExplorer:DualCore+1","floor":18},{"not_picked":["RobotSpaceExplorer:ShovelStrike","RobotSpaceExplorer:FranticSearch"],"picked":"RobotSpaceExplorer:Pulsar","floor":20},{"not_picked":["RobotSpaceExplorer:SurgingStrike+1","RobotSpaceExplorer:Wormhole"],"picked":"RobotSpaceExplorer:ScrapMissile","floor":21},{"not_picked":["RobotSpaceExplorer:BigMissile","RobotSpaceExplorer:MakeshiftVolley+1"],"picked":"RobotSpaceExplorer:Jetpack","floor":24},{"not_picked":["RobotSpaceExplorer:MetalStrike","RobotSpaceExplorer:GlueShot"],"picked":"RobotSpaceExplorer:Discharger+1","floor":28},{"not_picked":["RobotSpaceExplorer:ScrapShield+1","RobotSpaceExplorer:SurgingShield"],"picked":"RobotSpaceExplorer:FreezeRay+1","floor":30},{"not_picked":["RobotSpaceExplorer:Ammunition","RobotSpaceExplorer:SwiftStep+1"],"picked":"RobotSpaceExplorer:DualCore+1","floor":31},{"not_picked":["RobotSpaceExplorer:HighVoltage","RobotSpaceExplorer:Wormhole"],"picked":"RobotSpaceExplorer:Accelerator+1","floor":33},{"not_picked":["RobotSpaceExplorer:MakeshiftVolley"],"picked":"Singing Bowl","floor":35},{"not_picked":["RobotSpaceExplorer:ShovelStrike"],"picked":"Singing Bowl","floor":39},{"not_picked":["RobotSpaceExplorer:SlimeMissile"],"picked":"Singing Bowl","floor":40},{"not_picked":["RobotSpaceExplorer:ShovelStrike+1"],"picked":"Singing Bowl","floor":42},{"not_picked":["RobotSpaceExplorer:SwiftStep"],"picked":"Singing Bowl","floor":44},{"not_picked":["RobotSpaceExplorer:FranticSearch"],"picked":"Singing Bowl","floor":46},{"not_picked":[],"picked":"RobotSpaceExplorer:Pulsar+1","floor":48},{"not_picked":[],"picked":"RobotSpaceExplorer:FreezingShield","floor":54}],"player_experience":2835709,"relics_obtained":[{"floor":7,"key":"Frozen Egg 2"},{"floor":9,"key":"sneckomod:BlankCard"},{"floor":13,"key":"Slimebound:PreparedRelic"},{"floor":24,"key":"Juzu Bracelet"},{"floor":26,"key":"Singing Bowl"},{"floor":28,"key":"White Beast Statue"},{"floor":31,"key":"Gremlin Horn"},{"floor":40,"key":"Mummified Hand"},{"floor":42,"key":"Regal Pillow"},{"floor":44,"key":"Toy Ornithopter"},{"floor":48,"key":"Runesmith:Nanobots"},{"floor":54,"key":"Kunai"}],"event_choices":[{"damage_healed":0,"gold_gain":0,"player_choice":"Upgraded","damage_taken":0,"max_hp_gain":0,"max_hp_loss":0,"event_name":"Upgrade Shrine","floor":2,"gold_loss":0,"cards_upgraded":["RobotSpaceExplorer:MiniLasers"]},{"damage_healed":0,"gold_gain":0,"player_choice":"Take Damage","damage_taken":20,"relics_obtained":["Golden Idol"],"max_hp_gain":0,"max_hp_loss":0,"event_name":"Golden Idol","floor":10,"gold_loss":0},{"damage_healed":0,"gold_gain":0,"player_choice":"Success","damage_taken":7,"relics_obtained":["Anchor"],"max_hp_gain":0,"max_hp_loss":0,"event_name":"Scrap Ooze","floor":14,"gold_loss":0},{"damage_healed":0,"gold_gain":0,"player_choice":"Inject Mutagens","damage_taken":0,"relics_obtained":["MutagenicStrength"],"max_hp_gain":0,"max_hp_loss":0,"event_name":"Drug Dealer","floor":22,"gold_loss":0},{"damage_healed":0,"gold_gain":0,"player_choice":"Ignored","damage_taken":0,"max_hp_gain":0,"max_hp_loss":0,"event_name":"Ghosts","floor":25,"gold_loss":0},{"damage_healed":0,"gold_gain":0,"player_choice":"Obtained Relic","damage_taken":0,"relics_obtained":["Pantograph"],"max_hp_gain":0,"max_hp_loss":0,"event_name":"Addict","floor":29,"gold_loss":85},{"damage_healed":0,"gold_gain":0,"player_choice":"Bought 0 Potions","damage_taken":0,"max_hp_gain":0,"max_hp_loss":0,"event_name":"The Woman in Blue","floor":36,"gold_loss":0},{"damage_healed":0,"gold_gain":0,"player_choice":"Max HP","damage_taken":0,"max_hp_gain":0,"max_hp_loss":4,"event_name":"Winding Halls","floor":37,"gold_loss":0},{"damage_healed":0,"gold_gain":0,"cards_transformed":["RobotSpaceExplorer:Defend"],"player_choice":"Transformed","damage_taken":0,"max_hp_gain":0,"max_hp_loss":0,"event_name":"Transmorgrifier","floor":38,"gold_loss":0,"cards_obtained":["RobotSpaceExplorer:ImprovisedAttack"]}],"is_beta":false,"boss_relics":[{"not_picked":["bronze:MakeshiftBattery","Runic Dome"],"picked":"RobotSpaceExplorer:Reprocessor"},{"not_picked":["Pandora\u0027s Box","Fusion Hammer"],"picked":"Busted Crown"}],"items_purged_floors":[19,27],"is_endless":false,"potions_floor_spawned":[3,8,13,16,18,28,30,31,33,35,39,40,42,44,46,48,54],"ascension_level":8}}