{"host":"sc0o2qwpf9j16a4i","time":1610816881,"event":{"mods":["AchievementEnabler","BaseMod","BetterRewards","Block Reminder","Colored Map","Colored Powertips","Custom Start","Highlight Path","Minty Spire (QoL Compilation)","Relic Stats"],"gold_per_floor":[114,114,127,141,141,141,173,173,197,216,216,226,226,236,236,309,309,324,324,57,0,0],"floor_reached":21,"language":"ENG","playtime":522,"items_purged":["JustLucky+1"],"score":383,"play_id":"2b0dca55-eea0-47b2-8f76-60d012377823","local_time":"20210116190801","is_ascension_mode":true,"campfire_choices":[{"data":"CrushJoints","floor":6,"key":"SMITH"},{"floor":8,"key":"REST"},{"floor":11,"key":"REST"},{"data":"SashWhip","floor":13,"key":"SMITH"},{"data":"Alpha","floor":15,"key":"SMITH"}],"circlet_count":0,"master_deck":["AscendersBane","Defend_P","Defend_P","Eruption","Vigilance","CutThroughFate+1","BowlingBash+1","Meditate","FlyingSleeves","SashWhip+1","CrushJoints+1","Wallop","BattleHymn","ThirdEye","Alpha+1","Omniscience","Protect","Bite","Bite","Bite","Bite","Bite","FearNoEvil","Indignation","Adaptation"],"relics":["Astrolabe","Boot","MealTicket","Philosopher\u0027s Stone"],"acts_visited":["Exordium","TheCity"],"potions_floor_usage":[12,16,16],"damage_taken":[{"damage":9,"enemies":"Jaw Worm","floor":1,"turns":4},{"damage":0,"enemies":"Cultist","floor":3,"turns":2},{"damage":7,"enemies":"Small Slimes","floor":4,"turns":3},{"damage":18,"enemies":"Lagavulin","floor":7,"turns":7},{"damage":6,"enemies":"Red Slaver","floor":10,"turns":2},{"damage":5,"enemies":"Blue Slaver","floor":12,"turns":4},{"damage":5,"enemies":"3 Louse","floor":14,"turns":4},{"damage":14,"enemies":"Slime Boss","floor":16,"turns":6},{"damage":25,"enemies":"Chosen","floor":18,"turns":5},{"damage":74,"enemies":"2 Thieves","floor":21,"turns":3}],"seed_played":"-6913139994106577731","potions_obtained":[{"floor":1,"key":"LiquidMemories"},{"floor":4,"key":"Energy Potion"},{"floor":14,"key":"BlessingOfTheForge"},{"floor":16,"key":"Dexterity Potion"}],"is_trial":false,"path_per_floor":["M","?","M","M","?","R","E","R","T","M","R","M","R","M","R","B",null,"M","?","$","M"],"character_chosen":"WATCHER","items_purchased":["FearNoEvil","Indignation","Adaptation"],"campfire_rested":2,"item_purchase_floors":[20,20,20],"current_hp_per_floor":[52,52,52,45,45,45,27,47,47,41,61,56,56,51,51,37,60,35,35,47,0,0],"gold":0,"neow_bonus":"BOSS_RELIC","is_daily":false,"chose_seed":false,"campfire_upgraded":3,"win_rate":0.0,"timestamp":1610816881,"path_taken":["M","?","M","?","?","R","E","R","T","?","R","M","R","M","R","BOSS","M","?","$","M"],"items_purchased_type":["Card","Card","Card"],"build_version":"2020-12-22","purchased_purges":1,"victory":false,"max_hp_per_floor":[68,68,68,68,68,68,68,68,68,68,68,68,68,68,68,68,68,68,47,47,47,47],"relic_stats":{"counters":[10,40],"Astrolabe":["JustLucky","CutThroughFate","BowlingBash"],"MealTicket":12,"Boot":[7],"obtain_stats":[{"Astrolabe":0,"MealTicket":9,"Philosopher\u0027s Stone":17,"PureWater":0,"Boot":7},{"Astrolabe":0,"MealTicket":4,"Philosopher\u0027s Stone":8,"PureWater":0,"Boot":4},{"Astrolabe":0,"MealTicket":16,"Philosopher\u0027s Stone":32,"PureWater":0,"Boot":16}]},"card_choices":[{"not_picked":["ClearTheMind","Pray"],"picked":"Meditate","floor":1},{"not_picked":["Study","PathToVictory"],"picked":"SashWhip","floor":3},{"not_picked":["SignatureMove","BowlingBash"],"picked":"CrushJoints","floor":4},{"not_picked":["Consecrate","Pray"],"picked":"Wallop","floor":7},{"not_picked":["Evaluate","FlurryOfBlows"],"picked":"BattleHymn","floor":10},{"not_picked":["FlyingSleeves","Consecrate"],"picked":"ThirdEye","floor":12},{"not_picked":["ForeignInfluence","Halt"],"picked":"Alpha","floor":14},{"not_picked":["Alpha","Ragnarok"],"picked":"Omniscience","floor":16},{"not_picked":["FlurryOfBlows","Study+1"],"picked":"Protect","floor":18}],"player_experience":666389,"relics_obtained":[{"floor":7,"key":"Boot"},{"floor":9,"key":"MealTicket"}],"event_choices":[{"damage_healed":0,"gold_gain":0,"cards_transformed":["Strike_P"],"player_choice":"Transformed","damage_taken":0,"max_hp_gain":0,"max_hp_loss":0,"event_name":"Transmorgrifier","floor":2,"gold_loss":0,"cards_obtained":["FlyingSleeves"]},{"damage_healed":0,"gold_gain":0,"player_choice":"0 cards matched","damage_taken":0,"max_hp_gain":0,"max_hp_loss":0,"event_name":"Match and Keep!","floor":5,"gold_loss":0,"cards_obtained":[]},{"damage_healed":0,"gold_gain":0,"player_choice":"Became a vampire","damage_taken":0,"max_hp_gain":0,"max_hp_loss":21,"event_name":"Vampires","floor":19,"gold_loss":0,"cards_obtained":["Bite","Bite","Bite","Bite","Bite"]}],"is_beta":false,"boss_relics":[{"not_picked":["Fusion Hammer","Empty Cage"],"picked":"Philosopher\u0027s Stone"}],"items_purged_floors":[20],"is_endless":false,"potions_floor_spawned":[1,4,14,16],"killed_by":"2 Thieves","ascension_level":20}}