{"host":"6ku2x95nvqi5d9hv","time":1610822609,"event":{"mods":["Act Like it!","BaseMod","Better-Laid Plans","Colored Map","Colored Powertips","Lobotomy","Minty Spire (QoL Compilation)","Shop Mod","StSLib","TestMod","[IsaacMod]以撒尖塔","【功能Mod】混沌之环修复补丁","篝火指南"],"gold_per_floor":[112,123,142,155,555,588,588,598,598,548,393,407,427,441,441,441,441],"floor_reached":16,"language":"ZHS","playtime":811,"items_purged":["Strike_G"],"score":106,"play_id":"c1af3d68-02c3-4b6d-a175-5c43898016f9","local_time":"20210117024329","is_ascension_mode":false,"campfire_choices":[{"floor":7.0,"key":"REST"},{"data":"Tactician","floor":15.0,"key":"SMITH"}],"circlet_count":0,"master_deck":["Strike_G","Strike_G","Strike_G","Defend_G","Defend_G","Defend_G","Defend_G","Defend_G","Survivor","Neutralize","Well Laid Plans","OSAHOGD","Variant","Acrobatics","Woodsman","Tactician+1","Scorched","Infinite Blades","VoidDream","Acrobatics","Accuracy+1","Noxious Fumes+1","WhitesApple","Escape Plan","After Image+1"],"relics":["Ring of the Snake","testmod-TestBox","NineVolt","testmod-BlackFramedGlasses","CogitoBucket","White Beast Statue","BehaviorAdjustment","Frozen Egg 2"],"acts_visited":["Exordium"],"potions_floor_usage":[],"damage_taken":[{"damage":3.0,"enemies":"2 Louse","floor":1.0,"turns":4.0},{"damage":0.0,"enemies":"Jaw Worm","floor":2.0,"turns":4.0},{"damage":30.0,"enemies":"Small Slimes","floor":3.0,"turns":5.0},{"damage":1.0,"enemies":"Red Slaver","floor":4.0,"turns":4.0},{"damage":55.0,"enemies":"Lagavulin","floor":6.0,"turns":10.0},{"damage":30.0,"enemies":"Blue Slaver","floor":8.0,"turns":2.0},{"damage":0.0,"enemies":"2 Fungi Beasts","floor":12.0,"turns":1.0},{"damage":55.0,"enemies":"Exordium Thugs","floor":13.0,"turns":4.0},{"damage":12.0,"enemies":"Exordium Wildlife","floor":14.0,"turns":4.0},{"damage":29,"enemies":"Hexaghost","floor":16,"turns":1}],"seed_played":"-4173780643957660169","potions_obtained":[{"floor":1.0,"key":"Fire Potion"},{"floor":8.0,"key":"LiquidMemories"},{"floor":12.0,"key":"testmod-SpacePotion"},{"floor":13.0,"key":"Explosive Potion"},{"floor":14.0,"key":"SteroidPotion"}],"is_trial":false,"path_per_floor":["M","M","M","M","?","E","R","M","T","?","$","M","M","M","R","B"],"character_chosen":"THE_SILENT","items_purchased":["Accuracy+1"],"campfire_rested":1,"item_purchase_floors":[11],"current_hp_per_floor":[70,70,43,52,52,13,34,31,31,31,31,44,29,33,33,5,5],"gold":441,"neow_bonus":"","is_daily":false,"chose_seed":false,"campfire_upgraded":1,"win_rate":0.0,"timestamp":1610822609,"path_taken":["M","M","M","M","?","E","R","M","T","?","$","?","M","M","R","BOSS"],"items_purchased_type":["Card"],"build_version":"2020-12-22","purchased_purges":1,"victory":false,"max_hp_per_floor":[70,70,70,70,70,70,70,70,70,70,70,70,70,70,70,70,70],"card_choices":[{"not_picked":["Slice","Dagger Throw"],"picked":"Well Laid Plans","floor":1.0},{"not_picked":["Bloodbath","BigBadWolf"],"picked":"OSAHOGD","floor":1.0},{"not_picked":["Woodsman","OldLady"],"picked":"Variant","floor":2.0},{"not_picked":["Outmaneuver","Heel Hook"],"picked":"Acrobatics","floor":2.0},{"not_picked":["Murderer","DespairKnight"],"picked":"Woodsman","floor":3.0},{"not_picked":["Concentrate","Skewer"],"picked":"Tactician","floor":3.0},{"not_picked":["BigBadWolf","BeautyBeast"],"picked":"Scorched","floor":4.0},{"not_picked":["Setup","Prepared","PiercingWail"],"picked":"SKIP","floor":4.0},{"not_picked":["Heel Hook","Bomb"],"picked":"Infinite Blades","floor":6.0},{"not_picked":["LaLuna","OldLady"],"picked":"VoidDream","floor":6.0},{"not_picked":["Flying Knee","Dodge and Roll"],"picked":"Acrobatics","floor":8.0},{"not_picked":["CrumblingArmor","OldLady"],"picked":"Yin","floor":8.0},{"not_picked":["Acrobatics","Bomb"],"picked":"Noxious Fumes+1","floor":12.0},{"not_picked":["Backstab","Escape Plan","Sucker Punch"],"picked":"SKIP","floor":13.0},{"not_picked":["BeautyBeast","BlackSwan"],"picked":"WhitesApple","floor":13.0},{"not_picked":["Backstab","Sucker Punch"],"picked":"Escape Plan","floor":13.0},{"not_picked":["Catalyst","Backstab"],"picked":"After Image+1","floor":14.0}],"player_experience":378187,"relics_obtained":[{"floor":6.0,"key":"White Beast Statue"},{"floor":9.0,"key":"Frozen Egg 2"}],"event_choices":[{"damage_healed":0.0,"max_hp_gain":0.0,"max_hp_loss":0.0,"gold_gain":400.0,"event_name":"恩洛斯的盘子","player_choice":"Sell","floor":5.0,"relics_lost":["HushsDoor"],"gold_loss":0.0,"damage_taken":0.0},{"cards_removed":["Strike_G"],"damage_healed":0.0,"max_hp_gain":0.0,"max_hp_loss":0.0,"gold_gain":0.0,"event_name":"The Cleric","player_choice":"Card Removal","floor":10.0,"gold_loss":50.0,"damage_taken":0.0}],"is_beta":false,"boss_relics":[],"items_purged_floors":[11],"is_endless":false,"potions_floor_spawned":[1,8,12,13,14],"killed_by":"Hexaghost","ascension_level":0}}