{"host":"mtf67k38etmysnj8","time":1610773805,"event":{"mods":["BaseMod","BetterRewards","Colored Map","Duelist Mod","Hubris","Infinite Spire","Marisa????????","Minty Spire (QoL Compilation)","READ ME - Snecko Mod","Replay The Spire","StSLib","The Animator","The Construct","The Necromancer","The Poker Player","vexMod"],"gold_per_floor":[168,187,212,237,237,237,142,142,161,161,212,67,67,92,117,131,209,330,355,371,396,409,106,131,216,281,296,366,366,391,451,476,476,476,604,629,642,667,687,710,710,776,801,833,858,876,876,889,904,918,918,918],"floor_reached":53,"language":"ENG","playtime":2661,"items_purged":[],"score":889,"play_id":"2b541958-88c9-47f7-bc9e-a2a08e28de7b","local_time":"20210115231005","daily_mods":["Shiny","Heirloom","Flight"],"is_ascension_mode":false,"campfire_choices":[{"floor":8,"key":"REST"},{"data":"animator:Saber","floor":29,"key":"SMITH"},{"data":"animator:HigakiRinne","floor":29,"key":"SMITH"},{"data":"animator:ItamiYouji","floor":34,"key":"SMITH"},{"data":"animator:Albedo","floor":34,"key":"SMITH"},{"floor":47,"key":"REST"},{"data":"animator:GoblinSlayer","floor":51,"key":"SMITH"},{"data":"animator:Hans","floor":51,"key":"SMITH"}],"circlet_count":0,"master_deck":["animator:Eris+1","animator:Guren","animator:Eve","animator:Boros","animator:Hans+1","animator:HomuraAkemi","animator:Shiro","animator:GoblinSlayer+1","animator:Ainz","animator:Gilgamesh+20","animator:FeridBathory","animator:Shizu","animator:HigakiRinne+1","animator:ItamiYouji+1","animator:Greed","animator:SwordMaiden","animator:PinaCoLada","animator:Saber+1","animator:MadokaKaname","animator:ChaikaTrabant","animator:Biyorigo","animator:AcuraShin","animator:Saitama","animator:Sora","animator:Albedo+1","animator:Rimuru","animator:Envy","animator:Wiz","animator:Kyubey","animator:Elesis","animator:Shigure","animator:Hakurou","animator:YaoHaDucy","animator:Togame","animator:Rimuru","animator:Rimuru","animator:Berserker","animator:Assassin","animator:Shigure","animator:AcuraShin","animator:SilverFang","animator:DolaCouronne","animator:Shichika+1","animator:FeridBathory","animator:FeridBathory","animator:ChaikaBohdan","animator:ChlammyZell+1","animator:Demiurge","animator:Sora","animator:Elsword+1","animator:Cocytus","animator:Raven","animator:Elesis","animator:WinryRockbell","animator:Emonzaemon+1","animator:TukaLunaMarceau","animator:Togame","animator:Shion+1"],"relics":["animator:LivingPicture","animator:TheMissingPiece","animator:PurgingStone","Replay:Arrowhead","Golden Idol","Blue Doll","NeowsBlessing","hubris:BlackHole","NeowsBlessing","TwistedFunnel","NeowsBlessing","Philosopher\u0027s Stone","Red Skull","Replay:Wax Seal","ReplayFunnel","NeowsBlessing","Garlic","NeowsBlessing","Painkiller Herb","NeowsBlessing","Replay:Ringing Soul","hubris:SphereOfDissonance","infinitespire:ShieldingShard"],"acts_visited":["Exordium","TheCity","TheBeyond"],"potions_floor_usage":[],"damage_taken":[{"damage":16,"enemies":"Jaw Worm","floor":1,"turns":4},{"damage":18,"enemies":"2 Louse","floor":2,"turns":5},{"damage":10,"enemies":"Small Slimes","floor":4,"turns":3},{"damage":11,"enemies":"2 Fungi Beasts","floor":9,"turns":4},{"damage":35,"enemies":"Blue Slaver","floor":14,"turns":5},{"damage":0,"enemies":"Large Slime","floor":16,"turns":1},{"damage":0,"enemies":"Slime Boss","floor":18,"turns":1},{"damage":0,"enemies":"2 Thieves","floor":20,"turns":1},{"damage":0,"enemies":"3 Byrds","floor":22,"turns":1},{"damage":0,"enemies":"animator:HornedBat","floor":25,"turns":2},{"damage":0,"enemies":"Gremlin Leader","floor":26,"turns":1},{"damage":0,"enemies":"Cultist and Chosen","floor":27,"turns":1},{"damage":0,"enemies":"theDuelist:KaibaA2","floor":31,"turns":1},{"damage":0,"enemies":"Pondfish","floor":35,"turns":1},{"damage":0,"enemies":"3 Darklings","floor":37,"turns":1},{"damage":0,"enemies":"3 Shapes","floor":39,"turns":2},{"damage":0,"enemies":"Maw","floor":40,"turns":1},{"damage":0,"enemies":"Nemesis","floor":42,"turns":1},{"damage":0,"enemies":"Spire Growth","floor":44,"turns":1},{"damage":4,"enemies":"Writhing Mass","floor":46,"turns":2},{"damage":8,"enemies":"4 Shapes","floor":48,"turns":3},{"damage":0,"enemies":"Transient","floor":49,"turns":5},{"damage":0,"enemies":"3 Darklings","floor":50,"turns":4},{"damage":0,"enemies":"Donu and Deca","floor":52,"turns":3}],"seed_played":"737309568087762390","potions_obtained":[{"floor":1,"key":"BlessingOfTheForge"},{"floor":4,"key":"Swift Potion"},{"floor":18,"key":"AttackPotion"},{"floor":37,"key":"infinitespire:BlackPotion"}],"is_trial":true,"path_per_floor":["M","M","?","M","PTL","PTL","?","R","M","WH","T","$","?","M","WH","M","R_BF","B",null,"M","WH","M","$","WH","E","E","M","T","R","WH","E","WH","AVR","R","B",null,"?","WH","?","?","?","E","AVR","?","T","?","T","?","?","?","T","B",null],"character_chosen":"THE_ANIMATOR","items_purchased":["animator:Rimuru","animator:Berserker","TwistedFunnel","animator:Shichika+1","animator:FeridBathory"],"campfire_rested":2,"item_purchase_floors":[12,12,23,23,23],"current_hp_per_floor":[53,44,44,37,37,37,37,55,50,56,56,56,56,27,27,27,27,27,67,67,67,67,67,67,33,33,33,33,33,33,33,33,33,33,33,33,33,33,33,33,33,36,36,39,39,38,42,38,47,50,50,50],"gold":918,"neow_bonus":"THREE_ENEMY_KILL","is_daily":false,"chose_seed":false,"campfire_upgraded":6,"win_rate":0.0,"timestamp":1610773805,"path_taken":["M","M","?","M","PTL","PTL","?","R","M","WH","T","?","?","?","WH","M","R_BF","BOSS","M","WH","M","$","WH","E","E","M","T","R","WH","E","WH","AVR","R","BOSS","?","WH","?","?","?","E","AVR","?","T","?","T","?","?","?","T","BOSS"],"items_purchased_type":["Card","Card","Relic","Card","Card"],"build_version":"2020-12-22","purchased_purges":0,"victory":true,"max_hp_per_floor":[66,66,61,61,61,61,61,61,61,67,67,67,67,67,67,67,67,67,67,67,67,67,67,67,33,33,33,33,33,33,33,33,33,33,33,33,33,33,33,33,33,36,36,39,39,42,42,46,49,52,52,52],"card_choices":[{"not_picked":["animator:Kaijin","animator:UneriGinkaku"],"picked":"animator:Shigure","floor":1},{"not_picked":["animator:Mitsurugi","animator:Bozes"],"picked":"animator:Hakurou","floor":2},{"not_picked":["animator:Jibril","animator:DolaRiku"],"picked":"animator:YaoHaDucy","floor":4},{"not_picked":["animator:UneriGinkaku","animator:Hitei"],"picked":"animator:Togame","floor":9},{"not_picked":["animator:IrohaTamaki","animator:Ara"],"picked":"animator:Assassin","floor":14},{"not_picked":["animator:OrikoMikuni","animator:Alexander"],"picked":"animator:Shigure","floor":16},{"not_picked":["animator:ItamiYouji","animator:Eris"],"picked":"animator:AcuraShin","floor":18},{"not_picked":["animator:Tatsumaki","animator:Jibril"],"picked":"animator:SilverFang","floor":20},{"not_picked":["animator:Jibril","animator:DolaRiku"],"picked":"animator:DolaCouronne","floor":22},{"not_picked":["animator:Shalltear","animator:GoblinSlayer"],"picked":"animator:Add+1","floor":25},{"not_picked":["animator:Hitei","animator:Add"],"picked":"animator:ChaikaBohdan","floor":26},{"not_picked":["animator:MumenRider+1","animator:Lancer"],"picked":"animator:ChlammyZell+1","floor":27},{"not_picked":["animator:Sebas","animator:NarberalGamma"],"picked":"animator:Demiurge","floor":31},{"not_picked":["animator:GoblinSlayer","animator:Greed"],"picked":"animator:Sora","floor":35},{"not_picked":["animator:Assassin","animator:Viivi+1"],"picked":"animator:Elsword+1","floor":37},{"not_picked":["animator:NarberalGamma+1","animator:Bozes+1"],"picked":"animator:Cocytus","floor":39},{"not_picked":["animator:Nanami+1","animator:CowGirl+1"],"picked":"animator:Raven","floor":40},{"not_picked":["animator:Ara","animator:Aisha"],"picked":"animator:Elesis","floor":42},{"not_picked":["animator:Nanami","animator:LizardPriest+1"],"picked":"animator:WinryRockbell","floor":44},{"not_picked":["animator:Mitsurugi","animator:RoyMustang+1"],"picked":"animator:Emonzaemon+1","floor":46},{"not_picked":["animator:CowGirl","animator:Vanir+1"],"picked":"animator:TukaLunaMarceau","floor":48},{"not_picked":["animator:TsurugaMeisai","animator:Nanami"],"picked":"animator:Togame","floor":49},{"not_picked":["animator:Guy+1","animator:Konayuki+1"],"picked":"animator:Shion+1","floor":50}],"player_experience":27820,"relics_obtained":[{"floor":11,"key":"Blue Doll"},{"floor":25,"key":"Red Skull"},{"floor":26,"key":"Replay:Wax Seal"},{"floor":28,"key":"ReplayFunnel"},{"floor":31,"key":"Garlic"},{"floor":42,"key":"Replay:Ringing Soul"},{"floor":45,"key":"infinitespire:ShieldingShard"}],"event_choices":[{"damage_healed":0,"gold_gain":0,"player_choice":"Lose Max HP","damage_taken":0,"relics_obtained":["Golden Idol"],"max_hp_gain":0,"max_hp_loss":5,"event_name":"Golden Idol","floor":3,"gold_loss":0},{"damage_healed":0,"gold_gain":0,"player_choice":"Grow","damage_taken":0,"max_hp_gain":0,"max_hp_loss":0,"event_name":"Living Wall","floor":13,"gold_loss":0,"cards_upgraded":["animator:Eris"]},{"damage_healed":0,"gold_gain":78,"player_choice":"Gained Gold","damage_taken":0,"max_hp_gain":0,"max_hp_loss":0,"event_name":"Golden Wing","floor":17,"gold_loss":0},{"cards_removed":["animator:Add"],"damage_healed":0,"gold_gain":0,"player_choice":"Offered Uncommon","damage_taken":0,"max_hp_gain":0,"max_hp_loss":0,"event_name":"Bonfire Elementals","floor":41,"gold_loss":0}],"is_beta":false,"boss_relics":[{"not_picked":["Replay:Drink Me","SacredBark"],"picked":"hubris:BlackHole"},{"not_picked":["hubris:VirtuousBlindfold","animator:RacePiece"],"picked":"Painkiller Herb"}],"items_purged_floors":[],"is_endless":false,"potions_floor_spawned":[1,4,18,22,27,35,37,42,44,49,50],"ascension_level":0}}