{"host":"gk9qdtkqd8dwfeg2","time":1610802060,"event":{"mods":["Act Like it!","Aspiration","BaseMod","Colored Powertips","KomeijiMod","Minty Spire (QoL Compilation)","Quick Restart","Replay The Spire","Shop Mod","StSLib","TestMod","The Gatherer","The Servant 0.9.4","Waifu the Spire","WarShipGirlsR/’ΩΩ¢…Ÿ≈ÆR mod","Yuri Mod"],"gold_per_floor":[114,114,134,58,69,94,94,94,94],"floor_reached":8,"language":"ZHS","playtime":138,"items_purged":[],"score":204,"play_id":"63f559e9-e789-421d-aa49-10bc5abf8432","local_time":"20210116210100","is_ascension_mode":true,"campfire_choices":[],"circlet_count":0,"master_deck":["AscendersBane","Strike_R","Strike_R","Strike_R","Strike_R","Strike_R","Defend_R","Defend_R","Defend_R","Defend_R","Bash","Shame","Sickly","Overencumbered","Sever Soul","ReplayReversal","Decay"],"relics":["Burning Blood","testmod-TestBox","testmod-Laevatain","NeowsBlessing","testmod-Hope","aspiration:FetidBarrel"],"acts_visited":["Exordium"],"potions_floor_usage":[6],"damage_taken":[{"damage":0,"enemies":"Small Slimes","floor":1,"turns":1},{"damage":0,"enemies":"2 Louse","floor":3,"turns":1},{"damage":0,"enemies":"Cultist","floor":5,"turns":1},{"damage":32,"enemies":"Gremlin Nob","floor":6,"turns":5},{"damage":20,"enemies":"Lagavulin","floor":8,"turns":4}],"seed_played":"5229654256965369452","potions_obtained":[{"floor":1,"key":"Weak Potion"}],"is_trial":false,"path_per_floor":["M","?","M","$","M","E","?","E"],"character_chosen":"IRONCLAD","items_purchased":["ReplayReversal"],"campfire_rested":0,"item_purchase_floors":[4],"current_hp_per_floor":[74,39,45,45,51,25,25,5,5],"gold":94,"neow_bonus":"THREE_ENEMY_KILL","is_daily":false,"chose_seed":false,"campfire_upgraded":0,"win_rate":0.0,"timestamp":1610802060,"path_taken":["M","?","M","$","M","E","?","E"],"items_purchased_type":["Card"],"build_version":"2020-12-22","purchased_purges":0,"victory":false,"max_hp_per_floor":[75,75,75,75,75,75,75,75,75],"card_choices":[{"not_picked":["True Grit","Wild Strike"],"picked":"Sever Soul","floor":1},{"not_picked":["Wild Strike","Entrench","Perfected Strike"],"picked":"SKIP","floor":3},{"not_picked":["ReplayTheSpireMod:Limb From Limb","Headbutt","Clothesline"],"picked":"SKIP","floor":5},{"not_picked":["Rage","Perfected Strike","Blood for Blood"],"picked":"SKIP","floor":6}],"player_experience":638007,"relics_obtained":[{"floor":6,"key":"aspiration:FetidBarrel"}],"event_choices":[{"damage_healed":0,"gold_gain":0,"player_choice":"Success","damage_taken":35,"relics_obtained":["testmod-Hope"],"max_hp_gain":0,"max_hp_loss":0,"event_name":"Scrap Ooze","floor":2,"gold_loss":0},{"damage_healed":0,"gold_gain":0,"player_choice":"Cursed","damage_taken":0,"max_hp_gain":0,"max_hp_loss":0,"event_name":"Wheel of Change","floor":7,"gold_loss":0,"cards_obtained":["Decay"]}],"is_beta":false,"boss_relics":[],"items_purged_floors":[],"is_endless":false,"potions_floor_spawned":[1],"killed_by":"Lagavulin","ascension_level":17}}