{"host":"pgqkv8mh62pnrbci","time":1610799928,"event":{"mods":["2.2 Compatiblity","AchievementEnabler","BaseMod","Custom Start","DeckTracker","Minty Spire (QoL Compilation)","Replay The Spire","StSLib","SuperFastMode","¡¼?Úª?ø«¡½REMEMod"],"gold_per_floor":[109,149,179,216,216,230,273,273,353,353,353,353,422,435,435,536,536,576,652,227,243,288,288,213,213,213,213,213,232,232,272,272,272,272],"floor_reached":33,"language":"KOR","playtime":1356,"items_purged":["Outmaneuver"],"score":524,"play_id":"443d9962-9fa8-4fd9-b78b-51f733a5d0f3","local_time":"20210116212528","is_ascension_mode":true,"campfire_choices":[{"data":"Cloak And Dagger","floor":8.0,"key":"SMITH"},{"data":"Neutralize","floor":10.0,"key":"SMITH"},{"data":"Masterful Stab","floor":15.0,"key":"SMITH"},{"data":"Impatience","floor":23.0,"key":"SMITH"},{"data":"Adrenaline","floor":25.0,"key":"SMITH"},{"data":"Caltrops","floor":30.0,"key":"SMITH"},{"data":"Footwork","floor":32.0,"key":"SMITH"}],"circlet_count":0,"master_deck":["AscendersBane","Survivor","Neutralize+1","HandOfGreed+1","Acrobatics","Endless Agony","Cloak And Dagger+1","Infinite Blades","Hidden Blade","Blur","Masterful Stab+1","Glass Knife","Caltrops+1","ReplayTheSpireMod:From All Sides","Toxin Wave","ReplayTheSpireMod:The Works","Adrenaline+1","PiercingWail","Acrobatics","ReplayTheSpireMod:Scrap Shanks","Impatience+1","Well Laid Plans","ReplayTheSpireMod:Speed Training","Glass Knife","Deadly Poison","Footwork+1"],"relics":["Ring of the Snake","REME_ComplimentaryCards","Quantum Egg","Replay:Ringing Soul","Pandora\u0027s Box","Red Mask","Lee\u0027s Waffle","The Specimen"],"acts_visited":["Exordium","TheCity"],"potions_floor_usage":[],"damage_taken":[{"damage":1.0,"enemies":"Small Slimes","floor":1.0,"turns":5.0},{"damage":0.0,"enemies":"Cultist","floor":2.0,"turns":4.0},{"damage":11.0,"enemies":"2 Louse","floor":3.0,"turns":3.0},{"damage":0.0,"enemies":"Large Slime","floor":4.0,"turns":5.0},{"damage":0.0,"enemies":"Blue Slaver","floor":6.0,"turns":5.0},{"damage":3.0,"enemies":"2 Fungi Beasts","floor":7.0,"turns":3.0},{"damage":0.0,"enemies":"Lots of Slimes","floor":11.0,"turns":2.0},{"damage":1.0,"enemies":"3 Louse","floor":13.0,"turns":4.0},{"damage":0.0,"enemies":"Blue Slaver","floor":14.0,"turns":5.0},{"damage":22.0,"enemies":"Slime Boss","floor":16.0,"turns":16.0},{"damage":10.0,"enemies":"2 Thieves","floor":18.0,"turns":3.0},{"damage":18.0,"enemies":"Masked Bandits","floor":19.0,"turns":5.0},{"damage":8.0,"enemies":"Shell Parasite","floor":21.0,"turns":3.0},{"damage":21.0,"enemies":"Chosen and Byrds","floor":22.0,"turns":7.0},{"damage":21.0,"enemies":"Snake Plant","floor":29.0,"turns":5.0},{"damage":0.0,"enemies":"3 Cultists","floor":31.0,"turns":3.0},{"damage":72,"enemies":"Automaton","floor":33,"turns":8}],"seed_played":"5749362122634934395","potions_obtained":[{"floor":3.0,"key":"BlessingOfTheForge"},{"floor":6.0,"key":"Swift Potion"},{"floor":7.0,"key":"SmokeBomb"},{"floor":13.0,"key":"Dexterity Potion"},{"floor":16.0,"key":"Block Potion"},{"floor":19.0,"key":"Dexterity Potion"},{"floor":21.0,"key":"Elixir"},{"floor":31.0,"key":"Elixir"}],"is_trial":true,"path_per_floor":["M","M","M","M","?","M","M","R","T","R","M","?","M","M","R","B",null,"M","?","$","M","M","R","?","R","T","?","?","M","R","M","R","B"],"character_chosen":"THE_SILENT","items_purchased":["ReplayTheSpireMod:Scrap Shanks","Lee\u0027s Waffle","Impatience"],"campfire_rested":0,"item_purchase_floors":[20,20,20],"current_hp_per_floor":[58,58,47,47,47,47,44,44,44,44,44,37,39,42,42,23,65,58,43,94,89,71,71,71,71,71,71,74,56,56,59,59,0,0],"gold":272,"neow_bonus":"","is_daily":false,"chose_seed":false,"campfire_upgraded":7,"win_rate":0.0,"timestamp":1610799928,"path_taken":["M","M","M","M","?","M","?","R","T","R","M","?","M","M","R","BOSS","M","?","$","M","M","R","?","R","T","?","?","?","R","M","R","BOSS"],"items_purchased_type":["Card","Relic","Card"],"build_version":"2020-12-22","purchased_purges":1,"victory":false,"max_hp_per_floor":[66,66,66,66,66,66,66,66,66,66,66,66,69,72,72,75,78,81,84,94,97,100,100,100,100,100,100,103,106,106,109,109,109,109],"card_choices":[{"not_picked":["Accuracy","ReplayTheSpireMod:Shiv Toss"],"picked":"Acrobatics","floor":1.0},{"not_picked":["Acrobatics","Outmaneuver"],"picked":"Endless Agony","floor":2.0},{"not_picked":["Acrobatics","Dodge and Roll"],"picked":"Cloak And Dagger","floor":3.0},{"not_picked":["Sucker Punch","PiercingWail"],"picked":"Infinite Blades","floor":4.0},{"not_picked":["Atom Bomb","Bane","Dagger Throw"],"picked":"SKIP","floor":6.0},{"not_picked":["Atom Bomb","Bane","Dagger Throw"],"picked":"SKIP","floor":6.0},{"not_picked":["ReplayTheSpireMod:Speed Training","Prepared"],"picked":"Hidden Blade","floor":7.0},{"not_picked":["Skewer","ReplayTheSpireMod:Shiv Toss"],"picked":"Blur","floor":13.0},{"not_picked":["Flying Knee","Blur"],"picked":"Masterful Stab","floor":14.0},{"not_picked":["Unload","REME_ShadowForm"],"picked":"Glass Knife","floor":16.0},{"not_picked":["Draining Mist","ReplayTheSpireMod:Tripwire"],"picked":"PiercingWail","floor":18.0},{"not_picked":["Dodge and Roll+1","Backflip"],"picked":"Acrobatics","floor":19.0},{"not_picked":["Cloak And Dagger","Bane"],"picked":"Well Laid Plans","floor":21.0},{"not_picked":["Deadly Poison","Sucker Punch+1"],"picked":"ReplayTheSpireMod:Speed Training","floor":22.0},{"not_picked":["Doppelganger","Acrobatics"],"picked":"Deadly Poison","floor":29.0},{"not_picked":["Sucker Punch","REME_ShadowStrike"],"picked":"Footwork","floor":31.0}],"player_experience":640703,"relics_obtained":[{"floor":9.0,"key":"Replay:Ringing Soul"},{"floor":19.0,"key":"Red Mask"},{"floor":26.0,"key":"The Specimen"}],"event_choices":[{"damage_healed":0.0,"max_hp_gain":0.0,"max_hp_loss":0.0,"gold_gain":0.0,"event_name":"Upgrade Shrine","player_choice":"Upgraded","floor":5.0,"gold_loss":0.0,"damage_taken":0.0,"cards_upgraded":["HandOfGreed"]},{"cards_removed":["Strike_G"],"damage_healed":0.0,"max_hp_gain":0.0,"max_hp_loss":0.0,"gold_gain":0.0,"event_name":"Golden Wing","player_choice":"Card Removal","floor":12.0,"gold_loss":0.0,"damage_taken":7.0},{"damage_healed":0.0,"max_hp_gain":0.0,"max_hp_loss":0.0,"gold_gain":0.0,"event_name":"Masked Bandits","player_choice":"Fought Bandits","floor":19.0,"gold_loss":0.0,"damage_taken":0.0},{"cards_removed":["ReplayTheSpireMod:From All Sides"],"damage_healed":0.0,"max_hp_gain":0.0,"max_hp_loss":0.0,"gold_gain":0.0,"event_name":"Beggar","player_choice":"Gave Gold","floor":24.0,"gold_loss":75.0,"damage_taken":0.0},{"cards_removed":["Dagger Throw"],"damage_healed":0.0,"max_hp_gain":0.0,"max_hp_loss":0.0,"gold_gain":0.0,"event_name":"Back to Basics","player_choice":"Elegance","floor":27.0,"gold_loss":0.0,"damage_taken":0.0},{"damage_healed":0.0,"max_hp_gain":0.0,"max_hp_loss":0.0,"gold_gain":0.0,"cards_transformed":["Predator"],"event_name":"Transmorgrifier","player_choice":"Transformed","floor":28.0,"gold_loss":0.0,"damage_taken":0.0,"cards_obtained":["Glass Knife"]}],"is_beta":false,"boss_relics":[{"not_picked":["Calling Bell","Replay:Drink Me"],"picked":"Pandora\u0027s Box"}],"items_purged_floors":[20],"is_endless":false,"potions_floor_spawned":[3,6,7,13,16,19,21,31],"killed_by":"Automaton","ascension_level":19}}