{"host":"n605f8gctjc87d7h","time":1610785086,"event":{"mods":["Aspiration","Bard","BaseMod","Better Match","Better Note","Better Skull","Better Third Choice","Conspire","Halation","Infinite Spire","Minty Spire (QoL Compilation)","Replay The Spire","Retaliation","Shade Mod","Spicy Shops","StSLib","The IronCluck"],"gold_per_floor":[365,63,338,351,371,371,402,402,402,402,425,445,461,461,461,169,169,267,267,278,291,291,305,316,316,346,346,346,364,390,335,335,358,358,518,518,544,575,634,634,663,663,706,722,722,722,722,17,17,39,39,53],"floor_reached":53,"language":"ENG","playtime":4252,"items_purged":["Regret"],"score":1124,"play_id":"e50fe2ba-b98c-43c5-911c-f58f936dd403","local_time":"20210116001806","is_ascension_mode":true,"campfire_choices":[{"data":"Zap","floor":6,"key":"SMITH"},{"floor":14,"key":"REST"},{"floor":17,"key":"REST"},{"floor":25,"key":"REST"},{"floor":34,"key":"REST"},{"floor":42,"key":"REST"},{"data":"Conserve Battery","floor":49,"key":"SMITH"},{"data":"Dualcast","floor":51,"key":"SMITH"}],"circlet_count":0,"master_deck":["AscendersBane","Zap+1","Dualcast+1","FTL+1","Conserve Battery+1","ReplayTheSpireMod:Dual Polarity+1","Chaos+1","ReplayTheSpireMod:Calculation Training+1","Multi-Cast+1","Crystallizer","Sweeping Beam","Genetic Algorithm+1","Recycle+1","ReplayTheSpireMod:System Scan+1","ReplayTheSpireMod:Calculation Training+1","Undo+1","Steam+1","Self Repair+1","Capacitor","Conserve Battery+1","Capacitor","Defragment+1","Loop+1","Fusion+1","Barrage+1","infinitespire:Collect+1","Parasite","Redo+1","Streamline+1","Ball Lightning+1","infinitespire:Collect+1"],"relics":["FrozenCore","Runic Capacitor","Guide Book","Emotion Chip","Vajra","Toxic Egg 2","Oddly Smooth Stone","Pandora\u0027s Box","halation:IllGainedPizza","infinitespire:Beetle Shell","TungstenRod","conspire:BottledYoYo","infinitespire:Golems Mask","aspiration:SeaSaltIceCream","Toxic Egg 2","infinitespire:CursedDice","DollysMirror","ReplayTheSpireMod:Shallot"],"acts_visited":["Exordium","TheCity","TheBeyond"],"potions_floor_usage":[12,13,23,35,52],"damage_taken":[{"damage":0,"enemies":"conspire:RoseBush","floor":1,"turns":3},{"damage":2,"enemies":"Cultist","floor":4,"turns":3},{"damage":7,"enemies":"Small Slimes","floor":5,"turns":3},{"damage":32,"enemies":"3 Sentries","floor":7,"turns":11},{"damage":8,"enemies":"Exordium Wildlife","floor":12,"turns":5},{"damage":7,"enemies":"Blue Slaver","floor":13,"turns":2},{"damage":60,"enemies":"Fading Forest","floor":18,"turns":11},{"damage":6,"enemies":"Shell Parasite","floor":20,"turns":6},{"damage":21,"enemies":"3 Byrds","floor":21,"turns":6},{"damage":0,"enemies":"3 Cultists","floor":23,"turns":4},{"damage":24,"enemies":"Centurion and Healer","floor":24,"turns":5},{"damage":9,"enemies":"conspire:SneckoGhost","floor":26,"turns":9},{"damage":4,"enemies":"Snecko","floor":29,"turns":7},{"damage":1,"enemies":"3 Cultists","floor":30,"turns":6},{"damage":17,"enemies":"conspire:HollyBat","floor":33,"turns":7},{"damage":29,"enemies":"conspire:MysteriousRune","floor":35,"turns":8},{"damage":17,"enemies":"3 Shapes","floor":37,"turns":7},{"damage":29,"enemies":"3 Darklings","floor":38,"turns":8},{"damage":0,"enemies":"Mind Bloom Boss Battle","floor":39,"turns":8},{"damage":15,"enemies":"Writhing Mass","floor":41,"turns":9},{"damage":0,"enemies":"R_Hoarder","floor":43,"turns":8},{"damage":0,"enemies":"Maw","floor":44,"turns":6},{"damage":0,"enemies":"3 Darklings","floor":50,"turns":5},{"damage":11,"enemies":"Time Eater","floor":52,"turns":8}],"seed_played":"1153468033166171456","potions_obtained":[{"floor":5,"key":"Weak Potion"},{"floor":7,"key":"Adrenaline Potion"},{"floor":18,"key":"Doom Potion"},{"floor":21,"key":"EssenceOfDarkness"},{"floor":23,"key":"Elixir"},{"floor":37,"key":"Doom Potion"}],"is_trial":false,"path_per_floor":["M","$","?","M","M","R","E","?","PTL","PTL","T","M","M","R","T","$","R","B",null,"M","M","?","M","M","R","E","?","T","M","M","$","?","M","R","B",null,"M","M","?","AVR","M","R","E","M","T","?","?","$","R","M","R","B",null],"character_chosen":"DEFECT","items_purchased":["Runic Capacitor","Guide Book","ReplayTheSpireMod:Calculation Training+1","Oddly Smooth Stone","Loop+1","infinitespire:CursedDice","DollysMirror","ReplayTheSpireMod:Shallot"],"campfire_rested":5,"item_purchase_floors":[2,2,16,16,31,48,48,48],"current_hp_per_floor":[68,68,68,66,59,59,27,27,27,27,27,19,12,32,32,32,52,8,53,47,26,26,26,12,32,33,33,33,39,48,48,48,31,51,32,59,52,33,43,43,38,58,68,68,68,68,68,68,68,68,68,57],"gold":53,"neow_bonus":"TWO_FIFTY_GOLD","is_daily":false,"chose_seed":false,"campfire_upgraded":3,"win_rate":0.0,"timestamp":1610785086,"path_taken":["M","$","?","?","M","R","E","?","PTL","PTL","T","M","?","R","?","$","R","BOSS","M","M","?","M","?","R","E","?","T","M","?","?","?","M","R","BOSS","M","M","?","AVR","M","R","E","M","T","?","?","$","R","M","R","BOSS"],"items_purchased_type":["Relic","Relic","Card","Relic","Card","Relic","Relic","Relic"],"build_version":"2020-12-22","purchased_purges":1,"victory":true,"max_hp_per_floor":[68,68,68,68,68,68,68,68,68,68,68,68,68,68,68,68,68,68,68,68,68,68,68,68,68,68,68,68,68,68,68,68,68,68,68,68,68,68,68,68,68,68,68,68,68,68,68,68,68,68,68,68],"card_choices":[{"not_picked":["Barrage","aspiration:Polymerization"],"picked":"FTL","floor":1},{"not_picked":["Stack","BasicCrystalCard"],"picked":"Conserve Battery","floor":4},{"not_picked":["Cold Snap","Sunder"],"picked":"ReplayTheSpireMod:Dual Polarity","floor":5},{"not_picked":["Scrape","BasicCrystalCard","Mirror Shield"],"picked":"SKIP","floor":7},{"not_picked":["Redo","Sweeping Beam"],"picked":"Chaos","floor":12},{"not_picked":["Go for the Eyes","Fission","BasicCrystalCard"],"picked":"SKIP","floor":13},{"not_picked":["Creative AI","Hyperbeam"],"picked":"Multi-Cast+1","floor":18},{"not_picked":["Scrape","Stack+1"],"picked":"Steam+1","floor":20},{"not_picked":["Cold Snap","Steam+1","Stack+1"],"picked":"SKIP","floor":21},{"not_picked":["ReplayTheSpireMod:Dual Polarity+1","Scrape+1"],"picked":"Self Repair+1","floor":23},{"not_picked":["Streamline","Turbo+1"],"picked":"Capacitor","floor":24},{"not_picked":["ReplayTheSpireMod:GoodbyeWorld","Sweeping Beam"],"picked":"Conserve Battery+1","floor":26},{"not_picked":["Undo+1","Tempest+1","Streamline"],"picked":"SKIP","floor":29},{"not_picked":["FIFO Queue+1","Panic Button+1"],"picked":"Defragment+1","floor":30},{"not_picked":["Redo+1","Hologram+1"],"picked":"Fusion+1","floor":33},{"not_picked":["Aggregate+1","Cold Snap+1"],"picked":"Barrage+1","floor":37},{"not_picked":["Capacitor+1","Cold Snap+1","Panic Button+1"],"picked":"SKIP","floor":38},{"not_picked":["Static Discharge","Beam Cell+1"],"picked":"Redo+1","floor":41},{"not_picked":["Defragment","Redo+1"],"picked":"Streamline+1","floor":43},{"not_picked":["Coolheaded+1","Go for the Eyes"],"picked":"Ball Lightning+1","floor":44},{"not_picked":["Steam+1","Cold Snap","Go for the Eyes"],"picked":"SKIP","floor":50}],"player_experience":577080,"relics_obtained":[{"floor":7,"key":"Emotion Chip"},{"floor":11,"key":"Vajra"},{"floor":15,"key":"Toxic Egg 2"},{"floor":26,"key":"halation:IllGainedPizza"},{"floor":28,"key":"infinitespire:Beetle Shell"},{"floor":39,"key":"TungstenRod"},{"floor":43,"key":"conspire:BottledYoYo"},{"floor":45,"key":"infinitespire:Golems Mask"}],"event_choices":[{"damage_healed":0,"gold_gain":275,"player_choice":"Desecrate","damage_taken":0,"max_hp_gain":0,"max_hp_loss":0,"event_name":"Golden Shrine","floor":3,"gold_loss":0,"cards_obtained":["Regret"]},{"damage_healed":0,"gold_gain":0,"player_choice":"Upgraded","damage_taken":0,"max_hp_gain":0,"max_hp_loss":0,"event_name":"Upgrade Shrine","floor":8,"gold_loss":0,"cards_upgraded":["ReplayTheSpireMod:Dual Polarity"]},{"damage_healed":0,"gold_gain":0,"player_choice":"Forge","damage_taken":0,"max_hp_gain":0,"max_hp_loss":0,"event_name":"Accursed Blacksmith","floor":22,"gold_loss":0,"cards_upgraded":["Chaos"]},{"damage_healed":0,"gold_gain":0,"cards_transformed":["Time Bomb"],"player_choice":"Transformed","damage_taken":0,"max_hp_gain":0,"max_hp_loss":0,"event_name":"Transmorgrifier","floor":27,"gold_loss":0,"cards_obtained":["Capacitor"]},{"damage_healed":0,"gold_gain":0,"player_choice":"Fight","damage_taken":0,"max_hp_gain":0,"max_hp_loss":0,"event_name":"MindBloom","floor":39,"gold_loss":0},{"damage_healed":0,"gold_gain":0,"player_choice":"Ignored","damage_taken":0,"max_hp_gain":0,"max_hp_loss":0,"event_name":"Tomb of Lord Red Mask","floor":47,"gold_loss":0}],"is_beta":false,"boss_relics":[{"not_picked":["aspiration:SecretTechniqueScroll","Replay:Wanted Poster"],"picked":"Pandora\u0027s Box"},{"not_picked":["Tiny House","SlaversCollar"],"picked":"FrozenCore"}],"items_purged_floors":[16],"is_endless":false,"potions_floor_spawned":[5,7,18,21,23,26,33,37,41,43],"ascension_level":11}}