{"host":"jexbkylv34f8xu3o","time":1610801240,"event":{"mods":["AchievementEnabler","BaseMod","Colored Map","Colored Powertips","GifTheSpireLib","Highlight Path","Minty Spire (QoL Compilation)","Quick Restart","StSLib"],"gold_per_floor":[113,113,113,38,57,57,92,92,92,92,126,153,153,173,173,277,277,293,313,354,354,377,420,420,420,420],"floor_reached":25,"language":"ENG","playtime":1273,"items_purged":["Strike_R"],"score":344,"play_id":"f4d090d9-a169-4e7d-8f19-818952e1a524","local_time":"20210116094720","is_ascension_mode":true,"campfire_choices":[{"data":"Uppercut","floor":6,"key":"SMITH"},{"data":"Sword Boomerang","floor":8,"key":"SMITH"},{"floor":13,"key":"REST"},{"data":"Sword Boomerang","floor":15,"key":"SMITH"},{"data":"Flex","floor":24,"key":"SMITH"}],"circlet_count":0,"master_deck":["AscendersBane","Strike_R","Strike_R","Strike_R","Strike_R","Defend_R","Defend_R","Bash","Intimidate","Sword Boomerang+1","Uppercut+1","Shrug It Off","Flex","Thunderclap","Battle Trance","Sword Boomerang+1","Reaper","Flex+1","Uppercut+1","Pommel Strike","Pummel"],"relics":["Burning Blood","CeramicFish","HornCleat","Paper Frog","Art of War","Bronze Scales","SlaversCollar","Red Mask","PreservedInsect"],"acts_visited":["Exordium","TheCity"],"potions_floor_usage":[7,14,16,19],"damage_taken":[{"damage":12,"enemies":"2 Louse","floor":1,"turns":3},{"damage":4,"enemies":"Cultist","floor":5,"turns":3},{"damage":16,"enemies":"Gremlin Nob","floor":7,"turns":4},{"damage":10,"enemies":"Lagavulin","floor":11,"turns":5},{"damage":9,"enemies":"Jaw Worm","floor":12,"turns":2},{"damage":4,"enemies":"Lots of Slimes","floor":14,"turns":3},{"damage":17,"enemies":"Hexaghost","floor":16,"turns":7},{"damage":6,"enemies":"3 Byrds","floor":18,"turns":4},{"damage":16,"enemies":"Shell Parasite","floor":19,"turns":4},{"damage":50,"enemies":"Masked Bandits","floor":20,"turns":4},{"damage":9,"enemies":"Snake Plant","floor":22,"turns":3},{"damage":49,"enemies":"Slavers","floor":23,"turns":5},{"damage":50,"enemies":"Centurion and Healer","floor":25,"turns":8}],"seed_played":"-8498102875398061839","potions_obtained":[{"floor":1,"key":"BlessingOfTheForge"},{"floor":11,"key":"Dexterity Potion"},{"floor":14,"key":"FearPotion"},{"floor":18,"key":"Dexterity Potion"}],"is_trial":false,"path_per_floor":["M","?","?","$","M","R","E","R","T","T","E","M","R","M","R","B",null,"M","M","?","?","M","E","R","M"],"character_chosen":"IRONCLAD","items_purchased":[],"campfire_rested":1,"item_purchase_floors":[],"current_hp_per_floor":[66,63,63,63,65,65,55,55,55,55,51,48,72,74,74,63,76,80,70,36,62,59,31,31,0,0],"gold":420,"neow_bonus":"TRANSFORM_TWO_CARDS","is_daily":false,"chose_seed":false,"campfire_upgraded":4,"win_rate":0.0,"timestamp":1610801240,"path_taken":["M","?","?","$","?","R","E","R","T","?","E","M","R","M","R","BOSS","M","?","?","?","M","E","R","?"],"items_purchased_type":[],"build_version":"2020-12-22","purchased_purges":1,"victory":false,"max_hp_per_floor":[80,80,80,80,80,80,80,80,80,80,80,80,80,80,80,80,80,80,80,80,80,80,80,80,80,80],"card_choices":[{"not_picked":["Pummel","Seeing Red"],"picked":"Uppercut","floor":1},{"not_picked":["Pummel","Armaments"],"picked":"Shrug It Off","floor":5},{"not_picked":["Burning Pact","Headbutt"],"picked":"Flex","floor":7},{"not_picked":["Warcry","Body Slam"],"picked":"Thunderclap","floor":11},{"not_picked":["Pommel Strike","Twin Strike"],"picked":"Battle Trance","floor":12},{"not_picked":["Infernal Blade","Cleave"],"picked":"Sword Boomerang","floor":14},{"not_picked":["Immolate","Fiend Fire"],"picked":"Reaper","floor":16},{"not_picked":["Ghostly Armor","Cleave","Second Wind"],"picked":"SKIP","floor":18},{"not_picked":["Warcry","Iron Wave"],"picked":"Flex","floor":19},{"not_picked":["Combust","Dark Embrace"],"picked":"Uppercut+1","floor":20},{"not_picked":["Whirlwind+1","Blood for Blood"],"picked":"Pommel Strike","floor":22},{"not_picked":["Bloodletting","Dropkick"],"picked":"Pummel","floor":23}],"player_experience":558908,"relics_obtained":[{"floor":7,"key":"HornCleat"},{"floor":9,"key":"Paper Frog"},{"floor":10,"key":"Art of War"},{"floor":11,"key":"Bronze Scales"},{"floor":20,"key":"Red Mask"},{"floor":23,"key":"PreservedInsect"}],"event_choices":[{"damage_healed":0,"gold_gain":0,"player_choice":"Success","damage_taken":3,"relics_obtained":["CeramicFish"],"max_hp_gain":0,"max_hp_loss":0,"event_name":"Scrap Ooze","floor":2,"gold_loss":0},{"cards_removed":["Regret"],"damage_healed":0,"gold_gain":0,"player_choice":"Removed Curses","damage_taken":0,"max_hp_gain":0,"max_hp_loss":0,"event_name":"Fountain of Cleansing","floor":3,"gold_loss":0},{"damage_healed":0,"gold_gain":0,"player_choice":"Fought Bandits","damage_taken":0,"max_hp_gain":0,"max_hp_loss":0,"event_name":"Masked Bandits","floor":20,"gold_loss":0},{"damage_healed":26,"gold_gain":0,"player_choice":"Heal","damage_taken":0,"max_hp_gain":0,"max_hp_loss":0,"event_name":"The Library","floor":21,"gold_loss":0}],"is_beta":false,"boss_relics":[{"not_picked":["Snecko Eye","Philosopher\u0027s Stone"],"picked":"SlaversCollar"}],"items_purged_floors":[4],"is_endless":false,"potions_floor_spawned":[1,11,14,18],"killed_by":"Centurion and Healer","ascension_level":10}}