{"host":"3jjxuhjpio8e4zkv","time":1610816024,"event":{"mods":["BaseMod","Colored Map","Highlight Path","Minty Spire (QoL Compilation)","Permanent Neow","Relic Stats","StSLib"],"gold_per_floor":[113,38,38,51,11,11,37,37,37,49,61,61,61,95,95,169,169,179,179,193,19,32,32,47,81,107,120,120,134,163,180,180,252,252,267,282,297,297,20,45,45,73,73,85,85,85,102,119,119,119,119,119,119,19,48,48],"floor_reached":57,"language":"ENG","playtime":2851,"items_purged":["Strike_G","Strike_G"],"score":2953,"play_id":"fadd198e-422c-4d1c-94a0-c6b614130ff6","local_time":"20210116115344","is_ascension_mode":true,"campfire_choices":[{"data":"Bouncing Flask","floor":6.0,"key":"SMITH"},{"data":"Burst","floor":8.0,"key":"SMITH"},{"data":"Dagger Spray","floor":13.0,"key":"SMITH"},{"data":"Doppelganger","floor":15.0,"key":"SMITH"},{"data":"Die Die Die","floor":23.0,"key":"SMITH"},{"data":"Deadly Poison","floor":28.0,"key":"SMITH"},{"data":"Wraith Form v2","floor":32.0,"key":"SMITH"},{"data":"Catalyst","floor":41.0,"key":"SMITH"},{"floor":46.0,"key":"RECALL"},{"data":"Catalyst","floor":49.0,"key":"SMITH"},{"data":"Noxious Fumes","floor":53,"key":"SMITH"}],"circlet_count":0,"master_deck":["AscendersBane","Strike_G","Defend_G","Defend_G","Defend_G","Defend_G","Survivor","Neutralize","Burst+1","Slice","Dagger Spray+1","Bouncing Flask+1","Flying Knee","Dodge and Roll","Doppelganger+1","Venomology","Noxious Fumes+1","Die Die Die+1","Crippling Poison","PiercingWail","Deadly Poison+1","Wraith Form v2+1","Corpse Explosion","Catalyst+1","Catalyst+1","Acrobatics+1","PiercingWail+1"],"relics":["Ring of the Snake","MealTicket","FossilizedHelix","Toy Ornithopter","Runic Pyramid","Pen Nib","Strawberry","Peace Pipe","Busted Crown","DollysMirror","Tingsha","Nunchaku","Pear"],"acts_visited":["Exordium","TheCity","TheBeyond","TheEnding"],"potions_floor_usage":[51,55,56],"damage_taken":[{"damage":0.0,"enemies":"2 Louse","floor":1.0,"turns":3.0},{"damage":0.0,"enemies":"Small Slimes","floor":4.0,"turns":5.0},{"damage":14.0,"enemies":"Gremlin Nob","floor":7.0,"turns":3.0},{"damage":0.0,"enemies":"Jaw Worm","floor":10.0,"turns":2.0},{"damage":0.0,"enemies":"Red Slaver","floor":11.0,"turns":3.0},{"damage":0.0,"enemies":"Lagavulin","floor":14.0,"turns":6.0},{"damage":8.0,"enemies":"Hexaghost","floor":16.0,"turns":9.0},{"damage":6.0,"enemies":"Spheric Guardian","floor":18.0,"turns":6.0},{"damage":2.0,"enemies":"Shell Parasite","floor":20.0,"turns":9.0},{"damage":8.0,"enemies":"Cultist and Chosen","floor":22.0,"turns":4.0},{"damage":33.0,"enemies":"Snecko","floor":24.0,"turns":7.0},{"damage":18.0,"enemies":"Gremlin Leader","floor":25.0,"turns":6.0},{"damage":0.0,"enemies":"Sentry and Sphere","floor":27.0,"turns":4.0},{"damage":0.0,"enemies":"Cultist and Chosen","floor":29.0,"turns":5.0},{"damage":32.0,"enemies":"Book of Stabbing","floor":30.0,"turns":7.0},{"damage":0.0,"enemies":"Centurion and Healer","floor":31.0,"turns":6.0},{"damage":5.0,"enemies":"Automaton","floor":33.0,"turns":9.0},{"damage":0.0,"enemies":"3 Shapes","floor":35.0,"turns":2.0},{"damage":0.0,"enemies":"Orb Walker","floor":36.0,"turns":3.0},{"damage":0.0,"enemies":"Jaw Worm Horde","floor":37.0,"turns":4.0},{"damage":0.0,"enemies":"Giant Head","floor":40.0,"turns":6.0},{"damage":0.0,"enemies":"Nemesis","floor":42.0,"turns":5.0},{"damage":0.0,"enemies":"Writhing Mass","floor":44.0,"turns":4.0},{"damage":0.0,"enemies":"Transient","floor":47.0,"turns":5.0},{"damage":0.0,"enemies":"Jaw Worm Horde","floor":48.0,"turns":2.0},{"damage":0.0,"enemies":"Time Eater","floor":50.0,"turns":3.0},{"damage":57,"enemies":"Awakened One","floor":51,"turns":12},{"damage":43,"enemies":"Shield and Spear","floor":55,"turns":4},{"damage":72,"enemies":"The Heart","floor":56,"turns":7}],"seed_played":"-6748050055225486302","potions_obtained":[{"floor":4.0,"key":"DuplicationPotion"},{"floor":7.0,"key":"Dexterity Potion"},{"floor":11.0,"key":"CultistPotion"},{"floor":16.0,"key":"SkillPotion"},{"floor":20.0,"key":"FearPotion"},{"floor":24.0,"key":"Fire Potion"},{"floor":31.0,"key":"DuplicationPotion"},{"floor":33.0,"key":"Strength Potion"},{"floor":48.0,"key":"DistilledChaos"}],"is_trial":false,"path_per_floor":["M","?","?","M","$","R","E","R","T","M","M","?","R","E","R","B",null,"M","?","M","$","M","R","M","E","T","M","R","M","E","M","R","B",null,"M","M","M","?","$","E","R","E","T","M","?","R","M","M","R","B","B",null,"R","$","E","B",null],"character_chosen":"THE_SILENT","items_purchased":["Bouncing Flask","Die Die Die","Catalyst","DollysMirror"],"campfire_rested":0,"item_purchase_floors":[5,21,39,39],"current_hp_per_floor":[44,44,66,66,66,66,52,52,52,52,52,52,52,52,52,54,63,62,62,60,66,58,58,30,17,24,29,29,29,2,2,2,7,57,57,62,62,62,73,73,73,73,73,73,69,69,69,69,69,69,15,56,56,69,41,23],"gold":48,"neow_bonus":"THREE_RARE_CARDS","is_daily":false,"chose_seed":false,"campfire_upgraded":10,"win_rate":0.0,"timestamp":1610816024,"path_taken":["M","?","?","M","$","R","E","R","T","M","M","?","R","E","R","BOSS","M","?","M","$","?","R","M","E","T","M","R","M","E","M","R","BOSS","M","M","M","?","$","E","R","E","T","M","?","R","M","M","R","BOSS","BOSS","R","$","E","BOSS"],"items_purchased_type":["Card","Card","Card","Relic"],"build_version":"2020-12-22","purchased_purges":2,"victory":true,"max_hp_per_floor":[66,66,66,66,66,66,66,66,66,66,66,66,66,66,66,66,66,66,66,66,66,66,66,66,66,73,73,73,73,73,73,73,73,73,73,73,73,73,73,73,73,73,73,73,69,69,69,69,69,69,69,69,69,69,79,79],"relic_stats":{"Peace Pipe":0,"Nunchaku":[3],"Busted Crown":18,"counters":[29,151],"MealTicket":30,"Tingsha":[31],"Pen Nib":[8],"obtain_stats":[{"Pear":55,"Tingsha":40,"Pen Nib":25,"Peace Pipe":30,"Nunchaku":42,"Busted Crown":34,"DollysMirror":39,"Strawberry":26,"MealTicket":7,"FossilizedHelix":9,"Toy Ornithopter":14,"Ring of the Snake":0,"Runic Pyramid":17},{"Pear":28,"Tingsha":21,"Pen Nib":12,"Peace Pipe":15,"Nunchaku":22,"Busted Crown":17,"DollysMirror":20,"Strawberry":12,"MealTicket":3,"FossilizedHelix":3,"Toy Ornithopter":6,"Ring of the Snake":0,"Runic Pyramid":7},{"Pear":144,"Tingsha":109,"Pen Nib":63,"Peace Pipe":79,"Nunchaku":114,"Busted Crown":94,"DollysMirror":103,"Strawberry":63,"MealTicket":11,"FossilizedHelix":11,"Toy Ornithopter":22,"Ring of the Snake":0,"Runic Pyramid":31}],"Toy Ornithopter":63,"Ring of the Snake":[58]},"card_choices":[{"not_picked":["Wraith Form v2","Doppelganger"],"picked":"Burst","floor":0.0},{"not_picked":["Dodge and Roll","Outmaneuver"],"picked":"Slice","floor":1.0},{"not_picked":["Slice","PiercingWail"],"picked":"Dagger Spray","floor":4.0},{"not_picked":["Dagger Spray","Caltrops"],"picked":"Flying Knee","floor":7.0},{"not_picked":["Underhanded Strike","Dagger Spray","Dodge and Roll"],"picked":"SKIP","floor":10.0},{"not_picked":["Underhanded Strike","Dagger Spray"],"picked":"Dodge and Roll","floor":10.0},{"not_picked":["Underhanded Strike","Slice","Quick Slash"],"picked":"SKIP","floor":11.0},{"not_picked":["Underhanded Strike","Slice","Quick Slash"],"picked":"SKIP","floor":11.0},{"not_picked":["Quick Slash","Accuracy"],"picked":"Doppelganger","floor":14.0},{"not_picked":["Glass Knife","Burst"],"picked":"Venomology","floor":16.0},{"not_picked":["Blade Dance","Dodge and Roll"],"picked":"Noxious Fumes","floor":18.0},{"not_picked":["Bane","Calculated Gamble","Expertise"],"picked":"SKIP","floor":20.0},{"not_picked":["Deflect","Poisoned Stab"],"picked":"Crippling Poison","floor":22.0},{"not_picked":["Concentrate","Quick Slash"],"picked":"PiercingWail","floor":24.0},{"not_picked":["Deflect","Blade Dance","Dash"],"picked":"SKIP","floor":25.0},{"not_picked":["Sucker Punch","Die Die Die"],"picked":"Deadly Poison","floor":27.0},{"not_picked":["Heel Hook","Underhanded Strike+1","Prepared"],"picked":"SKIP","floor":29.0},{"not_picked":["Cloak And Dagger","Distraction","Masterful Stab"],"picked":"SKIP","floor":30.0},{"not_picked":["PiercingWail","Dodge and Roll"],"picked":"Wraith Form v2","floor":31.0},{"not_picked":["Storm of Steel","Unload"],"picked":"Corpse Explosion","floor":33.0},{"not_picked":["Skewer"],"picked":"SKIP","floor":35.0},{"not_picked":["Flechettes"],"picked":"SKIP","floor":36.0},{"not_picked":["Accuracy"],"picked":"SKIP","floor":37.0},{"not_picked":["Bane"],"picked":"SKIP","floor":40.0},{"not_picked":["Blade Dance"],"picked":"SKIP","floor":42.0},{"not_picked":["Well Laid Plans+1"],"picked":"SKIP","floor":44.0},{"not_picked":[],"picked":"Acrobatics+1","floor":47.0},{"not_picked":[],"picked":"PiercingWail+1","floor":48.0},{"not_picked":["Deadly Poison"],"picked":"SKIP","floor":55}],"player_experience":1209845,"relics_obtained":[{"floor":7.0,"key":"MealTicket"},{"floor":9.0,"key":"FossilizedHelix"},{"floor":14.0,"key":"Toy Ornithopter"},{"floor":25.0,"key":"Pen Nib"},{"floor":26.0,"key":"Strawberry"},{"floor":30.0,"key":"Peace Pipe"},{"floor":40.0,"key":"Tingsha"},{"floor":42.0,"key":"Nunchaku"},{"floor":55,"key":"Pear"}],"event_choices":[{"cards_removed":["Strike_G"],"damage_healed":0.0,"max_hp_gain":0.0,"max_hp_loss":0.0,"gold_gain":0.0,"event_name":"The Cleric","player_choice":"Card Removal","floor":2.0,"gold_loss":75.0,"damage_taken":0.0},{"damage_healed":22.0,"max_hp_gain":0.0,"max_hp_loss":0.0,"gold_gain":0.0,"event_name":"Big Fish","player_choice":"Banana","floor":3.0,"gold_loss":0.0,"damage_taken":0.0},{"damage_healed":0.0,"max_hp_gain":0.0,"max_hp_loss":0.0,"gold_gain":0.0,"event_name":"Dead Adventurer","player_choice":"Searched \u00270\u0027 times","floor":12.0,"gold_loss":0.0,"damage_taken":0.0},{"cards_removed":["Strike_G"],"damage_healed":0.0,"max_hp_gain":0.0,"max_hp_loss":0.0,"gold_gain":0.0,"event_name":"Bonfire Elementals","player_choice":"Offered Basic","floor":19.0,"gold_loss":0.0,"damage_taken":0.0},{"cards_removed":["Defend_G"],"damage_healed":0.0,"max_hp_gain":0.0,"max_hp_loss":0.0,"gold_gain":0.0,"event_name":"Falling","player_choice":"Removed Skill","floor":38.0,"gold_loss":0.0,"damage_taken":0.0},{"damage_healed":0.0,"max_hp_gain":0.0,"max_hp_loss":4.0,"gold_gain":0.0,"event_name":"Winding Halls","player_choice":"Max HP","floor":45.0,"gold_loss":0.0,"damage_taken":0.0}],"is_beta":false,"boss_relics":[{"not_picked":["Cursed Key","Sozu"],"picked":"Runic Pyramid"},{"not_picked":["Black Star","Runic Dome"],"picked":"Busted Crown"}],"items_purged_floors":[39,54],"is_endless":false,"potions_floor_spawned":[4,7,11,16,20,24,31,33,37,42,47,48,55],"ascension_level":20}}