{"host":"idjwbq71yrpkph1r","time":1610755880,"event":{"mods":["Alarm Clock","BaseMod","Better Third Choice","Block Reminder","Colored Powertips","Conspire","Hubris","Minty Spire (QoL Compilation)","Rare Cards Sparkle","StSLib","The Blue Laboratory","Waifu the Spire","everything is the same but u backflip on backflip"],"gold_per_floor":[114,114,130,27,43,43,43,60,60,12,12,24,48,63,63,160,160,174,124,144,158,1,16,26,26,50,79,79,79,79],"floor_reached":29,"language":"ENG","playtime":2334,"items_purged":[],"score":287,"play_id":"4f0aea7c-2af9-4ae5-9528-74e8cae8600d","local_time":"20210116011120","is_ascension_mode":false,"campfire_choices":[{"data":"Neutralize","floor":6,"key":"SMITH"},{"floor":15,"key":"REST"},{"floor":28,"key":"REST"}],"circlet_count":0,"master_deck":["conspire:GhostlyStrike","conspire:GhostlyStrike","conspire:GhostlyStrike","conspire:GhostlyStrike","conspire:GhostlyStrike","conspire:GhostlyDefend","conspire:GhostlyDefend","conspire:GhostlyDefend","conspire:GhostlyDefend","conspire:GhostlyDefend","Survivor","Neutralize+1","Bouncing Flask+1","Flying Knee","Well Laid Plans","Bane","Backflip","Caltrops","Quick Slash","Quick Slash","Corpse Explosion","Noxious Fumes","Writhe"],"relics":["hubris:RunicObelisk","hubris:Icosahedron","Nunchaku","Snecko Eye","Toolbox","Mummified Hand","MealTicket","Pantograph"],"acts_visited":["Exordium","TheCity"],"potions_floor_usage":[27,27],"damage_taken":[{"damage":0,"enemies":"Small Slimes","floor":1,"turns":4},{"damage":0,"enemies":"conspire:RoseBush","floor":3,"turns":3},{"damage":0,"enemies":"2 Louse","floor":5,"turns":3},{"damage":5,"enemies":"Looter","floor":8,"turns":3},{"damage":7,"enemies":"Red Slaver","floor":12,"turns":3},{"damage":11,"enemies":"Lots of Slimes","floor":14,"turns":4},{"damage":10,"enemies":"The Guardian","floor":16,"turns":8},{"damage":5,"enemies":"3 Byrds","floor":18,"turns":3},{"damage":11,"enemies":"Spheric Guardian","floor":20,"turns":4},{"damage":5,"enemies":"conspire:HollyBat","floor":21,"turns":6},{"damage":14,"enemies":"Centurion and Healer","floor":23,"turns":5},{"damage":21,"enemies":"Shelled Parasite and Fungi","floor":24,"turns":5},{"damage":13,"enemies":"conspire:SneckoGhost","floor":27,"turns":8},{"damage":22,"enemies":"Sentry and Sphere","floor":29,"turns":4}],"seed_played":"-3623571815566599036","potions_obtained":[{"floor":5,"key":"blueLaboratory:BubblePotion"},{"floor":8,"key":"BlessingOfTheForge"},{"floor":14,"key":"blueLaboratory:HummingbirdPotion"},{"floor":20,"key":"blueLaboratory:BottleOfVodka"}],"is_trial":false,"path_per_floor":["M","?","M","$","M","R","?","M","T","$","?","M","T","M","R","B",null,"M","?","M","M","$","M","M","?","T","E","R","M"],"character_chosen":"THE_SILENT","items_purchased":["Well Laid Plans","Bane","Quick Slash","Toolbox"],"campfire_rested":2,"item_purchase_floors":[4,4,10,22],"current_hp_per_floor":[70,70,70,70,70,70,70,65,65,65,65,58,58,47,68,58,70,65,65,54,49,49,35,14,14,14,1,22,0,0],"gold":79,"neow_bonus":"BOSS_RELIC","is_daily":false,"chose_seed":false,"campfire_upgraded":1,"win_rate":0.0,"timestamp":1610755880,"path_taken":["M","?","M","$","M","R","?","M","T","$","?","M","?","M","R","BOSS","M","?","?","M","$","?","M","?","T","E","R","M"],"items_purchased_type":["Card","Card","Card","Relic"],"build_version":"2020-12-22","purchased_purges":0,"victory":false,"max_hp_per_floor":[70,70,70,70,70,70,70,70,70,70,70,70,70,70,70,70,70,70,70,70,70,70,70,70,70,70,70,70,70,70],"card_choices":[{"not_picked":["Backflip","hubris:SlightOfHand"],"picked":"Bouncing Flask","floor":1},{"not_picked":["Cloak And Dagger","Finisher"],"picked":"Flying Knee","floor":3},{"not_picked":["Cloak And Dagger","Sucker Punch"],"picked":"Backflip","floor":5},{"not_picked":["Deflect","Infinite Blades"],"picked":"Caltrops","floor":8},{"not_picked":["Tools of the Trade","Dagger Throw","Acrobatics"],"picked":"SKIP","floor":12},{"not_picked":["Heel Hook","Slice"],"picked":"Quick Slash","floor":14},{"not_picked":["Bullet Time","Envenom"],"picked":"Corpse Explosion","floor":16},{"not_picked":["PiercingWail","Slice","Deflect"],"picked":"SKIP","floor":18},{"not_picked":["Blade Dance+1","Dodge and Roll","conspire:PoisonWeapons"],"picked":"SKIP","floor":20},{"not_picked":["Flechettes","Masterful Stab","Dagger Throw+1"],"picked":"SKIP","floor":21},{"not_picked":["Dagger Spray+1","Dagger Throw"],"picked":"Noxious Fumes","floor":23},{"not_picked":["Poisoned Stab+1","Tactician","Sucker Punch"],"picked":"SKIP","floor":24},{"not_picked":["All Out Attack","hubris:Sniper","Cloak And Dagger+1"],"picked":"SKIP","floor":27}],"player_experience":208429,"relics_obtained":[{"floor":13,"key":"Nunchaku"},{"floor":26,"key":"MealTicket"},{"floor":27,"key":"Pantograph"}],"event_choices":[{"damage_healed":0,"gold_gain":0,"player_choice":"Grow","damage_taken":0,"max_hp_gain":0,"max_hp_loss":0,"event_name":"Living Wall","floor":2,"gold_loss":0,"cards_upgraded":["Bouncing Flask"]},{"damage_healed":0,"gold_gain":0,"player_choice":"Agree","damage_taken":0,"max_hp_gain":0,"max_hp_loss":0,"event_name":"conspire:LoneGhost","floor":7,"gold_loss":0},{"damage_healed":0,"gold_gain":0,"player_choice":"Bet on Owner","damage_taken":0,"max_hp_gain":0,"max_hp_loss":0,"event_name":"The Joust","floor":19,"gold_loss":50},{"damage_healed":0,"gold_gain":0,"player_choice":"Opened","damage_taken":0,"relics_obtained":["Mummified Hand"],"max_hp_gain":0,"max_hp_loss":0,"event_name":"The Mausoleum","floor":25,"gold_loss":0,"cards_obtained":["Writhe"]}],"is_beta":false,"boss_relics":[{"not_picked":["Busted Crown","WristBlade"],"picked":"Snecko Eye"}],"items_purged_floors":[],"is_endless":false,"potions_floor_spawned":[5,8,14,20,24],"killed_by":"Sentry and Sphere","ascension_level":0}}