{"host":"oeotdbd679q6m6vu","time":1610800291,"event":{"mods":["Act Like it!","BaseMod","Colored Map","Decade(Õı–°√˜)","Downfall","Friendly Minions","Gensokyo","GifTheSpireLib","Highlight Path","Marisa£®ÏF”Í°°ƒß¿Ì…≥£©","Minty Spire (QoL Compilation)","Rare Cards Sparkle","Reimu£®≤©¿ˆ¡È√Œ£©","StSLib","The Animator","Youmu£®ªÍ∆«—˝√Œ£©"],"gold_per_floor":[0,13,0,18,28,63,63,63,23,23,37,55,55,40,57,161,161,161,171,171,81,95,39,39,56,71,102,102,102,102,102],"floor_reached":29,"language":"ZHS","playtime":2353,"items_purged":["downfall:Malfunctioning","hexamod:Strike"],"score":270,"play_id":"c59addb2-6386-4d4e-add6-8dac948dfe92","local_time":"20210116073131","is_ascension_mode":false,"campfire_choices":[{"data":"hexamod:Float","floor":1,"key":"SMITH"},{"data":"1","floor":8,"key":"LIFT"},{"data":"2","floor":18,"key":"LIFT"},{"data":"3","floor":28,"key":"LIFT"}],"circlet_count":0,"master_deck":["hexamod:Strike+1","hexamod:Strike+1","hexamod:Defend+1","hexamod:Defend+1","hexamod:Sear+1","hexamod:Float+1","hexamod:Rewind+1","hexamod:ThirdSeal","hexamod:FourthSeal","hexamod:EmpoweredFlame+1","hexamod:GhostOfSpirePresent","hexamod:UnlimitedPower","hexamod:TurnItUp+1","hexamod:SixthSeal","hexamod:EmpoweredFlame+1","hexamod:FastForward+1","hexamod:UnlimitedPower+1","hexamod:RadiantFlame+1","hexamod:EmpoweredFlame+1","hexamod:ApocalypticArmor","hexamod:DynamicBlow+1","hexamod:FirstSeal","hexamod:TimeWarp+1"],"relics":["hexamod:SpiritBrand","Girya","PaintedHorse:ReiMu","Philosopher\u0027s Stone","hexamod:SoulConsumer","Strawberry","Whetstone"],"acts_visited":["Exordium","TheCity"],"potions_floor_usage":[6,16,16,16,23,27,29,29,29],"damage_taken":[{"damage":4,"enemies":"2 Louse","floor":2,"turns":3},{"damage":0,"enemies":"downfall:FleeingMerchant","floor":3,"turns":4},{"damage":0,"enemies":"Small Slimes","floor":4,"turns":3},{"damage":0,"enemies":"Cultist","floor":5,"turns":3},{"damage":21,"enemies":"Lagavulin","floor":6,"turns":5},{"damage":0,"enemies":"Blue Slaver","floor":11,"turns":3},{"damage":2,"enemies":"Gremlin Gang","floor":12,"turns":4},{"damage":2,"enemies":"downfall:FleeingMerchant","floor":14,"turns":4},{"damage":7,"enemies":"2 Fungi Beasts","floor":15,"turns":3},{"damage":11,"enemies":"SI_SHIV_ARCHETYPE","floor":16,"turns":6},{"damage":4,"enemies":"Shell Parasite","floor":19,"turns":3},{"damage":20,"enemies":"downfall:FleeingMerchant","floor":21,"turns":4},{"damage":6,"enemies":"Spheric Guardian","floor":22,"turns":3},{"damage":13,"enemies":"downfall:FleeingMerchant","floor":23,"turns":3},{"damage":21,"enemies":"3 Cultists","floor":25,"turns":4},{"damage":24,"enemies":"Snake Plant","floor":26,"turns":3},{"damage":22,"enemies":"Book of Stabbing","floor":27,"turns":4},{"damage":29,"enemies":"Slavers","floor":29,"turns":2}],"seed_played":"-5565349381644285683","potions_obtained":[{"floor":4,"key":"SkillPotion"},{"floor":5,"key":"SneckoOil"},{"floor":11,"key":"Strength Potion"},{"floor":14,"key":"EntropicBrew"},{"floor":16,"key":"FairyPotion"},{"floor":19,"key":"Strength Potion"},{"floor":21,"key":"Block Potion"},{"floor":23,"key":"Explosive Potion"},{"floor":25,"key":"EssenceOfSteel"},{"floor":25,"key":"Swift Potion"},{"floor":26,"key":"Regen Potion"},{"floor":26,"key":"EssenceOfSteel"},{"floor":27,"key":"DistilledChaos"}],"is_trial":false,"path_per_floor":["R","M","$","M","M","E","T","R","?","?","M","M","?","$","M","B",null,"R","M","?","$","M","$","T","M","M","E","R","E"],"character_chosen":"THE_SPIRIT","items_purchased":["hexamod:SoulConsumer"],"campfire_rested":0,"item_purchase_floors":[23],"current_hp_per_floor":[70,66,66,66,66,45,45,45,45,45,45,43,43,41,34,23,70,70,66,66,46,40,27,34,17,23,26,26,0,0,0],"gold":102,"neow_bonus":"REMOVE_TWO","is_daily":false,"chose_seed":false,"campfire_upgraded":1,"win_rate":0.0,"timestamp":1610800291,"path_taken":["R","M","$","M","M","E","T","R","?","?","M","M","?","$","M","BOSS","R","M","?","$","?","$","T","M","M","E","R","E"],"items_purchased_type":["Relic"],"build_version":"2020-12-22","purchased_purges":2,"victory":false,"max_hp_per_floor":[70,70,70,70,70,70,70,70,70,70,70,70,70,70,70,70,70,70,70,70,70,70,70,77,77,77,77,77,77,77,77],"card_choices":[{"not_picked":["hexamod:NightmareStrike","hexamod:EmpoweredFlame","hexamod:RainOfEmbers"],"picked":"SKIP","floor":2},{"not_picked":["hexamod:HauntingEcho","hexamod:SpectersWail","hexamod:BacktrackSmack"],"picked":"SKIP","floor":3},{"not_picked":["hexamod:NightmareGuise","hexamod:GhostOfSpireFuture","hexamod:NightmareStrike"],"picked":"SKIP","floor":4},{"not_picked":["hexamod:BurningTouch","hexamod:Hexaguard"],"picked":"hexamod:Rewind","floor":5},{"not_picked":["hexamod:RetreatToShadows","hexamod:HauntingEcho","hexamod:NightmareGuise"],"picked":"SKIP","floor":6},{"not_picked":["hexamod:GhostflameBarrier","hexamod:SpectralSpark"],"picked":"hexamod:ThirdSeal","floor":11},{"not_picked":["hexamod:ChargedBarrage","hexamod:SpectersWail"],"picked":"hexamod:FourthSeal","floor":12},{"not_picked":["hexamod:SwordOfDarkness","hexamod:SuperheatedStrike"],"picked":"hexamod:EmpoweredFlame","floor":12},{"not_picked":["hexamod:ExtraCrispy","hexamod:SwordOfDarkness"],"picked":"hexamod:GhostOfSpirePresent","floor":14},{"not_picked":["hexamod:SpectralAdrenaline","hexamod:SwordOfDarkness"],"picked":"hexamod:UnlimitedPower","floor":14},{"not_picked":["hexamod:SpectersWail","hexamod:GhostShield","hexamod:FlamesFromBeyond"],"picked":"SKIP","floor":15},{"not_picked":["hexamod:BacktrackSmack","hexamod:FourthSeal","hexamod:PhantomFireball"],"picked":"SKIP","floor":15},{"not_picked":["hexamod:UnleashSpirits","hexamod:GiftsFromTheDead"],"picked":"hexamod:TurnItUp","floor":16},{"not_picked":["hexamod:Toasty","hexamod:ApocalypseNow"],"picked":"hexamod:SixthSeal","floor":16},{"not_picked":["hexamod:RainOfEmbers","hexamod:ThirdSeal"],"picked":"hexamod:EmpoweredFlame","floor":19},{"not_picked":["hexamod:ExtraCrispy","hexamod:HauntingEcho"],"picked":"hexamod:FastForward","floor":19},{"not_picked":["hexamod:HeatMetal","hexamod:AdvancingGuard"],"picked":"hexamod:RadiantFlame+1","floor":21},{"not_picked":["hexamod:ParanormalForm","hexamod:ShieldOfDarkness+1","hexamod:InspiringFlames"],"picked":"SKIP","floor":21},{"not_picked":["hexamod:GhostOfSpirePast","hexamod:HauntingEcho","hexamod:SpectersWail"],"picked":"SKIP","floor":22},{"not_picked":["hexamod:DynamicBlow+1","hexamod:GhostOfSpireFuture","hexamod:HauntingEcho"],"picked":"SKIP","floor":22},{"not_picked":["hexamod:GhostLash","hexamod:Incineration"],"picked":"hexamod:EmpoweredFlame+1","floor":23},{"not_picked":["hexamod:Haunt","hexamod:UnleashSpirits"],"picked":"hexamod:ApocalypticArmor","floor":23},{"not_picked":["hexamod:HeatMetal+1","hexamod:NightmareStrike+1"],"picked":"hexamod:DynamicBlow+1","floor":25},{"not_picked":["hexamod:GhostLash","hexamod:Hexaguard","hexamod:FlamesFromBeyond"],"picked":"SKIP","floor":25},{"not_picked":["hexamod:EtherealExpedition","hexamod:FlamesFromBeyond"],"picked":"hexamod:FirstSeal","floor":26},{"not_picked":["hexamod:DynamicBlow","hexamod:Incineration","hexamod:AdvancingGuard"],"picked":"SKIP","floor":26},{"not_picked":["hexamod:SuperheatedStrike","hexamod:HauntingEcho"],"picked":"hexamod:TimeWarp","floor":27},{"not_picked":["hexamod:GhostOfSpirePresent","hexamod:Firestarter","hexamod:HauntingEcho"],"picked":"SKIP","floor":27}],"player_experience":345320,"relics_obtained":[{"floor":6,"key":"Girya"},{"floor":24,"key":"Strawberry"},{"floor":27,"key":"Whetstone"}],"event_choices":[{"damage_healed":0,"gold_gain":0,"player_choice":"»˚«Æ","damage_taken":0,"relics_obtained":["PaintedHorse:ReiMu"],"max_hp_gain":0,"max_hp_loss":0,"event_name":"yidonshenshe","floor":9,"gold_loss":40},{"cards_removed":["hexamod:Defend"],"damage_healed":0,"gold_gain":0,"player_choice":"Card Removal","damage_taken":0,"max_hp_gain":0,"max_hp_loss":0,"event_name":"The Cleric","floor":10,"gold_loss":0}],"is_beta":false,"boss_relics":[{"not_picked":["Fusion Hammer","Sozu"],"picked":"Philosopher\u0027s Stone"}],"items_purged_floors":[21,23],"is_endless":false,"potions_floor_spawned":[4,5,11,15,16,22,25,26,27],"killed_by":"Slavers","ascension_level":0}}