{"host":"az1ex86qolajid0q","time":1610756032,"event":{"mods":["2.2 Compatiblity","AchievementEnabler","Astrologer","BaseMod","Beaked The Cultist","Better Altar","Better Match","Better Note","Better Sensory Stone","Better Skull","Better Third Choice","Better Vampires","BetterRewards","Colored Map","Colored Powertips","Downfall","Energized Spire","Hermit","Jorbs\u0027s Wanderer Trilogy","Minty Spire (QoL Compilation)","Permanent Neow","Rare Cards Sparkle","Relic Sorter","Relic Stats","Shop Mod","Spicy Shops","StSLib","The Construct"],"gold_per_floor":[110,60,60,77,88,117,117,147,219,245,245,245,269,287,287,287,287],"floor_reached":16,"language":"ENG","playtime":549,"items_purged":[],"score":205,"play_id":"975d138f-d47b-4cc0-b443-119961ba8108","local_time":"20210115181352","is_ascension_mode":true,"campfire_choices":[{"floor":7,"key":"REST"},{"floor":12,"key":"REST"},{"floor":15,"key":"REST"}],"circlet_count":0,"master_deck":["AscendersBane","Strike_P","Strike_P","Strike_P","Defend_P","Eruption","Vigilance","BowlingBash+1","Prostrate+1","ReachHeaven+1","Prostrate+1","Prostrate","Swivel","Prostrate"],"relics":["Astrolabe","hexamod:Sixitude","Vajra","Bag of Preparation","Golden Idol"],"acts_visited":["Exordium"],"potions_floor_usage":[8,16,16],"damage_taken":[{"damage":0,"enemies":"2 Louse","floor":1,"turns":2},{"damage":2,"enemies":"Small Slimes","floor":4,"turns":3},{"damage":0,"enemies":"Jaw Worm","floor":5,"turns":3},{"damage":23,"enemies":"Lagavulin","floor":6,"turns":5},{"damage":36,"enemies":"Gremlin Nob","floor":8,"turns":4},{"damage":13,"enemies":"3 Sentries","floor":10,"turns":4},{"damage":0,"enemies":"Exordium Thugs","floor":13,"turns":2},{"damage":2,"enemies":"Looter","floor":14,"turns":2},{"damage":51,"enemies":"Hexaghost","floor":16,"turns":9}],"seed_played":"2551827845838589218","potions_obtained":[{"floor":5,"key":"bronze:BurnAndBuffPotion"},{"floor":10,"key":"bronze:BurnAndBuffPotion"},{"floor":13,"key":"Fire Potion"}],"is_trial":false,"path_per_floor":["M","?","?","M","M","E","R","E","T","E","?","R","M","M","R","B"],"character_chosen":"WATCHER","items_purchased":[],"campfire_rested":3,"item_purchase_floors":[],"current_hp_per_floor":[65,65,65,63,63,40,61,25,25,12,12,32,32,30,50,0,0],"gold":287,"neow_bonus":"BOSS_RELIC","is_daily":false,"chose_seed":false,"campfire_upgraded":0,"win_rate":0.0,"timestamp":1610756032,"path_taken":["M","?","?","M","M","E","R","E","T","E","?","R","?","M","R","BOSS"],"items_purchased_type":[],"build_version":"2020-12-22","purchased_purges":0,"victory":false,"max_hp_per_floor":[72,72,72,72,72,72,72,72,72,72,67,67,67,67,67,67,67],"relic_stats":{"counters":[9,34],"Golden Idol":9,"Astrolabe":["BowlingBash","Prostrate","ReachHeaven"],"Bag of Preparation":[6],"obtain_stats":[{"Golden Idol":11,"Astrolabe":0,"hexamod:Sixitude":6,"Vajra":8,"Bag of Preparation":10,"PureWater":0},{"Golden Idol":6,"Astrolabe":0,"hexamod:Sixitude":4,"Vajra":5,"Bag of Preparation":6,"PureWater":0},{"Golden Idol":21,"Astrolabe":0,"hexamod:Sixitude":13,"Vajra":17,"Bag of Preparation":21,"PureWater":0}]},"card_choices":[{"not_picked":["Study","Evaluate"],"picked":"Prostrate","floor":1},{"not_picked":["Protect","LikeWater"],"picked":"Prostrate","floor":4},{"not_picked":["SashWhip","Protect","CutThroughFate"],"picked":"SKIP","floor":5},{"not_picked":["Evaluate","DeceiveReality","LikeWater"],"picked":"SKIP","floor":6},{"not_picked":["CutThroughFate","PathToVictory","Conclude"],"picked":"SKIP","floor":8},{"not_picked":["Evaluate","Collect"],"picked":"Swivel","floor":10},{"not_picked":["JustLucky","Evaluate","BowlingBash"],"picked":"SKIP","floor":13},{"not_picked":["PathToVictory","FlurryOfBlows"],"picked":"Prostrate","floor":14}],"player_experience":675997,"relics_obtained":[{"floor":6,"key":"hexamod:Sixitude"},{"floor":8,"key":"Vajra"},{"floor":10,"key":"Bag of Preparation"}],"event_choices":[{"cards_removed":["Strike_P"],"damage_healed":0,"gold_gain":0,"player_choice":"Card Removal","damage_taken":0,"max_hp_gain":0,"max_hp_loss":0,"event_name":"The Cleric","floor":2,"gold_loss":50},{"damage_healed":0,"gold_gain":0,"player_choice":"Grow","damage_taken":0,"max_hp_gain":0,"max_hp_loss":0,"event_name":"Living Wall","floor":3,"gold_loss":0,"cards_upgraded":["Prostrate"]},{"damage_healed":0,"gold_gain":0,"player_choice":"Lose Max HP","damage_taken":0,"relics_obtained":["Golden Idol"],"max_hp_gain":0,"max_hp_loss":5,"event_name":"Golden Idol","floor":11,"gold_loss":0}],"is_beta":false,"boss_relics":[],"items_purged_floors":[],"is_endless":false,"potions_floor_spawned":[5,10,13],"killed_by":"Hexaghost","ascension_level":10}}