{"host":"fghh6uc8siqeqraf","time":1610783980,"event":{"mods":["AchievementEnabler","BaseMod","Colored Powertips","Googly Eyes","Hermit","Lobotomy","Minty Spire (QoL Compilation)","Replay The Spire","Shop Mod","StSLib","The Cursed","The Hierophant"],"gold_per_floor":[119,136,149,163,163,194,211,239,293,304,229,249,263,281,281,383,383,400,400,400],"floor_reached":19,"language":"ZHS","playtime":2768,"items_purged":["Strike_R"],"score":185,"play_id":"5e0f2a28-d268-4c22-8190-c4b12755ba76","local_time":"20210116155940","is_ascension_mode":false,"campfire_choices":[{"floor":15,"key":"REST"}],"circlet_count":0,"master_deck":["Strike_R","Strike_R","Strike_R","Strike_R","Defend_R","Defend_R","Defend_R","Defend_R","OSAHOGD","Whirlwind","MHz","Clash","Murderer","ReplayTheSpireMod:Stacked","Bloodbath","Survivor","Neutralize","BigBadWolf","Infernal Blade","GreedKing","Metallicize","PunishingBird","Replay:Many Hands","Sword Boomerang","HappyTeddy","Twin Strike","UniverseFragment","True Grit","NakedNest","Scorched","Juggernaut","FairyFestival","ReplayTheSpireMod:Strike From Hell+1"],"relics":["Burning Blood","CogitoBucket","Anchor","TreeSap","Gremlin Horn","Centennial Puzzle","ResearcherNote","SlaversCollar"],"acts_visited":["Exordium","TheCity"],"potions_floor_usage":[6,6,6,14,16],"damage_taken":[{"damage":9,"enemies":"2 Louse","floor":1,"turns":3},{"damage":11,"enemies":"Cultist","floor":2,"turns":5},{"damage":6,"enemies":"Jaw Worm","floor":3,"turns":2},{"damage":4,"enemies":"2 Fungi Beasts","floor":4,"turns":3},{"damage":28,"enemies":"Lagavulin","floor":6,"turns":9},{"damage":7,"enemies":"Exordium Wildlife","floor":7,"turns":3},{"damage":23,"enemies":"3 Sentries","floor":8,"turns":10},{"damage":10,"enemies":"Large Slime","floor":10,"turns":5},{"damage":7,"enemies":"Lots of Slimes","floor":12,"turns":3},{"damage":6,"enemies":"3 Louse","floor":13,"turns":4},{"damage":19,"enemies":"Exordium Thugs","floor":14,"turns":7},{"damage":24,"enemies":"Slime Boss","floor":16,"turns":11},{"damage":24,"enemies":"2 Thieves","floor":18,"turns":4},{"damage":34,"enemies":"3 Byrds","floor":19,"turns":5}],"seed_played":"-2700326934088499306","potions_obtained":[{"floor":2,"key":"Reflective Coating"},{"floor":3,"key":"PowerPotion"},{"floor":4,"key":"EssenceOfSteel"},{"floor":8,"key":"PowerPotion"},{"floor":12,"key":"ElixirPotion"},{"floor":14,"key":"Block Potion"},{"floor":18,"key":"Strength Potion"}],"is_trial":false,"path_per_floor":["M","M","M","M","?","E","M","E","T","M","$","M","M","M","R","B",null,"M","M"],"character_chosen":"IRONCLAD","items_purchased":[],"campfire_rested":1,"item_purchase_floors":[],"current_hp_per_floor":[77,72,72,74,74,55,56,40,40,38,38,38,42,30,54,38,80,62,30,30],"gold":400,"neow_bonus":"","is_daily":false,"chose_seed":false,"campfire_upgraded":0,"win_rate":0.0,"timestamp":1610783980,"path_taken":["M","M","M","M","?","E","M","E","T","M","$","?","M","M","R","BOSS","M","M"],"items_purchased_type":[],"build_version":"2020-12-22","purchased_purges":1,"victory":false,"max_hp_per_floor":[80,80,80,80,80,80,80,80,80,80,80,80,80,80,80,80,80,80,80,80],"card_choices":[{"not_picked":["MeatLantern","ShyLook"],"picked":"OSAHOGD","floor":1},{"not_picked":["Anger","ReplayTheSpireMod:LeadingStrike"],"picked":"Whirlwind","floor":1},{"not_picked":["SpiderBud","Wellcheers"],"picked":"MHz","floor":2},{"not_picked":["Uppercut","Sword Boomerang"],"picked":"Clash","floor":2},{"not_picked":["Wellcheers","LaLuna"],"picked":"Murderer","floor":3},{"not_picked":["Run Through","Body Slam"],"picked":"ReplayTheSpireMod:Stacked","floor":3},{"not_picked":["NakedNest","VoidDream"],"picked":"Bloodbath","floor":4},{"not_picked":["Clash","Life Link","ReplayTheSpireMod:Limb From Limb"],"picked":"SKIP","floor":4},{"not_picked":["Clash","Life Link","ReplayTheSpireMod:Limb From Limb"],"picked":"SKIP","floor":4},{"not_picked":["Clash","Life Link","ReplayTheSpireMod:Limb From Limb"],"picked":"SKIP","floor":4},{"not_picked":["Rudolta","MeatLantern"],"picked":"BigBadWolf","floor":6},{"not_picked":["Wild Strike","Heavy Blade"],"picked":"Infernal Blade","floor":6},{"not_picked":["ShyLook","Wellcheers"],"picked":"GreedKing","floor":7},{"not_picked":["Warcry","Headbutt"],"picked":"Metallicize","floor":7},{"not_picked":["ShyLook","FairyFestival"],"picked":"PunishingBird","floor":8},{"not_picked":["Entrench","Dropkick"],"picked":"Replay:Many Hands","floor":8},{"not_picked":["CherryBlossoms","VoidDream"],"picked":"QueenOfHatred","floor":10},{"not_picked":["Run Through","Dual Wield"],"picked":"Sword Boomerang","floor":10},{"not_picked":["BigBird","WallGazer"],"picked":"HappyTeddy","floor":12},{"not_picked":["Immolate","Blood for Blood"],"picked":"Twin Strike","floor":12},{"not_picked":["Yin","Alriune"],"picked":"UniverseFragment","floor":13},{"not_picked":["Immolate","Defy Death"],"picked":"True Grit","floor":13},{"not_picked":["FairyFestival","CherryBlossoms"],"picked":"NakedNest","floor":14},{"not_picked":["Sever Soul","Clothesline"],"picked":"Combust","floor":14},{"not_picked":["VoidDream","CrumblingArmor"],"picked":"Scorched","floor":16},{"not_picked":["Offering","Limit Break"],"picked":"Juggernaut","floor":16},{"not_picked":["SilentOrchestra","BeautyBeast"],"picked":"FairyFestival","floor":18},{"not_picked":["Clash+1","Defy Death"],"picked":"ReplayTheSpireMod:Strike From Hell+1","floor":18}],"player_experience":103622,"relics_obtained":[{"floor":6,"key":"Anchor"},{"floor":8,"key":"Gremlin Horn"},{"floor":9,"key":"Centennial Puzzle"}],"event_choices":[],"is_beta":false,"boss_relics":[{"not_picked":["Empty Cage","Replay:Drink Me"],"picked":"SlaversCollar"}],"items_purged_floors":[11],"is_endless":false,"potions_floor_spawned":[2,3,4,8,12,14,18],"killed_by":"3 Byrds","ascension_level":0}}