{"host":"7bzprrpqr2usgpra","time":1610805823,"event":{"mods":["ATMod(阿瑾Mod)","BaseMod","BetterRewards","Downfall","Energized Spire","HololiveMod","Lobotomy","Minty Spire (QoL Compilation)","MostiFishMod","Quick Restart","Spicy Shops","StSLib","TestMod","[IsaacMod]以撒尖塔"],"gold_per_floor":[114,114,79,154,554,583,583,620,620,632,644,670,690,704,704,782,782,795,807,28,46,57,96,125,169,207,239,264,276,288,132,132,245,245,267,281,353,353,368,368,389,417,417,449,484,484,484,502,502,507],"floor_reached":51,"language":"ZHS","playtime":1627,"items_purged":[],"score":2232,"play_id":"f5216b5f-9f3d-4100-8ee6-7209443f17e0","local_time":"20210116220343","is_ascension_mode":true,"campfire_choices":[{"floor":7,"key":"REST"},{"data":"AT_FamilyPortrait","floor":15,"key":"SMITH"},{"floor":32,"key":"REST"},{"floor":40,"key":"REST"},{"floor":47,"key":"REST"},{"data":"AT_EssenceShift","floor":49,"key":"SMITH"}],"circlet_count":0,"master_deck":["AscendersBane","Strike_G","Strike_G","Strike_G","Strike_G","Strike_G","Defend_G","Defend_G","Defend_G","Defend_G","Defend_G","Survivor","Neutralize","AT_FamilyPortrait+1","Skewer","Leg Sweep","Burst","AT_WindFlip","Sucker Punch","Slice","AT_KneejerkReflex","AT_EssenceShift","Blade Dance","AT_Desolate","MostiFishMod:FrostNova","Dash","AT_EssenceShift+1","MostiFishMod:WinterMarkForm","Accuracy","Masterful Stab","MostiFishMod:Neurotoxin","AT_FocusSwordFire+1","Pain","Terror","AT_WindFlip+1","AT_Desolate","MostiFishMod:Opportunism"],"relics":["AT_ATBox","HushsDoor","EGODaCapo","DeadEye","testmod-IntensifyImprint","ShadowXiaoBlade","SynthV:TestCard","testmod-Acrobat","testmod-LifeArmor","Bronze Scales","Lantern","energizedSpire:NeverEndingSparkler","BirthdayGift-Icosahedron","MawBank","BookOfRevelations","Smiling Mask","DaveBox","EGODaCapo","AT_BellDemon","Dodecahedron","ChiXiaoBlade","AT_RedNoBalance","WarpedTongs","Orichalcum","Chaos","Charon\u0027s Ashes"],"acts_visited":["Exordium","TheCity","TheBeyond"],"potions_floor_usage":[],"damage_taken":[{"damage":1,"enemies":"Jaw Worm","floor":1,"turns":2},{"damage":2,"enemies":"Lagavulin","floor":6,"turns":4},{"damage":0,"enemies":"Gremlin Nob","floor":8,"turns":2},{"damage":0,"enemies":"Small Slimes","floor":10,"turns":2},{"damage":0,"enemies":"2 Louse","floor":11,"turns":1},{"damage":0,"enemies":"3 Sentries","floor":12,"turns":2},{"damage":0,"enemies":"Looter","floor":13,"turns":3},{"damage":0,"enemies":"Large Slime","floor":14,"turns":3},{"damage":0,"enemies":"Slime Boss","floor":16,"turns":5},{"damage":5,"enemies":"Shell Parasite","floor":18,"turns":4},{"damage":0,"enemies":"Spheric Guardian","floor":19,"turns":2},{"damage":0,"enemies":"Snake Plant","floor":21,"turns":1},{"damage":0,"enemies":"Sentry and Sphere","floor":22,"turns":1},{"damage":0,"enemies":"Book of Stabbing","floor":23,"turns":2},{"damage":0,"enemies":"3 Cultists","floor":24,"turns":1},{"damage":0,"enemies":"Slavers","floor":25,"turns":3},{"damage":0,"enemies":"Chosen and Byrds","floor":27,"turns":2},{"damage":0,"enemies":"Centurion and Healer","floor":28,"turns":2},{"damage":0,"enemies":"Champ","floor":33,"turns":3},{"damage":0,"enemies":"Orb Walker","floor":35,"turns":1},{"damage":0,"enemies":"3 Shapes","floor":36,"turns":1},{"damage":0,"enemies":"Writhing Mass","floor":39,"turns":2},{"damage":0,"enemies":"Maw","floor":41,"turns":1},{"damage":0,"enemies":"Nemesis","floor":42,"turns":1},{"damage":0,"enemies":"Transient","floor":44,"turns":3},{"damage":0,"enemies":"Giant Head","floor":45,"turns":2},{"damage":0,"enemies":"Writhing Mass","floor":48,"turns":1},{"damage":0,"enemies":"Awakened One","floor":50,"turns":3}],"seed_played":"8065261058216916556","potions_obtained":[{"floor":1,"key":"Fire Potion"},{"floor":8,"key":"Poison Potion"}],"is_trial":false,"path_per_floor":["M","?","?","?","?","E","R","E","T","M","M","E","M","M","R","B",null,"M","M","$","M","M","E","M","E","T","M","M","?","?","$","R","B",null,"M","M","T","?","M","R","M","E","T","M","E","?","R","M","R","B",null],"character_chosen":"THE_SILENT","items_purchased":["BirthdayGift-Icosahedron","Dodecahedron"],"campfire_rested":4,"item_purchase_floors":[20,31],"current_hp_per_floor":[58,32,48,37,37,35,54,54,54,54,54,54,54,54,54,54,63,58,58,58,59,60,61,62,63,63,64,65,65,50,50,66,66,66,66,66,66,66,34,53,34,35,35,36,37,37,56,57,57,58],"gold":507,"neow_bonus":"BOSS_RELIC","is_daily":false,"chose_seed":false,"campfire_upgraded":2,"win_rate":0.0,"timestamp":1610805823,"path_taken":["M","?","?","?","?","E","R","E","T","?","M","E","M","M","R","BOSS","M","M","$","M","M","E","M","E","T","M","?","?","?","?","R","BOSS","M","M","?","?","?","R","M","E","T","M","E","?","R","M","R","BOSS"],"items_purchased_type":["Relic","Relic"],"build_version":"2020-12-22","purchased_purges":0,"victory":true,"max_hp_per_floor":[66,66,66,66,66,66,66,66,66,66,66,66,66,66,66,66,66,66,66,66,66,66,66,66,66,66,66,66,66,66,66,66,66,66,66,66,66,66,66,66,66,66,66,66,66,66,66,66,66,66],"card_choices":[{"not_picked":[],"picked":"ChaosCard","floor":0},{"not_picked":["MostiFishMod:PreservedThorns","Heel Hook"],"picked":"Skewer","floor":1},{"not_picked":["Setup","Poisoned Stab","Bane","AT_FocusSwordFire"],"picked":"Leg Sweep","floor":6},{"not_picked":["Calculated Gamble","Distraction","Infinite Blades","Poisoned Stab"],"picked":"Burst","floor":8},{"not_picked":["Slice","Cloak And Dagger","Predator","AT_TinkerSharpsword"],"picked":"AT_WindFlip","floor":10},{"not_picked":["Deadly Poison","Bouncing Flask","Prepared","Dagger Throw"],"picked":"Sucker Punch","floor":11},{"not_picked":["PiercingWail","Blur","Setup","Deflect"],"picked":"MostiFishMod:HiddenBlade","floor":12},{"not_picked":["Poisoned Stab","Bane","Dodge and Roll","Sucker Punch"],"picked":"Slice","floor":13},{"not_picked":["MostiFishMod:FrostNova","Cloak And Dagger","MostiFishMod:PoisonShield","Bane"],"picked":"AT_KneejerkReflex","floor":14},{"not_picked":["MostiFishMod:Neurotoxin","MostiFishMod:FullyArmed","AT_MyraUnstableElement","Doppelganger"],"picked":"AT_EssenceShift","floor":16},{"not_picked":["Heel Hook","Dagger Spray","Deadly Poison","Prepared+1"],"picked":"Blade Dance","floor":18},{"not_picked":["Dodge and Roll","AT_FocusSwordFire","Cloak And Dagger","MostiFishMod:PerfectParry+1"],"picked":"AT_Desolate","floor":19},{"not_picked":["Bane","Caltrops","Tools of the Trade","Outmaneuver"],"picked":"MostiFishMod:FrostNova","floor":21},{"not_picked":["Deadly Poison","AT_WindRun","Calculated Gamble","Catalyst"],"picked":"Dash","floor":22},{"not_picked":["Poisoned Stab","Dagger Throw","Setup","AT_ShadowStep"],"picked":"AT_EssenceShift","floor":23},{"not_picked":["Prepared","Outmaneuver","Setup+1","Cloak And Dagger"],"picked":"MostiFishMod:WinterMarkForm","floor":24},{"not_picked":["Poisoned Stab","Bane","Outmaneuver","Sucker Punch"],"picked":"Accuracy","floor":25},{"not_picked":["PiercingWail","Heel Hook","Flying Knee","Sucker Punch","Quick Slash"],"picked":"SKIP","floor":27},{"not_picked":["Dash","Bane","Blade Dance+1","Dagger Throw"],"picked":"Masterful Stab","floor":28},{"not_picked":["Grand Finale","Corpse Explosion","MostiFishMod:LethalBlade","Burst"],"picked":"MostiFishMod:Neurotoxin","floor":33},{"not_picked":["PiercingWail","Deflect","Underhanded Strike","Choke"],"picked":"AT_FocusSwordFire+1","floor":35},{"not_picked":["Prepared","Backflip","Bane+1","Doppelganger","MostiFishMod:PerfectParry"],"picked":"SKIP","floor":36},{"not_picked":["Flying Knee","Underhanded Strike","Bane+1","Deflect"],"picked":"Terror","floor":39},{"not_picked":["Deadly Poison","Predator","MostiFishMod:PerfectParry","Poisoned Stab"],"picked":"AT_WindFlip+1","floor":41},{"not_picked":["Well Laid Plans","Dagger Spray","AT_FocusSwordFire","Grand Finale"],"picked":"AT_Desolate","floor":42},{"not_picked":["Flying Knee","Poisoned Stab","AT_WindFlip","Backflip","Bouncing Flask"],"picked":"SKIP","floor":44},{"not_picked":["Blade Dance","MostiFishMod:PerfectParry","Blur+1","Skewer+1","Flying Knee"],"picked":"SKIP","floor":45},{"not_picked":["Dash","Underhanded Strike+1","Noxious Fumes","Terror","Bane"],"picked":"SKIP","floor":48}],"player_experience":276252,"relics_obtained":[{"floor":1,"key":"SynthV:TestCard"},{"floor":6,"key":"testmod-LifeArmor"},{"floor":8,"key":"Bronze Scales"},{"floor":12,"key":"Lantern"},{"floor":23,"key":"MawBank"},{"floor":25,"key":"BookOfRevelations"},{"floor":26,"key":"Smiling Mask"},{"floor":37,"key":"AT_SilverBalance"},{"floor":42,"key":"Orichalcum"},{"floor":43,"key":"Chaos"},{"floor":45,"key":"Charon\u0027s Ashes"}],"event_choices":[{"damage_healed":0,"gold_gain":0,"player_choice":"Success","damage_taken":26,"relics_obtained":["testmod-Acrobat"],"max_hp_gain":0,"max_hp_loss":0,"event_name":"Scrap Ooze","floor":2,"gold_loss":0},{"damage_healed":16,"gold_gain":0,"player_choice":"Healed","damage_taken":0,"max_hp_gain":0,"max_hp_loss":0,"event_name":"The Cleric","floor":3,"gold_loss":35},{"damage_healed":0,"gold_gain":75,"player_choice":"Gather Gold","damage_taken":11,"max_hp_gain":0,"max_hp_loss":0,"event_name":"World of Goop","floor":4,"gold_loss":0},{"damage_healed":0,"gold_gain":400,"player_choice":"Sell","damage_taken":0,"max_hp_gain":0,"max_hp_loss":0,"event_name":"恩洛斯的盘子","floor":5,"relics_lost":["testmod-TestBox"],"gold_loss":0},{"damage_healed":0,"gold_gain":0,"player_choice":"Swap Relic","damage_taken":0,"relics_obtained":["DaveBox"],"max_hp_gain":0,"max_hp_loss":0,"event_name":"给自己的盒子","floor":29,"relics_lost":["DaveBox"],"gold_loss":0},{"damage_healed":0,"gold_gain":0,"player_choice":"Rummage","damage_taken":0,"relics_obtained":["WarpedTongs"],"max_hp_gain":0,"max_hp_loss":0,"event_name":"Accursed Blacksmith","floor":38,"gold_loss":0,"cards_obtained":["Pain"]},{"damage_healed":0,"gold_gain":0,"cards_transformed":["MostiFishMod:HiddenBlade"],"player_choice":"Transformed","damage_taken":0,"max_hp_gain":0,"max_hp_loss":0,"event_name":"Transmorgrifier","floor":46,"gold_loss":0,"cards_obtained":["MostiFishMod:Opportunism"]}],"is_beta":false,"boss_relics":[{"not_picked":["testmod-DreamHouse","Runic Pyramid"],"picked":"energizedSpire:NeverEndingSparkler"},{"not_picked":[]},{"not_picked":["Transparent","testmod-BatchProcessingSystem"],"picked":"ChiXiaoBlade"},{"not_picked":[]}],"items_purged_floors":[],"is_endless":false,"potions_floor_spawned":[1,8,10,16,21,24,25,28,33,39,41,44],"ascension_level":18}}