{"host":"g8zw5beq5mqt80bj","time":1610827950,"event":{"mods":["2.2 Compatiblity","AchievementEnabler","BaseMod","Colored Map","Colored Powertips","DeckTracker","Highlight Path","Minty Spire (QoL Compilation)","Quick Restart","Random Character Button","Rare Cards Sparkle"],"gold_per_floor":[116,116,69,69,34,66,66,82,82,102,113,40,50,65,65,65,65],"floor_reached":16,"language":"POL","playtime":813,"items_purged":[],"score":102,"play_id":"984f1ca4-b3db-4546-ae23-d924b90892c2","local_time":"20210116211230","is_ascension_mode":false,"campfire_choices":[{"floor":7,"key":"REST"},{"floor":15,"key":"REST"}],"circlet_count":0,"master_deck":["Strike_G","Strike_G","Strike_G","Strike_G","Strike_G","Defend_G","Defend_G","Defend_G","Defend_G","Defend_G","Survivor","Neutralize","Poisoned Stab","Dagger Spray","Reflex","Deflect","Flying Knee","Blade Dance","Deflect","Underhanded Strike","Dagger Throw","PiercingWail"],"relics":["Ring of the Snake","CultistMask","Peace Pipe","Girya","White Beast Statue"],"acts_visited":["Exordium"],"potions_floor_usage":[16],"damage_taken":[{"damage":12,"enemies":"Small Slimes","floor":1,"turns":4},{"damage":56,"enemies":"Lagavulin","floor":6,"turns":9},{"damage":2,"enemies":"Cultist","floor":8,"turns":4},{"damage":0,"enemies":"Jaw Worm","floor":10,"turns":4},{"damage":5,"enemies":"Large Slime","floor":11,"turns":6},{"damage":2,"enemies":"Blue Slaver","floor":13,"turns":3},{"damage":13,"enemies":"3 Louse","floor":14,"turns":2},{"damage":42,"enemies":"The Guardian","floor":16,"turns":11}],"seed_played":"1418355591783979219","potions_obtained":[{"floor":8,"key":"FearPotion"},{"floor":10,"key":"SmokeBomb"},{"floor":11,"key":"Swift Potion"},{"floor":13,"key":"SteroidPotion"}],"is_trial":false,"path_per_floor":["M","?","$","T","?","E","R","M","T","M","M","$","M","M","R","B"],"character_chosen":"THE_SILENT","items_purchased":["Dagger Spray","Deflect","Underhanded Strike"],"campfire_rested":2,"item_purchase_floors":[3,12,12],"current_hp_per_floor":[51,51,51,51,72,16,41,39,39,39,34,34,32,19,44,2,2],"gold":65,"neow_bonus":"TWENTY_PERCENT_HP_BONUS","is_daily":false,"chose_seed":false,"campfire_upgraded":0,"win_rate":0.0,"timestamp":1610827950,"path_taken":["M","?","?","?","?","E","R","M","T","M","M","$","M","M","R","BOSS"],"items_purchased_type":["Card","Card","Card"],"build_version":"2020-12-22","purchased_purges":0,"victory":false,"max_hp_per_floor":[84,84,84,84,84,84,84,84,84,84,84,84,84,84,84,84,84],"card_choices":[{"not_picked":["Acrobatics","Sucker Punch"],"picked":"Poisoned Stab","floor":1},{"not_picked":["Backflip","Flying Knee"],"picked":"Reflex","floor":6},{"not_picked":["Terror","Outmaneuver"],"picked":"Deflect","floor":8},{"not_picked":["Skewer","Dodge and Roll"],"picked":"Flying Knee","floor":10},{"not_picked":["Accuracy","Endless Agony"],"picked":"Blade Dance","floor":11},{"not_picked":["Poisoned Stab","Concentrate"],"picked":"Dagger Throw","floor":13},{"not_picked":["Dodge and Roll","Tactician"],"picked":"PiercingWail","floor":14}],"player_experience":99848,"relics_obtained":[{"floor":4,"key":"Peace Pipe"},{"floor":6,"key":"Girya"},{"floor":9,"key":"White Beast Statue"}],"event_choices":[{"damage_healed":0,"gold_gain":0,"player_choice":"Trade","damage_taken":0,"relics_obtained":["CultistMask"],"max_hp_gain":0,"max_hp_loss":0,"event_name":"FaceTrader","floor":2,"gold_loss":0},{"damage_healed":21,"gold_gain":0,"player_choice":"Healed","damage_taken":0,"max_hp_gain":0,"max_hp_loss":0,"event_name":"The Cleric","floor":5,"gold_loss":35}],"is_beta":false,"boss_relics":[],"items_purged_floors":[],"is_endless":false,"potions_floor_spawned":[8,10,11,13,14],"killed_by":"The Guardian","ascension_level":0}}