{"host":"l6f9mxfwcy2g8901","time":1610758283,"event":{"mods":["100% Spire Juice","2.2 Compatiblity","Act Like it!","Arknights The Spire","BaseMod","Better Altar","Better Match","Better Note","Better Sensory Stone","Better Skull","Better Third Choice","BetterRewards","Colored Map","Colored Powertips","Custom Start","Dark Map","Elementarium","Gensokyo","Hermit","Highlight Path","Hubris","Infinite Spire","Jorbs\u0027s Wanderer Trilogy","Lobotomy","Minty Spire (QoL Compilation)","Permanent Neow","Relic Filter","Relic Stats","Replay The Spire","Spicy Shops","StSLib","The Bladedancer","The Blue Laboratory","TheSwordswoman","Wandering Minibosses"],"gold_per_floor":[113,113,133,83,102,102,127,127,127,127,99,117,117,34,34,132,132,132],"floor_reached":17,"language":"ENG","playtime":1743,"items_purged":["hubris:Greed"],"score":155,"play_id":"04d37327-17a7-4ced-a912-e63277842b9e","local_time":"20210115165123","is_ascension_mode":false,"campfire_choices":[{"data":"ats:Ignite","floor":6,"key":"SMITH"},{"data":"ats:Cat Scratch","floor":8,"key":"SMITH"},{"data":"ats:Very Hot Blade","floor":10,"key":"SMITH"}],"circlet_count":0,"master_deck":["ats:Strike C","ats:Strike S","ats:Armor Crushing Shot","ats:Defend","ats:Defend","ats:Defend","ats:Defend+1","ats:Emotion Absorption","ats:Rat Pack+1","ats:Ignite+1","ats:Revitalization+1","ats:Very Hot Blade+1","ats:Cat Scratch+1","ats:Charging Defense+1","ats:Support Order","ats:Roar Of Ursus"],"relics":["ats:Sanity","ats:Originium","War Paint","Replay:Wax Seal","ReplayTheSpireMod:CursedCoin","ReplayTheSpireMod:TigerMarble","Philosopher\u0027s Stone"],"acts_visited":["Exordium","TheCity"],"potions_floor_usage":[],"damage_taken":[{"damage":2,"enemies":"Small Slimes","floor":1,"turns":5},{"damage":1,"enemies":"Cultist","floor":3,"turns":3},{"damage":10,"enemies":"Jaw Worm","floor":5,"turns":6},{"damage":32,"enemies":"Lagavulin","floor":7,"turns":7},{"damage":7,"enemies":"Exordium Wildlife","floor":12,"turns":7},{"damage":6,"enemies":"3 Louse","floor":14,"turns":6},{"damage":19,"enemies":"Fading Forest","floor":16,"turns":11}],"seed_played":"-6805187061015302950","potions_obtained":[{"floor":5,"key":"blueLaboratory:HorrorPotion"},{"floor":7,"key":"blueLaboratory:HummingbirdPotion"},{"floor":12,"key":"BlessingOfTheForge"},{"floor":16,"key":"blueLaboratory:BottleOfRum"}],"is_trial":false,"path_per_floor":["M","?","M","?","M","R","E","R","T","R","$","M","?","M","R_BF","B",null],"character_chosen":"DOCTOR_CLASS","items_purchased":["Replay:Wax Seal","ReplayTheSpireMod:CursedCoin","ReplayTheSpireMod:TigerMarble"],"campfire_rested":0,"item_purchase_floors":[11,11,11],"current_hp_per_floor":[70,63,62,62,64,64,32,32,32,32,32,31,31,30,51,54,72,72],"gold":132,"neow_bonus":"ONE_RANDOM_RARE_CARD","is_daily":false,"chose_seed":false,"campfire_upgraded":3,"win_rate":0.0,"timestamp":1610758283,"path_taken":["M","?","M","?","M","R","E","R","T","R","$","M","?","M","R_BF","BOSS"],"items_purchased_type":["Relic","Relic","Relic"],"build_version":"2020-12-22","purchased_purges":1,"victory":false,"max_hp_per_floor":[72,72,72,72,72,72,72,72,72,72,72,72,72,72,72,72,72,72],"relic_stats":{"counters":[7,45],"War Paint":["ats:Defend","ats:Revitalization"],"obtain_stats":[{"ats:Originium":7,"ReplayTheSpireMod:CursedCoin":11,"Philosopher\u0027s Stone":17,"ReplayTheSpireMod:TigerMarble":11,"ats:Sanity":0,"War Paint":7,"Replay:Wax Seal":11},{"ats:Originium":4,"ReplayTheSpireMod:CursedCoin":4,"Philosopher\u0027s Stone":7,"ReplayTheSpireMod:TigerMarble":4,"ats:Sanity":0,"War Paint":4,"Replay:Wax Seal":4},{"ats:Originium":21,"ReplayTheSpireMod:CursedCoin":21,"Philosopher\u0027s Stone":45,"ReplayTheSpireMod:TigerMarble":21,"ats:Sanity":0,"War Paint":21,"Replay:Wax Seal":21}]},"card_choices":[{"not_picked":["ats:Hook Shot","ats:Consecutive Shot Auto"],"picked":"ats:Ignite","floor":1},{"not_picked":["ats:Ignite","ats:Automatic Cover"],"picked":"ats:Revitalization","floor":3},{"not_picked":["ats:Powerful Strike","ats:Childhood Dance"],"picked":"ats:Very Hot Blade","floor":5},{"not_picked":["ats:Hammer On","ats:Apocalypse"],"picked":"ats:Cat Scratch","floor":7},{"not_picked":["ats:Shell Defense","ats:Hook Shot"],"picked":"ats:Charging Defense","floor":12},{"not_picked":["ats:Assault Order","ats:Powerful Strike"],"picked":"ats:Support Order","floor":14},{"not_picked":["ats:Dogmatic Field","ats:Ambush"],"picked":"ats:Roar Of Ursus","floor":16}],"player_experience":237185,"relics_obtained":[{"floor":7,"key":"ats:Originium"},{"floor":7,"key":"War Paint"}],"event_choices":[{"cards_removed":["ats:Strike V"],"damage_healed":0,"gold_gain":0,"player_choice":"Card Removal","damage_taken":0,"max_hp_gain":0,"max_hp_loss":0,"event_name":"The Cleric","floor":4,"gold_loss":50},{"cards_removed":["Writhe"],"damage_healed":0,"gold_gain":0,"player_choice":"Purged","damage_taken":0,"max_hp_gain":0,"max_hp_loss":0,"event_name":"Purifier","floor":13,"gold_loss":0}],"is_beta":false,"boss_relics":[{"not_picked":["Honey Jar","Sozu"],"picked":"Philosopher\u0027s Stone"}],"items_purged_floors":[11],"is_endless":false,"potions_floor_spawned":[5,7,12,16],"ascension_level":0}}