{"host":"dlskvfecb6rtl9z1","time":1610825200,"event":{"mods":["2.2 Compatiblity","AchievementEnabler","Aspiration","BaseMod","Better Third Choice","Colored Map","Colored Powertips","Duelist Mod","Hermit","Hubris","Infinite Spire","KinomotoSakuraMod(????)","Koishi","Marisa????????","Minty Spire (QoL Compilation)","Remilia??????","Replay The Spire","Shop Mod","StSLib","Td1madao Mod","The Administrix","The Bug Knight","The Construct","The Cursed","The Disciple","The Hierophant","The Jungle","The Mystic","The Necromancer","The Runesmith","The Senshi","The Servant 0.9.4"],"gold_per_floor":[110,120,134,148,164,192,48,62,62,62,78,113,113,131,131,231,231,242,276,375,48,48,48,48,80,80,80,80,80,96,111,126,143,143,238,238,250,250,250,264,21,21,41,55,78,108,108,123,123,158,158,158],"floor_reached":53,"language":"ENG","playtime":2852,"items_purged":["Replay:Sluggish"],"score":1123,"play_id":"6f717731-7d9f-451b-92d8-8242bf56ac51","local_time":"20210116212640","is_ascension_mode":true,"campfire_choices":[{"data":"Rage","floor":13,"key":"SMITH"},{"data":"Perfected Strike","floor":15,"key":"SMITH"},{"data":"Perfected Strike","floor":26,"key":"SMITH"},{"data":"Pommel Strike","floor":29,"key":"SMITH"},{"data":"Bash","floor":34,"key":"SMITH"},{"data":"Pommel Strike","floor":42,"key":"SMITH"},{"data":"Perfected Strike","floor":47,"key":"SMITH"},{"data":"Pommel Strike","floor":49,"key":"SMITH"},{"floor":51,"key":"REST"}],"circlet_count":0,"master_deck":["Strike_R","Strike_R","Strike_R","Strike_R","Strike_R","Defend_R","Defend_R","Bash+1","Clash","Rage+1","Perfected Strike+1","Pommel Strike+1","Perfected Strike+1","Pommel Strike+1","Clash","Swift Strike","Clash+1","Pommel Strike+1","Cleave+1","Limit Break+1","Rage+1","Pommel Strike+1","Perfected Strike+1","Perfected Strike"],"relics":["Burning Blood","King of Hearts","Brimstone","hubris:IronBody","ReplayTheSpireMod:Shallot","Sozu","Red Mask","Thread and Needle","ReplayTheSpireMod:CursedCoin","Eternal Feather","Replay:Rubber Ducky","Meat on the Bone","infinitespire:Burning Sword","Bottled Flame","infinitespire:Satchel","infinitespire:EmpoweringShard","AntiCross"],"acts_visited":["Exordium","TheCity","TheBeyond"],"potions_floor_usage":[6,12,12],"damage_taken":[{"damage":6,"enemies":"Cultist","floor":1,"turns":3},{"damage":8,"enemies":"infinitespire:Voidling","floor":2,"turns":3},{"damage":0,"enemies":"Small Slimes","floor":3,"turns":3},{"damage":13,"enemies":"Exordium Wildlife","floor":4,"turns":5},{"damage":10,"enemies":"2 Fungi Beasts","floor":5,"turns":4},{"damage":30,"enemies":"Gremlin Nob","floor":6,"turns":4},{"damage":0,"enemies":"3 Louse","floor":8,"turns":2},{"damage":13,"enemies":"Large Slime","floor":11,"turns":4},{"damage":8,"enemies":"3 Sentries","floor":12,"turns":4},{"damage":4,"enemies":"Exordium Thugs","floor":14,"turns":3},{"damage":28,"enemies":"The Guardian","floor":16,"turns":7},{"damage":0,"enemies":"Shell Parasite","floor":18,"turns":2},{"damage":0,"enemies":"Masked Bandits","floor":19,"turns":3},{"damage":0,"enemies":"theDuelist:KaibaA2","floor":25,"turns":2},{"damage":0,"enemies":"Chosen","floor":30,"turns":2},{"damage":0,"enemies":"Centurion and Healer","floor":31,"turns":3},{"damage":0,"enemies":"Cultist and Chosen","floor":32,"turns":3},{"damage":1,"enemies":"Snake Plant","floor":33,"turns":2},{"damage":26,"enemies":"Automaton","floor":35,"turns":5},{"damage":3,"enemies":"3 Darklings","floor":37,"turns":3},{"damage":0,"enemies":"Orb Walker","floor":40,"turns":2},{"damage":0,"enemies":"Sphere and 2 Shapes","floor":43,"turns":2},{"damage":11,"enemies":"Writhing Mass","floor":44,"turns":3},{"damage":0,"enemies":"Nemesis","floor":46,"turns":3},{"damage":0,"enemies":"Spire Growth","floor":48,"turns":2},{"damage":68,"enemies":"Nightmare","floor":50,"turns":4},{"damage":7,"enemies":"Time Eater","floor":52,"turns":3}],"seed_played":"4730457292957119530","potions_obtained":[{"floor":1,"key":"Elixir"},{"floor":2,"key":"AttackPotion"},{"floor":5,"key":"Reflective Coating"},{"floor":8,"key":"Swift Potion"},{"floor":11,"key":"Elixir"}],"is_trial":false,"path_per_floor":["M","M","M","M","M","E","$","M","T","?","M","E","R","M","R","B",null,"M","?","?","$","T","PTL","PTL","E","R","?","T","R","M","M","M","M","R","B",null,"M","?","?","M","$","R","M","M","T","E","R","M","R","NM","R","B",null],"character_chosen":"IRONCLAD","items_purchased":["Brimstone","Thread and Needle","ReplayTheSpireMod:CursedCoin","Swift Strike","Bottled Flame"],"campfire_rested":1,"item_purchase_floors":[7,21,21,21,41],"current_hp_per_floor":[80,78,84,77,73,49,49,55,55,55,48,46,46,48,48,26,73,79,85,85,85,85,85,85,88,88,88,88,88,88,88,88,88,88,68,83,86,86,86,88,88,88,88,83,83,88,88,88,88,38,76,75],"gold":158,"neow_bonus":"TEN_PERCENT_HP_BONUS","is_daily":false,"chose_seed":false,"campfire_upgraded":8,"win_rate":0.0,"timestamp":1610825200,"path_taken":["M","M","?","M","M","E","$","?","T","?","?","E","R","M","R","BOSS","M","?","?","$","?","PTL","PTL","E","R","?","T","R","M","?","M","M","R","BOSS","M","?","?","M","$","R","?","M","T","E","R","M","R","NM","R","BOSS"],"items_purchased_type":["Relic","Relic","Relic","Card","Relic"],"build_version":"2020-12-22","purchased_purges":1,"victory":true,"max_hp_per_floor":[88,88,88,88,88,88,88,88,88,88,88,88,88,88,88,88,88,88,88,88,88,88,88,88,88,88,88,88,88,88,88,88,88,88,88,88,88,88,88,88,88,88,88,88,88,88,88,88,88,88,88,88],"card_choices":[{"not_picked":["Pummel","Iron Wave"],"picked":"Clash","floor":1},{"not_picked":["Havoc","Clash"],"picked":"Rage","floor":2},{"not_picked":["Feel No Pain","Run Through"],"picked":"Perfected Strike","floor":3},{"not_picked":["ReplayTheSpireMod:Limb From Limb","Body Slam","Headbutt"],"picked":"SKIP","floor":4},{"not_picked":["Heavy Blade","Iron Wave","Warcry"],"picked":"SKIP","floor":5},{"not_picked":["Warcry","Massacre"],"picked":"Pommel Strike","floor":6},{"not_picked":["Replay:Undeath\u0027s Touch","Life Link","Anger"],"picked":"SKIP","floor":8},{"not_picked":["ReplayTheSpireMod:Strike From Hell","Shockwave","Thunderclap"],"picked":"SKIP","floor":11},{"not_picked":["Second Wind","Eclipse","Shockwave"],"picked":"SKIP","floor":12},{"not_picked":["True Grit","Body Slam"],"picked":"Perfected Strike","floor":14},{"not_picked":["Clash","Massacre"],"picked":"Pommel Strike","floor":18},{"not_picked":["Wild Strike","True Grit+1"],"picked":"Clash","floor":19},{"not_picked":["Shrug It Off","Clothesline","Corruption"],"picked":"SKIP","floor":25},{"not_picked":["Clothesline","Shrug It Off"],"picked":"Clash+1","floor":30},{"not_picked":["Replay:Undeath\u0027s Touch","Twin Strike+1"],"picked":"Pommel Strike+1","floor":31},{"not_picked":["Abandon+1","hubris:SharpeningStone","hubris:CleavingFinish"],"picked":"SKIP","floor":32},{"not_picked":["ReplayTheSpireMod:LeadingStrike","Demonic Infusion"],"picked":"Cleave+1","floor":33},{"not_picked":["Replay:Many Hands","Double Tap"],"picked":"Limit Break","floor":35},{"not_picked":["Sword Boomerang","Twin Strike"],"picked":"Rage+1","floor":37},{"not_picked":["Headbutt+1","Sword Boomerang"],"picked":"Pommel Strike","floor":40},{"not_picked":["Armaments+1","Bludgeon","Clash"],"picked":"SKIP","floor":43},{"not_picked":["Cleave+1","Life Link"],"picked":"Perfected Strike","floor":44},{"not_picked":["Defy Death","hubris:SharpeningStone+1","Clothesline+1"],"picked":"SKIP","floor":46},{"not_picked":["Warcry+1","ReplayTheSpireMod:Corrosion Curse","Sentinel"],"picked":"SKIP","floor":48},{"not_picked":["hubris:SharpeningStone+1","Havoc"],"picked":"Perfected Strike","floor":50}],"player_experience":134758,"relics_obtained":[{"floor":6,"key":"King of Hearts"},{"floor":9,"key":"hubris:IronBody"},{"floor":12,"key":"ReplayTheSpireMod:Shallot"},{"floor":19,"key":"Red Mask"},{"floor":22,"key":"Eternal Feather"},{"floor":25,"key":"Replay:Rubber Ducky"},{"floor":28,"key":"Meat on the Bone"},{"floor":45,"key":"infinitespire:Satchel"},{"floor":46,"key":"infinitespire:EmpoweringShard"},{"floor":50,"key":"AntiCross"}],"event_choices":[{"cards_removed":["Defend_R"],"damage_healed":0,"gold_gain":0,"player_choice":"Purged","damage_taken":0,"max_hp_gain":0,"max_hp_loss":0,"event_name":"Purifier","floor":10,"gold_loss":0},{"damage_healed":0,"gold_gain":0,"player_choice":"Fought Bandits","damage_taken":0,"max_hp_gain":0,"max_hp_loss":0,"event_name":"Masked Bandits","floor":19,"gold_loss":0},{"damage_healed":0,"gold_gain":99,"player_choice":"Steal","damage_taken":0,"max_hp_gain":0,"max_hp_loss":0,"event_name":"betterThird:BetterNest","floor":20,"gold_loss":0},{"damage_healed":0,"gold_gain":0,"player_choice":"Ignored","damage_taken":0,"max_hp_gain":0,"max_hp_loss":0,"event_name":"Ghosts","floor":27,"gold_loss":0},{"cards_removed":["Defend_R"],"damage_healed":0,"gold_gain":0,"player_choice":"Removed Skill","damage_taken":0,"max_hp_gain":0,"max_hp_loss":0,"event_name":"Falling","floor":39,"gold_loss":0}],"is_beta":false,"boss_relics":[{"not_picked":["Replay:Drink Me","aspiration:ServantSkillbook"],"picked":"Sozu"},{"not_picked":["Replay:Grab Bag","Astrolabe"],"picked":"infinitespire:Burning Sword"}],"items_purged_floors":[21],"is_endless":false,"potions_floor_spawned":[1,2,5,8,11,30,31,32,35,40,44,48,50],"ascension_level":7}}