{"host":"kvh5342rl0c7vxi5","time":1610834216,"event":{"mods":["BaseMod","Downfall","Hermit","Jorbs\u0027s Wanderer Trilogy","Minty Spire (QoL Compilation)","Quick Restart","StSLib","SuperFastMode","The Poker Player"],"gold_per_floor":[99,116,129,129,159,192,192,192,206,206,47,57,57,57,67,166,166,166,179,193,212,23,23,97,122,222,222,222,242,242,258,277,377,377,377,390,526,526,526,543,543,559,559,263,278,178,204,219,236,236],"floor_reached":51,"language":"ENG","playtime":2626,"items_purged":["Normality","champ:Strike","champ:PreciseThrust","champ:Defend"],"score":724,"play_id":"f7ea42e8-b106-44f6-8916-068ec9340040","local_time":"20210116165656","is_ascension_mode":false,"campfire_choices":[{"data":"champ:Taunt","floor":1.0,"key":"SMITH"},{"floor":10.0,"key":"REST"},{"data":"champ:PreciseThrust","floor":18.0,"key":"SMITH"},{"data":"champ:StanceDance","floor":27,"key":"SMITH"},{"floor":30,"key":"REST"},{"data":"champ:AdrenalArmor","floor":35,"key":"SMITH"},{"data":"champ:ShieldWall","floor":43,"key":"SMITH"},{"data":"champ:EndlessRage","floor":46,"key":"SMITH"}],"circlet_count":0,"master_deck":["champ:Defend","champ:Defend","champ:Defend","champ:Execute","champ:Taunt+1","champ:CrownThrow","champ:PreciseThrust+1","champ:StanceDance+1","champ:AdrenalArmor+1","champ:ShieldWall+1","champ:CalledShot","champ:BringItOn","champ:GladiatorStyle","champ:FaceSlap+1","champ:EnragedBash+1","champ:AdrenalArmor+1","champ:HoldFirm+1","champ:StanceDance+1","champ:LastStand","champ:Encircle+1","champ:EndlessRage","expansioncontent:GuardianWhirl","expansioncontent:PrepareCrush+1","champ:RecklessLeap+1","champ:EndlessRage+1"],"relics":["champ:ChampionCrown","downfall:ShatteredFragment","Juzu Bracelet","Slimebound:PreparedRelic","Vajra","champ:LiftRelic","Sozu","Toxic Egg 2","Bird Faced Urn","champ:BlackKnightHelmet","Bottled Lightning","Nilry\u0027s Codex","Black Star","Pantograph","DollysMirror","downfall:HeartBlessingGreen","Pocketwatch","White Beast Statue"],"acts_visited":["Exordium","TheCity","TheBeyond"],"potions_floor_usage":[26],"damage_taken":[{"damage":11.0,"enemies":"Cultist","floor":2.0,"turns":4.0},{"damage":11.0,"enemies":"2 Louse","floor":3.0,"turns":3.0},{"damage":64.0,"enemies":"Lagavulin","floor":6.0,"turns":10.0},{"damage":0.0,"enemies":"Small Slimes","floor":9.0,"turns":2.0},{"damage":5.0,"enemies":"downfall:FleeingMerchant","floor":11.0,"turns":4.0},{"damage":11.0,"enemies":"Gremlin Gang","floor":12.0,"turns":3.0},{"damage":19.0,"enemies":"Exordium Wildlife","floor":15.0,"turns":2.0},{"damage":60.0,"enemies":"WA_ARCHETYPE_RETAIN","floor":16.0,"turns":5.0},{"damage":20.0,"enemies":"3 Byrds","floor":19.0,"turns":4.0},{"damage":28.0,"enemies":"Chosen","floor":20.0,"turns":4.0},{"damage":32,"enemies":"3 Cultists","floor":21,"turns":4},{"damage":35,"enemies":"downfall:FleeingMerchant","floor":22,"turns":4},{"damage":63,"enemies":"Gremlin Leader","floor":25,"turns":6},{"damage":54,"enemies":"Gremlin Leader","floor":26,"turns":6},{"damage":21,"enemies":"Snake Plant","floor":29,"turns":3},{"damage":35,"enemies":"Snecko","floor":31,"turns":3},{"damage":20,"enemies":"3 Cultists","floor":32,"turns":3},{"damage":78,"enemies":"IC_MUSHROOM_ARCHETYPE","floor":33,"turns":7},{"damage":20,"enemies":"Orb Walker","floor":36,"turns":2},{"damage":51,"enemies":"downfall:FleeingMerchant","floor":37,"turns":4},{"damage":25,"enemies":"3 Shapes","floor":40,"turns":4},{"damage":30,"enemies":"3 Darklings","floor":42,"turns":4},{"damage":21,"enemies":"Jaw Worm Horde","floor":45,"turns":3},{"damage":44,"enemies":"Nemesis","floor":47,"turns":5},{"damage":13,"enemies":"4 Shapes","floor":48,"turns":3},{"damage":22,"enemies":"Writhing Mass","floor":49,"turns":4},{"damage":85,"enemies":"DF_ARCHETYPE_ORBS","floor":50,"turns":5}],"seed_played":"4693134560356169508","potions_obtained":[{"floor":9.0,"key":"LiquidBronze"},{"floor":12.0,"key":"Energy Potion"},{"floor":15.0,"key":"BlessingOfTheForge"},{"floor":16.0,"key":"LiquidMemories"}],"is_trial":false,"path_per_floor":["R","M","M","?","?","E","T","?","M","R","$","M","?","?","M","B",null,"R","M","M","M","$","?","T","E","?","R","?","M","R","M","M","B",null,"R","M","?","?","?","M","T","M","R","$","M","R","E","M","M","B",null],"character_chosen":"THE_CHAMP","items_purchased":["champ:ShieldWall","champ:GladiatorStyle","champ:EndlessRage","DollysMirror"],"campfire_rested":2,"item_purchase_floors":[11,22,37,44],"current_hp_per_floor":[99,98,97,70,70,26,26,26,26,55,55,54,87,87,78,58,99,99,99,96,94,79,79,79,61,51,51,35,36,65,69,71,72,99,99,99,83,83,73,79,79,81,81,81,71,71,47,40,40,26],"gold":236,"neow_bonus":"TEN_PERCENT_HP_BONUS","is_daily":false,"chose_seed":false,"campfire_upgraded":6,"win_rate":0.0,"timestamp":1610834216,"path_taken":["R","M","?","?","?","E","T","?","M","R","$","M","?","?","M","BOSS","R","M","M","M","$","?","T","E","?","R","?","M","R","M","M","BOSS","R","M","?","?","?","M","T","M","R","$","M","R","E","M","M","BOSS"],"items_purchased_type":["Card","Card","Card","Relic"],"build_version":"2020-12-22","purchased_purges":4,"victory":true,"max_hp_per_floor":[99,99,99,99,99,99,99,99,99,99,99,99,99,99,99,99,99,99,99,99,99,99,99,99,99,99,99,99,99,99,99,99,99,99,99,99,99,99,99,99,99,99,99,99,99,99,99,99,99,99],"card_choices":[{"not_picked":["champ:BringItOn","champ:Shatter"],"picked":"champ:CrownThrow","floor":2.0},{"not_picked":["champ:FalseCounter","champ:FaceSlap"],"picked":"champ:PreciseThrust","floor":3.0},{"not_picked":["champ:Devastate","champ:PreemptiveStrike"],"picked":"champ:PreciseThrust","floor":6.0},{"not_picked":["champ:FanOfKnives","champ:ArenaPreparation"],"picked":"champ:StanceDance","floor":9.0},{"not_picked":["champ:Duel","champ:GutPunch"],"picked":"champ:AdrenalArmor","floor":11.0},{"not_picked":["champ:DefensiveShout","champ:FalseCounter"],"picked":"champ:CalledShot","floor":12.0},{"not_picked":["champ:DefensiveShout","champ:CrownThrow"],"picked":"champ:BringItOn","floor":15.0},{"not_picked":["champ:DefensiveShout","champ:GutPunch","champ:SkillfulDodge"],"picked":"SKIP","floor":19.0},{"not_picked":["champ:CrownThrow","champ:Backstep","champ:Endure"],"picked":"SKIP","floor":20.0},{"not_picked":["champ:Parry","champ:FancyFootwork","champ:PerfectedStrike"],"picked":"SKIP","floor":21},{"not_picked":["champ:BladeFlurry+1","champ:Duel+1","champ:CrownThrow"],"picked":"SKIP","floor":22},{"not_picked":["champ:RecklessLeap","champ:CalledShot+1"],"picked":"champ:FaceSlap+1","floor":25},{"not_picked":["champ:Parry+1","champ:BladeFlurry"],"picked":"champ:EnragedBash+1","floor":26},{"not_picked":["champ:BerserkersShout+1","champ:TornadoPunch"],"picked":"champ:AdrenalArmor+1","floor":29},{"not_picked":["champ:BladeFlurry","champ:RapidStrikes+1"],"picked":"champ:HoldFirm+1","floor":31},{"not_picked":["champ:DefensiveShout+1","champ:FalseCounter+1"],"picked":"champ:StanceDance+1","floor":32},{"not_picked":["champ:MurderStrike","champ:DancingMaster"],"picked":"champ:LastStand","floor":33},{"not_picked":["champ:Circumvent+1","champ:TornadoPunch+1","champ:BringItOn+1"],"picked":"SKIP","floor":36},{"not_picked":["champ:Shatter","champ:DancingMaster"],"picked":"champ:Encircle+1","floor":37},{"not_picked":["expansioncontent:HyperBeam","expansioncontent:Hexaburn"],"picked":"expansioncontent:GuardianWhirl","floor":39},{"not_picked":["expansioncontent:Chronoboost","expansioncontent:Hexaburn"],"picked":"expansioncontent:PrepareCrush+1","floor":39},{"not_picked":["champ:Shatter","champ:GutPunch+1","champ:HeartStrike"],"picked":"SKIP","floor":40},{"not_picked":["champ:BladeFlurry+1","champ:BringItOn+1"],"picked":"champ:RecklessLeap+1","floor":42},{"not_picked":["champ:PreemptiveStrike+1","champ:DefensiveShout+1","champ:BerserkersShout+1"],"picked":"SKIP","floor":45},{"not_picked":["champ:BerserkersShout+1","champ:DeathBlow+1","champ:DefensiveShout+1"],"picked":"SKIP","floor":47},{"not_picked":["champ:IgnorePain+1","champ:DefensiveShout+1","champ:PreemptiveStrike"],"picked":"SKIP","floor":48},{"not_picked":["champ:Backstep+1","champ:CrownThrow","champ:BerserkersShout+1"],"picked":"SKIP","floor":49}],"player_experience":540551,"relics_obtained":[{"floor":6.0,"key":"Slimebound:PreparedRelic"},{"floor":7.0,"key":"Vajra"},{"floor":24,"key":"Toxic Egg 2"},{"floor":25,"key":"Bird Faced Urn"},{"floor":26,"key":"champ:BlackKnightHelmet"},{"floor":26,"key":"Bottled Lightning"},{"floor":28,"key":"Nilry\u0027s Codex"},{"floor":41,"key":"Pantograph"},{"floor":47,"key":"Pocketwatch"},{"floor":47,"key":"White Beast Statue"}],"event_choices":[{"damage_healed":33.0,"max_hp_gain":0.0,"max_hp_loss":0.0,"gold_gain":0.0,"event_name":"Big Fish","player_choice":"Banana","floor":13.0,"gold_loss":0.0,"damage_taken":0.0}],"is_beta":false,"boss_relics":[{"not_picked":["Coffee Dripper","Runic Pyramid"],"picked":"Sozu"},{"not_picked":["Velvet Choker","Pandora\u0027s Box"],"picked":"Black Star"}],"items_purged_floors":[11,22,37,44],"is_endless":false,"potions_floor_spawned":[9,12,15,16,20,21,25,26,29,40,45,48,49],"ascension_level":0}}