{"host":"wud4w7nw8qmq6f33","time":1610822600,"event":{"mods":["2.2 Compatiblity","Act Like it!","BaseMod","Beaked The Cultist","Better Third Choice","BetterRewards","Colored Map","Colored Powertips","Energized Spire","Gremlin Skip","Minty Spire (QoL Compilation)","Permanent Neow","Quick Restart","Rare Cards Sparkle","StSLib","everything is the same but u backflip on backflip","slay the spire mod where everything is the same but ironclad has a cowboy hat"],"gold_per_floor":[117,129,3,78,78,103,119,119,119,152,174,186,208,237,249,361,373,395,407,369,392,304,335,335,410,410,439,454,466,495,213,213,213,213],"floor_reached":33,"language":"ENG","playtime":900,"items_purged":["Defend_R","Strike_R","Strike_R"],"score":365,"play_id":"8e475776-b5f2-44ac-993a-37f3dc65e9bb","local_time":"20210116134320","is_ascension_mode":false,"campfire_choices":[{"data":"1","floor":8,"key":"LIFT"},{"data":"2","floor":12,"key":"LIFT"},{"data":"3","floor":15,"key":"LIFT"},{"data":"Whirlwind","floor":24,"key":"SMITH"},{"data":"Flex","floor":32,"key":"SMITH"}],"circlet_count":0,"master_deck":["Strike_R","Strike_R","Strike_R","Defend_R","Defend_R+1","Defend_R","Bash","Flex+1","Shrug It Off+1","Heavy Blade","Shrug It Off","Whirlwind+1","Flex","Spot Weakness","Inflame"],"relics":["Burning Blood","NeowsBlessing","Girya","Gremlin Horn","MawBank","energizedSpire:OgreHead","Pen Nib","Turnip","Blood Vial","StoneCalendar","Chemical X"],"acts_visited":["Exordium","TheCity"],"potions_floor_usage":[10,16,16,23,30,30],"damage_taken":[{"damage":0,"enemies":"2 Louse","floor":1,"turns":2},{"damage":0,"enemies":"Small Slimes","floor":2,"turns":1},{"damage":0,"enemies":"3 Sentries","floor":6,"turns":2},{"damage":6,"enemies":"Jaw Worm","floor":7,"turns":4},{"damage":7,"enemies":"Gremlin Nob","floor":10,"turns":4},{"damage":13,"enemies":"Red Slaver","floor":11,"turns":2},{"damage":0,"enemies":"2 Fungi Beasts","floor":13,"turns":2},{"damage":19,"enemies":"Exordium Thugs","floor":14,"turns":4},{"damage":20,"enemies":"Hexaghost","floor":16,"turns":11},{"damage":0,"enemies":"3 Byrds","floor":18,"turns":2},{"damage":2,"enemies":"Chosen","floor":21,"turns":3},{"damage":21,"enemies":"Book of Stabbing","floor":23,"turns":5},{"damage":0,"enemies":"Slavers","floor":27,"turns":2},{"damage":29,"enemies":"Snecko","floor":28,"turns":5},{"damage":0,"enemies":"Chosen and Byrds","floor":29,"turns":3},{"damage":18,"enemies":"Book of Stabbing","floor":30,"turns":4},{"damage":59,"enemies":"Automaton","floor":33,"turns":6}],"seed_played":"-3235189018951338197","potions_obtained":[{"floor":7,"key":"Weak Potion"},{"floor":10,"key":"SpeedPotion"},{"floor":13,"key":"HeartOfIron"},{"floor":14,"key":"Strength Potion"},{"floor":27,"key":"Strength Potion"},{"floor":28,"key":"Block Potion"}],"is_trial":false,"path_per_floor":["M","M","$","?","?","E","M","R","T","E","M","R","M","M","R","B",null,"M","?","?","M","$","E","R","?","T","E","M","M","E","$","R","B"],"character_chosen":"IRONCLAD","items_purchased":["Heavy Blade","Chemical X"],"campfire_rested":0,"item_purchase_floors":[3,31],"current_hp_per_floor":[80,80,80,69,53,59,59,59,59,58,51,51,57,44,44,30,80,80,65,65,69,69,54,54,46,46,52,31,39,29,29,29,0,0],"gold":213,"neow_bonus":"THREE_ENEMY_KILL","is_daily":false,"chose_seed":false,"campfire_upgraded":2,"win_rate":0.0,"timestamp":1610822600,"path_taken":["M","M","$","?","?","E","M","R","T","E","M","R","M","M","R","BOSS","M","?","?","?","$","E","R","?","T","E","M","M","E","?","R","BOSS"],"items_purchased_type":["Card","Relic"],"build_version":"2020-12-22","purchased_purges":3,"victory":false,"max_hp_per_floor":[80,80,80,80,80,80,80,80,80,80,80,80,80,80,80,80,80,80,85,85,85,85,85,85,85,85,85,85,85,85,85,85,85,85],"card_choices":[{"not_picked":["True Grit","Dropkick"],"picked":"Flex","floor":1},{"not_picked":["Twin Strike","Headbutt"],"picked":"Shrug It Off","floor":2},{"not_picked":["Fire Breathing","Reckless Charge","Combust"],"picked":"SKIP","floor":6},{"not_picked":["Armaments","Wild Strike"],"picked":"Shrug It Off","floor":7},{"not_picked":["Iron Wave","Cleave"],"picked":"Whirlwind","floor":10},{"not_picked":["Sentinel","Thunderclap","Twin Strike"],"picked":"SKIP","floor":11},{"not_picked":["True Grit","Havoc","Infernal Blade"],"picked":"SKIP","floor":13},{"not_picked":["Rampage","Perfected Strike"],"picked":"Flex","floor":14},{"not_picked":["Seeing Red","Flex","Cleave"],"picked":"SKIP","floor":18},{"not_picked":["Twin Strike","Combust"],"picked":"Spot Weakness","floor":21},{"not_picked":["Anger","Cleave+1"],"picked":"Inflame","floor":23},{"not_picked":["Dual Wield+1","Sword Boomerang+1","Inflame"],"picked":"SKIP","floor":27},{"not_picked":["Evolve","True Grit","Wild Strike+1"],"picked":"SKIP","floor":28},{"not_picked":["Clash","Entrench","Dropkick"],"picked":"SKIP","floor":29},{"not_picked":["Anger+1","Brutality","Seeing Red"],"picked":"SKIP","floor":30}],"player_experience":630448,"relics_obtained":[{"floor":6,"key":"Girya"},{"floor":9,"key":"Gremlin Horn"},{"floor":10,"key":"MawBank"},{"floor":23,"key":"Pen Nib"},{"floor":26,"key":"Turnip"},{"floor":27,"key":"Blood Vial"},{"floor":30,"key":"StoneCalendar"}],"event_choices":[{"damage_healed":0,"gold_gain":75,"player_choice":"Gold","damage_taken":11,"max_hp_gain":0,"max_hp_loss":0,"event_name":"betterThird:BetterGoop","floor":4,"gold_loss":0},{"damage_healed":69,"gold_gain":0,"player_choice":"Upgrade","damage_taken":16,"max_hp_gain":0,"max_hp_loss":80,"event_name":"betterThird:BetterShining","floor":5,"gold_loss":0,"cards_upgraded":["Shrug It Off","Defend_R"]},{"damage_healed":0,"gold_gain":0,"player_choice":"Shed Blood","damage_taken":20,"max_hp_gain":5,"max_hp_loss":0,"event_name":"Forgotten Altar","floor":19,"gold_loss":0},{"damage_healed":0,"gold_gain":0,"player_choice":"Bet on Murderer","damage_taken":0,"max_hp_gain":0,"max_hp_loss":0,"event_name":"The Joust","floor":20,"gold_loss":50},{"damage_healed":0,"gold_gain":75,"player_choice":"Touch","damage_taken":8,"max_hp_gain":0,"max_hp_loss":0,"event_name":"FaceTrader","floor":25,"gold_loss":0}],"is_beta":false,"boss_relics":[{"not_picked":["Runic Pyramid","energizedSpire:SpiderWeb"],"picked":"energizedSpire:OgreHead"}],"items_purged_floors":[3,22,31],"is_endless":false,"potions_floor_spawned":[7,10,13,14,27,28],"killed_by":"Automaton","ascension_level":0}}