{"host":"yuhibl5o0ay6idau","time":1610757298,"event":{"mods":["Aspiration","BaseMod","Better Altar","Better Match","Better Note","Better Sensory Stone","Better Skull","Better Third Choice","Colored Map","Colored Powertips","Conspire","Highlight Path","Minty Spire (QoL Compilation)","Quick Restart","Replay The Spire","StSLib","SuperFastMode"],"gold_per_floor":[13,13,27,47,58,85,85,119,119,119,132,57,57,72,72,167,167,186,220,238,238,270,297,315,347,401,111,141,141,152,27,27,125,125,144,161,179,194,194,219,219,253,253,10,25,25,40,72,72,72,72],"floor_reached":50,"language":"ENG","playtime":7469,"items_purged":["Strike_P","Defend_P","Vengeance","Swivel"],"score":867,"play_id":"21e08937-2c8b-4107-984d-da6995ed65ef","local_time":"20210115163458","is_ascension_mode":true,"campfire_choices":[{"data":"1","floor":7,"key":"LIFT"},{"data":"2","floor":10,"key":"LIFT"},{"data":"3","floor":13,"key":"LIFT"},{"data":"Eruption","floor":15,"key":"SMITH"},{"floor":41,"key":"RECALL"},{"floor":46,"key":"REST"},{"floor":49,"key":"REST"}],"circlet_count":0,"master_deck":["Defend_P+1","Defend_P","Defend_P","Eruption+1","Vigilance","FearNoEvil+1","Conclude","Replay:DivineShield","Replay:BluntJabs","LessonLearned","ClearTheMind+1","Wallop+1","Bite","Bite","Bite","Bite+1","Bite","EmptyBody","Consecrate","Consecrate","ReplayTheSpireMod:Private Reserves","FollowUp"],"relics":["PureWater","Girya","Centennial Puzzle","Eternal Feather","ReplayTheSpireMod:Shallot","aspiration:RitualDagger","Replay:Mystery Machine","Unceasing Top","Mango","aspiration:FrozenJewel","Bag of Marbles","Sling","Ancient Tea Set","Fusion Hammer","aspiration:Lifesprig","Replay:Bottled Steam","The Courier","Pen Nib","CeramicFish"],"acts_visited":["Exordium","TheCity","TheBeyond"],"potions_floor_usage":[16,16,19,28,33,33,37,50,50],"damage_taken":[{"damage":2,"enemies":"2 Louse","floor":1,"turns":6},{"damage":0,"enemies":"Cultist","floor":3,"turns":3},{"damage":7,"enemies":"Small Slimes","floor":4,"turns":4},{"damage":0,"enemies":"3 Louse","floor":5,"turns":2},{"damage":12,"enemies":"3 Sentries","floor":6,"turns":5},{"damage":1,"enemies":"Replay:BlueRogue","floor":8,"turns":3},{"damage":0,"enemies":"Looter","floor":11,"turns":3},{"damage":0,"enemies":"Large Slime","floor":14,"turns":3},{"damage":35,"enemies":"The Guardian","floor":16,"turns":8},{"damage":6,"enemies":"Spheric Guardian","floor":18,"turns":2},{"damage":63,"enemies":"conspire:MimicChest","floor":19,"turns":7},{"damage":30,"enemies":"Shell Parasite","floor":20,"turns":6},{"damage":35,"enemies":"Gremlin Leader","floor":23,"turns":5},{"damage":54,"enemies":"Cultist and Chosen","floor":24,"turns":7},{"damage":29,"enemies":"Slavers","floor":25,"turns":5},{"damage":6,"enemies":"Book of Stabbing","floor":28,"turns":2},{"damage":3,"enemies":"Shelled Parasite and Fungi","floor":30,"turns":1},{"damage":100,"enemies":"Automaton","floor":33,"turns":10},{"damage":6,"enemies":"3 Shapes","floor":35,"turns":2},{"damage":15,"enemies":"3 Darklings","floor":36,"turns":4},{"damage":57,"enemies":"Writhing Mass","floor":37,"turns":6},{"damage":21,"enemies":"Maw","floor":38,"turns":6},{"damage":3,"enemies":"Nemesis","floor":40,"turns":1},{"damage":9,"enemies":"R_Hoarder","floor":42,"turns":3},{"damage":12,"enemies":"4 Shapes","floor":45,"turns":3},{"damage":3,"enemies":"Spire Growth","floor":47,"turns":1},{"damage":6,"enemies":"Reptomancer","floor":48,"turns":2},{"damage":133,"enemies":"conspire:OrnateMirror","floor":50,"turns":9}],"seed_played":"-1021106423161269086","potions_obtained":[{"floor":3,"key":"SkillPotion"},{"floor":4,"key":"EssenceOfSteel"},{"floor":5,"key":"Adrenaline Potion"},{"floor":18,"key":"PowerPotion"},{"floor":23,"key":"Flashbang"},{"floor":25,"key":"SneckoOil"},{"floor":28,"key":"Languid Potion"},{"floor":35,"key":"Elixir"},{"floor":37,"key":"SpeedPotion"},{"floor":40,"key":"DistilledChaos"},{"floor":45,"key":"Fire Potion"}],"is_trial":false,"path_per_floor":["M","?","M","M","M","E","R","E","T","R","M","$","R","M","R","B",null,"M","?","M","?","?","E","M","E","T","$","E","?","M","$","R_BF","B",null,"M","M","M","M","?","E","R","E","T","$","M","R","M","E","R","B"],"character_chosen":"WATCHER","items_purchased":["Sling","Consecrate","Pen Nib"],"campfire_rested":2,"item_purchase_floors":[27,27,44],"current_hp_per_floor":[70,70,72,65,67,57,57,58,58,64,66,66,72,72,72,37,72,66,5,57,57,39,53,28,28,28,28,42,42,51,51,63,30,86,86,86,57,77,77,86,86,86,86,86,84,86,86,86,86,0,0],"gold":72,"neow_bonus":"ONE_RARE_RELIC","is_daily":false,"chose_seed":false,"campfire_upgraded":1,"win_rate":0.0,"timestamp":1610757298,"path_taken":["M","?","M","M","M","E","R","E","T","R","M","$","R","?","R","BOSS","M","?","M","?","?","E","M","E","T","$","E","?","M","?","R_BF","BOSS","M","M","?","M","?","E","R","E","T","$","M","R","M","E","R","BOSS"],"items_purchased_type":["Relic","Card","Relic"],"build_version":"2020-12-22","purchased_purges":4,"victory":false,"max_hp_per_floor":[72,72,72,72,72,72,72,72,72,72,72,72,72,72,72,72,72,72,72,72,72,72,86,86,86,86,86,86,86,86,86,86,86,86,86,86,86,86,86,86,86,86,86,86,86,86,86,86,86,86,86],"card_choices":[{"not_picked":["SashWhip","CrushJoints"],"picked":"Replay:Hum","floor":1},{"not_picked":["SandsOfTime","Evaluate"],"picked":"FearNoEvil","floor":3},{"not_picked":["Evaluate","Sanctity"],"picked":"Conclude","floor":4},{"not_picked":["CutThroughFate","PathToVictory","Replay:Anticipation"],"picked":"SKIP","floor":5},{"not_picked":["Alpha","Conclude","Replay:AtTheReady"],"picked":"SKIP","floor":6},{"not_picked":["Devotion","Replay:AtTheReady"],"picked":"Replay:DivineShield","floor":8},{"not_picked":["Fasting2","Wireheading"],"picked":"Replay:BluntJabs","floor":11},{"not_picked":["Fasting2","CarveReality"],"picked":"Vengeance","floor":14},{"not_picked":["Establishment","SpiritShield"],"picked":"LessonLearned","floor":16},{"not_picked":["LikeWater","WaveOfTheHand"],"picked":"ClearTheMind+1","floor":18},{"not_picked":["CrushJoints+1","ThirdEye+1"],"picked":"Wallop","floor":19},{"not_picked":["EmptyBody","Crescendo"],"picked":"Swivel","floor":20},{"not_picked":["EmptyFist","CarveReality"],"picked":"EmptyBody","floor":23},{"not_picked":["EmptyMind+1","CutThroughFate","Sanctity"],"picked":"SKIP","floor":24},{"not_picked":["WindmillStrike","Adaptation","LessonLearned"],"picked":"SKIP","floor":25},{"not_picked":["EmptyBody","MentalFortress"],"picked":"Consecrate","floor":28},{"not_picked":["Collect","Perseverance","CutThroughFate"],"picked":"SKIP","floor":30},{"not_picked":["Halt","EmptyFist","ThirdEye+1"],"picked":"SKIP","floor":35},{"not_picked":["PathToVictory","CutThroughFate+1","BowlingBash+1"],"picked":"SKIP","floor":36},{"not_picked":["Halt+1","Weave","Study+1"],"picked":"SKIP","floor":37},{"not_picked":["CutThroughFate","FlyingSleeves","SandsOfTime+1"],"picked":"SKIP","floor":38},{"not_picked":["HandOfGreed","Purity"],"picked":"ReplayTheSpireMod:Private Reserves","floor":39},{"not_picked":["CarveReality","Replay:DivineShield","ThirdEye"],"picked":"SKIP","floor":40},{"not_picked":["Fasting2+1","EmptyMind+1","Prostrate"],"picked":"SKIP","floor":42},{"not_picked":["Halt","Replay:AtTheReady+1","Replay:BluntJabs+1"],"picked":"SKIP","floor":45},{"not_picked":["Tantrum+1","Indignation"],"picked":"FollowUp","floor":47},{"not_picked":["Fasting2","BattleHymn","Replay:BluntJabs+1"],"picked":"SKIP","floor":48}],"player_experience":426542,"relics_obtained":[{"floor":6,"key":"Centennial Puzzle"},{"floor":8,"key":"Eternal Feather"},{"floor":9,"key":"ReplayTheSpireMod:Shallot"},{"floor":19,"key":"Replay:Mystery Machine"},{"floor":22,"key":"Unceasing Top"},{"floor":23,"key":"Mango"},{"floor":25,"key":"aspiration:FrozenJewel"},{"floor":26,"key":"Bag of Marbles"},{"floor":28,"key":"Ancient Tea Set"},{"floor":40,"key":"aspiration:Lifesprig"},{"floor":42,"key":"Replay:Bottled Steam"},{"floor":43,"key":"The Courier"},{"floor":48,"key":"CeramicFish"}],"event_choices":[{"cards_removed":["Replay:Hum"],"damage_healed":0,"gold_gain":0,"player_choice":"Gave Card","damage_taken":0,"relics_obtained":["Blood Vial"],"max_hp_gain":0,"max_hp_loss":0,"event_name":"WeMeetAgain","floor":2,"gold_loss":0},{"damage_healed":0,"gold_gain":0,"player_choice":"Became a vampire (Vial)","damage_taken":0,"max_hp_gain":0,"max_hp_loss":0,"event_name":"Vampires","floor":21,"relics_lost":["Blood Vial"],"gold_loss":0,"cards_obtained":["Bite","Bite","Bite","Bite","Bite"]},{"damage_healed":0,"gold_gain":0,"player_choice":"Ignored","damage_taken":0,"max_hp_gain":0,"max_hp_loss":0,"event_name":"Ghosts","floor":29,"gold_loss":0},{"damage_healed":0,"gold_gain":0,"player_choice":"Ignored","damage_taken":0,"max_hp_gain":0,"max_hp_loss":0,"event_name":"Beggar","floor":32,"gold_loss":0},{"damage_healed":0,"gold_gain":3,"player_choice":"1","damage_taken":0,"max_hp_gain":0,"max_hp_loss":0,"event_name":"betterStone:BetterStone","floor":39,"gold_loss":0}],"is_beta":false,"boss_relics":[{"not_picked":["aspiration:RunicSpoon","aspiration:DefectSkillbook"],"picked":"aspiration:RitualDagger"},{"not_picked":["Replay:Bronze Core","conspire:SpecialSausage"],"picked":"Fusion Hammer"}],"items_purged_floors":[12,27,31,44],"is_endless":false,"potions_floor_spawned":[3,4,5,14,18,23,25,28,35,37,40,45,48],"killed_by":"conspire:OrnateMirror","ascension_level":4}}