{"host":"o5jvvi5yapo90aia","time":1610775093,"event":{"mods":["BaseMod","CapriCore","Minty Spire (QoL Compilation)","MostiFishMod","Prisma Mod","Spicy Shops","StSLib","TestMod","The Immortal","Yakumo Yukari mod","【人物mod】游戏王New YuGiOh mod","【功能Mod】Neow奖励"],"gold_per_floor":[118,118,118,118,43,70,83,103,128,128,155,555,582,602,602,676,676,676,676],"floor_reached":18,"language":"ZHS","playtime":321,"items_purged":["Defend_P"],"score":456,"play_id":"936f0a80-29b2-4524-8e66-3d3587cda4e1","local_time":"20210116133133","is_ascension_mode":true,"campfire_choices":[{"data":"Eruption","floor":10,"key":"PURGE"},{"data":"Strike_P","floor":15,"key":"PURGE"}],"circlet_count":0,"master_deck":["AscendersBane","Strike_P","Strike_P","Strike_P","Vigilance","CutThroughFate","Tantrum","SignatureMove","LessonLearned+1"],"relics":["testmod-TestBox","GuanYuAspect","BrkXgEgg","testmod-Déjàvu","SynthV:TestCard","testmod-Antiphasic","Ornamental Fan","Bottled Flame","RhineSuit"],"acts_visited":["Exordium","TheCity"],"potions_floor_usage":[16],"damage_taken":[{"damage":0,"enemies":"2 Louse","floor":1,"turns":2},{"damage":12,"enemies":"Lagavulin","floor":6,"turns":4},{"damage":0,"enemies":"Small Slimes","floor":7,"turns":2},{"damage":0,"enemies":"Cultist","floor":8,"turns":2},{"damage":0,"enemies":"Gremlin Nob","floor":11,"turns":2},{"damage":0,"enemies":"Lagavulin","floor":13,"turns":2},{"damage":0,"enemies":"Blue Slaver","floor":14,"turns":1},{"damage":48,"enemies":"The Guardian","floor":16,"turns":3},{"damage":28,"enemies":"Shell Parasite","floor":18,"turns":1}],"seed_played":"-4171349278742229036","potions_obtained":[{"floor":6,"key":"FearPotion"},{"floor":7,"key":"SpeedPotion"},{"floor":16,"key":"testmod-TestPotion"}],"is_trial":false,"path_per_floor":["M","?","?","?","$","E","M","M","T","R","E","?","E","M","R","B",null,"M"],"character_chosen":"WATCHER","items_purchased":[],"campfire_rested":0,"item_purchase_floors":[],"current_hp_per_floor":[34,27,27,27,27,27,34,34,34,34,34,34,34,34,34,6,19,0,0],"gold":676,"neow_bonus":"BOSS_RELIC","is_daily":false,"chose_seed":false,"campfire_upgraded":0,"win_rate":0.0,"timestamp":1610775093,"path_taken":["M","?","?","?","$","E","M","?","T","R","E","?","E","M","R","BOSS","M"],"items_purchased_type":[],"build_version":"2020-12-22","purchased_purges":1,"victory":false,"max_hp_per_floor":[34,34,34,34,34,34,34,34,34,34,34,34,34,34,34,39,39,44,44],"card_choices":[{"not_picked":["JustLucky","WaveOfTheHand","EmptyMind"],"picked":"SKIP","floor":1},{"not_picked":["MostiFishMod:Dust+1","Protect","EmptyMind","MostiFishMod:KamiSmash+1"],"picked":"Tantrum","floor":6},{"not_picked":["FollowUp","WreathOfFlame","Tantrum","Evaluate","EmptyFist"],"picked":"SKIP","floor":7},{"not_picked":["EmptyFist","Worship","Meditate","WaveOfTheHand"],"picked":"SignatureMove","floor":8},{"not_picked":["FlyingSleeves","JustLucky","Protect","ClearTheMind","Fasting2"],"picked":"SKIP","floor":11},{"not_picked":["ReachHeaven","Weave","MostiFishMod:Minus+1","Conclude","JustLucky"],"picked":"SKIP","floor":13},{"not_picked":["EmptyBody","FollowUp","Halt","WreathOfFlame","EmptyFist"],"picked":"SKIP","floor":14},{"not_picked":["MostiFishMod:StarHerder+1","Vault+1","Alpha+1","MostiFishMod:DisColor+1"],"picked":"LessonLearned+1","floor":16}],"player_experience":1447134,"relics_obtained":[{"floor":1,"key":"SynthV:TestCard"},{"floor":6,"key":"testmod-Antiphasic"},{"floor":11,"key":"Ornamental Fan"},{"floor":13,"key":"Bottled Flame"}],"event_choices":[{"cards_removed":["Defend_P"],"damage_healed":0,"gold_gain":0,"player_choice":"Card Removal","damage_taken":7,"max_hp_gain":0,"max_hp_loss":0,"event_name":"Golden Wing","floor":2,"gold_loss":0},{"damage_healed":0,"gold_gain":0,"cards_transformed":["Defend_P"],"player_choice":"Change","damage_taken":0,"max_hp_gain":0,"max_hp_loss":0,"event_name":"Living Wall","floor":3,"gold_loss":0,"cards_obtained":["CutThroughFate"]},{"cards_removed":["Defend_P"],"damage_healed":0,"gold_gain":0,"player_choice":"Purged","damage_taken":0,"max_hp_gain":0,"max_hp_loss":0,"event_name":"Purifier","floor":4,"gold_loss":0},{"damage_healed":0,"gold_gain":400,"player_choice":"Sell","damage_taken":0,"max_hp_gain":0,"max_hp_loss":0,"event_name":"恩洛斯的盘子","floor":12,"relics_lost":["DaveBox"],"gold_loss":0}],"is_beta":false,"boss_relics":[{"not_picked":["Pandora\u0027s Box","Philosopher\u0027s Stone"],"picked":"RhineSuit"}],"items_purged_floors":[5],"is_endless":false,"potions_floor_spawned":[6,7,14,16],"killed_by":"Shell Parasite","ascension_level":20}}