{"host":"6gwm7y0tp7acoxay","time":1610797189,"event":{"mods":["BaseMod","Colored Map","Keyboard Shortcuts","Minty Spire (QoL Compilation)","Quick Restart","StSLib","SuperFastMode","everything is the same but u backflip on backflip"],"gold_per_floor":[113,133,133,133,152,152,152,77,377,377,377,404,404,438,438,512,512,523,537,537,537,462,491,491,523,523,543,46,46,71,71,71,154,154,168,168,188,207,38,72,104,130,130,158,187,187,187,226,226,226,226,226,226,25,50,50],"floor_reached":57,"language":"KOR","playtime":2082,"items_purged":["Hologram"],"score":3001,"play_id":"0a37b29a-9ef4-4450-9d4a-025ed9679fa0","local_time":"20210116203949","daily_mods":["SealedDeck","Heirloom","Flight"],"is_ascension_mode":true,"campfire_choices":[{"data":"Blizzard","floor":6.0,"key":"SMITH"},{"data":"Capacitor","floor":7.0,"key":"SMITH"},{"data":"Coolheaded","floor":10.0,"key":"SMITH"},{"data":"Coolheaded","floor":13.0,"key":"SMITH"},{"data":"Loop","floor":15.0,"key":"SMITH"},{"floor":24.0,"key":"REST"},{"floor":29.0,"key":"REST"},{"data":"Go for the Eyes","floor":32.0,"key":"SMITH"},{"floor":46,"key":"RECALL"},{"data":"Echo Form","floor":47,"key":"SMITH"},{"data":"Defragment","floor":49,"key":"SMITH"},{"data":"Capacitor","floor":53,"key":"SMITH"}],"circlet_count":0,"master_deck":["AscendersBane","Hologram","Beam Cell","Capacitor+1","Go for the Eyes+1","Blizzard+1","Coolheaded+1","Coolheaded+1","Blizzard+1","Chill","Defragment+1","Echo Form+1","Loop+1","Electrodynamics","Capacitor+1","Defragment+1","Seek+1"],"relics":["Cracked Core","Prayer Wheel","Old Coin","PreservedInsect","Shuriken","Busted Crown","MutagenicStrength","Kunai","Meat on the Bone","Bird Faced Urn","ClockworkSouvenir","CeramicFish","Cursed Key","Runic Capacitor","Toxic Egg 2","Orichalcum","TungstenRod","Nunchaku","Potion Belt","Smiling Mask","Membership Card","Mummified Hand"],"acts_visited":["Exordium","TheCity","TheBeyond","TheEnding"],"potions_floor_usage":[55],"damage_taken":[{"damage":0.0,"enemies":"Cultist","floor":1.0,"turns":4.0},{"damage":7.0,"enemies":"Small Slimes","floor":2.0,"turns":3.0},{"damage":0.0,"enemies":"2 Louse","floor":5.0,"turns":2.0},{"damage":8.0,"enemies":"Gremlin Nob","floor":12.0,"turns":4.0},{"damage":4.0,"enemies":"3 Sentries","floor":14.0,"turns":4.0},{"damage":39.0,"enemies":"The Guardian","floor":16.0,"turns":6.0},{"damage":3.0,"enemies":"3 Byrds","floor":18.0,"turns":3.0},{"damage":4.0,"enemies":"Shell Parasite","floor":19.0,"turns":3.0},{"damage":19.0,"enemies":"Book of Stabbing","floor":23.0,"turns":5.0},{"damage":31.0,"enemies":"Slavers","floor":25.0,"turns":4.0},{"damage":16.0,"enemies":"Snake Plant","floor":27.0,"turns":4.0},{"damage":9.0,"enemies":"Gremlin Leader","floor":30.0,"turns":7.0},{"damage":23.0,"enemies":"Collector","floor":33.0,"turns":7.0},{"damage":23.0,"enemies":"Orb Walker","floor":35.0,"turns":4.0},{"damage":0.0,"enemies":"3 Shapes","floor":37.0,"turns":4.0},{"damage":4.0,"enemies":"Writhing Mass","floor":38.0,"turns":5.0},{"damage":62.0,"enemies":"Nemesis","floor":40.0,"turns":7.0},{"damage":16.0,"enemies":"Giant Head","floor":41.0,"turns":6.0},{"damage":15.0,"enemies":"Reptomancer","floor":42.0,"turns":4.0},{"damage":17,"enemies":"Nemesis","floor":44,"turns":7},{"damage":9,"enemies":"Reptomancer","floor":45,"turns":5},{"damage":0,"enemies":"Giant Head","floor":48,"turns":5},{"damage":33,"enemies":"Time Eater","floor":50,"turns":10},{"damage":19,"enemies":"Awakened One","floor":51,"turns":8},{"damage":59,"enemies":"Shield and Spear","floor":55,"turns":5},{"damage":62,"enemies":"The Heart","floor":56,"turns":10}],"seed_played":"-9038526365219890573","potions_obtained":[{"floor":2.0,"key":"ColorlessPotion"},{"floor":12.0,"key":"PotionOfCapacity"},{"floor":27.0,"key":"ColorlessPotion"},{"floor":38.0,"key":"DuplicationPotion"},{"floor":40.0,"key":"EntropicBrew"},{"floor":45,"key":"DuplicationPotion"}],"is_trial":true,"path_per_floor":["M","M","?","?","M","R","R","$","T","R","?","E","R","E","R","B",null,"M","M","?","?","?","E","R","E","T","M","$","R","E","?","R","B",null,"M","?","M","M","$","E","E","E","T","E","E","R","R","E","R","B","B",null,"R","$","E","B",null],"character_chosen":"DEFECT","items_purchased":["Bird Faced Urn","ClockworkSouvenir","Runic Capacitor","Membership Card","Seek+1"],"campfire_rested":2,"item_purchase_floors":[28,28,39,54,54],"current_hp_per_floor":[64,57,57,57,57,57,57,57,57,57,62,54,54,50,50,11,60,57,53,53,53,53,34,56,25,25,21,21,43,54,54,54,49,69,56,86,86,83,83,52,54,51,51,50,57,57,57,73,73,64,65,81,81,81,54,28],"gold":50,"neow_bonus":"","is_daily":false,"chose_seed":false,"campfire_upgraded":9,"win_rate":0.0,"timestamp":1610797189,"path_taken":["M","?","?","?","?","R","R","?","T","R","?","E","R","E","R","BOSS","M","M","?","?","?","E","R","E","T","?","$","R","E","?","R","BOSS","M","?","?","?","?","E","E","E","T","E","E","R","R","E","R","BOSS","BOSS","R","$","E","BOSS"],"items_purchased_type":["Relic","Relic","Relic","Relic","Card"],"build_version":"2020-12-22","purchased_purges":1,"victory":true,"max_hp_per_floor":[71,71,71,71,71,71,71,71,71,71,76,76,76,76,76,76,76,76,76,76,76,76,76,76,76,76,76,76,76,76,76,76,76,76,76,86,86,86,86,86,86,86,86,86,86,86,86,86,86,86,86,86,86,86,86,86],"card_choices":[{"not_picked":["Conserve Battery","Skim"],"picked":"Chill","floor":1.0},{"not_picked":["Conserve Battery","Leap","Go for the Eyes"],"picked":"SKIP","floor":1.0},{"not_picked":["Creative AI","Hologram"],"picked":"Defragment","floor":2.0},{"not_picked":["Cold Snap","Double Energy","Barrage"],"picked":"SKIP","floor":2.0},{"not_picked":["Blizzard","Rebound","Redo"],"picked":"SKIP","floor":5.0},{"not_picked":["Conserve Battery","Gash","Buffer"],"picked":"SKIP","floor":5.0},{"not_picked":["Double Energy","Leap"],"picked":"Echo Form","floor":12.0},{"not_picked":["Barrage","Steam"],"picked":"Loop","floor":14.0},{"not_picked":["Meteor Strike","Amplify"],"picked":"Electrodynamics","floor":16.0},{"not_picked":["Reprogram+1"],"picked":"SKIP","floor":18.0},{"not_picked":["Redo"],"picked":"SKIP","floor":18.0},{"not_picked":["Loop"],"picked":"SKIP","floor":19.0},{"not_picked":["Steam"],"picked":"SKIP","floor":19.0},{"not_picked":["Hologram"],"picked":"SKIP","floor":23.0},{"not_picked":["Conserve Battery"],"picked":"SKIP","floor":25.0},{"not_picked":["Beam Cell"],"picked":"SKIP","floor":27.0},{"not_picked":["Force Field"],"picked":"SKIP","floor":27.0},{"not_picked":["Rebound"],"picked":"SKIP","floor":30.0},{"not_picked":[],"picked":"Seek","floor":33.0},{"not_picked":["Hologram"],"picked":"SKIP","floor":35.0},{"not_picked":["Conserve Battery"],"picked":"SKIP","floor":35.0},{"not_picked":["Cold Snap"],"picked":"SKIP","floor":37.0},{"not_picked":["Leap"],"picked":"SKIP","floor":37.0},{"not_picked":["Cold Snap"],"picked":"SKIP","floor":38.0},{"not_picked":["Ball Lightning"],"picked":"SKIP","floor":38.0},{"not_picked":["Rip and Tear"],"picked":"SKIP","floor":40.0},{"not_picked":["Compile Driver"],"picked":"SKIP","floor":41.0},{"not_picked":["Go for the Eyes+1"],"picked":"SKIP","floor":42.0},{"not_picked":["Reinforced Body+1"],"picked":"SKIP","floor":44},{"not_picked":["Hologram+1"],"picked":"SKIP","floor":45},{"not_picked":[],"picked":"Defragment","floor":48},{"not_picked":["Hologram+1"],"picked":"SKIP","floor":55}],"player_experience":4411908,"relics_obtained":[{"floor":9.0,"key":"Old Coin"},{"floor":12.0,"key":"PreservedInsect"},{"floor":14.0,"key":"Shuriken"},{"floor":23.0,"key":"Kunai"},{"floor":25.0,"key":"Meat on the Bone"},{"floor":30.0,"key":"CeramicFish"},{"floor":40.0,"key":"Toxic Egg 2"},{"floor":41.0,"key":"Orichalcum"},{"floor":42.0,"key":"TungstenRod"},{"floor":44,"key":"Nunchaku"},{"floor":45,"key":"Potion Belt"},{"floor":48,"key":"Smiling Mask"},{"floor":55,"key":"Mummified Hand"}],"event_choices":[{"damage_healed":0.0,"max_hp_gain":0.0,"max_hp_loss":0.0,"gold_gain":0.0,"event_name":"Living Wall","player_choice":"Grow","floor":3.0,"gold_loss":0.0,"damage_taken":0.0,"cards_upgraded":["Defragment"]},{"damage_healed":0.0,"max_hp_gain":0.0,"max_hp_loss":0.0,"gold_gain":0.0,"event_name":"Accursed Blacksmith","player_choice":"Forge","floor":4.0,"gold_loss":0.0,"damage_taken":0.0,"cards_upgraded":["Blizzard"]},{"damage_healed":0.0,"max_hp_gain":5.0,"max_hp_loss":0.0,"gold_gain":0.0,"event_name":"Big Fish","player_choice":"Donut","floor":11.0,"gold_loss":0.0,"damage_taken":0.0},{"damage_healed":0.0,"max_hp_gain":0.0,"max_hp_loss":0.0,"gold_gain":0.0,"event_name":"The Library","player_choice":"Read","floor":20.0,"gold_loss":0.0,"damage_taken":0.0,"cards_obtained":["Capacitor"]},{"damage_healed":0.0,"max_hp_gain":0.0,"max_hp_loss":0.0,"gold_gain":0.0,"event_name":"Drug Dealer","player_choice":"Inject Mutagens","floor":21.0,"gold_loss":0.0,"damage_taken":0.0,"relics_obtained":["MutagenicStrength"]},{"cards_removed":["Conserve Battery"],"damage_healed":0.0,"max_hp_gain":0.0,"max_hp_loss":0.0,"gold_gain":0.0,"event_name":"Beggar","player_choice":"Gave Gold","floor":22.0,"gold_loss":75.0,"damage_taken":0.0},{"damage_healed":0.0,"max_hp_gain":0.0,"max_hp_loss":0.0,"gold_gain":0.0,"event_name":"Vampires","player_choice":"Ignored","floor":31.0,"gold_loss":0.0,"damage_taken":0.0},{"cards_removed":["Seek"],"damage_healed":20.0,"max_hp_gain":10.0,"max_hp_loss":0.0,"gold_gain":0.0,"event_name":"Bonfire Elementals","player_choice":"Offered Rare","floor":36.0,"gold_loss":0.0,"damage_taken":0.0}],"is_beta":false,"boss_relics":[{"not_picked":["Calling Bell","Empty Cage"],"picked":"Busted Crown"},{"not_picked":["SacredBark","Astrolabe"],"picked":"Cursed Key"}],"items_purged_floors":[8],"is_endless":false,"potions_floor_spawned":[2,12,16,19,27,30,38,40,42,45],"ascension_level":20}}