{"host":"ct28ocsd8g8yr2ah","time":1610797815,"event":{"mods":["BaseMod","Better Third Choice","Hermit","KinomotoSakuraMod(????)","Koishi","Marisa????????","Minty Spire (QoL Compilation)","Reimu??????","Remilia??????","StSLib","The Animator","The Gatherer","The Servant 0.9.4","Waifu the Spire"],"gold_per_floor":[114,134,146,71,87,87,121,121,145,163,179,53,65,84,84,187,187,205,42,42,60,159,159,159,159],"floor_reached":24,"language":"RUS","playtime":835,"items_purged":["hermit:Strike_Hermit","hermit:Strike_Hermit","hermit:Strike_Hermit"],"score":220,"play_id":"008d29e4-6ccb-4b46-ba04-721c45fb47ae","local_time":"20210116165015","is_ascension_mode":true,"campfire_choices":[{"data":"hermit:Brawl","floor":6,"key":"SMITH"},{"data":"hermit:Combo","floor":8,"key":"SMITH"},{"floor":15,"key":"REST"},{"floor":23,"key":"REST"}],"circlet_count":0,"master_deck":["hermit:Strike_Hermit","hermit:Defend_Hermit","hermit:Defend_Hermit","hermit:Defend_Hermit","hermit:Defend_Hermit","hermit:Snapshot","hermit:Covet","hermit:TrackingShot","hermit:Brawl+1","hermit:Combo+1","hermit:Quickdraw","hermit:PistolWhip","hermit:PistolWhip","hermit:Reprieve","hermit:Determination","hermit:Gestalt"],"relics":["hermit:Momento","Ancient Tea Set","Lantern","SlaversCollar"],"acts_visited":["Exordium","TheCity"],"potions_floor_usage":[5,14,21,24],"damage_taken":[{"damage":0,"enemies":"Cultist","floor":1,"turns":3},{"damage":3,"enemies":"Jaw Worm","floor":2,"turns":4},{"damage":12,"enemies":"Small Slimes","floor":3,"turns":4},{"damage":19,"enemies":"Blue Slaver","floor":5,"turns":4},{"damage":11,"enemies":"Lagavulin","floor":7,"turns":6},{"damage":16,"enemies":"Exordium Thugs","floor":10,"turns":4},{"damage":0,"enemies":"Large Slime","floor":11,"turns":5},{"damage":11,"enemies":"Looter","floor":13,"turns":4},{"damage":6,"enemies":"Exordium Thugs","floor":14,"turns":4},{"damage":33,"enemies":"The Guardian","floor":16,"turns":5},{"damage":0,"enemies":"Chosen","floor":18,"turns":4},{"damage":55,"enemies":"3 Byrds","floor":21,"turns":7},{"damage":56,"enemies":"Gremlin Leader","floor":24,"turns":3}],"seed_played":"-6442233230674668240","potions_obtained":[{"floor":1,"key":"FairyPotion"},{"floor":2,"key":"Fire Potion"},{"floor":7,"key":"hermit:Eclipse"},{"floor":10,"key":"Swift Potion"},{"floor":21,"key":"Fire Potion"}],"is_trial":false,"path_per_floor":["M","M","M","$","M","R","E","R","T","M","M","$","M","M","R","B",null,"M","$","?","M","?","R","E"],"character_chosen":"HERMIT","items_purchased":["hermit:Quickdraw","hermit:Gestalt"],"campfire_rested":2,"item_purchase_floors":[12,19],"current_hp_per_floor":[82,79,67,67,48,48,37,37,37,21,21,21,10,4,28,21,82,82,82,82,27,27,51,0,0],"gold":159,"neow_bonus":"TEN_PERCENT_HP_BONUS","is_daily":false,"chose_seed":false,"campfire_upgraded":2,"win_rate":0.0,"timestamp":1610797815,"path_taken":["M","M","M","$","M","R","E","R","T","M","?","$","?","M","R","BOSS","M","$","?","M","?","R","E"],"items_purchased_type":["Card","Card"],"build_version":"2020-12-22","purchased_purges":3,"victory":false,"max_hp_per_floor":[82,82,82,82,82,82,82,82,82,82,82,82,82,82,82,82,82,82,82,82,82,82,82,82,82],"card_choices":[{"not_picked":["hermit:Maintenance","hermit:Feint"],"picked":"hermit:TrackingShot","floor":1},{"not_picked":["hermit:HighCaliber","hermit:Glare"],"picked":"hermit:Brawl","floor":2},{"not_picked":["hermit:HoleUp","hermit:FullyLoaded"],"picked":"hermit:Combo","floor":3},{"not_picked":["hermit:Misfire","hermit:Dive","hermit:HoleUp"],"picked":"SKIP","floor":5},{"not_picked":["hermit:Midnight","hermit:TrackingShot","hermit:Adapt"],"picked":"SKIP","floor":7},{"not_picked":["hermit:Roulette","hermit:Misfire","hermit:HoleUp"],"picked":"SKIP","floor":10},{"not_picked":["hermit:Scavenge","hermit:Feint","hermit:TakeCover"],"picked":"SKIP","floor":11},{"not_picked":["hermit:Headshot","hermit:CalledShot"],"picked":"hermit:PistolWhip","floor":13},{"not_picked":["hermit:Malice","hermit:Gestalt"],"picked":"hermit:PistolWhip","floor":14},{"not_picked":["hermit:FinalCanter","hermit:FatalDesire"],"picked":"hermit:Reprieve","floor":16},{"not_picked":["hermit:TrackingShot+1","hermit:Quickdraw+1"],"picked":"hermit:Determination","floor":18},{"not_picked":["hermit:Snipe+1","hermit:Glare","hermit:Enervate"],"picked":"SKIP","floor":21}],"player_experience":544242,"relics_obtained":[{"floor":7,"key":"Ancient Tea Set"},{"floor":9,"key":"Lantern"}],"event_choices":[{"damage_healed":0,"gold_gain":0,"player_choice":"Ignored","damage_taken":0,"max_hp_gain":0,"max_hp_loss":0,"event_name":"Vampires","floor":20,"gold_loss":0},{"damage_healed":0,"gold_gain":99,"player_choice":"Steal","damage_taken":0,"max_hp_gain":0,"max_hp_loss":0,"event_name":"betterThird:BetterNest","floor":22,"gold_loss":0}],"is_beta":false,"boss_relics":[{"not_picked":["Pandora\u0027s Box","Runic Dome"],"picked":"SlaversCollar"}],"items_purged_floors":[4,12,19],"is_endless":false,"potions_floor_spawned":[1,2,7,10,13,21],"killed_by":"Gremlin Leader","ascension_level":2}}