{"host":"w9yruvs4bqht6bhw","time":1610837128,"event":{"mods":["BaseMod","Colored Powertips","Minty Spire (QoL Compilation)"],"gold_per_floor":[109,109,39,4,17,51,1,1,1,56,56,70,114,129,129,248,248,266,266,266,181,195,195,143,159,227,227,261,261,87,110,110,110,110],"floor_reached":33,"language":"ENG","playtime":908,"items_purged":["Defend_R+1"],"score":474,"play_id":"8bb18d0e-ffae-4412-aec6-7ee30e8bceb6","local_time":"20210116174528","is_ascension_mode":true,"campfire_choices":[{"floor":8,"key":"REST"},{"floor":11,"key":"REST"},{"data":"Cleave","floor":15,"key":"SMITH"},{"floor":23,"key":"REST"},{"data":"RitualDagger","floor":27,"key":"SMITH"},{"data":"Infernal Blade","floor":29,"key":"SMITH"},{"data":"Disarm","floor":32,"key":"SMITH"}],"circlet_count":0,"master_deck":["AscendersBane","Strike_R+1","Strike_R+1","Strike_R+1","Strike_R+1","Strike_R+1","Defend_R+1","Defend_R+1","Defend_R+1","Bash","Cleave+1","Disarm+1","Shrug It Off","Infernal Blade+1","Reaper","Flame Barrier","RitualDagger+1","Pummel","Shrug It Off"],"relics":["Burning Blood","Anchor","Golden Idol","StrikeDummy","Mummified Hand","Bronze Scales","Oddly Smooth Stone","Snecko Eye","Toy Ornithopter","White Beast Statue","Gambling Chip"],"acts_visited":["Exordium","TheCity"],"potions_floor_usage":[13,13,16,16,25,28,31,33,33],"damage_taken":[{"damage":0,"enemies":"Jaw Worm","floor":1,"turns":3},{"damage":7,"enemies":"Cultist","floor":5,"turns":4},{"damage":63,"enemies":"Gremlin Nob","floor":6,"turns":6},{"damage":0,"enemies":"Small Slimes","floor":12,"turns":3},{"damage":0,"enemies":"3 Sentries","floor":13,"turns":4},{"damage":15,"enemies":"2 Fungi Beasts","floor":14,"turns":3},{"damage":54,"enemies":"Slime Boss","floor":16,"turns":15},{"damage":22,"enemies":"Spheric Guardian","floor":18,"turns":4},{"damage":0,"enemies":"2 Thieves","floor":22,"turns":4},{"damage":6,"enemies":"Snecko","floor":25,"turns":4},{"damage":9,"enemies":"Gremlin Leader","floor":28,"turns":4},{"damage":0,"enemies":"Snake Plant","floor":31,"turns":2},{"damage":94,"enemies":"Champ","floor":33,"turns":9}],"seed_played":"477825077100298751","potions_obtained":[{"floor":12,"key":"Explosive Potion"},{"floor":13,"key":"ElixirPotion"},{"floor":14,"key":"Dexterity Potion"},{"floor":22,"key":"PowerPotion"},{"floor":28,"key":"AttackPotion"},{"floor":31,"key":"Strength Potion"}],"is_trial":false,"path_per_floor":["M","?","$","?","M","E","$","R","T","T","R","M","E","M","R","B",null,"M","?","?","?","M","R","$","M","T","R","E","R","$","M","R","B"],"character_chosen":"IRONCLAD","items_purchased":["Disarm","Block Potion","PowerPotion","Shrug It Off","PowerPotion"],"campfire_rested":3,"item_purchase_floors":[3,7,24,30,30],"current_hp_per_floor":[78,58,58,78,77,20,20,44,44,44,68,74,80,71,71,23,66,50,44,44,44,50,74,74,79,79,79,77,77,77,80,80,0,0],"gold":110,"neow_bonus":"RANDOM_COMMON_RELIC","is_daily":false,"chose_seed":false,"campfire_upgraded":4,"win_rate":0.0,"timestamp":1610837128,"path_taken":["M","?","$","?","?","E","?","R","T","?","R","M","E","M","R","BOSS","M","?","?","?","M","R","?","M","T","R","E","R","$","M","R","BOSS"],"items_purchased_type":["Card","Potion","Potion","Card","Potion"],"build_version":"2020-12-22","purchased_purges":1,"victory":false,"max_hp_per_floor":[80,80,80,80,80,80,80,80,80,80,80,80,80,80,80,80,80,80,80,80,80,80,80,80,80,80,80,80,80,80,80,80,80,80],"card_choices":[{"not_picked":["Heavy Blade","Shrug It Off"],"picked":"Cleave","floor":1},{"not_picked":["Wild Strike","Sword Boomerang"],"picked":"Shrug It Off","floor":5},{"not_picked":["Body Slam","Dropkick"],"picked":"Infernal Blade","floor":6},{"not_picked":["Headbutt","Twin Strike","Fire Breathing"],"picked":"SKIP","floor":12},{"not_picked":["Sentinel","Thunderclap","Power Through"],"picked":"SKIP","floor":13},{"not_picked":["Flex","Perfected Strike","Searing Blow"],"picked":"SKIP","floor":14},{"not_picked":["Brutality","Barricade"],"picked":"Reaper","floor":16},{"not_picked":["Hemokinesis","Twin Strike+1"],"picked":"Flame Barrier","floor":18},{"not_picked":["Dropkick","Wild Strike","Dual Wield"],"picked":"SKIP","floor":22},{"not_picked":["Dropkick","Wild Strike","Dual Wield"],"picked":"SKIP","floor":22},{"not_picked":["Searing Blow","Pommel Strike"],"picked":"Pummel","floor":25},{"not_picked":["Thunderclap","Heavy Blade","Infernal Blade"],"picked":"SKIP","floor":28},{"not_picked":["Headbutt","Evolve","Thunderclap"],"picked":"SKIP","floor":31}],"player_experience":414297,"relics_obtained":[{"floor":6,"key":"StrikeDummy"},{"floor":9,"key":"Mummified Hand"},{"floor":10,"key":"Bronze Scales"},{"floor":13,"key":"Oddly Smooth Stone"},{"floor":26,"key":"White Beast Statue"},{"floor":28,"key":"Gambling Chip"}],"event_choices":[{"damage_healed":0,"gold_gain":0,"player_choice":"Take Damage","damage_taken":20,"relics_obtained":["Golden Idol"],"max_hp_gain":0,"max_hp_loss":0,"event_name":"Golden Idol","floor":2,"gold_loss":0},{"damage_healed":20,"gold_gain":0,"player_choice":"Healed","damage_taken":0,"max_hp_gain":0,"max_hp_loss":0,"event_name":"The Cleric","floor":4,"gold_loss":35},{"damage_healed":0,"gold_gain":0,"player_choice":"Joined the Cult","damage_taken":6,"max_hp_gain":0,"max_hp_loss":0,"event_name":"Nest","floor":19,"gold_loss":0,"cards_obtained":["RitualDagger"]},{"damage_healed":0,"gold_gain":0,"player_choice":"Simplicity","damage_taken":0,"max_hp_gain":0,"max_hp_loss":0,"event_name":"Back to Basics","floor":20,"gold_loss":0,"cards_upgraded":["Strike_R","Strike_R","Strike_R","Strike_R","Strike_R","Defend_R","Defend_R","Defend_R","Defend_R"]},{"damage_healed":0,"gold_gain":0,"player_choice":"Obtained Relic","damage_taken":0,"relics_obtained":["Toy Ornithopter"],"max_hp_gain":0,"max_hp_loss":0,"event_name":"Addict","floor":21,"gold_loss":85}],"is_beta":false,"boss_relics":[{"not_picked":["Pandora\u0027s Box","SacredBark"],"picked":"Snecko Eye"}],"items_purged_floors":[30],"is_endless":false,"potions_floor_spawned":[12,13,14,22,28,31],"killed_by":"Champ","ascension_level":12}}