{"host":"uwwvm37dko2v39wu","time":1610774664,"event":{"mods":["BaseMod","Downfall","Minty Spire (QoL Compilation)","StSLib"],"gold_per_floor":[110,110,110,122,73,73,73,92,92,108,33,91,15,31,31,126,126,142,142,159,159,176,201,215,215,260,274,274,288,288,315,315,415,415,426,426,426],"floor_reached":36,"language":"ZHS","playtime":2262,"items_purged":["Defend_R"],"score":394,"play_id":"0d3ab6b8-893a-4247-8841-d73195a39f3b","local_time":"20210116132424","is_ascension_mode":false,"campfire_choices":[{"data":"Pummel","floor":6,"key":"SMITH"},{"floor":15,"key":"REST"},{"floor":25,"key":"REST"},{"floor":30,"key":"REST"},{"floor":32,"key":"REST"}],"circlet_count":0,"master_deck":["Strike_R","Strike_R+1","Strike_R","Strike_R","Strike_R","Defend_R","Defend_R","Defend_R","Bash+1","Infernal Blade+1","Pummel+1","Inflame","Seeing Red","Shrug It Off","Spot Weakness","Anger","Flex","Spot Weakness","Disarm","Body Slam+1","Carnage+1","Cleave","Demon Form","Uppercut+1"],"relics":["Burning Blood","StoneCalendar","StrikeDummy","Akabeko","PreservedInsect","Lantern","Whetstone","Gambling Chip","SacredBark"],"acts_visited":["Exordium","TheCity","TheBeyond"],"potions_floor_usage":[1,10,10,12,16,18,20,20,24,27,33,36],"damage_taken":[{"damage":5,"enemies":"Small Slimes","floor":1,"turns":4},{"damage":1,"enemies":"Jaw Worm","floor":4,"turns":4},{"damage":1,"enemies":"2 Louse","floor":8,"turns":2},{"damage":6,"enemies":"Exordium Wildlife","floor":10,"turns":3},{"damage":23,"enemies":"Lagavulin Event","floor":12,"turns":4},{"damage":0,"enemies":"Blue Slaver","floor":14,"turns":1},{"damage":34,"enemies":"Slime Boss","floor":16,"turns":8},{"damage":4,"enemies":"3 Byrds","floor":18,"turns":5},{"damage":12,"enemies":"Spheric Guardian","floor":20,"turns":5},{"damage":25,"enemies":"Centurion and Healer","floor":22,"turns":5},{"damage":34,"enemies":"Book of Stabbing","floor":23,"turns":4},{"damage":34,"enemies":"Snecko","floor":24,"turns":7},{"damage":9,"enemies":"Shelled Parasite and Fungi","floor":27,"turns":3},{"damage":0,"enemies":"Centurion and Healer","floor":29,"turns":3},{"damage":25,"enemies":"Gremlin Leader","floor":31,"turns":6},{"damage":66,"enemies":"Collector","floor":33,"turns":8},{"damage":19,"enemies":"Orb Walker","floor":35,"turns":3},{"damage":67,"enemies":"2 Orb Walkers","floor":36,"turns":3}],"seed_played":"7028729265350291735","potions_obtained":[{"floor":0,"key":"bronze:BurnAndBuffPotion"},{"floor":0,"key":"Fire Potion"},{"floor":0,"key":"champ:CounterPotion"},{"floor":8,"key":"SkillPotion"},{"floor":12,"key":"Fire Potion"},{"floor":14,"key":"FairyPotion"},{"floor":16,"key":"HeartOfIron"},{"floor":18,"key":"SpeedPotion"},{"floor":19,"key":"champ:CounterPotion"},{"floor":20,"key":"ElixirPotion"},{"floor":23,"key":"DuplicationPotion"},{"floor":24,"key":"Explosive Potion"},{"floor":31,"key":"DuplicationPotion"}],"is_trial":false,"path_per_floor":["M","?","?","M","$","R","?","M","T","M","$","?","$","M","R","B",null,"M","?","M","T","M","E","M","R","T","M","?","M","R","E","R","B",null,"M","?"],"character_chosen":"IRONCLAD","items_purchased":["Fire Potion","Spot Weakness"],"campfire_rested":4,"item_purchase_floors":[5,13],"current_hp_per_floor":[80,73,73,78,78,78,78,80,80,80,80,63,63,69,80,52,80,80,80,74,74,55,27,23,47,47,44,44,50,74,55,79,19,80,67,0,0],"gold":426,"neow_bonus":"THREE_SMALL_POTIONS","is_daily":false,"chose_seed":false,"campfire_upgraded":1,"win_rate":0.0,"timestamp":1610774664,"path_taken":["M","?","?","M","?","R","?","M","T","M","$","?","?","?","R","BOSS","M","?","?","?","M","E","M","R","T","M","?","M","R","E","R","BOSS","M","?"],"items_purchased_type":["Potion","Card"],"build_version":"2020-12-22","purchased_purges":1,"victory":false,"max_hp_per_floor":[80,80,80,80,80,80,80,80,80,80,80,80,80,80,80,80,80,80,80,80,80,80,80,80,80,80,80,80,80,80,80,80,80,80,80,80,80],"card_choices":[{"not_picked":["Body Slam","Second Wind"],"picked":"Infernal Blade","floor":1},{"not_picked":["Warcry","Burning Pact"],"picked":"Pummel","floor":4},{"not_picked":["Iron Wave","Dark Embrace"],"picked":"Inflame","floor":8},{"not_picked":["Pommel Strike","Havoc"],"picked":"Seeing Red","floor":10},{"not_picked":["Flame Barrier","Warcry"],"picked":"Shrug It Off","floor":12},{"not_picked":["Entrench","Headbutt"],"picked":"Anger","floor":14},{"not_picked":["Anger","Clash"],"picked":"Flex","floor":18},{"not_picked":["Flex","Anger"],"picked":"Spot Weakness","floor":20},{"not_picked":["Seeing Red+1","Combust+1"],"picked":"Disarm","floor":22},{"not_picked":["Hemokinesis","Brutality"],"picked":"Body Slam+1","floor":23},{"not_picked":["Pommel Strike","Rage"],"picked":"Carnage+1","floor":24},{"not_picked":["Warcry","Clothesline","Burning Pact+1"],"picked":"SKIP","floor":27},{"not_picked":["Wild Strike","Rampage","Rupture"],"picked":"SKIP","floor":29},{"not_picked":["Exhume","Wild Strike"],"picked":"Cleave","floor":31},{"not_picked":["Berserk","Reaper"],"picked":"Demon Form","floor":33},{"not_picked":["Entrench+1","Clothesline"],"picked":"Uppercut+1","floor":35}],"player_experience":641426,"relics_obtained":[{"floor":9,"key":"StrikeDummy"},{"floor":12,"key":"Akabeko"},{"floor":21,"key":"PreservedInsect"},{"floor":23,"key":"Lantern"},{"floor":26,"key":"Whetstone"},{"floor":31,"key":"Gambling Chip"}],"event_choices":[{"damage_healed":0,"gold_gain":0,"player_choice":"Success","damage_taken":7,"relics_obtained":["StoneCalendar"],"max_hp_gain":0,"max_hp_loss":0,"event_name":"Scrap Ooze","floor":2,"gold_loss":0},{"damage_healed":0,"gold_gain":0,"player_choice":"Grow","damage_taken":0,"max_hp_gain":0,"max_hp_loss":0,"event_name":"Living Wall","floor":3,"gold_loss":0,"cards_upgraded":["Infernal Blade"]},{"damage_healed":0,"gold_gain":0,"player_choice":"Ignored","damage_taken":0,"max_hp_gain":0,"max_hp_loss":0,"event_name":"Liars Game","floor":7,"gold_loss":0},{"damage_healed":0,"gold_gain":0,"player_choice":"Searched \u00271\u0027 times","damage_taken":0,"max_hp_gain":0,"max_hp_loss":0,"event_name":"Dead Adventurer","floor":12,"gold_loss":0},{"damage_healed":0,"gold_gain":0,"player_choice":"Got Potions","damage_taken":0,"max_hp_gain":0,"max_hp_loss":0,"event_name":"Lab","floor":19,"gold_loss":0},{"damage_healed":0,"gold_gain":0,"player_choice":"Ignored","damage_taken":0,"max_hp_gain":0,"max_hp_loss":0,"event_name":"Vampires","floor":28,"gold_loss":0},{"damage_healed":0,"gold_gain":0,"player_choice":"Fight","damage_taken":0,"max_hp_gain":0,"max_hp_loss":0,"event_name":"Mysterious Sphere","floor":36,"gold_loss":0}],"is_beta":false,"boss_relics":[{"not_picked":["Coffee Dripper","Velvet Choker","Runic Pyramid"]},{"not_picked":["Fusion Hammer","Sozu"],"picked":"SacredBark"}],"items_purged_floors":[11],"is_endless":false,"potions_floor_spawned":[8,12,14,16,18,20,23,24,31],"killed_by":"2 Orb Walkers","ascension_level":0}}