{"host":"vumwfieg2b2mnrfl","time":1610762634,"event":{"mods":["AchievementEnabler","BaseMod","Minty Spire (QoL Compilation)","Rare Cards Sparkle","Relic Stats"],"gold_per_floor":[118,79,79,79,89,124,136,183,221,233,259,287,313,21,21,97,97,17,17,37,37,37,37,63,63,63,63,88,88,117,130,130,201,201,213,143,168,186,197,197,197],"floor_reached":40,"language":"ENG","playtime":1941,"items_purged":["Pain","Strike_G"],"score":950,"play_id":"a1bb4e29-3504-41c7-a23a-bbc8ddd9f9a3","local_time":"20210115200354","is_ascension_mode":true,"campfire_choices":[{"data":"Malaise","floor":7.0,"key":"SMITH"},{"floor":10.0,"key":"REST"},{"floor":15.0,"key":"REST"},{"data":"Crippling Poison","floor":23,"key":"SMITH"},{"floor":27,"key":"REST"},{"floor":29,"key":"REST"},{"floor":32,"key":"REST"}],"circlet_count":0,"master_deck":["AscendersBane","Strike_G","Strike_G","Strike_G","Defend_G","Defend_G","Defend_G","Defend_G","Defend_G","Survivor","Neutralize","PiercingWail","Well Laid Plans","Backflip","Malaise+1","All Out Attack","Dagger Throw","Crippling Poison+1","PiercingWail","Footwork","Night Terror","Backstab+1","Catalyst","Predator+1","Blade Dance","Escape Plan","Footwork","Flying Knee","Unload","Terror","Caltrops"],"relics":["Ring of the Serpent","NeowsBlessing","WarpedTongs","MawBank","Tough Bandages","Nunchaku","Membership Card","Strawberry","Sozu","Ornamental Fan","Boot","Paper Crane","Vajra","Happy Flower","Girya"],"acts_visited":["Exordium","TheCity","TheBeyond"],"potions_floor_usage":[28,38],"damage_taken":[{"damage":0.0,"enemies":"2 Louse","floor":1.0,"turns":1.0},{"damage":1.0,"enemies":"Cultist","floor":5.0,"turns":1.0},{"damage":0.0,"enemies":"3 Sentries","floor":6.0,"turns":1.0},{"damage":54.0,"enemies":"Gremlin Nob","floor":8.0,"turns":9.0},{"damage":4.0,"enemies":"Jaw Worm","floor":11.0,"turns":7.0},{"damage":4.0,"enemies":"Exordium Wildlife","floor":12.0,"turns":5.0},{"damage":2.0,"enemies":"3 Louse","floor":13.0,"turns":3.0},{"damage":23.0,"enemies":"The Guardian","floor":16.0,"turns":16.0},{"damage":0.0,"enemies":"2 Thieves","floor":18.0,"turns":4.0},{"damage":19,"enemies":"Chosen","floor":20,"turns":9},{"damage":26,"enemies":"Book of Stabbing","floor":24,"turns":6},{"damage":5,"enemies":"Gremlin Leader","floor":28,"turns":8},{"damage":0,"enemies":"Book of Stabbing","floor":30,"turns":8},{"damage":12,"enemies":"Shelled Parasite and Fungi","floor":31,"turns":6},{"damage":10,"enemies":"Champ","floor":33,"turns":19},{"damage":0,"enemies":"Orb Walker","floor":35,"turns":2},{"damage":25,"enemies":"Mind Bloom Boss Battle","floor":37,"turns":9},{"damage":34,"enemies":"3 Darklings","floor":38,"turns":5},{"damage":0,"enemies":"4 Shapes","floor":39,"turns":9},{"damage":10,"enemies":"Nemesis","floor":40,"turns":2}],"seed_played":"6397400892311857129","potions_obtained":[{"floor":5.0,"key":"Regen Potion"},{"floor":12.0,"key":"GhostInAJar"},{"floor":16.0,"key":"Explosive Potion"}],"is_trial":false,"path_per_floor":["M","$","?","?","M","E","R","E","T","R","M","M","M","$","R","B",null,"M","?","M","T","?","R","E","?","T","R","E","R","E","M","R","B",null,"M","$","?","M","M","E"],"character_chosen":"THE_SILENT","items_purchased":["Well Laid Plans","Membership Card","Footwork","Strawberry","Caltrops"],"campfire_rested":5,"item_purchase_floors":[2,14,14,14,36],"current_hp_per_floor":[59,59,52,52,51,51,51,11,11,30,26,22,20,27,48,25,61,61,61,42,42,42,42,16,16,16,37,32,53,53,41,62,52,68,68,68,43,9,9,0,0],"gold":197,"neow_bonus":"THREE_ENEMY_KILL","is_daily":false,"chose_seed":false,"campfire_upgraded":2,"win_rate":0.0,"timestamp":1610762634,"path_taken":["M","$","?","?","M","E","R","E","T","R","M","M","?","$","R","BOSS","M","?","M","?","?","R","E","?","T","R","E","R","E","M","R","BOSS","M","$","?","M","M","E"],"items_purchased_type":["Card","Relic","Card","Relic","Card"],"build_version":"2020-12-22","purchased_purges":2,"victory":false,"max_hp_per_floor":[66,66,66,66,66,66,66,66,66,66,66,66,66,73,73,73,73,73,73,73,73,73,73,73,73,73,73,73,73,73,73,73,73,73,73,73,73,73,73,73,73],"relic_stats":{"Sozu":4,"Tough Bandages":[207],"Nunchaku":[24],"Happy Flower":[17],"counters":[20,130],"Ornamental Fan":[148],"MawBank":96,"Boot":[60],"obtain_stats":[{"Girya":37,"NeowsBlessing":0,"Happy Flower":30,"Vajra":28,"Paper Crane":26,"MawBank":6,"Boot":24,"WarpedTongs":4,"Sozu":17,"Tough Bandages":8,"Nunchaku":9,"Ornamental Fan":21,"Strawberry":14,"Membership Card":14,"Ring of the Serpent":34,"Ring of the Snake":0},{"Girya":17,"NeowsBlessing":0,"Happy Flower":13,"Vajra":12,"Paper Crane":11,"MawBank":3,"Boot":11,"WarpedTongs":1,"Sozu":8,"Tough Bandages":4,"Nunchaku":4,"Ornamental Fan":10,"Strawberry":7,"Membership Card":7,"Ring of the Serpent":15,"Ring of the Snake":0},{"Girya":114,"NeowsBlessing":0,"Happy Flower":78,"Vajra":70,"Paper Crane":62,"MawBank":3,"Boot":62,"WarpedTongs":1,"Sozu":43,"Tough Bandages":12,"Nunchaku":12,"Ornamental Fan":56,"Strawberry":27,"Membership Card":27,"Ring of the Serpent":103,"Ring of the Snake":0}],"WarpedTongs":[128]},"card_choices":[{"not_picked":["Eviscerate","Infinite Blades"],"picked":"PiercingWail","floor":1.0},{"not_picked":["Dodge and Roll","Distraction"],"picked":"Backflip","floor":5.0},{"not_picked":["Quick Slash","Backflip"],"picked":"Malaise","floor":6.0},{"not_picked":["Deflect","Crippling Poison"],"picked":"All Out Attack","floor":8.0},{"not_picked":["Dodge and Roll","Distraction"],"picked":"Dagger Throw","floor":11.0},{"not_picked":["Deadly Poison","All Out Attack"],"picked":"Crippling Poison","floor":12.0},{"not_picked":["Backflip","Skewer"],"picked":"PiercingWail","floor":13.0},{"not_picked":["Phantasmal Killer","Grand Finale"],"picked":"Night Terror","floor":16.0},{"not_picked":["Outmaneuver","Dash"],"picked":"Backstab+1","floor":18.0},{"not_picked":["Dodge and Roll","Choke"],"picked":"Predator+1","floor":20},{"not_picked":["Night Terror","Flying Knee"],"picked":"Blade Dance","floor":24},{"not_picked":["Distraction","Catalyst"],"picked":"Escape Plan","floor":28},{"not_picked":["Caltrops","Dodge and Roll+1"],"picked":"Footwork","floor":30},{"not_picked":["Tactician","Skewer+1"],"picked":"Flying Knee","floor":31},{"not_picked":["After Image","Adrenaline"],"picked":"Unload","floor":33},{"not_picked":["Cloak And Dagger+1","Deflect"],"picked":"Terror","floor":35},{"not_picked":["PiercingWail","Terror+1","Expertise+1"],"picked":"SKIP","floor":38},{"not_picked":["Blade Dance+1","Flying Knee","Cloak And Dagger"],"picked":"SKIP","floor":39}],"player_experience":427057,"relics_obtained":[{"floor":6.0,"key":"MawBank"},{"floor":8.0,"key":"Tough Bandages"},{"floor":9.0,"key":"Nunchaku"},{"floor":21,"key":"Ornamental Fan"},{"floor":24,"key":"Boot"},{"floor":26,"key":"Paper Crane"},{"floor":28,"key":"Vajra"},{"floor":30,"key":"Happy Flower"},{"floor":37,"key":"Girya"}],"event_choices":[{"cards_removed":["Strike_G"],"damage_healed":0.0,"max_hp_gain":0.0,"max_hp_loss":0.0,"gold_gain":0.0,"event_name":"Golden Wing","player_choice":"Card Removal","floor":3.0,"gold_loss":0.0,"damage_taken":7.0},{"damage_healed":0.0,"max_hp_gain":0.0,"max_hp_loss":0.0,"gold_gain":0.0,"event_name":"Accursed Blacksmith","player_choice":"Rummage","floor":4.0,"gold_loss":0.0,"damage_taken":0.0,"relics_obtained":["WarpedTongs"],"cards_obtained":["Pain"]},{"damage_healed":0,"gold_gain":0,"player_choice":"Read","damage_taken":0,"max_hp_gain":0,"max_hp_loss":0,"event_name":"The Library","floor":19,"gold_loss":0,"cards_obtained":["Catalyst"]},{"damage_healed":0,"gold_gain":0,"player_choice":"Ignored","damage_taken":0,"max_hp_gain":0,"max_hp_loss":0,"event_name":"Vampires","floor":22,"gold_loss":0},{"damage_healed":0,"gold_gain":0,"player_choice":"Ignored","damage_taken":0,"max_hp_gain":0,"max_hp_loss":0,"event_name":"Cursed Tome","floor":25,"gold_loss":0},{"damage_healed":0,"gold_gain":0,"player_choice":"Fight","damage_taken":0,"max_hp_gain":0,"max_hp_loss":0,"event_name":"MindBloom","floor":37,"gold_loss":0}],"is_beta":false,"boss_relics":[{"not_picked":["Ectoplasm","Snecko Eye"],"picked":"Sozu"},{"not_picked":["Coffee Dripper","Tiny House"],"picked":"Ring of the Serpent"}],"items_purged_floors":[14,36],"is_endless":false,"potions_floor_spawned":[5,12,16,20,28,31,33],"killed_by":"Nemesis","ascension_level":18}}