{"host":"w9yruvs4bqht6bhw","time":1610821591,"event":{"mods":["BaseMod","Colored Powertips","Minty Spire (QoL Compilation)"],"gold_per_floor":[209,209,209,222,222,222,249,262,262,262,262,36,53,53,53,150,150,163,163,143,58,58,58,86,86,109,109,128,142,40,40,40,140,140,157,29,29,44,64,64,95,95,95,107,118,118,118,21,21,21],"floor_reached":51,"language":"ENG","playtime":2170,"items_purged":["Regret","Strike_R","Bash"],"score":1066,"play_id":"b63a4716-2b60-4f5e-a755-886e15b68d3e","local_time":"20210116132631","is_ascension_mode":true,"campfire_choices":[{"floor":6,"key":"REST"},{"data":"Armaments","floor":10,"key":"SMITH"},{"data":"True Grit","floor":15,"key":"SMITH"},{"data":"Warcry","floor":25,"key":"SMITH"},{"floor":27,"key":"REST"},{"data":"RitualDagger","floor":32,"key":"SMITH"},{"data":"Fiend Fire","floor":40,"key":"SMITH"},{"floor":42,"key":"REST"},{"floor":47,"key":"REST"},{"floor":49,"key":"REST"}],"circlet_count":0,"master_deck":["Strike_R","Strike_R+1","Strike_R","Strike_R+1","Defend_R","Defend_R","Defend_R","Defend_R","Armaments+1","Shockwave","Parasite","True Grit+1","Dark Embrace","Whirlwind","Reaper","Warcry+1","Uppercut+1","True Grit+1","RitualDagger+1","Fiend Fire+1","Feel No Pain","True Grit+1","Shrug It Off+1","Shrug It Off+1","Fiend Fire+1","Intimidate+1","True Grit+1","Infernal Blade+1"],"relics":["Burning Blood","Mercury Hourglass","Matryoshka","Dead Branch","Anchor","Whetstone","SacredBark","Toxic Egg 2","Smiling Mask","Happy Flower","Dream Catcher","Snecko Eye","Ancient Tea Set","Shuriken"],"acts_visited":["Exordium","TheCity","TheBeyond"],"potions_floor_usage":[16,16,18,24,24,29,29,33,33,41,50,50],"damage_taken":[{"damage":0,"enemies":"2 Louse","floor":1,"turns":3},{"damage":0,"enemies":"Small Slimes","floor":4,"turns":2},{"damage":40,"enemies":"Lagavulin","floor":7,"turns":6},{"damage":13,"enemies":"Jaw Worm","floor":8,"turns":4},{"damage":6,"enemies":"Looter","floor":13,"turns":3},{"damage":54,"enemies":"Hexaghost","floor":16,"turns":10},{"damage":12,"enemies":"Chosen","floor":18,"turns":5},{"damage":29,"enemies":"2 Thieves","floor":20,"turns":4},{"damage":0,"enemies":"Gremlin Leader","floor":24,"turns":8},{"damage":31,"enemies":"Snecko","floor":28,"turns":8},{"damage":8,"enemies":"Cultist and Chosen","floor":29,"turns":6},{"damage":117,"enemies":"Automaton","floor":33,"turns":11},{"damage":6,"enemies":"Orb Walker","floor":35,"turns":3},{"damage":25,"enemies":"3 Darklings","floor":38,"turns":6},{"damage":3,"enemies":"Spire Growth","floor":39,"turns":3},{"damage":27,"enemies":"Nemesis","floor":41,"turns":7},{"damage":25,"enemies":"Writhing Mass","floor":44,"turns":6},{"damage":0,"enemies":"3 Darklings","floor":45,"turns":2},{"damage":59,"enemies":"Donu and Deca","floor":50,"turns":7}],"seed_played":"1800440442673780902","potions_obtained":[{"floor":7,"key":"SkillPotion"},{"floor":8,"key":"LiquidBronze"},{"floor":18,"key":"Fruit Juice"},{"floor":22,"key":"Strength Potion"},{"floor":22,"key":"FairyPotion"},{"floor":24,"key":"PowerPotion"},{"floor":28,"key":"Explosive Potion"},{"floor":29,"key":"LiquidMemories"},{"floor":39,"key":"Regen Potion"},{"floor":41,"key":"SpeedPotion"},{"floor":45,"key":"FairyPotion"}],"is_trial":false,"path_per_floor":["M","$","?","M","?","R","E","M","T","R","?","$","M","$","R","B",null,"M","?","M","?","?","$","E","R","T","R","M","M","$","?","R","B",null,"M","$","?","M","M","R","E","R","T","M","M","?","R","$","R","B",null],"character_chosen":"IRONCLAD","items_purchased":["True Grit","Dark Embrace","AttackPotion","SteroidPotion","Feel No Pain","AttackPotion","True Grit+1"],"campfire_rested":5,"item_purchase_floors":[12,12,12,30,36,48,48],"current_hp_per_floor":[78,78,71,77,77,80,46,39,39,39,59,59,59,59,59,11,63,67,67,52,52,52,52,69,69,69,90,65,71,71,65,65,9,70,70,70,70,67,70,70,80,90,90,71,90,90,90,90,90,37],"gold":21,"neow_bonus":"HUNDRED_GOLD","is_daily":false,"chose_seed":false,"campfire_upgraded":5,"win_rate":0.0,"timestamp":1610821591,"path_taken":["M","$","?","M","?","R","E","M","T","R","?","?","M","?","R","BOSS","M","?","M","?","?","$","E","R","T","R","?","M","?","?","R","BOSS","M","$","?","M","M","R","E","R","T","M","?","?","R","?","R","BOSS"],"items_purchased_type":["Card","Card","Potion","Potion","Card","Potion","Card"],"build_version":"2020-12-22","purchased_purges":3,"victory":true,"max_hp_per_floor":[80,80,80,80,80,80,80,80,80,80,80,80,80,80,80,80,80,90,90,90,90,90,90,90,90,90,90,90,90,90,90,90,90,90,90,90,90,90,90,90,90,90,90,90,90,90,90,90,90,90],"card_choices":[{"not_picked":["Thunderclap","Clash"],"picked":"Rampage","floor":1},{"not_picked":["Dark Embrace","Dropkick"],"picked":"Armaments","floor":4},{"not_picked":["Twin Strike","Wild Strike"],"picked":"Shockwave","floor":7},{"not_picked":["Dropkick","Evolve","Armaments"],"picked":"SKIP","floor":8},{"not_picked":["Flex","Brutality"],"picked":"Whirlwind","floor":13},{"not_picked":["Brutality","Fiend Fire"],"picked":"Reaper","floor":16},{"not_picked":["Armaments","Dual Wield","Perfected Strike"],"picked":"SKIP","floor":18},{"not_picked":["Searing Blow+1","Perfected Strike"],"picked":"Warcry","floor":20},{"not_picked":["Power Through+1","Anger+1"],"picked":"Uppercut+1","floor":24},{"not_picked":["Evolve+1","Anger"],"picked":"True Grit+1","floor":27},{"not_picked":["Heavy Blade","Hemokinesis","Body Slam+1"],"picked":"SKIP","floor":28},{"not_picked":["Iron Wave","Sword Boomerang","Inflame"],"picked":"SKIP","floor":29},{"not_picked":["Bludgeon","Feed"],"picked":"Fiend Fire","floor":33},{"not_picked":["Metallicize+1","Rage+1","Headbutt"],"picked":"SKIP","floor":35},{"not_picked":["Entrench+1","Heavy Blade"],"picked":"True Grit+1","floor":38},{"not_picked":["Thunderclap+1","Sword Boomerang+1"],"picked":"Shrug It Off+1","floor":39},{"not_picked":["Inflame","Hemokinesis","Offering+1"],"picked":"SKIP","floor":41},{"not_picked":["Dual Wield+1","Clash+1","Spot Weakness+1"],"picked":"SKIP","floor":44},{"not_picked":["Clothesline+1","Searing Blow"],"picked":"Shrug It Off+1","floor":45},{"not_picked":["Searing Blow+1","Headbutt"],"picked":"Intimidate+1","floor":47},{"not_picked":["Headbutt+1","Dark Embrace+1"],"picked":"Infernal Blade+1","floor":49}],"player_experience":399230,"relics_obtained":[{"floor":7,"key":"Dead Branch"},{"floor":9,"key":"Anchor"},{"floor":9,"key":"Whetstone"},{"floor":24,"key":"Smiling Mask"},{"floor":26,"key":"Happy Flower"},{"floor":26,"key":"Dream Catcher"},{"floor":41,"key":"Ancient Tea Set"},{"floor":43,"key":"Shuriken"}],"event_choices":[{"damage_healed":0,"gold_gain":0,"player_choice":"Success","damage_taken":7,"relics_obtained":["Mercury Hourglass"],"max_hp_gain":0,"max_hp_loss":0,"event_name":"Scrap Ooze","floor":3,"gold_loss":0},{"damage_healed":0,"gold_gain":0,"player_choice":"Box","damage_taken":0,"relics_obtained":["Matryoshka"],"max_hp_gain":0,"max_hp_loss":0,"event_name":"Big Fish","floor":5,"gold_loss":0,"cards_obtained":["Regret"]},{"damage_healed":20,"gold_gain":0,"player_choice":"Healed and dodged fight","damage_taken":0,"max_hp_gain":0,"max_hp_loss":0,"event_name":"Mushrooms","floor":11,"gold_loss":0,"cards_obtained":["Parasite"]},{"damage_healed":0,"gold_gain":0,"player_choice":"Ignored","damage_taken":0,"max_hp_gain":0,"max_hp_loss":0,"event_name":"Vampires","floor":19,"gold_loss":0},{"damage_healed":0,"gold_gain":0,"player_choice":"Obtained Relic","damage_taken":0,"relics_obtained":["Toxic Egg 2"],"max_hp_gain":0,"max_hp_loss":0,"event_name":"Addict","floor":21,"gold_loss":85},{"damage_healed":0,"gold_gain":0,"player_choice":"Got Potions","damage_taken":0,"max_hp_gain":0,"max_hp_loss":0,"event_name":"Lab","floor":22,"gold_loss":0},{"damage_healed":0,"gold_gain":0,"player_choice":"Joined the Cult","damage_taken":6,"max_hp_gain":0,"max_hp_loss":0,"event_name":"Nest","floor":31,"gold_loss":0,"cards_obtained":["RitualDagger"]},{"cards_removed":["Rampage"],"damage_healed":0,"gold_gain":0,"player_choice":"Card Removal","damage_taken":0,"max_hp_gain":0,"max_hp_loss":0,"event_name":"Wheel of Change","floor":37,"gold_loss":0},{"damage_healed":0,"gold_gain":0,"player_choice":"Copied","damage_taken":0,"max_hp_gain":0,"max_hp_loss":0,"event_name":"Duplicator","floor":46,"gold_loss":0,"cards_obtained":["Fiend Fire"]}],"is_beta":false,"boss_relics":[{"not_picked":["Calling Bell","Cursed Key"],"picked":"SacredBark"},{"not_picked":["Coffee Dripper","Mark of Pain"],"picked":"Snecko Eye"}],"items_purged_floors":[12,30,36],"is_endless":false,"potions_floor_spawned":[7,8,18,24,28,29,39,41,45],"ascension_level":9}}