{"host":"6efts020nftxfcgy","time":1610822235,"event":{"mods":["BaseMod","Conspire","Hubris","Infinite Spire","Minty Spire (QoL Compilation)","Poor People Problems","Relic Sorter","Relic Stats","Replay The Spire","Shop Mod","StSLib","SuperFastMode"],"gold_per_floor":[119,44,64,64,84,118,128,140,208,208,239,41,51,51,51,151,151,171,194,94,113,128,160,160,183,228,228,228,228,228,245,245,352,352,352,155,180,180,180],"floor_reached":38,"language":"ENG","playtime":4243,"items_purged":["Defend_P","Shame","Hallucinations","Halt+1"],"score":429,"play_id":"5d651f79-d95c-443a-88f4-9fee6d7ade7a","local_time":"20210116183715","is_ascension_mode":false,"campfire_choices":[{"data":"CrushJoints","floor":10,"key":"SMITH"},{"data":"Vigilance","floor":15,"key":"SMITH"},{"data":"Devotion","floor":24,"key":"SMITH"},{"floor":28,"key":"REST"},{"floor":32,"key":"REST"},{"data":"Devotion","floor":35,"key":"SMITH"}],"circlet_count":0,"master_deck":["conspire:GhostlyStrike","conspire:GhostlyStrike","conspire:GhostlyStrike","conspire:GhostlyDefend","conspire:GhostlyDefend","Eruption+1","Vigilance+1","Consecrate","FlurryOfBlows","Iron Wave","CrushJoints+1","CutThroughFate","Evaluate+1","BattleHymn","Prostrate+1","Evaluate+1","Devotion+1","Protect+1","Pray+1","Devotion+1","Replay:LoomingThreat","Perseverance+1"],"relics":["PureWater","Toxic Egg 2","Replay:WaspNest","Ancient Tea Set","conspire:TreasureMap","Replay:Ancient Bell","Damaru","hubris:MysteriousPyramids","Mango","Sundial","Kunai","Orichalcum","Simple Rune","Empty Cage","infinitespire:CheckeredPen"],"acts_visited":["Exordium","TheCity","TheEnding"],"potions_floor_usage":[6,11,23,37,38],"damage_taken":[{"damage":0,"enemies":"Small Slimes","floor":1,"turns":2},{"damage":0,"enemies":"Cultist","floor":3,"turns":2},{"damage":0,"enemies":"Jaw Worm","floor":5,"turns":3},{"damage":4,"enemies":"3 Sentries","floor":6,"turns":4},{"damage":5,"enemies":"Exordium Thugs","floor":7,"turns":2},{"damage":0,"enemies":"Gremlin Gang","floor":8,"turns":1},{"damage":0,"enemies":"Gremlin Nob","floor":11,"turns":2},{"damage":14,"enemies":"2 Fungi Beasts","floor":13,"turns":2},{"damage":18,"enemies":"Hexaghost","floor":16,"turns":6},{"damage":3,"enemies":"3 Byrds","floor":18,"turns":4},{"damage":6,"enemies":"Chosen","floor":19,"turns":4},{"damage":15,"enemies":"3 Cultists","floor":21,"turns":6},{"damage":9,"enemies":"Chosen and Byrds","floor":22,"turns":5},{"damage":32,"enemies":"Nightmare","floor":23,"turns":7},{"damage":11,"enemies":"Centurion and Healer","floor":25,"turns":4},{"damage":5,"enemies":"3 Cultists","floor":31,"turns":5},{"damage":14,"enemies":"Collector","floor":33,"turns":7},{"damage":32,"enemies":"Shield and Spear","floor":37,"turns":5},{"damage":74,"enemies":"The Heart","floor":38,"turns":3}],"seed_played":"5064874773733530269","potions_obtained":[{"floor":1,"key":"AttackPotion"},{"floor":3,"key":"Elixir"},{"floor":8,"key":"SkillPotion"},{"floor":16,"key":"Block Potion"},{"floor":18,"key":"LiquidBronze"}],"is_trial":false,"path_per_floor":["M","$","M","?","M","E","M","M","T","R","E","$","M","?","R","B",null,"M","M","$","M","M","NM","R","M","T","?","R","$","?","M","R","B",null,"R","$","E","B"],"character_chosen":"WATCHER","items_purchased":["conspire:TreasureMap","Prostrate+1","Perseverance+1"],"campfire_rested":2,"item_purchase_floors":[12,12,36],"current_hp_per_floor":[72,72,72,72,72,68,63,63,63,63,63,63,49,49,49,31,86,83,77,77,62,53,21,21,10,10,10,35,30,30,25,50,36,86,86,86,54,0,0],"gold":180,"neow_bonus":"UPGRADE_CARD","is_daily":false,"chose_seed":false,"campfire_upgraded":4,"win_rate":0.0,"timestamp":1610822235,"path_taken":["M","$","M","?","M","E","M","M","T","R","E","?","M","?","R","BOSS","M","M","$","M","M","NM","R","M","T","?","R","?","?","M","R","BOSS","R","$","E","BOSS"],"items_purchased_type":["Relic","Card","Card"],"build_version":"2020-12-22","purchased_purges":4,"victory":false,"max_hp_per_floor":[72,72,72,72,72,72,72,72,72,72,72,72,72,72,72,72,86,86,86,86,86,86,86,86,86,86,86,86,86,86,86,86,86,86,86,86,86,86,86],"relic_stats":{"counters":[19,74],"Sundial":[2],"Kunai":[11],"Orichalcum":[0],"obtain_stats":[{"conspire:TreasureMap":12,"Damaru":17,"Mango":17,"Replay:WaspNest":9,"Replay:Ancient Bell":17,"infinitespire:CheckeredPen":37,"hubris:MysteriousPyramids":17,"Orichalcum":27,"Ancient Tea Set":11,"Empty Cage":34,"Sundial":23,"Simple Rune":30,"Kunai":26,"PureWater":0,"Toxic Egg 2":6},{"conspire:TreasureMap":7,"Damaru":9,"Mango":9,"Replay:WaspNest":6,"Replay:Ancient Bell":9,"infinitespire:CheckeredPen":18,"hubris:MysteriousPyramids":9,"Orichalcum":15,"Ancient Tea Set":7,"Empty Cage":17,"Sundial":14,"Simple Rune":15,"Kunai":15,"PureWater":0,"Toxic Egg 2":4},{"conspire:TreasureMap":16,"Damaru":24,"Mango":24,"Replay:WaspNest":14,"Replay:Ancient Bell":24,"infinitespire:CheckeredPen":71,"hubris:MysteriousPyramids":24,"Orichalcum":54,"Ancient Tea Set":16,"Empty Cage":66,"Sundial":50,"Simple Rune":54,"Kunai":54,"PureWater":0,"Toxic Egg 2":11}]},"card_choices":[{"not_picked":["Replay:AtTheReady","Pray"],"picked":"Consecrate","floor":1},{"not_picked":["Replay:ManipulateFuture","ClearTheMind"],"picked":"FlurryOfBlows","floor":3},{"not_picked":["SashWhip","EmptyBody"],"picked":"CrushJoints","floor":5},{"not_picked":["FlurryOfBlows","EmptyBody+1"],"picked":"Halt+1","floor":6},{"not_picked":["Replay:ManipulateFuture+1","CarveReality"],"picked":"CutThroughFate","floor":7},{"not_picked":["Replay:ManipulateFuture+1","EmptyMind+1"],"picked":"Evaluate+1","floor":8},{"not_picked":["Collect+1","JustLucky"],"picked":"BattleHymn","floor":11},{"not_picked":["FollowUp","SashWhip"],"picked":"Evaluate+1","floor":13},{"not_picked":["Alpha+1","DeusExMachina+1"],"picked":"Devotion","floor":16},{"not_picked":["Decay","Parasite"],"picked":"hubris:Greed","floor":17},{"not_picked":["Delirium","ReplayTheSpireMod:Restless Dread"],"picked":"Hallucinations","floor":17},{"not_picked":["Looming Evil","hubris:Sloth"],"picked":"Shame","floor":17},{"not_picked":["Replay:ManipulateFuture+1","JustLucky+1","BowlingBash"],"picked":"SKIP","floor":18},{"not_picked":["Collect+1","SashWhip"],"picked":"Protect+1","floor":19},{"not_picked":["Replay:BluntJabs","BowlingBash","Replay:Battleflow+1"],"picked":"SKIP","floor":21},{"not_picked":["Replay:Anticipation+1","Replay:AllIn+1","Consecrate"],"picked":"SKIP","floor":22},{"not_picked":["FlurryOfBlows","PathToVictory+1"],"picked":"Pray+1","floor":23},{"not_picked":["Tantrum","CarveReality+1"],"picked":"Devotion","floor":25},{"not_picked":["BowlingBash+1","Crescendo+1","Fasting2"],"picked":"SKIP","floor":31},{"not_picked":["Alpha+1","ConjureBlade+1"],"picked":"Replay:LoomingThreat","floor":33},{"not_picked":["Conclude","Protect+1","ClearTheMind+1"],"picked":"SKIP","floor":37}],"player_experience":335629,"relics_obtained":[{"floor":6,"key":"Toxic Egg 2"},{"floor":9,"key":"Replay:WaspNest"},{"floor":11,"key":"Ancient Tea Set"},{"floor":23,"key":"Sundial"},{"floor":26,"key":"Kunai"},{"floor":30,"key":"Simple Rune"},{"floor":37,"key":"infinitespire:CheckeredPen"}],"event_choices":[{"cards_removed":["Defend_P"],"damage_healed":0,"gold_gain":0,"player_choice":"Took Card","damage_taken":0,"max_hp_gain":0,"max_hp_loss":0,"event_name":"NoteForYourself","floor":4,"gold_loss":0,"cards_obtained":["Iron Wave"]},{"damage_healed":0,"gold_gain":0,"player_choice":"Agree","damage_taken":0,"max_hp_gain":0,"max_hp_loss":0,"event_name":"conspire:LoneGhost","floor":14,"gold_loss":0},{"damage_healed":0,"gold_gain":0,"player_choice":"Relic","damage_taken":0,"max_hp_gain":0,"max_hp_loss":0,"event_name":"Wheel of Change","floor":30,"gold_loss":0}],"is_beta":false,"boss_relics":[{"not_picked":["Painkiller Herb","Pandora\u0027s Box"],"picked":"Replay:Ancient Bell"},{"not_picked":["Blue Doll","ReplayFunnel"],"picked":"Damaru"},{"not_picked":["Garlic","Replay:Bottled Flurry"],"picked":"hubris:MysteriousPyramids"},{"not_picked":["hubris:Spice","hubris:Teleporter"],"picked":"Mango"},{"not_picked":["Runic Pyramid","conspire:SeveredTorchhead"],"picked":"Empty Cage"}],"items_purged_floors":[2,20,29,36],"is_endless":true,"potions_floor_spawned":[1,3,8,16,18,21],"killed_by":"The Heart","ascension_level":0}}