{"host":"4gr5irrdjh39ysed","time":1610811369,"event":{"mods":["AchievementEnabler","BaseMod","Colored Map","Downfall","Hermit","Minty Spire (QoL Compilation)","Random Character Button","StSLib","The Construct","The Cursed","The Disciple","The Hierophant","The Mystic","The Necromancer","The Runesmith"],"gold_per_floor":[110,123,70,70,85,85,114,127,127,138,149,224,240,269,269,371,371,384,384,384,156,168,168,78,95,118,151,163,176,176,195,195,298,298,311,311,311,46,62,62,79,79,79,79,94,129,129,4,4,4,4,4,4,34,34],"floor_reached":56,"language":"ENG","playtime":2903,"items_purged":["Vigilance","Strike_P","Strike_P"],"score":1279,"play_id":"9288359f-b342-423d-86f5-a68a25fb8ce9","local_time":"20210116083609","is_ascension_mode":true,"campfire_choices":[{"floor":6,"key":"RECALL"},{"data":"Devotion","floor":15,"key":"SMITH"},{"data":"Slimebound:CheckThePlaybook","floor":23,"key":"SMITH"},{"data":"TalkToTheHand","floor":32,"key":"SMITH"},{"data":"Apotheosis","floor":40,"key":"SMITH"},{"data":"Omniscience","floor":42,"key":"SMITH"},{"data":"Vault","floor":44,"key":"SMITH"},{"data":"Madness","floor":49,"key":"SMITH"},{"data":"ConjureBlade","floor":52,"key":"SMITH"}],"circlet_count":0,"master_deck":["Strike_P","Strike_P","Eruption","ConjureBlade+1","TalkToTheHand+1","FollowUp","SashWhip","WindmillStrike","EmptyFist","Devotion+1","SashWhip","Consecrate","EmptyFist+1","Vault+1","Prostrate+1","Slimebound:CheckThePlaybook+1","Scrawl+1","Swivel+1","CarveReality","FlyingSleeves+1","WreathOfFlame+1","Wallop","Omniscience+1","Evaluate+1","Madness+1","Madness","Apotheosis+1","FollowUp+1","FlyingSleeves+1","Prostrate","SandsOfTime"],"relics":["HolyWater","PreservedInsect","InkBottle","construct:WeddingRing","Singing Bowl","Pen Nib","Ginger","Letter Opener","White Beast Statue","War Paint"],"acts_visited":["Exordium","TheCity","TheBeyond","TheEnding"],"potions_floor_usage":[16,16,31,33,46,55],"damage_taken":[{"damage":6,"enemies":"Small Slimes","floor":1,"turns":3},{"damage":12,"enemies":"Jaw Worm","floor":2,"turns":3},{"damage":7,"enemies":"2 Louse","floor":5,"turns":2},{"damage":33,"enemies":"Lagavulin","floor":7,"turns":7},{"damage":17,"enemies":"Red Slaver","floor":8,"turns":3},{"damage":13,"enemies":"2 Fungi Beasts","floor":10,"turns":3},{"damage":15,"enemies":"Exordium Thugs","floor":11,"turns":4},{"damage":10,"enemies":"Looter","floor":13,"turns":2},{"damage":27,"enemies":"3 Sentries","floor":14,"turns":3},{"damage":45,"enemies":"The Guardian","floor":16,"turns":6},{"damage":8,"enemies":"Chosen","floor":18,"turns":5},{"damage":17,"enemies":"Shell Parasite","floor":22,"turns":4},{"damage":39,"enemies":"Sentry and Sphere","floor":25,"turns":4},{"damage":37,"enemies":"Slavers","floor":27,"turns":4},{"damage":17,"enemies":"Snake Plant","floor":28,"turns":3},{"damage":27,"enemies":"Snecko","floor":29,"turns":4},{"damage":19,"enemies":"Cultist and Chosen","floor":31,"turns":5},{"damage":51,"enemies":"Collector","floor":33,"turns":7},{"damage":15,"enemies":"Orb Walker","floor":35,"turns":2},{"damage":52,"enemies":"3 Darklings","floor":39,"turns":6},{"damage":2,"enemies":"Maw","floor":41,"turns":4},{"damage":16,"enemies":"Writhing Mass","floor":45,"turns":3},{"damage":6,"enemies":"Reptomancer","floor":46,"turns":4},{"damage":92,"enemies":"Time Eater","floor":50,"turns":9},{"damage":2,"enemies":"Shield and Spear","floor":54,"turns":3},{"damage":177,"enemies":"The Heart","floor":55,"turns":8}],"seed_played":"-5802397875538610540","potions_obtained":[{"floor":2,"key":"Weak Potion"},{"floor":10,"key":"StancePotion"},{"floor":13,"key":"Strength Potion"},{"floor":16,"key":"Guardian:BlockOnCardUsePotion"},{"floor":22,"key":"BlessingOfTheForge"},{"floor":33,"key":"DistilledChaos"},{"floor":41,"key":"StancePotion"},{"floor":54,"key":"Block Potion"}],"is_trial":false,"path_per_floor":["M","M","$","?","M","R","E","M","T","M","M","?","M","E","R","B",null,"M","?","T","$","M","R","?","M","T","E","M","M","?","M","R","B",null,"M","?","?","$","M","R","M","R","T","R","M","E","?","$","R","B",null,"R","$","E","B",null],"character_chosen":"WATCHER","items_purchased":["SashWhip","Scrawl","Apotheosis"],"campfire_rested":0,"item_purchase_floors":[3,21,38],"current_hp_per_floor":[2066,2054,2054,2054,2047,2047,2014,1997,1997,1984,1969,1958,1948,1921,1921,1876,2072,2064,1339,1339,1339,1322,1322,1322,1283,1283,1246,1231,1204,1204,1187,1187,1136,2076,2061,1801,1801,1801,1749,1749,1749,1749,1749,1749,1733,1727,1727,1727,1727,1635,2078,2078,2078,2076,1899],"gold":34,"neow_bonus":"TRANSFORM_CARD","is_daily":false,"chose_seed":false,"campfire_upgraded":8,"win_rate":0.0,"timestamp":1610811369,"path_taken":["M","M","$","?","M","R","E","M","T","M","M","?","M","E","R","BOSS","M","?","?","?","M","R","?","M","T","E","M","?","?","M","R","BOSS","M","?","?","$","M","R","M","R","T","R","?","E","?","$","R","BOSS","R","$","E","BOSS"],"items_purchased_type":["Card","Card","Card"],"build_version":"2020-12-22","purchased_purges":3,"victory":true,"max_hp_per_floor":[2072,2072,2072,2072,2072,2072,2072,2072,2072,2072,2072,2072,2072,2072,2072,2072,2072,2072,2072,2072,2072,2072,2072,2072,2072,2072,2072,2074,2074,2074,2076,2076,2076,2076,2076,2076,2076,2076,2076,2076,2078,2078,2078,2078,2078,2078,2078,2078,2078,2078,2078,2078,2078,2078,2078],"card_choices":[{"not_picked":["Consecrate","ClearTheMind"],"picked":"TalkToTheHand","floor":1},{"not_picked":["Crescendo","FlyingSleeves"],"picked":"FollowUp","floor":2},{"not_picked":["SashWhip","Prostrate"],"picked":"WindmillStrike","floor":5},{"not_picked":["Crescendo","DeceiveReality"],"picked":"EmptyFist","floor":7},{"not_picked":["ReachHeaven","EmptyFist"],"picked":"Devotion","floor":8},{"not_picked":["FearNoEvil","CrushJoints","WindmillStrike"],"picked":"SKIP","floor":10},{"not_picked":["Weave","ClearTheMind"],"picked":"SashWhip","floor":11},{"not_picked":["ClearTheMind","Evaluate"],"picked":"Consecrate","floor":13},{"not_picked":["Evaluate","Perseverance"],"picked":"EmptyFist","floor":14},{"not_picked":["Blasphemy","Establishment"],"picked":"Vault","floor":16},{"not_picked":["Protect+1","FlyingSleeves"],"picked":"Prostrate","floor":18},{"not_picked":["FlyingSleeves","Meditate"],"picked":"Swivel+1","floor":22},{"not_picked":["Vengeance","Protect"],"picked":"CarveReality","floor":25},{"not_picked":["Indignation","EmptyMind"],"picked":"FlyingSleeves+1","floor":27},{"not_picked":["InnerPeace","Fasting2","CrushJoints"],"picked":"Singing Bowl","floor":28},{"not_picked":["Fasting2","FollowUp"],"picked":"WreathOfFlame+1","floor":29},{"not_picked":["EmptyMind","FlurryOfBlows","Protect"],"picked":"Singing Bowl","floor":31},{"not_picked":["LessonLearned","Vault"],"picked":"Omniscience","floor":33},{"not_picked":["Perseverance+1","Worship"],"picked":"Evaluate+1","floor":35},{"not_picked":["Evaluate+1","Halt"],"picked":"FollowUp+1","floor":39},{"not_picked":["DeceiveReality+1","Pray","FearNoEvil"],"picked":"Singing Bowl","floor":41},{"not_picked":["SignatureMove","CrushJoints+1"],"picked":"FlyingSleeves+1","floor":45},{"not_picked":["ClearTheMind+1","CutThroughFate"],"picked":"Prostrate","floor":46},{"not_picked":["EmptyMind+1","Conclude+1"],"picked":"SandsOfTime","floor":54}],"player_experience":198230,"relics_obtained":[{"floor":7,"key":"PreservedInsect"},{"floor":14,"key":"InkBottle"},{"floor":20,"key":"Singing Bowl"},{"floor":26,"key":"Pen Nib"},{"floor":27,"key":"Ginger"},{"floor":43,"key":"Letter Opener"},{"floor":46,"key":"White Beast Statue"},{"floor":54,"key":"War Paint"}],"event_choices":[{"damage_healed":0,"gold_gain":0,"player_choice":"Ignored","damage_taken":0,"max_hp_gain":0,"max_hp_loss":0,"event_name":"Liars Game","floor":4,"gold_loss":0},{"damage_healed":0,"gold_gain":75,"player_choice":"Gather Gold","damage_taken":11,"max_hp_gain":0,"max_hp_loss":0,"event_name":"World of Goop","floor":12,"gold_loss":0},{"cards_removed":["Defend_P"],"damage_healed":0,"gold_gain":0,"player_choice":"Upgrade and Remove","damage_taken":0,"max_hp_gain":0,"max_hp_loss":0,"event_name":"Designer","floor":24,"gold_loss":90,"cards_upgraded":["EmptyFist"]},{"damage_healed":0,"gold_gain":0,"cards_transformed":["Defend_P"],"player_choice":"Transformed","damage_taken":0,"max_hp_gain":0,"max_hp_loss":0,"event_name":"Transmorgrifier","floor":30,"gold_loss":0,"cards_obtained":["Wallop"]},{"damage_healed":0,"gold_gain":0,"player_choice":"Embrace Madness","damage_taken":260,"max_hp_gain":0,"max_hp_loss":0,"event_name":"Winding Halls","floor":36,"gold_loss":0,"cards_obtained":["Madness","Madness"]},{"cards_removed":["Defend_P"],"damage_healed":0,"gold_gain":0,"player_choice":"Offered Basic","damage_taken":0,"max_hp_gain":0,"max_hp_loss":0,"event_name":"Bonfire Elementals","floor":37,"gold_loss":0},{"damage_healed":0,"gold_gain":0,"player_choice":"Bought 0 Potions","damage_taken":0,"max_hp_gain":0,"max_hp_loss":0,"event_name":"The Woman in Blue","floor":47,"gold_loss":0}],"is_beta":false,"boss_relics":[{"not_picked":["Snecko Eye","Runesmith:UraniumAnvil"],"picked":"construct:WeddingRing"},{"not_picked":["SacredBark","Runic Dome"],"picked":"HolyWater"}],"items_purged_floors":[21,38,48],"is_endless":false,"potions_floor_spawned":[2,10,13,16,22,25,27,28,29,33,41,45,54],"ascension_level":1}}