{"host":"oigynbtg272c19pw","time":1610795071,"event":{"mods":["BaseMod","Colored Map","Minty Spire (QoL Compilation)","Relic Stats","Slay the Relics Exporter","StSLib"],"gold_per_floor":[119,119,44,57,67,67,67],"floor_reached":6,"playtime":236,"items_purged":["Shame"],"score":72,"play_id":"4cd81190-5795-4cc2-9ac8-202449b5b189","local_time":"20210116120431","is_ascension_mode":true,"campfire_choices":[],"circlet_count":0,"master_deck":["AscendersBane","Strike_G","Strike_G","Strike_G","Strike_G","Strike_G","Defend_G","Defend_G","Defend_G","Defend_G","Defend_G","Survivor","Neutralize","Dagger Throw","Blur"],"relics":["Ring of the Snake","StoneCalendar","White Beast Statue"],"acts_visited":["Exordium"],"potions_floor_usage":[],"damage_taken":[{"damage":19,"enemies":"Jaw Worm","floor":1,"turns":7},{"damage":11,"enemies":"Cultist","floor":4,"turns":6},{"damage":2,"enemies":"Small Slimes","floor":5,"turns":5},{"damage":18,"enemies":"Lagavulin","floor":6,"turns":7}],"seed_played":"1596233132164378328","potions_obtained":[{"floor":4,"key":"Explosive Potion"},{"floor":5,"key":"LiquidBronze"}],"is_trial":false,"path_per_floor":["M","?","$","M","M","E"],"character_chosen":"THE_SILENT","items_purchased":[],"campfire_rested":0,"item_purchase_floors":[],"current_hp_per_floor":[40,40,40,29,27,9,9],"gold":67,"neow_bonus":"ONE_RARE_RELIC","is_daily":false,"chose_seed":false,"campfire_upgraded":0,"win_rate":0.0,"timestamp":1610795071,"path_taken":["M","?","$","M","?","E"],"items_purchased_type":[],"build_version":"2020-12-13","purchased_purges":1,"victory":false,"max_hp_per_floor":[66,66,66,66,66,66,66],"relic_stats":{"counters":[4,25],"StoneCalendar":[64],"obtain_stats":[{"StoneCalendar":0,"White Beast Statue":2,"Ring of the Snake":0},{"StoneCalendar":0,"White Beast Statue":1,"Ring of the Snake":0},{"StoneCalendar":0,"White Beast Statue":7,"Ring of the Snake":0}],"Ring of the Snake":[8]},"card_choices":[{"not_picked":["Underhanded Strike","Flying Knee"],"picked":"Skewer","floor":1},{"not_picked":["Outmaneuver","Distraction"],"picked":"Dagger Throw","floor":4},{"not_picked":["Flying Knee","Prepared"],"picked":"Blur","floor":5}],"player_experience":1408927,"relics_obtained":[],"event_choices":[{"cards_removed":["Skewer"],"damage_healed":0,"gold_gain":0,"player_choice":"Gave Card","damage_taken":0,"relics_obtained":["White Beast Statue"],"max_hp_gain":0,"max_hp_loss":0,"event_name":"WeMeetAgain","floor":2,"gold_loss":0}],"is_beta":false,"boss_relics":[],"items_purged_floors":[3],"is_endless":false,"potions_floor_spawned":[4,5],"killed_by":"Lagavulin","ascension_level":20}}