{"host":"bxdue9bkfm2khp2x","time":1610796280,"event":{"mods":["ATMod(阿瑾Mod)","Arknights The Spire","Aspiration","BaseMod","Better Vampires","Challenge The Spire","Colored Map","Colored Powertips","Conspire","Decade(王小明)","Dota2Spire","Highlight Path","Minty Spire (QoL Compilation)","MostiFishMod","Remilia（蕾米莉亚）","Replay The Spire","RumiaBox-露米娅的神秘盒子","Ryuuou龙王","Spicy Shops","StSLib","Td1madao Mod","The Alterego","The Bug Knight","The Cursed","The Servant 0.9.4","WarShipGirlsR/战舰少女R mod","noobMod","vexMod","【功能Mod】混沌之环修复补丁","【遗物卡牌】REMEMod","篝火指南"],"gold_per_floor":[113,129,54,54,65,65,95,95,122,157,169,169,187,199,199,294,294,307,133,146,161,161,161,101,101,124,124,137,173,191,191,191,293,293,308,308,308,308,320,320,336,336,384,414,428,475,475,495,495,495],"floor_reached":51,"language":"ZHS","playtime":7397,"items_purged":["HollowMod:NailStrikeStart","HollowMod:QuickDashStart"],"score":618,"play_id":"67c38d87-ba60-46a6-8fdb-6a6015cf317d","local_time":"20210116192440","is_ascension_mode":true,"campfire_choices":[{"data":"HollowMod:HornetsHelp","floor":6.0,"key":"SMITH"},{"data":"HollowMod:GreatSlash","floor":8.0,"key":"SMITH"},{"data":"HollowMod:SlysStrikes","floor":12.0,"key":"SMITH"},{"data":"HollowMod:HuntersJournal","floor":15.0,"key":"SMITH"},{"data":"HollowMod:RecoilStrike","floor":23.0,"key":"SMITH"},{"data":"HollowMod:CycloneSlash","floor":25.0,"key":"SMITH"},{"data":"HollowMod:Weaversong","floor":27.0,"key":"SMITH"},{"data":"HollowMod:DashSlash","floor":32.0,"key":"SMITH"},{"data":"HollowMod:Weaversong","floor":40,"key":"SMITH"},{"data":"HollowMod:QuirrelsAssistance","floor":42,"key":"SMITH"},{"data":"AT_TinkerSharpsword","floor":47,"key":"SMITH"},{"data":"HollowMod:FocusHealStart","floor":49,"key":"SMITH"}],"circlet_count":0,"master_deck":["HollowMod:NailStrikeStart","HollowMod:NailStrikeStart","HollowMod:NailStrikeStart","HollowMod:QuickDashStart","HollowMod:QuickDashStart","HollowMod:QuickDashStart","HollowMod:FocusHealStart+1","HollowMod:PogoStrike","HollowMod:HornetsHelp+1","AT_TinkerSharpsword+1","HollowMod:QuirrelsAssistance+1","HollowMod:GreatSlash+1","HollowMod:DashSlash+1","HollowMod:SlysStrikes+1","HollowMod:HuntersJournal+1","HollowMod:Weaversong+1","HollowMod:RecoilStrike+1","HollowMod:CycloneSlash+1","HollowMod:Hiveblood+1","HollowMod:Weaversong+1","HollowMod:MantisMark+1","HollowMod:DungDefenderAura+1"],"relics":["HollowMod:VesselMask","DaveBox","REME_ComplimentaryCards","ice","AT_ATBox","Chemical X","SynthV:TestCard","Blood Vial","AT_BellowingDragoncrestRing","RhineCircuit","Tiny Chest","ReplayTheSpireMod:Shallot","Bottled Flame","Dota2Spire:MaskOfMadness","ReplayTheSpireMod:Lightbulb","Replay:Wax Seal"],"acts_visited":["Exordium","TheCity","TheBeyond"],"potions_floor_usage":[50],"damage_taken":[{"damage":0.0,"enemies":"2 Louse","floor":1.0,"turns":2.0},{"damage":0.0,"enemies":"Cultist","floor":2.0,"turns":3.0},{"damage":6.0,"enemies":"conspire:RoseBush","floor":5.0,"turns":2.0},{"damage":8.0,"enemies":"3 Sentries","floor":7.0,"turns":4.0},{"damage":10.0,"enemies":"Gremlin Nob","floor":10.0,"turns":4.0},{"damage":0.0,"enemies":"Large Slime","floor":11.0,"turns":4.0},{"damage":15.0,"enemies":"3 Louse","floor":13.0,"turns":2.0},{"damage":3.0,"enemies":"HollowMod:HuskWarrior","floor":14.0,"turns":4.0},{"damage":0.0,"enemies":"Fading Forest","floor":16.0,"turns":11.0},{"damage":12.0,"enemies":"2 Thieves","floor":18.0,"turns":3.0},{"damage":0.0,"enemies":"conspire:FuzzyDice","floor":20.0,"turns":4.0},{"damage":0.0,"enemies":"Chosen and Byrds","floor":21.0,"turns":1.0},{"damage":0.0,"enemies":"Snecko","floor":28.0,"turns":4.0},{"damage":27.0,"enemies":"conspire:MimicChest","floor":29.0,"turns":5.0},{"damage":10.0,"enemies":"Sentry and Sphere","floor":30.0,"turns":3.0},{"damage":49.0,"enemies":"Pondfish","floor":33.0,"turns":6.0},{"damage":12.0,"enemies":"Orb Walker","floor":35.0,"turns":3.0},{"damage":0,"enemies":"3 Darklings","floor":39,"turns":2},{"damage":24,"enemies":"Jaw Worm Horde","floor":41,"turns":3},{"damage":27,"enemies":"R_Hoarder","floor":44,"turns":6},{"damage":29,"enemies":"Maw","floor":45,"turns":5},{"damage":26,"enemies":"4 Shapes","floor":48,"turns":5},{"damage":40,"enemies":"Replay:Hell Engine","floor":50,"turns":7}],"seed_played":"-1235193663789592297","potions_obtained":[{"floor":0.0,"key":"Dota2Spire:HealingSalve"},{"floor":0.0,"key":"FearPotion"},{"floor":0.0,"key":"Weak Potion"},{"floor":2.0,"key":"Energy Potion"},{"floor":11.0,"key":"Energy Potion"},{"floor":13.0,"key":"Elixir"},{"floor":18.0,"key":"Dota2Spire:Clarity"},{"floor":28.0,"key":"Energy Potion"},{"floor":30.0,"key":"SteroidPotion"},{"floor":41,"key":"Ancient Potion"}],"is_trial":false,"path_per_floor":["M","M","$","?","M","R","E","R","T","E","M","R","M","M","R","B",null,"M","$","M","M","?","R","?","R","T","R","M","?","M","?","R","B",null,"M","T","?","?","M","R","M","R","T","E","M","T","R","M","R","B",null],"character_chosen":"THE_BUGKNIGHT","items_purchased":["HollowMod:RecoilStrike"],"campfire_rested":0,"item_purchase_floors":[19],"current_hp_per_floor":[75,75,75,75,69,69,67,67,67,59,61,61,48,47,47,80,81,69,69,77,79,81,81,81,81,81,81,81,54,57,57,57,52,81,69,69,77,77,79,79,57,57,57,62,62,62,62,63,63,64],"gold":495,"neow_bonus":"THREE_SMALL_POTIONS","is_daily":false,"chose_seed":false,"campfire_upgraded":12,"win_rate":0.0,"timestamp":1610796280,"path_taken":["M","M","$","?","M","R","E","R","T","E","?","R","M","M","R","BOSS","M","$","M","?","?","R","?","R","T","R","M","?","?","?","R","BOSS","M","?","?","?","M","R","M","R","T","E","?","?","R","M","R","BOSS"],"items_purchased_type":["Card"],"build_version":"2020-12-22","purchased_purges":2,"victory":true,"max_hp_per_floor":[75,75,75,75,75,75,81,81,81,81,81,81,81,81,81,81,81,81,81,81,81,81,81,81,81,81,81,81,81,81,81,81,81,81,81,81,81,81,81,81,81,81,81,81,81,81,81,81,81,81],"card_choices":[{"not_picked":["HollowMod:HeavyBlow","HollowMod:WraithStrike","HollowMod:AbyssShriek"],"picked":"SKIP","floor":1.0},{"not_picked":["HollowMod:NewJinnsSoul","HollowMod:ShadowDash","HollowMod:ShapeofUnn","HollowMod:NewInfectedGuardian"],"picked":"HollowMod:QuirrelsAssistance","floor":2.0},{"not_picked":["HollowMod:InfectedAttack","HollowMod:TaintedHusks","HollowMod:PerfectDash","HollowMod:CornifersMapStart"],"picked":"HollowMod:GreatSlash","floor":5.0},{"not_picked":["HollowMod:FastStrike","HollowMod:GoodIntentions","HollowMod:TaintedHusks","HollowMod:MawleksShell","HollowMod:CrystalDash"],"picked":"SKIP","floor":7.0},{"not_picked":["HollowMod:Grubsong","HollowMod:InfectedAttack","HollowMod:SharpenedNail","HollowMod:GoodIntentions"],"picked":"HollowMod:DashSlash","floor":10.0},{"not_picked":["HollowMod:ShadowDash","HollowMod:DoubleDash","HollowMod:AbyssShriek","HollowMod:InfectionAssault"],"picked":"HollowMod:SlysStrikes","floor":11.0},{"not_picked":["HollowMod:SoulStrike","HollowMod:SoulShaman","HollowMod:ChannelNail","HollowMod:InfectedCysts"],"picked":"HollowMod:HuntersJournal","floor":13.0},{"not_picked":["HollowMod:SiblingsShadow","HollowMod:FastStrike","HollowMod:LifebloodCocoon","HollowMod:SoulSplash","HollowMod:SiblingsSouls"],"picked":"SKIP","floor":14.0},{"not_picked":["HollowMod:theNailsmith","HollowMod:SoulMaster","HollowMod:MidwifesHunger","HollowMod:Hiveblood"],"picked":"HollowMod:Weaversong","floor":16.0},{"not_picked":["HollowMod:NewJinnsSoul+1","HollowMod:SiblingsSouls","HollowMod:SoulEater","HollowMod:PerfectDash","HollowMod:SharpenedNail+1"],"picked":"SKIP","floor":18.0},{"not_picked":["HollowMod:DescendingDark+1","HollowMod:Grubsong","HollowMod:SoulMaster","HollowMod:DreamGate"],"picked":"HollowMod:CycloneSlash","floor":20.0},{"not_picked":["HollowMod:Grubsong+1","HollowMod:WraithStrike+1","HollowMod:ShapeofUnn","HollowMod:ChannelNail+1","HollowMod:SoulSplash+1"],"picked":"SKIP","floor":21.0},{"not_picked":["HollowMod:NewJinnsSoul","HollowMod:DoubleDash+1","HollowMod:DescendingDark","HollowMod:ChannelNail","HollowMod:SharpenedNail+1"],"picked":"SKIP","floor":28.0},{"not_picked":["HollowMod:VengefulVoid","HollowMod:SoulShaman","HollowMod:SoulSplash","HollowMod:AbyssShriek"],"picked":"HollowMod:Hiveblood","floor":29.0},{"not_picked":["HollowMod:Grubsong","HollowMod:NewGlowingWomb","HollowMod:NewJinnsSoul","HollowMod:SoulStrike+1","HollowMod:InfectedAttack+1"],"picked":"SKIP","floor":30.0},{"not_picked":["HollowMod:MidwifesHunger","HollowMod:SoulMaster","HollowMod:SlysStrikes","HollowMod:ZotesMagnificence"],"picked":"HollowMod:Weaversong","floor":33.0},{"not_picked":["HollowMod:BaldurShell","HollowMod:HeavyBlow","HollowMod:CloakDash+1","HollowMod:GoodIntentions"],"picked":"HollowMod:MantisMark+1","floor":35.0},{"not_picked":["HollowMod:PureNailStrike","HollowMod:MonarchWings+1","HollowMod:HowlingWraiths+1","HollowMod:SharpenedShadows","HollowMod:LifebloodCocoon+1"],"picked":"SKIP","floor":39},{"not_picked":["HollowMod:SiblingsSouls","HollowMod:GoodIntentions+1","HollowMod:SoulMaster","HollowMod:SoulSplash+1","HollowMod:GreatSlash"],"picked":"SKIP","floor":41},{"not_picked":["HollowMod:CornifersMapStart","HollowMod:ChannelNail+1","HollowMod:ShapeofUnn","HollowMod:Grubsong"],"picked":"HollowMod:DungDefenderAura+1","floor":44},{"not_picked":["HollowMod:CoiledNail+1","HollowMod:CycloneSlash","HollowMod:Grubsong","HollowMod:QuirrelsAssistance","HollowMod:SiblingsSouls"],"picked":"SKIP","floor":45},{"not_picked":["HollowMod:DoubleDash","HollowMod:LifebloodCocoon","HollowMod:ElderbugsWisdom","HollowMod:GrimmsGift","HollowMod:DescendingDark+1"],"picked":"SKIP","floor":48}],"player_experience":1259111,"relics_obtained":[{"floor":1.0,"key":"SynthV:TestCard"},{"floor":7.0,"key":"vexMod:BerryBomb"},{"floor":9.0,"key":"Blood Vial"},{"floor":10.0,"key":"AT_BellowingDragoncrestRing"},{"floor":26.0,"key":"Tiny Chest"},{"floor":29.0,"key":"ReplayTheSpireMod:Shallot"},{"floor":36.0,"key":"Bottled Flame"},{"floor":43,"key":"Dota2Spire:MaskOfMadness"},{"floor":44,"key":"ReplayTheSpireMod:Lightbulb"},{"floor":46,"key":"Replay:Wax Seal"}],"event_choices":[{"damage_healed":0.0,"max_hp_gain":0.0,"max_hp_loss":0.0,"gold_gain":0.0,"event_name":"The Woman in Blue","player_choice":"Bought 0 Potions","floor":4.0,"gold_loss":0.0,"damage_taken":0.0},{"damage_healed":27.0,"max_hp_gain":0.0,"max_hp_loss":0.0,"gold_gain":0.0,"event_name":"The Library","player_choice":"Heal","floor":22.0,"gold_loss":0.0,"damage_taken":0.0},{"damage_healed":0.0,"max_hp_gain":0.0,"max_hp_loss":0.0,"gold_gain":0.0,"event_name":"Upgrade Shrine","player_choice":"Upgraded","floor":31.0,"gold_loss":0.0,"damage_taken":0.0,"cards_upgraded":["HollowMod:Hiveblood"]}],"is_beta":false,"boss_relics":[{"not_picked":["FixedStarFall","vexMod:FluxCapacitor"],"picked":"RhineCircuit"},{"not_picked":["Painkiller Herb","SynthV:MejaisSoulstealer","Kintsugi"]}],"items_purged_floors":[3,19],"is_endless":false,"potions_floor_spawned":[2,11,13,18,28,29,30,35,39,41,45],"ascension_level":2}}