{"host":"vm3f1ccwgbs4oygt","time":1610810563,"event":{"mods":["BaseMod","BetterRewards","Colored Powertips","Minty Spire (QoL Compilation)","Permanent Neow","Shop Mod","StSLib"],"gold_per_floor":[112,180,180,200,7,7,39,39,39,66,66,100,23,36,36,138,138,154,171,187,102,102,102,102],"floor_reached":23,"language":"ENG","playtime":18650,"items_purged":["Strike_B"],"score":207,"play_id":"75355811-fdf9-4b06-8048-e0fd8a5f2d22","local_time":"20210116162243","is_ascension_mode":false,"campfire_choices":[{"data":"Capacitor","floor":6,"key":"SMITH"},{"floor":8,"key":"REST"},{"floor":11,"key":"REST"},{"floor":15,"key":"REST"}],"circlet_count":0,"master_deck":["Defend_B","Defend_B","Defend_B","Defend_B","Zap","Dualcast","Rebound","Loop","Capacitor+1","Coolheaded","Barrage","Cold Snap","Genetic Algorithm","Self Repair","Machine Learning","Machine Learning","Tempest","Steam+1","Doom and Gloom"],"relics":["Cracked Core","Kunai","Mercury Hourglass","Bottled Flame","Eternal Feather","Question Card","Empty Cage","Dream Catcher"],"acts_visited":["Exordium","TheCity"],"potions_floor_usage":[16,16,18,20,20],"damage_taken":[{"damage":0,"enemies":"Cultist","floor":1,"turns":3},{"damage":13,"enemies":"Jaw Worm","floor":4,"turns":5},{"damage":68,"enemies":"Gremlin Nob","floor":7,"turns":6},{"damage":20,"enemies":"3 Sentries","floor":10,"turns":6},{"damage":28,"enemies":"Lagavulin","floor":12,"turns":6},{"damage":3,"enemies":"Small Slimes","floor":14,"turns":4},{"damage":46,"enemies":"The Guardian","floor":16,"turns":11},{"damage":30,"enemies":"Chosen","floor":18,"turns":6},{"damage":45,"enemies":"3 Byrds","floor":19,"turns":5},{"damage":15,"enemies":"Sentry and Sphere","floor":20,"turns":8},{"damage":14,"enemies":"Snake Plant","floor":23,"turns":1}],"seed_played":"3929547444507626707","potions_obtained":[{"floor":12,"key":"Dexterity Potion"},{"floor":14,"key":"SteroidPotion"},{"floor":16,"key":"SkillPotion"},{"floor":18,"key":"LiquidMemories"},{"floor":19,"key":"FocusPotion"}],"is_trial":false,"path_per_floor":["M","T","?","M","$","R","E","R","T","E","R","E","$","M","R","B",null,"M","M","M","?","?","M"],"character_chosen":"DEFECT","items_purchased":["Capacitor","Coolheaded","Self Repair"],"campfire_rested":3,"item_purchase_floors":[5,5,13],"current_hp_per_floor":[82,82,82,69,69,69,1,25,25,5,38,10,10,14,47,1,82,59,21,13,13,13,0,0],"gold":102,"neow_bonus":"TEN_PERCENT_HP_BONUS","is_daily":false,"chose_seed":false,"campfire_upgraded":1,"win_rate":0.0,"timestamp":1610810563,"path_taken":["M","?","?","M","?","R","E","R","T","E","R","E","$","M","R","BOSS","M","?","M","?","?","?"],"items_purchased_type":["Card","Card","Card"],"build_version":"2020-12-22","purchased_purges":1,"victory":false,"max_hp_per_floor":[82,82,82,82,82,82,82,82,82,82,82,82,82,82,82,82,82,82,82,82,82,82,82,82],"card_choices":[{"not_picked":["Compile Driver","Streamline"],"picked":"Rebound","floor":1},{"not_picked":["Hello World","Rebound"],"picked":"Loop","floor":4},{"not_picked":["Consume","Rebound"],"picked":"Barrage","floor":7},{"not_picked":["Heatsinks","White Noise"],"picked":"Cold Snap","floor":10},{"not_picked":["White Noise","Hello World"],"picked":"Genetic Algorithm","floor":12},{"not_picked":["Hologram","Ball Lightning","BootSequence"],"picked":"Machine Learning","floor":14},{"not_picked":["Amplify","Buffer","Echo Form"],"picked":"Machine Learning","floor":16},{"not_picked":["Barrage","Steam+1","Redo"],"picked":"Tempest","floor":18},{"not_picked":["Compile Driver+1","Gash","Sweeping Beam"],"picked":"Steam+1","floor":19},{"not_picked":["Gash","Steam","Tempest"],"picked":"Doom and Gloom","floor":20}],"player_experience":474873,"relics_obtained":[{"floor":2,"key":"Kunai"},{"floor":7,"key":"Mercury Hourglass"},{"floor":9,"key":"Bottled Flame"},{"floor":10,"key":"Eternal Feather"},{"floor":12,"key":"Question Card"}],"event_choices":[{"damage_healed":0,"gold_gain":0,"player_choice":"Ignored","damage_taken":0,"max_hp_gain":0,"max_hp_loss":0,"event_name":"Liars Game","floor":3,"gold_loss":0},{"damage_healed":0,"gold_gain":0,"player_choice":"Obtained Relic","damage_taken":0,"relics_obtained":["Dream Catcher"],"max_hp_gain":0,"max_hp_loss":0,"event_name":"Addict","floor":21,"gold_loss":85},{"cards_removed":["Strike_B"],"damage_healed":0,"gold_gain":0,"player_choice":"Elegance","damage_taken":0,"max_hp_gain":0,"max_hp_loss":0,"event_name":"Back to Basics","floor":22,"gold_loss":0}],"is_beta":false,"boss_relics":[{"not_picked":["Coffee Dripper","Fusion Hammer"],"picked":"Empty Cage"}],"items_purged_floors":[5],"is_endless":false,"potions_floor_spawned":[12,14,16,18,19],"killed_by":"Snake Plant","ascension_level":0}}