{"host":"lxihx0b6awoz2w1j","time":1610809350,"event":{"mods":["Act Like it!","BaseMod","Better Third Choice","CapriCore","Colored Powertips","Conspire","Fox Events","Gensokyo","Hermit","Hubris","Infinite Spire","JesterMod","Luminous","Marisa????????","Melee Mod","Minty Spire (QoL Compilation)","Prisma Mod","Quick Restart","Relic Stats","Replay The Spire","Shade Mod","Spicy Shops","StSLib","The Alterego","The Blue Laboratory","The Cursed","The Disciple","The Forsaken","The Gatherer","The Immortal","The Jungle","The Marked","The Runesmith","The Senshi","The Servant 0.9.4","The Spell Scribe","Waifu the Spire"],"gold_per_floor":[115,129,19,19,32,63,63,63,63,96,157,176,209,222,222,317,317,332,332,332,349,349,378,378,394,420,420,495,595,614,642,642,745,745,760,772,772,786,786,797,797,822,837,837,857,857,857,883,883,883,883],"floor_reached":53,"language":"ENG","playtime":2908,"items_purged":[],"score":895,"play_id":"92910d58-34f4-4d29-b64b-92575daf0af0","local_time":"20210116160230","is_ascension_mode":false,"campfire_choices":[{"data":"alterego_mod:BigMeatyClaws","floor":7.0,"key":"SMITH"},{"data":"alterego_mod:Vow","floor":27.0,"key":"SMITH"},{"data":"alterego_mod:BrynhildrRomantia","floor":32.0,"key":"SMITH"},{"data":"alterego_mod:IdEs","floor":40,"key":"SMITH"},{"data":"alterego_mod:ChallengeComplete","floor":42,"key":"SMITH"},{"data":"alterego_mod:Belts","floor":45,"key":"SMITH"},{"data":"alterego_mod:Impale","floor":51,"key":"SMITH"}],"circlet_count":0,"master_deck":["alterego_mod:Strike+1","alterego_mod:Strike+1","alterego_mod:Strike+1","alterego_mod:Strike+1","alterego_mod:Defend+1","alterego_mod:Defend+1","alterego_mod:Defend+1","alterego_mod:Defend+1","alterego_mod:Impale+1","alterego_mod:BigMeatyClaws+1","alterego_mod:BrynhildrsRune","alterego_mod:Birthday","alterego_mod:ChallengeComplete+1","alterego_mod:Bounce+1","alterego_mod:Swimsuit","alterego_mod:1TonWallop","alterego_mod:GachaTicket","alterego_mod:MagicResistance","alterego_mod:Stockings","alterego_mod:RocketPunch","alterego_mod:MaintainEyeContact","alterego_mod:Vow+1","alterego_mod:ChallengeComplete+1","alterego_mod:BiFurious","Pot Of Greed","Pot Of Greed","Pot Of Greed","alterego_mod:MagicResistance","alterego_mod:BrynhildrRomantia+1","alterego_mod:IdEs+1","Regret","m_Survivalism","Bandage Up","infinitespire:DeathsTouch","alterego_mod:SakuraFive","alterego_mod:DiscoLights+1","infinitespire:NeuralNetwork+1","alterego_mod:Bounce","alterego_mod:Belts+1","Pot Of Greed","alterego_mod:DiscoLights+1","alterego_mod:BreastValley+1"],"relics":["alterego_mod:MasochisticConstitution","Anchor","hubris:Icosahedron","hubris:Metronome","theForsaken:Gavel","infinitespire:Beetle Shell","theForsaken:Lifeblossom","hubris:Backtick","Shuriken","MutagenicStrength","Grinning Jar","conspire:TopHat","Replay:Wanted Poster","Happy Flower","hubris:Teleporter","ReplayTheSpireMod:SealedPack","Frozen Egg 2","Lantern","PreservedInsect"],"acts_visited":["Exordium","TheCity","TheBeyond"],"potions_floor_usage":[44,46],"damage_taken":[{"damage":3.0,"enemies":"Jaw Worm","floor":1.0,"turns":4.0},{"damage":7.0,"enemies":"Small Slimes","floor":2.0,"turns":5.0},{"damage":1.0,"enemies":"2 Louse","floor":5.0,"turns":4.0},{"damage":20.0,"enemies":"Replay:BlueRogue","floor":6.0,"turns":7.0},{"damage":0.0,"enemies":"Gremlin Nob","floor":10.0,"turns":2.0},{"damage":0.0,"enemies":"Gremlin Nob","floor":11.0,"turns":2.0},{"damage":2.0,"enemies":"Looter","floor":12.0,"turns":2.0},{"damage":8.0,"enemies":"Lagavulin","floor":13.0,"turns":5.0},{"damage":0.0,"enemies":"Large Slime","floor":14.0,"turns":4.0},{"damage":35.0,"enemies":"Hexaghost","floor":16.0,"turns":8.0},{"damage":10.0,"enemies":"conspire:FuzzyDice","floor":18.0,"turns":5.0},{"damage":0.0,"enemies":"2 Thieves","floor":21.0,"turns":2.0},{"damage":18.0,"enemies":"Gremlin Leader","floor":23.0,"turns":6.0},{"damage":3.0,"enemies":"Centurion and Healer","floor":25.0,"turns":6.0},{"damage":1.0,"enemies":"Snake Plant","floor":30.0,"turns":3.0},{"damage":4.0,"enemies":"Replay:Snechameleon","floor":31.0,"turns":6.0},{"damage":22.0,"enemies":"hubris:MusketHawk","floor":33.0,"turns":7.0},{"damage":11,"enemies":"3 Darklings","floor":35,"turns":5},{"damage":0,"enemies":"3 Shapes","floor":37,"turns":3},{"damage":23,"enemies":"Maw","floor":39,"turns":6},{"damage":14,"enemies":"Jaw Worm Horde","floor":41,"turns":4},{"damage":25,"enemies":"Spire Growth","floor":44,"turns":4},{"damage":8,"enemies":"3 Darklings","floor":46,"turns":4},{"damage":6,"enemies":"R_Hoarder","floor":49,"turns":8},{"damage":16,"enemies":"Time Eater","floor":52,"turns":10}],"seed_played":"-619466868504699986","potions_obtained":[{"floor":2.0,"key":"blueLaboratory:BottledHope"},{"floor":5.0,"key":"Energy Potion"},{"floor":6.0,"key":"blueLaboratory:Moonshine"},{"floor":11.0,"key":"Explosive Potion"},{"floor":12.0,"key":"BlessingOfTheForge"},{"floor":14.0,"key":"conspire:TimeTravelPotion"},{"floor":18.0,"key":"Dexterity Potion"},{"floor":31.0,"key":"CultistPotion"},{"floor":46,"key":"blueLaboratory:LouseDecoction"}],"is_trial":false,"path_per_floor":["M","M","$","?","M","E","R","?","T","E","?","M","E","M","R","B",null,"M","?","?","M","?","E","?","M","T","R","?","AVR","M","E","R","B",null,"M","M","AVR","M","R","M","R","T","M","R","M","PTL","PTL","E","?","R","B",null],"character_chosen":"The_Alterego","items_purchased":["alterego_mod:ChallengeComplete+1","alterego_mod:Bounce"],"campfire_rested":0,"item_purchase_floors":[3,3],"current_hp_per_floor":[75,76,76,76,80,70,70,70,70,70,70,69,64,72,83,52,84,85,85,85,85,85,71,71,77,77,77,69,69,76,86,86,78,90,83,91,91,85,85,90,90,90,98,98,94,94,94,100,95,95,96],"gold":883,"neow_bonus":"TEN_PERCENT_HP_BONUS","is_daily":false,"chose_seed":false,"campfire_upgraded":7,"win_rate":0.0,"timestamp":1610809350,"path_taken":["M","M","$","?","M","E","R","?","T","E","?","M","E","M","R","BOSS","M","?","?","M","?","E","?","M","T","R","?","AVR","M","E","R","BOSS","M","M","AVR","M","R","?","R","T","M","R","M","PTL","PTL","E","?","R","BOSS"],"items_purchased_type":["Card","Card"],"build_version":"2020-12-22","purchased_purges":0,"victory":true,"max_hp_per_floor":[78,79,79,79,80,81,81,81,81,81,81,82,83,83,83,84,84,85,85,85,85,85,86,86,87,87,87,87,87,88,89,89,90,90,91,91,91,96,96,97,97,97,98,98,99,99,99,100,95,95,96],"relic_stats":{"Happy Flower":[20],"counters":[25,122],"Shuriken":[69],"PreservedInsect":0,"obtain_stats":[{"alterego_mod:MasochisticConstitution":0,"hubris:Metronome":9,"Lantern":43,"hubris:Teleporter":31,"Happy Flower":29,"theForsaken:Lifeblossom":13,"infinitespire:Beetle Shell":11,"ReplayTheSpireMod:SealedPack":34,"PreservedInsect":49,"Frozen Egg 2":38,"theForsaken:Gavel":10,"conspire:TopHat":26,"Replay:Wanted Poster":29,"Anchor":6,"hubris:Icosahedron":8,"hubris:Backtick":17,"Shuriken":17,"MutagenicStrength":22,"Grinning Jar":23},{"alterego_mod:MasochisticConstitution":0,"hubris:Metronome":4,"Lantern":21,"hubris:Teleporter":16,"Happy Flower":14,"theForsaken:Lifeblossom":8,"infinitespire:Beetle Shell":5,"ReplayTheSpireMod:SealedPack":17,"PreservedInsect":24,"Frozen Egg 2":19,"theForsaken:Gavel":5,"conspire:TopHat":14,"Replay:Wanted Poster":14,"Anchor":4,"hubris:Icosahedron":4,"hubris:Backtick":10,"Shuriken":10,"MutagenicStrength":12,"Grinning Jar":13},{"alterego_mod:MasochisticConstitution":0,"hubris:Metronome":20,"Lantern":96,"hubris:Teleporter":71,"Happy Flower":62,"theForsaken:Lifeblossom":31,"infinitespire:Beetle Shell":22,"ReplayTheSpireMod:SealedPack":78,"PreservedInsect":112,"Frozen Egg 2":86,"theForsaken:Gavel":22,"conspire:TopHat":62,"Replay:Wanted Poster":62,"Anchor":20,"hubris:Icosahedron":20,"hubris:Backtick":43,"Shuriken":43,"MutagenicStrength":50,"Grinning Jar":56}]},"card_choices":[{"not_picked":["alterego_mod:Collar","alterego_mod:Clap","alterego_mod:Punishment"],"picked":"SKIP","floor":1.0},{"not_picked":["alterego_mod:SakuraPetals","alterego_mod:Cycle"],"picked":"alterego_mod:Birthday","floor":2.0},{"not_picked":["alterego_mod:PresenceConcealment","alterego_mod:Bloomers"],"picked":"alterego_mod:Swimsuit","floor":5.0},{"not_picked":["alterego_mod:Smother","alterego_mod:Exercise"],"picked":"alterego_mod:1TonWallop","floor":6.0},{"not_picked":["alterego_mod:Pet","alterego_mod:Punishment"],"picked":"alterego_mod:GachaTicket","floor":10.0},{"not_picked":["alterego_mod:Birthday","alterego_mod:Cooking"],"picked":"alterego_mod:MagicResistance","floor":11.0},{"not_picked":["alterego_mod:Rip","alterego_mod:Mirror"],"picked":"alterego_mod:Stockings","floor":12.0},{"not_picked":["alterego_mod:BiFurious","alterego_mod:Birthday"],"picked":"alterego_mod:RocketPunch","floor":13.0},{"not_picked":["alterego_mod:Bunnysuit","alterego_mod:1TonWallop"],"picked":"alterego_mod:MaintainEyeContact","floor":14.0},{"not_picked":["alterego_mod:SideboobHour","alterego_mod:IdEs"],"picked":"alterego_mod:Vow","floor":16.0},{"not_picked":["alterego_mod:Undulate+1","alterego_mod:PurpleHair"],"picked":"alterego_mod:ChallengeComplete","floor":18.0},{"not_picked":["alterego_mod:Bloomers","alterego_mod:SakuraLabyrinth"],"picked":"alterego_mod:BiFurious","floor":21.0},{"not_picked":["alterego_mod:BiFurious","alterego_mod:TrashNCrash"],"picked":"alterego_mod:MagicResistance","floor":23.0},{"not_picked":["alterego_mod:SakuraLabyrinth","alterego_mod:Mirror+1","alterego_mod:MagicResistance"],"picked":"SKIP","floor":25.0},{"not_picked":["alterego_mod:BoobPocket","alterego_mod:Smother","alterego_mod:VirginLaserPalladion"],"picked":"SKIP","floor":30.0},{"not_picked":["alterego_mod:Bounce","alterego_mod:Jiggle+1"],"picked":"alterego_mod:BrynhildrRomantia","floor":31.0},{"not_picked":["alterego_mod:VirginLaserPalladion","alterego_mod:AlterEgo"],"picked":"alterego_mod:IdEs","floor":33.0},{"not_picked":["Exchange","SecondHand"],"picked":"m_Survivalism","floor":34.0},{"not_picked":["ReplayTheSpireMod:Private Reserves","Trip"],"picked":"Bandage Up","floor":34.0},{"not_picked":["hubris:Rewind","Replay:Fractal Strike"],"picked":"infinitespire:DeathsTouch","floor":34.0},{"not_picked":["alterego_mod:BreastValley","alterego_mod:Birthday+1"],"picked":"alterego_mod:SakuraFive","floor":35},{"not_picked":["alterego_mod:Swimsuit+1","alterego_mod:Schoolgirl+1"],"picked":"alterego_mod:DiscoLights+1","floor":37},{"not_picked":["alterego_mod:SakuraPetals","alterego_mod:HighServant"],"picked":"alterego_mod:Bounce","floor":39},{"not_picked":["alterego_mod:Alter","alterego_mod:Bunnysuit","alterego_mod:BusterCard"],"picked":"SKIP","floor":41},{"not_picked":["alterego_mod:Skirt+1","alterego_mod:DeftHands"],"picked":"alterego_mod:Belts","floor":44},{"not_picked":["alterego_mod:Maid","alterego_mod:Complex+1"],"picked":"alterego_mod:DiscoLights+1","floor":46},{"not_picked":["alterego_mod:BusterCard","alterego_mod:Cooking"],"picked":"alterego_mod:BreastValley+1","floor":49}],"player_experience":621550,"relics_obtained":[{"floor":6.0,"key":"Anchor"},{"floor":9.0,"key":"hubris:Metronome"},{"floor":10.0,"key":"theForsaken:Gavel"},{"floor":13.0,"key":"theForsaken:Lifeblossom"},{"floor":23.0,"key":"Grinning Jar"},{"floor":26.0,"key":"conspire:TopHat"},{"floor":31.0,"key":"hubris:Teleporter"},{"floor":43,"key":"Lantern"},{"floor":49,"key":"PreservedInsect"}],"event_choices":[{"damage_healed":0.0,"max_hp_gain":0.0,"max_hp_loss":0.0,"gold_gain":0.0,"event_name":"Golden Wing","player_choice":"Ignored","floor":4.0,"gold_loss":0.0,"damage_taken":0.0},{"damage_healed":0.0,"max_hp_gain":0.0,"max_hp_loss":0.0,"gold_gain":0.0,"event_name":"Dead Adventurer","player_choice":"Searched \u00273\u0027 times","floor":11.0,"gold_loss":0.0,"damage_taken":0.0,"relics_obtained":["infinitespire:Beetle Shell"]},{"damage_healed":0.0,"max_hp_gain":0.0,"max_hp_loss":8.0,"gold_gain":0.0,"event_name":"betterThird:BetterWriting","player_choice":"Simplicity","floor":19.0,"gold_loss":0.0,"damage_taken":0.0},{"damage_healed":0.0,"max_hp_gain":0.0,"max_hp_loss":0.0,"gold_gain":0.0,"event_name":"Beggar","player_choice":"Ignored","floor":20.0,"gold_loss":0.0,"damage_taken":0.0},{"damage_healed":0.0,"max_hp_gain":0.0,"max_hp_loss":0.0,"gold_gain":0.0,"event_name":"Drug Dealer","player_choice":"Inject Mutagens","floor":22.0,"gold_loss":0.0,"damage_taken":0.0,"relics_obtained":["MutagenicStrength"]},{"damage_healed":0.0,"max_hp_gain":0.0,"max_hp_loss":0.0,"gold_gain":0.0,"event_name":"Vampires","player_choice":"Ignored","floor":24.0,"gold_loss":0.0,"damage_taken":0.0},{"damage_healed":0.0,"max_hp_gain":0.0,"max_hp_loss":0.0,"gold_gain":75.0,"event_name":"FaceTrader","player_choice":"Touch","floor":28.0,"gold_loss":0.0,"damage_taken":8.0},{"damage_healed":0,"gold_gain":0,"player_choice":"Max HP","damage_taken":0,"max_hp_gain":0,"max_hp_loss":5,"event_name":"Winding Halls","floor":50,"gold_loss":0}],"is_beta":false,"boss_relics":[{"not_picked":["Velvet Choker","conspire:SeveredTorchhead"],"picked":"hubris:Backtick"},{"not_picked":["Honey Jar","hubris:RunicObelisk"],"picked":"ReplayTheSpireMod:SealedPack"}],"items_purged_floors":[],"is_endless":false,"potions_floor_spawned":[2,5,6,11,12,14,18,23,31,35,41,46],"ascension_level":0}}