{"host":"tr12w2fixbnujl15","time":1610837799,"event":{"mods":["2.2 Compatiblity","BaseMod","Better Skull","BetterRewards","Clockwork Mod","Colored Powertips","Evolution","Hermit","Hubris","Infinite Spire","Koishi","Mad Scientist","Minty Spire (QoL Compilation)","Quick Restart","Replay The Spire","Shop Mod","StSLib","SuperFastMode","The Animator","The Bug Knight","The Construct","The Cursed","The Hierophant","The Necromancer","The Runesmith","The Sage","The Senshi","The Servant 0.9.4","The Spell Scribe","TheFirefly","WarShipGirlsR/????R mod"],"gold_per_floor":[114,289,564,579,45,45,80,96,96,122,122,140,160,160,160,263,263,279,38,38,50,101,101,115,115],"floor_reached":24,"language":"ENG","playtime":1039,"items_purged":["Regret"],"score":229,"play_id":"cf165637-03fd-4ad3-b6bc-779e666eceef","local_time":"20210116175639","is_ascension_mode":false,"campfire_choices":[{"data":"Runesmith:Repurpose","floor":6,"key":"SMITH"},{"floor":11,"key":"REST"},{"data":"Runesmith:CraftFirestone","floor":15,"key":"SMITH"},{"floor":23,"key":"REST"}],"circlet_count":0,"master_deck":["Runesmith:Strike_RS","Runesmith:Strike_RS","Runesmith:Strike_RS","Runesmith:Strike_RS","Runesmith:Defend_RS","Runesmith:Defend_RS","Runesmith:Defend_RS","Runesmith:Defend_RS","Runesmith:CraftFirestone+1","Runesmith:Fortify","Runesmith:Repurpose+1","Doubt","Runesmith:CraftProtectio","Runesmith:DuctTape","Runesmith:EarthShield","Runesmith:CraftObretio","Runesmith:RuneHurl","Runesmith:Terraform","Runesmith:FissionHammer","Runesmith:HeatExchange+1","Runesmith:CraftPrismatica","Runesmith:CraftVitae","Runesmith:Empowerment"],"relics":["Runesmith:BrokenRuby","EVO:Axolotl","NeowsBlessing","hubris:TenFootPole","MerchantsRug","Strange Spoon","Runesmith:Nanobots","infinitespire:EmpoweringShard","Runesmith:PocketReactor","Runesmith:MiniCore","Replay:Bandana"],"acts_visited":["Exordium","TheCity"],"potions_floor_usage":[13,16,24],"damage_taken":[{"damage":0,"enemies":"Cultist","floor":1,"turns":1},{"damage":0,"enemies":"Small Slimes","floor":4,"turns":1},{"damage":0,"enemies":"Replay:BlueRogue","floor":7,"turns":1},{"damage":0,"enemies":"2 Louse","floor":8,"turns":3},{"damage":21,"enemies":"Lagavulin","floor":10,"turns":9},{"damage":4,"enemies":"Exordium Wildlife","floor":12,"turns":4},{"damage":0,"enemies":"Exordium Thugs","floor":13,"turns":4},{"damage":58,"enemies":"The Guardian","floor":16,"turns":13},{"damage":11,"enemies":"Shell Parasite","floor":18,"turns":9},{"damage":9,"enemies":"Spheric Guardian","floor":21,"turns":5},{"damage":78,"enemies":"Gremlin Leader","floor":24,"turns":8}],"seed_played":"3534468339513805929","potions_obtained":[{"floor":1,"key":"Milkshake"},{"floor":10,"key":"Block Potion"},{"floor":12,"key":"Strength Potion"},{"floor":16,"key":"SpeedPotion"},{"floor":18,"key":"Milkshake"}],"is_trial":false,"path_per_floor":["M","?","?","M","$","R","E","M","T","E","R","M","M","?","R","B",null,"M","$","?","M","T","R","E"],"character_chosen":"RUNESMITH_CLASS","items_purchased":["hubris:TenFootPole","MerchantsRug","Strange Spoon","Runesmith:MiniCore","Runesmith:CraftPrismatica"],"campfire_rested":2,"item_purchase_floors":[5,5,5,19,19],"current_hp_per_floor":[70,70,70,70,70,70,70,70,70,49,70,66,66,66,66,8,70,59,59,59,50,50,70,0,0],"gold":115,"neow_bonus":"THREE_ENEMY_KILL","is_daily":false,"chose_seed":false,"campfire_upgraded":2,"win_rate":0.0,"timestamp":1610837799,"path_taken":["M","?","?","M","$","R","E","?","T","E","R","M","M","?","R","BOSS","M","$","?","M","?","R","E"],"items_purchased_type":["Relic","Relic","Relic","Relic","Card"],"build_version":"2020-12-22","purchased_purges":1,"victory":false,"max_hp_per_floor":[70,70,70,70,70,70,70,70,70,70,70,70,70,70,70,70,70,70,70,70,70,70,70,70,70],"card_choices":[{"not_picked":["Runesmith:NanitesCloud","Runesmith:HeatedChisel"],"picked":"Runesmith:Repurpose","floor":1},{"not_picked":["Runesmith:EarthShield","Runesmith:CraftIncendium"],"picked":"Runesmith:CraftProtectio","floor":4},{"not_picked":["Runesmith:Malloc","Runesmith:GenerateForcefield"],"picked":"Runesmith:DuctTape","floor":7},{"not_picked":["Runesmith:NegativeSpace","Runesmith:CraftSpiculum"],"picked":"Runesmith:EarthShield","floor":8},{"not_picked":["Runesmith:Electrocute","Runesmith:CraftProtectio"],"picked":"Runesmith:CraftObretio","floor":10},{"not_picked":["Runesmith:HeatExchange","Runesmith:EnergizedChisel"],"picked":"Runesmith:RuneHurl","floor":12},{"not_picked":["Runesmith:MakeshiftArmor","Runesmith:Electrocute"],"picked":"Runesmith:Terraform","floor":13},{"not_picked":["Runesmith:Duplicate","Runesmith:ArcReactor"],"picked":"Runesmith:FissionHammer","floor":16},{"not_picked":["Runesmith:Prism","Runesmith:CraftObretio"],"picked":"Runesmith:HeatExchange+1","floor":18},{"not_picked":["Runesmith:HammerAndChisel","Runesmith:HeatExchange"],"picked":"Runesmith:Empowerment","floor":21}],"player_experience":60088,"relics_obtained":[{"floor":7,"key":"Runesmith:Nanobots"},{"floor":9,"key":"infinitespire:EmpoweringShard"},{"floor":10,"key":"Letter Opener"},{"floor":22,"key":"Replay:Bandana"}],"event_choices":[{"damage_healed":0,"gold_gain":175,"player_choice":"AGREE","damage_taken":0,"max_hp_gain":0,"max_hp_loss":0,"event_name":"Liars Game","floor":2,"gold_loss":0,"cards_obtained":["Doubt"]},{"damage_healed":0,"gold_gain":275,"player_choice":"Desecrate","damage_taken":0,"max_hp_gain":0,"max_hp_loss":0,"event_name":"Golden Shrine","floor":3,"gold_loss":0,"cards_obtained":["Regret"]},{"damage_healed":0,"gold_gain":0,"player_choice":"Read","damage_taken":0,"max_hp_gain":0,"max_hp_loss":0,"event_name":"The Library","floor":20,"gold_loss":0,"cards_obtained":["Runesmith:CraftVitae"]}],"is_beta":false,"boss_relics":[{"not_picked":["hubris:GrandSneckoEye","Calling Bell"],"picked":"Runesmith:PocketReactor"}],"items_purged_floors":[5],"is_endless":false,"potions_floor_spawned":[1,10,12,16,18],"killed_by":"Gremlin Leader","ascension_level":0}}