{"host":"dftyqn972q7tuon4","time":1610841373,"event":{"mods":["AchievementEnabler","BaseMod","Better Altar","Better Match","Better Note","Better Sensory Stone","Better Skull","Better Third Choice","Colored Powertips","Highlight Path","Minty Spire (QoL Compilation)","Permanent Neow","Quick Restart","StSLib"],"gold_per_floor":[113,113,113,126,3,3,29,29,56,84,121,148,85,85,85,185,185,195,294,321,331,96,96,96],"floor_reached":23,"language":"ENG","playtime":1015,"items_purged":["Regret","Strike_B"],"score":305,"play_id":"e6ed9065-f6cf-46a7-84c5-570eadcc505f","local_time":"20210117005613","is_ascension_mode":true,"campfire_choices":[{"data":"Zap","floor":6.0,"key":"SMITH"},{"data":"Bandage Up","floor":8.0,"key":"SMITH"},{"floor":15.0,"key":"REST"}],"circlet_count":0,"master_deck":["AscendersBane","Strike_B","Defend_B","Defend_B","Defend_B","Defend_B","Zap+1","Bandage Up+1","Aggregate","Apotheosis+1","Rip and Tear","Conserve Battery","Cold Snap","Thunder Strike","Reprogram","Reboot","Hologram+1","All For One+1","Doom and Gloom+1","Beam Cell","Go for the Eyes","Storm","Finesse"],"relics":["Cracked Core","Bird Faced Urn","Torii","StrikeDummy","MawBank","Ornamental Fan","Anchor","Astrolabe","PreservedInsect"],"acts_visited":["Exordium","TheCity"],"potions_floor_usage":[16,23],"damage_taken":[{"damage":0.0,"enemies":"Cultist","floor":1.0,"turns":4.0},{"damage":4.0,"enemies":"Jaw Worm","floor":4.0,"turns":3.0},{"damage":14.0,"enemies":"Lagavulin","floor":7.0,"turns":5.0},{"damage":3.0,"enemies":"2 Louse","floor":10.0,"turns":2.0},{"damage":38.0,"enemies":"Gremlin Nob","floor":11.0,"turns":4.0},{"damage":1.0,"enemies":"Gremlin Gang","floor":12.0,"turns":3.0},{"damage":56,"enemies":"Slime Boss","floor":16,"turns":12},{"damage":35,"enemies":"3 Byrds","floor":18,"turns":4},{"damage":27,"enemies":"Chosen","floor":21,"turns":5},{"damage":7,"enemies":"Slavers","floor":23,"turns":2}],"seed_played":"-2839724483408196688","potions_obtained":[{"floor":10.0,"key":"ColorlessPotion"},{"floor":12.0,"key":"Regen Potion"},{"floor":21,"key":"Fruit Juice"}],"is_trial":false,"path_per_floor":["M","?","?","M","?","R","E","R","T","M","E","M","$","T","R","B",null,"M","?","T","M","$","E"],"character_chosen":"DEFECT","items_purchased":["Storm","Finesse"],"campfire_rested":1,"item_purchase_floors":[22,22],"current_hp_per_floor":[72,72,72,71,71,71,61,61,61,58,26,25,25,25,47,12,59,30,30,30,9,9,7,7],"gold":96,"neow_bonus":"RANDOM_COLORLESS","is_daily":false,"chose_seed":false,"campfire_upgraded":2,"win_rate":0.0,"timestamp":1610841373,"path_taken":["M","?","?","M","?","R","E","R","T","?","E","M","$","?","R","BOSS","M","?","?","?","$","E"],"items_purchased_type":["Card","Card"],"build_version":"2020-12-22","purchased_purges":2,"victory":false,"max_hp_per_floor":[75,75,75,75,75,75,75,75,75,75,75,75,75,75,75,75,75,75,75,75,75,75,80,80],"card_choices":[{"not_picked":["Deep Breath","Good Instincts"],"picked":"Bandage Up","floor":0.0},{"not_picked":["Barrage","Steam"],"picked":"Aggregate","floor":1.0},{"not_picked":["Ball Lightning","Cold Snap"],"picked":"Rip and Tear","floor":4.0},{"not_picked":["Ball Lightning","Fission"],"picked":"Conserve Battery","floor":7.0},{"not_picked":["Barrage","Go for the Eyes"],"picked":"Cold Snap","floor":10.0},{"not_picked":["Sweeping Beam","Ball Lightning"],"picked":"Thunder Strike","floor":11.0},{"not_picked":["Steam","Undo"],"picked":"Reprogram","floor":12.0},{"not_picked":["Biased Cognition","Seek"],"picked":"Reboot","floor":16},{"not_picked":["Compile Driver","Stack"],"picked":"Beam Cell","floor":18},{"not_picked":["Redo","Beam Cell"],"picked":"Go for the Eyes","floor":21}],"player_experience":681643,"relics_obtained":[{"floor":7.0,"key":"StrikeDummy"},{"floor":9.0,"key":"MawBank"},{"floor":11.0,"key":"Ornamental Fan"},{"floor":14.0,"key":"Anchor"},{"floor":20,"key":"PreservedInsect"}],"event_choices":[{"damage_healed":0.0,"max_hp_gain":0.0,"max_hp_loss":0.0,"gold_gain":0.0,"event_name":"Big Fish","player_choice":"Box","floor":2.0,"gold_loss":0.0,"damage_taken":0.0,"relics_obtained":["Bird Faced Urn"],"cards_obtained":["Regret"]},{"damage_healed":72.0,"max_hp_gain":0.0,"max_hp_loss":75.0,"gold_gain":0.0,"event_name":"betterThird:BetterShining","player_choice":"Embrace","floor":3.0,"gold_loss":0.0,"damage_taken":0.0},{"damage_healed":0.0,"max_hp_gain":0.0,"max_hp_loss":0.0,"gold_gain":0.0,"event_name":"WeMeetAgain","player_choice":"Paid Gold","floor":5.0,"gold_loss":123.0,"damage_taken":0.0,"relics_obtained":["Torii"]},{"damage_healed":0,"gold_gain":99,"player_choice":"Steal","damage_taken":0,"max_hp_gain":0,"max_hp_loss":0,"event_name":"betterThird:BetterNest","floor":19,"gold_loss":0}],"is_beta":false,"boss_relics":[{"not_picked":["Coffee Dripper","Pandora\u0027s Box"],"picked":"Astrolabe"}],"items_purged_floors":[13,22],"is_endless":false,"potions_floor_spawned":[10,12,21],"killed_by":"Slavers","ascension_level":11}}