{"host":"s8ccp9jw4vzp58l1","time":1610809292,"event":{"mods":["BaseMod","Colored Map","Colored Powertips","Minty Spire (QoL Compilation)","Relic Stats"],"gold_per_floor":[20,20,38,49,49,83,96,114,114,140,158,231,4,21,21,123,123,142,142,152,29,46,46,46,46,46,46,61,77,77,91,91,91,91],"floor_reached":33,"language":"ENG","playtime":3719,"items_purged":[],"score":311,"play_id":"cfd501ae-1242-4e17-98b3-2f4e27fff55f","local_time":"20210116090132","is_ascension_mode":false,"campfire_choices":[{"floor":15,"key":"REST"},{"floor":23,"key":"RECALL"},{"data":"Armaments","floor":25,"key":"SMITH"},{"floor":30,"key":"REST"},{"data":"Barricade","floor":32,"key":"SMITH"}],"circlet_count":0,"master_deck":["Strike_R","Strike_R","Strike_R","Strike_R","Strike_R","Defend_R","Defend_R","Defend_R+1","Defend_R","Bash","Metamorphosis","Clothesline","Shrug It Off+1","Armaments+1","Thunderclap","Shrug It Off","Rage","Pommel Strike","Headbutt","Shrug It Off","Infernal Blade","Immolate","Uppercut","Juggernaut","Headbutt","Pommel Strike","Bloodletting+1","Shrug It Off+1","Rampage","Trip","Disarm","Anger","Impervious","Dual Wield+1","Anger","Ghostly Armor","Barricade+1"],"relics":["Burning Blood","Prayer Wheel","Shuriken","Happy Flower","Black Star","Eternal Feather","Nloth\u0027s Gift"],"acts_visited":["Exordium","TheCity"],"potions_floor_usage":[6,6,6,10,20,22,29,31,33],"damage_taken":[{"damage":8,"enemies":"2 Louse","floor":1,"turns":3},{"damage":1,"enemies":"Cultist","floor":3,"turns":4},{"damage":6,"enemies":"Small Slimes","floor":4,"turns":5},{"damage":11,"enemies":"Gremlin Nob","floor":6,"turns":5},{"damage":4,"enemies":"Blue Slaver","floor":7,"turns":5},{"damage":17,"enemies":"Large Slime","floor":8,"turns":9},{"damage":28,"enemies":"Lagavulin","floor":10,"turns":7},{"damage":8,"enemies":"Red Slaver","floor":11,"turns":6},{"damage":5,"enemies":"Exordium Wildlife","floor":14,"turns":5},{"damage":32,"enemies":"The Guardian","floor":16,"turns":13},{"damage":7,"enemies":"Chosen","floor":18,"turns":5},{"damage":16,"enemies":"Shell Parasite","floor":20,"turns":8},{"damage":21,"enemies":"Snake Plant","floor":22,"turns":3},{"damage":32,"enemies":"Snecko","floor":28,"turns":5},{"damage":14,"enemies":"Centurion and Healer","floor":29,"turns":9},{"damage":20,"enemies":"3 Cultists","floor":31,"turns":7},{"damage":104,"enemies":"Automaton","floor":33,"turns":12}],"seed_played":"-572635456915446655","potions_obtained":[{"floor":2,"key":"Strength Potion"},{"floor":2,"key":"AttackPotion"},{"floor":2,"key":"Swift Potion"},{"floor":3,"key":"Regen Potion"},{"floor":8,"key":"LiquidBronze"},{"floor":14,"key":"BlessingOfTheForge"},{"floor":16,"key":"PowerPotion"},{"floor":18,"key":"PowerPotion"},{"floor":20,"key":"SneckoOil"},{"floor":29,"key":"AttackPotion"}],"is_trial":false,"path_per_floor":["M","?","M","M","?","E","M","M","T","E","M","?","$","M","R","B",null,"M","?","M","$","M","R","$","R","T","?","M","M","R","M","R","B"],"character_chosen":"IRONCLAD","items_purchased":["Immolate","Happy Flower","Rampage","Trip"],"campfire_rested":2,"item_purchase_floors":[13,13,21,21],"current_hp_per_floor":[78,78,80,80,68,72,74,63,63,41,39,39,39,40,64,38,80,79,79,69,69,54,54,54,54,54,54,28,20,65,51,72,0,0],"gold":91,"neow_bonus":"RANDOM_COLORLESS_2","is_daily":false,"chose_seed":false,"campfire_upgraded":2,"win_rate":0.0,"timestamp":1610809292,"path_taken":["M","?","?","M","?","E","M","M","T","E","M","?","?","M","R","BOSS","M","?","M","$","?","R","?","R","T","?","?","M","R","M","R","BOSS"],"items_purchased_type":["Card","Relic","Card","Card"],"build_version":"2020-12-22","purchased_purges":0,"victory":false,"max_hp_per_floor":[80,80,80,80,80,80,80,80,80,80,80,80,80,80,80,80,80,80,80,80,80,80,80,80,80,80,80,80,80,80,80,80,80,80],"relic_stats":{"Happy Flower":[22],"counters":[17,111],"Shuriken":[24],"Prayer Wheel":10,"Eternal Feather":42,"Black Star":0,"Nloth\u0027s Gift":1,"obtain_stats":[{"Happy Flower":13,"Shuriken":6,"Prayer Wheel":5,"Eternal Feather":26,"Black Star":17,"Nloth\u0027s Gift":27,"War Paint":10,"Burning Blood":0},{"Happy Flower":8,"Shuriken":4,"Prayer Wheel":3,"Eternal Feather":13,"Black Star":10,"Nloth\u0027s Gift":13,"War Paint":7,"Burning Blood":0},{"Happy Flower":44,"Shuriken":17,"Prayer Wheel":12,"Eternal Feather":78,"Black Star":62,"Nloth\u0027s Gift":78,"War Paint":38,"Burning Blood":0}],"Burning Blood":93},"card_choices":[{"not_picked":["Violence","Thinking Ahead"],"picked":"Metamorphosis","floor":0},{"not_picked":["Twin Strike","Thunderclap"],"picked":"Clothesline","floor":1},{"not_picked":["Iron Wave","Pommel Strike"],"picked":"Shrug It Off","floor":3},{"not_picked":["Blood for Blood","Intimidate"],"picked":"Armaments","floor":4},{"not_picked":["Flex","Perfected Strike"],"picked":"Thunderclap","floor":6},{"not_picked":["Perfected Strike","Burning Pact"],"picked":"Shrug It Off","floor":7},{"not_picked":["Body Slam","Limit Break"],"picked":"Rage","floor":7},{"not_picked":["Warcry","Shrug It Off"],"picked":"Pommel Strike","floor":8},{"not_picked":["Flex","Body Slam"],"picked":"Headbutt","floor":8},{"not_picked":["Thunderclap","Burning Pact"],"picked":"Shrug It Off","floor":10},{"not_picked":["Flex","Clothesline"],"picked":"Infernal Blade","floor":11},{"not_picked":["Bludgeon","Clothesline","Intimidate"],"picked":"SKIP","floor":11},{"not_picked":["Clash","Combust"],"picked":"Uppercut","floor":14},{"not_picked":["Perfected Strike","Clothesline","Twin Strike"],"picked":"SKIP","floor":14},{"not_picked":["Fiend Fire","Double Tap"],"picked":"Juggernaut","floor":16},{"not_picked":["Reckless Charge","Power Through"],"picked":"Headbutt","floor":18},{"not_picked":["Shrug It Off","Warcry"],"picked":"Pommel Strike","floor":18},{"not_picked":["Armaments","Flex"],"picked":"Bloodletting+1","floor":20},{"not_picked":["Flame Barrier","Flex"],"picked":"Shrug It Off+1","floor":20},{"not_picked":["Carnage","True Grit"],"picked":"Disarm","floor":22},{"not_picked":["Fiend Fire","Twin Strike"],"picked":"Anger","floor":22},{"not_picked":["Evolve","Dual Wield"],"picked":"Impervious","floor":28},{"not_picked":["Cleave","Wild Strike+1"],"picked":"Dual Wield+1","floor":28},{"not_picked":["Reckless Charge+1","Wild Strike+1"],"picked":"Anger","floor":29},{"not_picked":["Flex","Sever Soul","Fire Breathing"],"picked":"SKIP","floor":29},{"not_picked":["Pummel","Twin Strike"],"picked":"Ghostly Armor","floor":31},{"not_picked":["Body Slam","Sword Boomerang+1"],"picked":"Barricade","floor":31}],"player_experience":65744,"relics_obtained":[{"floor":6,"key":"Shuriken"},{"floor":10,"key":"War Paint"},{"floor":26,"key":"Eternal Feather"}],"event_choices":[{"damage_healed":0,"gold_gain":0,"player_choice":"Got Potions","damage_taken":0,"max_hp_gain":0,"max_hp_loss":0,"event_name":"Lab","floor":2,"gold_loss":0},{"damage_healed":0,"gold_gain":0,"player_choice":"Success","damage_taken":12,"relics_obtained":["Prayer Wheel"],"max_hp_gain":0,"max_hp_loss":0,"event_name":"Scrap Ooze","floor":5,"gold_loss":0},{"damage_healed":0,"gold_gain":73,"player_choice":"Gained Gold","damage_taken":0,"max_hp_gain":0,"max_hp_loss":0,"event_name":"Golden Wing","floor":12,"gold_loss":0},{"damage_healed":0,"gold_gain":0,"player_choice":"Bought 0 Potions","damage_taken":0,"max_hp_gain":0,"max_hp_loss":0,"event_name":"The Woman in Blue","floor":19,"gold_loss":0},{"damage_healed":0,"gold_gain":0,"player_choice":"Traded Relic","damage_taken":0,"relics_obtained":["Nloth\u0027s Gift"],"max_hp_gain":0,"max_hp_loss":0,"event_name":"N\u0027loth","floor":27,"relics_lost":["War Paint"],"gold_loss":0}],"is_beta":false,"boss_relics":[{"not_picked":["SacredBark","Ectoplasm"],"picked":"Black Star"}],"items_purged_floors":[],"is_endless":false,"potions_floor_spawned":[3,8,14,16,18,20,29],"killed_by":"Automaton","ascension_level":0}}