{"host":"9v3x998ddbx8o276","time":1610796026,"event":{"mods":["AchievementEnabler","BaseMod","Colored Map","Colored Powertips","Highlight Path","Minty Spire (QoL Compilation)","Quick Restart","Rare Cards Sparkle"],"gold_per_floor":[117,117,43,62,81,81,116,129,153,153,169,201,221,238,238,339,339,356,40,40,51,51,51,79,79,105,151,163,28,46,64,64,159,159,179,179,179,189,207,232,26,74,122,5,5,5,19,33,33,33],"floor_reached":51,"language":"ENG","playtime":2089,"items_purged":["Strike_R","Strike_R","Strike_R"],"score":959,"play_id":"6dfe1cd5-ae7b-452a-8e25-02097e9d7808","local_time":"20210116215026","is_ascension_mode":true,"campfire_choices":[{"data":"Perfected Strike","floor":6,"key":"SMITH"},{"data":"Bash","floor":10,"key":"SMITH"},{"data":"Carnage","floor":15,"key":"SMITH"},{"data":"RitualDagger","floor":23,"key":"SMITH"},{"data":"Dramatic Entrance","floor":25,"key":"SMITH"},{"data":"Second Wind","floor":32,"key":"SMITH"},{"floor":45,"key":"REST"},{"floor":49,"key":"REST"}],"circlet_count":0,"master_deck":["Strike_R","Strike_R","Defend_R","Defend_R","Defend_R","Defend_R","Bash+1","Perfected Strike+1","Cleave","Wild Strike","Feel No Pain","Battle Trance","Warcry","Offering","Armaments","Carnage+1","Juggernaut","Shockwave","Dramatic Entrance+1","RitualDagger+1","Metallicize","Burning Pact+1","Second Wind+1","Shrug It Off","Ghostly Armor","Battle Trance","Double Tap","True Grit","Dark Embrace","Second Wind+1","Spot Weakness","Power Through+1","Corruption"],"relics":["Burning Blood","NeowsBlessing","Lantern","Orichalcum","Oddly Smooth Stone","MealTicket","Snecko Eye","Sling","HornCleat","Smiling Mask","MawBank","Bird Faced Urn","Pen Nib","Fusion Hammer","Akabeko","Strawberry","Charon\u0027s Ashes","Toy Ornithopter"],"acts_visited":["Exordium","TheCity","TheBeyond"],"potions_floor_usage":[47,50,50],"damage_taken":[{"damage":0,"enemies":"Small Slimes","floor":1,"turns":1},{"damage":0,"enemies":"Cultist","floor":4,"turns":1},{"damage":0,"enemies":"Jaw Worm","floor":5,"turns":1},{"damage":25,"enemies":"3 Sentries","floor":7,"turns":9},{"damage":7,"enemies":"Looter","floor":8,"turns":3},{"damage":7,"enemies":"Exordium Wildlife","floor":11,"turns":2},{"damage":0,"enemies":"Gremlin Nob","floor":12,"turns":2},{"damage":7,"enemies":"Blue Slaver","floor":13,"turns":2},{"damage":6,"enemies":"Looter","floor":14,"turns":2},{"damage":14,"enemies":"Slime Boss","floor":16,"turns":9},{"damage":11,"enemies":"Spheric Guardian","floor":18,"turns":3},{"damage":12,"enemies":"Shell Parasite","floor":21,"turns":3},{"damage":15,"enemies":"Book of Stabbing","floor":24,"turns":4},{"damage":15,"enemies":"Slavers","floor":27,"turns":3},{"damage":7,"enemies":"Snake Plant","floor":30,"turns":5},{"damage":1,"enemies":"3 Cultists","floor":31,"turns":4},{"damage":52,"enemies":"Collector","floor":33,"turns":9},{"damage":9,"enemies":"3 Darklings","floor":35,"turns":5},{"damage":17,"enemies":"3 Shapes","floor":38,"turns":3},{"damage":0,"enemies":"Jaw Worm Horde","floor":39,"turns":2},{"damage":26,"enemies":"Reptomancer","floor":40,"turns":6},{"damage":16,"enemies":"2 Orb Walkers","floor":42,"turns":4},{"damage":6,"enemies":"Writhing Mass","floor":47,"turns":4},{"damage":24,"enemies":"4 Shapes","floor":48,"turns":5},{"damage":34,"enemies":"Awakened One","floor":50,"turns":7}],"seed_played":"4422990520314152609","potions_obtained":[{"floor":4,"key":"Weak Potion"},{"floor":7,"key":"Fire Potion"},{"floor":11,"key":"Block Potion"},{"floor":18,"key":"BloodPotion"},{"floor":48,"key":"SpeedPotion"}],"is_trial":false,"path_per_floor":["M","?","?","M","M","R","E","M","T","R","M","E","M","M","R","B",null,"M","$","?","M","?","R","E","R","T","E","?","$","M","M","R","B",null,"M","?","?","M","M","E","$","?","T","$","R","$","M","M","R","B",null],"character_chosen":"IRONCLAD","items_purchased":["Sling","Dramatic Entrance","Pen Nib","Strawberry","Spot Weakness"],"campfire_rested":2,"item_purchase_floors":[19,19,29,41,44],"current_hp_per_floor":[80,80,80,80,80,80,61,60,60,60,59,65,64,64,64,56,74,69,80,74,68,68,68,59,59,59,50,50,65,70,77,77,36,69,70,70,70,59,69,55,77,69,69,83,83,83,83,65,83,82],"gold":33,"neow_bonus":"THREE_ENEMY_KILL","is_daily":false,"chose_seed":false,"campfire_upgraded":6,"win_rate":0.0,"timestamp":1610796026,"path_taken":["M","?","?","M","M","R","E","M","T","R","M","E","?","M","R","BOSS","M","$","?","M","?","R","E","R","T","E","?","?","M","?","R","BOSS","M","?","?","M","M","E","$","?","T","$","R","?","M","?","R","BOSS"],"items_purchased_type":["Relic","Card","Relic","Relic","Card"],"build_version":"2020-12-22","purchased_purges":3,"victory":true,"max_hp_per_floor":[80,80,80,80,80,80,80,80,80,80,80,80,80,80,80,80,80,80,80,80,80,80,80,80,80,80,80,80,80,80,80,80,80,80,80,80,76,76,76,76,83,83,83,83,83,83,83,83,83,83],"card_choices":[{"not_picked":["Shrug It Off","Pummel"],"picked":"Perfected Strike","floor":1},{"not_picked":["Pummel","Perfected Strike"],"picked":"Cleave","floor":4},{"not_picked":["Heavy Blade","Combust"],"picked":"Wild Strike","floor":5},{"not_picked":["Havoc","Power Through"],"picked":"Feel No Pain","floor":7},{"not_picked":["Ghostly Armor","Twin Strike"],"picked":"Battle Trance","floor":8},{"not_picked":["Perfected Strike","Body Slam"],"picked":"Warcry","floor":11},{"not_picked":["Sever Soul","Intimidate"],"picked":"Offering","floor":12},{"not_picked":["Perfected Strike","Rampage"],"picked":"Armaments","floor":13},{"not_picked":["Uppercut","Wild Strike"],"picked":"Carnage","floor":14},{"not_picked":["Bludgeon","Double Tap"],"picked":"Juggernaut","floor":16},{"not_picked":["True Grit","Wild Strike"],"picked":"Shockwave","floor":18},{"not_picked":["Anger","Hemokinesis"],"picked":"Metallicize","floor":21},{"not_picked":["Body Slam+1","Bludgeon"],"picked":"Burning Pact+1","floor":24},{"not_picked":["Flex+1","Feel No Pain"],"picked":"Second Wind","floor":27},{"not_picked":["Perfected Strike","Pommel Strike"],"picked":"Ghostly Armor","floor":30},{"not_picked":["Thunderclap+1","Armaments"],"picked":"Battle Trance","floor":31},{"not_picked":["Impervious","Reaper"],"picked":"Double Tap","floor":33},{"not_picked":["Headbutt","Blood for Blood"],"picked":"True Grit","floor":35},{"not_picked":["Carnage","Wild Strike","Clash"],"picked":"SKIP","floor":38},{"not_picked":["Feel No Pain","Iron Wave+1"],"picked":"Dark Embrace","floor":39},{"not_picked":["Entrench","True Grit"],"picked":"Second Wind+1","floor":40},{"not_picked":["Wild Strike+1","Second Wind+1"],"picked":"Power Through+1","floor":47},{"not_picked":["Sword Boomerang+1","Pommel Strike"],"picked":"Corruption","floor":48}],"player_experience":1660787,"relics_obtained":[{"floor":7,"key":"Orichalcum"},{"floor":9,"key":"Oddly Smooth Stone"},{"floor":12,"key":"MealTicket"},{"floor":24,"key":"Smiling Mask"},{"floor":26,"key":"MawBank"},{"floor":27,"key":"Bird Faced Urn"},{"floor":40,"key":"Akabeko"},{"floor":42,"key":"Charon\u0027s Ashes"},{"floor":43,"key":"Toy Ornithopter"}],"event_choices":[{"damage_healed":0,"gold_gain":0,"player_choice":"Ignored","damage_taken":0,"max_hp_gain":0,"max_hp_loss":0,"event_name":"Liars Game","floor":2,"gold_loss":0},{"damage_healed":0,"gold_gain":0,"player_choice":"Paid Gold","damage_taken":0,"relics_obtained":["Lantern"],"max_hp_gain":0,"max_hp_loss":0,"event_name":"WeMeetAgain","floor":3,"gold_loss":74},{"damage_healed":0,"gold_gain":0,"player_choice":"Joined the Cult","damage_taken":6,"max_hp_gain":0,"max_hp_loss":0,"event_name":"Nest","floor":20,"gold_loss":0,"cards_obtained":["RitualDagger"]},{"damage_healed":0,"gold_gain":0,"player_choice":"Opened","damage_taken":0,"relics_obtained":["HornCleat"],"max_hp_gain":0,"max_hp_loss":0,"event_name":"The Mausoleum","floor":22,"gold_loss":0},{"damage_healed":0,"gold_gain":0,"player_choice":"Read","damage_taken":0,"max_hp_gain":0,"max_hp_loss":0,"event_name":"The Library","floor":28,"gold_loss":0,"cards_obtained":["Shrug It Off"]},{"damage_healed":0,"gold_gain":0,"player_choice":"Ignored","damage_taken":0,"max_hp_gain":0,"max_hp_loss":0,"event_name":"Tomb of Lord Red Mask","floor":36,"gold_loss":0},{"damage_healed":0,"gold_gain":0,"player_choice":"Max HP","damage_taken":0,"max_hp_gain":0,"max_hp_loss":4,"event_name":"Winding Halls","floor":37,"gold_loss":0},{"damage_healed":0,"gold_gain":0,"player_choice":"Fight","damage_taken":0,"max_hp_gain":0,"max_hp_loss":0,"event_name":"Mysterious Sphere","floor":42,"gold_loss":0}],"is_beta":false,"boss_relics":[{"not_picked":["SlaversCollar","Astrolabe"],"picked":"Snecko Eye"},{"not_picked":["Mark of Pain","Empty Cage"],"picked":"Fusion Hammer"}],"items_purged_floors":[19,41,44],"is_endless":false,"potions_floor_spawned":[4,7,11,12,16,18,21,24,33,39,40,48],"ascension_level":5}}