{"host":"eeuhgv8goqdjv4ip","time":1610817564,"event":{"mods":["2.2 Compatiblity","AchievementEnabler","BaseMod","Better Match","Better Note","Better Skull","Challenge The Spire","Colored Map","Colored Powertips","Conspire","Custom Start","Dark Map","Hubris","Infinite Spire","Koishi","Marisa????????","Minty Spire (QoL Compilation)","Permanent Neow","Quick Restart","Replay The Spire","SIMod","StSLib","Td1madao Mod","The Animator","The Saiyan","The Servant 0.9.4","The Wild Card","TheSwordswoman"],"gold_per_floor":[97,97,97,116,136,136,176,21,46,87,87,110,154,154,154,262,262,281,290,311,335,72,72,81,119,170,170,197,236,209,231,231,340,340,367,396,414,442,470,505,505,531,531,531,590,625,649,649,649,649,649,649,201,243,243],"floor_reached":56,"language":"ENG","playtime":6521,"items_purged":["Voices","infinitespire:Pacifist","Saiyan:SAIYA_Strike","Saiyan:PowerUp"],"score":1627,"play_id":"e5451b1d-5ed0-47cc-bb33-c09b0bdb75ec","local_time":"20210116131924","is_ascension_mode":true,"campfire_choices":[{"data":"Saiyan:RuthlessBlow","floor":6,"key":"SMITH"},{"data":"Saiyan:KaioKen","floor":11,"key":"SMITH"},{"floor":15,"key":"REST"},{"data":"Saiyan:CCCapsule","floor":23,"key":"SMITH"},{"data":"infinitespire:NeuralNetwork","floor":27,"key":"SMITH"},{"floor":32,"key":"RECALL"},{"data":"Madness","floor":44,"key":"SMITH"},{"data":"Madness","floor":49,"key":"PURGE"},{"data":"Saiyan:UltraInstinct","floor":52,"key":"SMITH"}],"circlet_count":0,"master_deck":["Saiyan:SAIYA_Strike+1","Saiyan:SAIYA_Strike+1","Saiyan:SAIYA_Strike+1","Saiyan:SAIYA_Defend","Saiyan:SAIYA_Defend+1","Saiyan:SAIYA_Defend","Saiyan:SAIYA_Defend","Saiyan:EnergyBlast","Saiyan:KaioKen+1","Saiyan:RuthlessBlow+1","Saiyan:WarmUp","Saiyan:MeteorDash","Saiyan:Furor","Saiyan:RemoveWeights","Saiyan:RemoveWeights","Saiyan:GhostAttack+1","Saiyan:SuperSaiyanThree+1","Saiyan:KiStrike","Saiyan:KiExplosion","Saiyan:CCCapsule+1","Saiyan:SaiyanHubris+1","infinitespire:NeuralNetwork+1","Saiyan:SuperSaiyanThree+1","Saiyan:RemoveWeights","Saiyan:KiExplosion","Saiyan:KiStrike+1","Saiyan:Fly+1","Saiyan:HyperTimeChamber+1","Saiyan:DragonFist+1","Saiyan:UltraInstinct+1","Madness+1","Saiyan:DrainingStrike+1","Saiyan:Teleport+1","Saiyan:CCCapsule+1","Saiyan:Expend+1","Saiyan:SuperSaiyanForm+1","Saiyan:Furor+1","Saiyan:UltraInstinct+1","Master of Strategy+1","Saiyan:Endure+1","Saiyan:Overexert+1"],"relics":["SaiyanSoul","SaiyanHeart","Durian","Golden Egg","CeramicFish","ReplayTheSpireMod:TigerMarble","PreservedInsect","Blue Doll","hubris:ToyBattleship","Honey Jar","Membership Card","conspire:TopHat","Eternal Feather","Bottled Lightning","ReplayTheSpireMod:CursedCoin","Replay:Bottled Flurry","Ring of Chaos","Whetstone","hubris:BottledRain","infinitespire:Golems Mask","conspire:GlowingRock","Oddly Smooth Stone","Replay:Lucky Slots","Painkiller Herb","Quantum Egg","Strange Spoon","ReplayFunnel","infinitespire:WardingShard"],"acts_visited":["Exordium","TheCity","TheBeyond","TheEnding"],"potions_floor_usage":[7,7,39,55],"damage_taken":[{"damage":0,"enemies":"Jaw Worm","floor":1,"turns":3},{"damage":8,"enemies":"2 Louse","floor":4,"turns":4},{"damage":0,"enemies":"Small Slimes","floor":5,"turns":2},{"damage":0,"enemies":"Gremlin Nob","floor":7,"turns":4},{"damage":33,"enemies":"Lagavulin","floor":10,"turns":6},{"damage":0,"enemies":"Blue Slaver","floor":12,"turns":3},{"damage":0,"enemies":"3 Sentries","floor":13,"turns":6},{"damage":3,"enemies":"Slime Boss","floor":16,"turns":5},{"damage":0,"enemies":"2 Thieves","floor":18,"turns":2},{"damage":0,"enemies":"Shell Parasite","floor":20,"turns":2},{"damage":0,"enemies":"Cultist and Chosen","floor":21,"turns":3},{"damage":8,"enemies":"Gremlin Leader","floor":25,"turns":3},{"damage":6,"enemies":"Shelled Parasite and Fungi","floor":28,"turns":2},{"damage":4,"enemies":"Slavers","floor":29,"turns":2},{"damage":1,"enemies":"Centurion and Healer","floor":31,"turns":3},{"damage":3,"enemies":"hubris:MusketHawk","floor":33,"turns":5},{"damage":0,"enemies":"3 Shapes","floor":35,"turns":3},{"damage":0,"enemies":"3 Darklings","floor":36,"turns":3},{"damage":6,"enemies":"Writhing Mass","floor":38,"turns":5},{"damage":18,"enemies":"4 Shapes","floor":39,"turns":5},{"damage":0,"enemies":"R_Hoarder","floor":40,"turns":7},{"damage":17,"enemies":"Transient","floor":42,"turns":5},{"damage":0,"enemies":"Mind Bloom Boss Battle","floor":45,"turns":3},{"damage":0,"enemies":"Reptomancer","floor":46,"turns":4},{"damage":26,"enemies":"Sphere and 2 Shapes","floor":47,"turns":7},{"damage":29,"enemies":"Donu and Deca","floor":50,"turns":5},{"damage":0,"enemies":"Shield and Spear","floor":54,"turns":3},{"damage":26,"enemies":"The Heart","floor":55,"turns":8}],"seed_played":"3741777488738155371","potions_obtained":[{"floor":1,"key":"Explosive Potion"},{"floor":5,"key":"Block Potion"},{"floor":10,"key":"AttackPotion"},{"floor":18,"key":"Reflective Coating"},{"floor":31,"key":"Explosive Potion"},{"floor":33,"key":"ColorlessPotion"},{"floor":40,"key":"Explosive Potion"},{"floor":42,"key":"Ancient Potion"},{"floor":47,"key":"Languid Potion"}],"is_trial":false,"path_per_floor":["M","?","T","M","M","R","E","$","T","E","R","M","E","?","R","B",null,"M","?","M","M","$","R","?","E","T","R","M","E","$","M","R_BF","B",null,"M","M","?","M","M","E","?","M","T","R","?","E","M","AVR","R_BF","B",null,"T","T","E","B",null],"character_chosen":"SAIYAJIN","items_purchased":["ReplayTheSpireMod:TigerMarble","Membership Card","conspire:TopHat","ReplayTheSpireMod:CursedCoin","Saiyan:KiStrike+1","Replay:Bottled Flurry","Quantum Egg","Strange Spoon","ReplayFunnel","Master of Strategy","Saiyan:Endure"],"campfire_rested":1,"item_purchase_floors":[8,22,22,30,30,30,53,53,53,53,53],"current_hp_per_floor":[66,66,66,60,62,62,64,64,64,32,32,33,33,18,40,41,78,79,79,80,83,83,83,63,57,57,72,67,64,64,65,80,82,94,96,98,86,83,68,69,69,55,55,76,77,79,54,54,78,52,115,115,115,117,94],"gold":243,"neow_bonus":"ONE_RARE_RELIC","is_daily":false,"chose_seed":false,"campfire_upgraded":6,"win_rate":0.0,"timestamp":1610817564,"path_taken":["M","?","?","M","M","R","E","$","T","E","R","M","E","?","R","BOSS","M","?","M","M","$","R","?","E","T","R","M","E","?","?","R_BF","BOSS","M","M","?","M","M","E","?","M","T","R","?","E","M","AVR","R_BF","BOSS","T","T","E","BOSS"],"items_purchased_type":["Relic","Relic","Relic","Relic","Card","Relic","Relic","Relic","Relic","Card","Card"],"build_version":"2020-12-22","purchased_purges":4,"victory":true,"max_hp_per_floor":[66,66,66,68,70,70,72,72,72,73,73,74,74,74,74,78,78,79,79,80,83,83,83,83,85,85,85,86,87,87,89,89,94,94,96,98,98,101,104,105,105,108,108,108,109,111,112,112,112,115,115,115,115,117,120],"card_choices":[{"not_picked":["Saiyan:PowerStance","Saiyan:Planning"],"picked":"Saiyan:WarmUp","floor":1},{"not_picked":["Saiyan:SpiritSword","Saiyan:Medicine"],"picked":"Saiyan:MeteorDash","floor":4},{"not_picked":["Saiyan:Planning","Saiyan:SaiyanHubris"],"picked":"Saiyan:PowerUp","floor":5},{"not_picked":["Saiyan:Kienzan","Saiyan:BigBangAttack"],"picked":"Saiyan:Furor","floor":7},{"not_picked":["Saiyan:PlotArmor","Saiyan:TurtleShell"],"picked":"Saiyan:RemoveWeights","floor":10},{"not_picked":["Saiyan:Planning","Saiyan:DragonRadar"],"picked":"Saiyan:RemoveWeights","floor":12},{"not_picked":["Saiyan:Scouter","Saiyan:Reset"],"picked":"Saiyan:GhostAttack","floor":13},{"not_picked":["Saiyan:TheBomb","Saiyan:MajinSeal"],"picked":"Saiyan:SuperSaiyanThree","floor":16},{"not_picked":["Saiyan:DoubleMasenko+1","Saiyan:Furor","Saiyan:BigBangAttack"],"picked":"Saiyan:KiStrike","floor":18},{"not_picked":["Saiyan:ExpandingShockwave","Saiyan:FingerParry","Saiyan:PowerStance"],"picked":"Saiyan:CCCapsule","floor":20},{"not_picked":["Saiyan:BigBangAttack+1","Saiyan:TurtleShell","Saiyan:Kienzan+1"],"picked":"Saiyan:SaiyanHubris+1","floor":21},{"not_picked":["ReplayTheSpireMod:Haul","ReplayTheSpireMod:Echoes of Time"],"picked":"infinitespire:NeuralNetwork","floor":24},{"not_picked":["Saiyan:KiExplosion","Saiyan:Planning","Saiyan:Teleport"],"picked":"Saiyan:SuperSaiyanThree","floor":25},{"not_picked":["Saiyan:Kienzan","Saiyan:PowerUp","Saiyan:Medicine"],"picked":"Saiyan:RemoveWeights","floor":28},{"not_picked":["Saiyan:BurningSoul+1","Saiyan:TurtleShell","Saiyan:DoubleMasenko"],"picked":"Saiyan:KiExplosion","floor":29},{"not_picked":["Saiyan:ExtremeSpeed","Saiyan:Taunt","Saiyan:Scouter"],"picked":"Saiyan:Fly+1","floor":31},{"not_picked":["Saiyan:MindBoom","Saiyan:TheBomb","Saiyan:MajinSeal"],"picked":"Saiyan:HyperTimeChamber","floor":33},{"not_picked":["Saiyan:Flurry","Saiyan:TurtleShell","Saiyan:BackAttack"],"picked":"Saiyan:DragonFist","floor":35},{"not_picked":["Saiyan:ExtremeSpeed+1","Saiyan:KameHameHa+1","Saiyan:Scouter"],"picked":"Saiyan:UltraInstinct","floor":36},{"not_picked":["Saiyan:PowerStance","Saiyan:Planning","Saiyan:Kienzan"],"picked":"Saiyan:DrainingStrike+1","floor":38},{"not_picked":["Saiyan:PowerStance+1","Saiyan:KameHameHa+1","Saiyan:KiExplosion"],"picked":"Saiyan:Teleport+1","floor":39},{"not_picked":["Saiyan:Expend","Saiyan:SoulSpice+1","Saiyan:Quickening+1"],"picked":"Saiyan:CCCapsule+1","floor":40},{"not_picked":["Saiyan:AugmentedBlast","Saiyan:KiExplosion+1","Saiyan:Scouter+1"],"picked":"Saiyan:Expend+1","floor":42},{"not_picked":["Saiyan:TurtleShell","Saiyan:FingerParry","Saiyan:HyperTimeChamber"],"picked":"Saiyan:SuperSaiyanForm+1","floor":45},{"not_picked":["Saiyan:AugmentedBlast","Saiyan:ExpandingShockwave","Saiyan:Reset"],"picked":"Saiyan:Furor+1","floor":46},{"not_picked":["Saiyan:LastResort","Saiyan:FingerParry+1","Saiyan:PlotArmor+1"],"picked":"Saiyan:UltraInstinct+1","floor":47},{"not_picked":["Saiyan:Momentum","Saiyan:Endure+1","Saiyan:Planning"],"picked":"Saiyan:Overexert+1","floor":54}],"player_experience":509351,"relics_obtained":[{"floor":3,"key":"Golden Egg"},{"floor":7,"key":"CeramicFish"},{"floor":9,"key":"PreservedInsect"},{"floor":10,"key":"Blue Doll"},{"floor":13,"key":"hubris:ToyBattleship"},{"floor":25,"key":"Eternal Feather"},{"floor":29,"key":"Bottled Lightning"},{"floor":40,"key":"Whetstone"},{"floor":43,"key":"hubris:BottledRain"},{"floor":45,"key":"infinitespire:Golems Mask"},{"floor":46,"key":"conspire:GlowingRock"},{"floor":47,"key":"Oddly Smooth Stone"},{"floor":54,"key":"infinitespire:WardingShard"}],"event_choices":[{"damage_healed":0,"gold_gain":0,"player_choice":"Entered Light","damage_taken":15,"max_hp_gain":0,"max_hp_loss":0,"event_name":"Shining Light","floor":14,"gold_loss":0,"cards_upgraded":["Saiyan:SAIYA_Strike","Saiyan:SAIYA_Strike"]},{"damage_healed":0,"gold_gain":0,"player_choice":"Embrace Madness","damage_taken":12,"max_hp_gain":0,"max_hp_loss":0,"event_name":"Winding Halls","floor":37,"gold_loss":0,"cards_obtained":["Madness","Madness"]},{"damage_healed":0,"gold_gain":0,"player_choice":"Fight","damage_taken":0,"max_hp_gain":0,"max_hp_loss":0,"event_name":"MindBloom","floor":45,"gold_loss":0}],"is_beta":false,"boss_relics":[{"not_picked":["conspire:SpecialSausage","hubris:Backtick"],"picked":"Honey Jar"},{"not_picked":["Pandora\u0027s Box","hubris:Stopwatch"],"picked":"Ring of Chaos"}],"items_purged_floors":[22,30,48,53],"is_endless":false,"potions_floor_spawned":[1,5,10,18,31,33,38,40,42,47],"ascension_level":2}}