{"host":"y1oqg7uy0jc6f5mb","time":1610794040,"event":{"mods":["BaseMod","Block Reminder","Colored Map","Colored Powertips","Custom Start","DeckTracker","Highlight Path","Minty Spire (QoL Compilation)","Permanent Neow","Quick Restart","Relic Sorter","Relic Stats","StSLib"],"gold_per_floor":[114,129,48,62,81,81,113,128,208,236,236,236,263,273,273,372,372,390,390,8,283,283,317,317,24,24,58,58,86,86,103,103,204,204,222,237,248,263,223,256,266,277,277,292,323,323,5,5,5,5],"floor_reached":51,"language":"ENG","playtime":4075,"items_purged":["Regret","Feel No Pain"],"score":886,"play_id":"f20c556d-2afb-4d7d-9833-45a78416cb07","local_time":"20210116184720","is_ascension_mode":true,"campfire_choices":[{"data":"Armaments","floor":6.0,"key":"SMITH"},{"data":"Body Slam","floor":12.0,"key":"SMITH"},{"floor":15.0,"key":"REST"},{"data":"Corruption","floor":24.0,"key":"SMITH"},{"data":"Thinking Ahead","floor":28.0,"key":"SMITH"},{"data":"Armaments","floor":30.0,"key":"SMITH"},{"data":"Seeing Red","floor":32.0,"key":"SMITH"},{"data":"True Grit","floor":46,"key":"SMITH"},{"data":"Battle Trance","floor":49,"key":"SMITH"}],"circlet_count":0,"master_deck":["Strike_R+1","Strike_R+1","Strike_R+1","Defend_R+1","Defend_R+1","Defend_R+1","Defend_R+1","Bash","Corruption+1","Body Slam+1","Iron Wave","Evolve","Armaments+1","Fire Breathing","Impervious","Feel No Pain","Dark Embrace","Shockwave","Juggernaut","Iron Wave","Metallicize","True Grit+1","Shrug It Off","Thinking Ahead+1","Armaments+1","Shrug It Off","Seeing Red+1","Entrench+1","Immolate","Headbutt+1","Dual Wield+1","Shockwave+1","True Grit+1","Disarm","Impervious","Battle Trance+1"],"relics":["Burning Blood","Juzu Bracelet","Pear","Bird Faced Urn","Whetstone","Runic Dome","Mummified Hand","Happy Flower","Bottled Flame","Meat on the Bone","Centennial Puzzle","Mark of Pain","Self Forming Clay","Oddly Smooth Stone","Prayer Wheel","Bag of Preparation"],"acts_visited":["Exordium","TheCity","TheBeyond"],"potions_floor_usage":[50,50],"damage_taken":[{"damage":9.0,"enemies":"Cultist","floor":1.0,"turns":5.0},{"damage":8.0,"enemies":"Small Slimes","floor":2.0,"turns":5.0},{"damage":4.0,"enemies":"Jaw Worm","floor":4.0,"turns":4.0},{"damage":5.0,"enemies":"Gremlin Gang","floor":5.0,"turns":6.0},{"damage":12.0,"enemies":"3 Sentries","floor":7.0,"turns":4.0},{"damage":5.0,"enemies":"2 Fungi Beasts","floor":8.0,"turns":6.0},{"damage":29.0,"enemies":"Gremlin Nob","floor":10.0,"turns":5.0},{"damage":32.0,"enemies":"3 Sentries","floor":13.0,"turns":5.0},{"damage":21.0,"enemies":"Lots of Slimes","floor":14.0,"turns":8.0},{"damage":35.0,"enemies":"Hexaghost","floor":16.0,"turns":9.0},{"damage":2.0,"enemies":"Chosen","floor":18.0,"turns":5.0},{"damage":58.0,"enemies":"Slavers","floor":23.0,"turns":5.0},{"damage":8.0,"enemies":"Book of Stabbing","floor":27.0,"turns":5.0},{"damage":37.0,"enemies":"Gremlin Leader","floor":29.0,"turns":5.0},{"damage":7.0,"enemies":"Spheric Guardian","floor":31.0,"turns":4.0},{"damage":16.0,"enemies":"Champ","floor":33.0,"turns":13.0},{"damage":12.0,"enemies":"3 Shapes","floor":35.0,"turns":5.0},{"damage":8.0,"enemies":"3 Darklings","floor":36.0,"turns":3.0},{"damage":35.0,"enemies":"Jaw Worm Horde","floor":37.0,"turns":6.0},{"damage":12,"enemies":"4 Shapes","floor":38,"turns":4},{"damage":58,"enemies":"Nemesis","floor":40,"turns":7},{"damage":0,"enemies":"Maw","floor":41,"turns":6},{"damage":22,"enemies":"Jaw Worm Horde","floor":42,"turns":4},{"damage":15,"enemies":"3 Darklings","floor":44,"turns":7},{"damage":58,"enemies":"Reptomancer","floor":45,"turns":9},{"damage":9,"enemies":"Time Eater","floor":50,"turns":6}],"seed_played":"8666267497312715856","potions_obtained":[{"floor":4.0,"key":"DistilledChaos"},{"floor":5.0,"key":"FearPotion"},{"floor":7.0,"key":"Energy Potion"},{"floor":10.0,"key":"BloodPotion"},{"floor":16.0,"key":"Dexterity Potion"},{"floor":27.0,"key":"PowerPotion"},{"floor":29.0,"key":"Regen Potion"},{"floor":31.0,"key":"Weak Potion"},{"floor":37.0,"key":"Weak Potion"},{"floor":39,"key":"Energy Potion"},{"floor":39,"key":"Fire Potion"},{"floor":42,"key":"Dexterity Potion"}],"is_trial":false,"path_per_floor":["M","M","$","M","M","R","E","M","T","E","?","R","E","M","R","B",null,"M","?","$","?","?","E","R","$","T","E","R","E","R","M","R","B",null,"M","M","M","M","?","E","M","M","T","M","E","R","$","?","R","B",null],"character_chosen":"IRONCLAD","items_purchased":["Evolve","Metallicize","True Grit","Mummified Hand","Thinking Ahead","Armaments","Battle Trance","Bag of Preparation"],"campfire_rested":1,"item_purchase_floors":[3,20,20,20,25,25,47,47],"current_hp_per_floor":[77,75,75,77,78,78,72,73,83,60,53,53,35,42,69,50,90,90,90,90,90,90,50,50,50,50,60,60,55,55,64,64,83,90,90,90,73,77,77,57,77,77,77,88,58,58,58,58,58,77],"gold":5,"neow_bonus":"ONE_RANDOM_RARE_CARD","is_daily":false,"chose_seed":false,"campfire_upgraded":8,"win_rate":0.0,"timestamp":1610794040,"path_taken":["M","M","$","M","M","R","E","M","T","E","?","R","E","M","R","BOSS","M","?","$","?","?","E","R","$","T","E","R","E","R","M","R","BOSS","M","M","M","M","?","E","M","M","T","M","E","R","$","?","R","BOSS"],"items_purchased_type":["Card","Card","Card","Relic","Card","Card","Card","Relic"],"build_version":"2020-12-22","purchased_purges":2,"victory":true,"max_hp_per_floor":[80,80,80,80,80,80,80,80,90,90,90,90,90,90,90,90,90,90,90,90,90,90,90,90,90,90,90,90,90,90,90,90,90,90,90,90,90,90,90,90,90,90,90,90,90,90,90,90,90,90],"relic_stats":{"Happy Flower":[28],"counters":[26,151],"Self Forming Clay":[42],"Juzu Bracelet":2,"Bag of Preparation":[2],"Whetstone":["Strike_R","Strike_R"],"Burning Blood":144,"Centennial Puzzle":[33],"Mummified Hand":[115],"Bird Faced Urn":[236],"Prayer Wheel":0,"obtain_stats":[{"Pear":9,"Happy Flower":23,"Self Forming Clay":40,"Oddly Smooth Stone":43,"Juzu Bracelet":7,"Bag of Preparation":47,"Whetstone":13,"Burning Blood":0,"Runic Dome":17,"Bottled Flame":26,"Centennial Puzzle":29,"Mummified Hand":20,"Bird Faced Urn":10,"Prayer Wheel":45,"Mark of Pain":34,"Meat on the Bone":27},{"Pear":6,"Happy Flower":12,"Self Forming Clay":21,"Oddly Smooth Stone":23,"Juzu Bracelet":5,"Bag of Preparation":25,"Whetstone":8,"Burning Blood":0,"Runic Dome":10,"Bottled Flame":12,"Centennial Puzzle":14,"Mummified Hand":11,"Bird Faced Urn":7,"Prayer Wheel":25,"Mark of Pain":16,"Meat on the Bone":13},{"Pear":30,"Happy Flower":67,"Self Forming Clay":119,"Oddly Smooth Stone":129,"Juzu Bracelet":24,"Bag of Preparation":145,"Whetstone":40,"Burning Blood":0,"Runic Dome":57,"Bottled Flame":67,"Centennial Puzzle":77,"Mummified Hand":62,"Bird Faced Urn":35,"Prayer Wheel":145,"Mark of Pain":94,"Meat on the Bone":72}],"Meat on the Bone":24},"card_choices":[{"not_picked":["Searing Blow","Iron Wave"],"picked":"Body Slam","floor":1.0},{"not_picked":["Headbutt","Clothesline"],"picked":"Iron Wave","floor":2.0},{"not_picked":["Fire Breathing","Pommel Strike"],"picked":"Armaments","floor":4.0},{"not_picked":["Pummel","Thunderclap"],"picked":"Fire Breathing","floor":5.0},{"not_picked":["Iron Wave","Clothesline"],"picked":"Impervious","floor":7.0},{"not_picked":["Pummel","Dark Embrace"],"picked":"Entrench","floor":8.0},{"not_picked":["Demon Form","Evolve"],"picked":"Feel No Pain","floor":10.0},{"not_picked":["Anger","Perfected Strike"],"picked":"Shockwave","floor":13.0},{"not_picked":["Clothesline","Clash","Heavy Blade"],"picked":"SKIP","floor":14.0},{"not_picked":["Fiend Fire","Demon Form"],"picked":"Juggernaut","floor":16.0},{"not_picked":["Clothesline+1","Heavy Blade"],"picked":"Iron Wave","floor":18.0},{"not_picked":["Sword Boomerang","Dark Embrace+1"],"picked":"Shrug It Off","floor":23.0},{"not_picked":["Anger","Wild Strike+1"],"picked":"Shrug It Off","floor":27.0},{"not_picked":["Blood for Blood","Anger+1"],"picked":"Seeing Red","floor":29.0},{"not_picked":["Thunderclap","Bloodletting+1"],"picked":"Entrench+1","floor":31.0},{"not_picked":["Limit Break","Demon Form"],"picked":"Immolate","floor":33.0},{"not_picked":["Perfected Strike+1","Carnage"],"picked":"Feel No Pain","floor":35.0},{"not_picked":["Uppercut","Sword Boomerang"],"picked":"Headbutt+1","floor":36.0},{"not_picked":["Pommel Strike","Twin Strike+1"],"picked":"Dual Wield+1","floor":37.0},{"not_picked":["Thunderclap+1","Flex+1","Fire Breathing"],"picked":"SKIP","floor":38},{"not_picked":["Warcry","Brutality","Whirlwind+1"],"picked":"SKIP","floor":40},{"not_picked":["Combust+1","Thunderclap+1"],"picked":"Shockwave+1","floor":41},{"not_picked":["Anger+1","Searing Blow"],"picked":"True Grit+1","floor":42},{"not_picked":["Iron Wave+1","Dropkick+1"],"picked":"Disarm","floor":44},{"not_picked":["Combust+1","Cleave+1"],"picked":"Impervious","floor":45}],"player_experience":15158,"relics_obtained":[{"floor":7.0,"key":"Juzu Bracelet"},{"floor":9.0,"key":"Pear"},{"floor":10.0,"key":"Bird Faced Urn"},{"floor":13.0,"key":"Whetstone"},{"floor":23.0,"key":"Happy Flower"},{"floor":26.0,"key":"Bottled Flame"},{"floor":27.0,"key":"Meat on the Bone"},{"floor":29.0,"key":"Centennial Puzzle"},{"floor":40,"key":"Self Forming Clay"},{"floor":43,"key":"Oddly Smooth Stone"},{"floor":45,"key":"Prayer Wheel"}],"event_choices":[{"cards_removed":["Strike_R"],"damage_healed":0.0,"max_hp_gain":0.0,"max_hp_loss":0.0,"gold_gain":0.0,"event_name":"Golden Wing","player_choice":"Card Removal","floor":11.0,"gold_loss":0.0,"damage_taken":7.0},{"damage_healed":0.0,"max_hp_gain":0.0,"max_hp_loss":0.0,"gold_gain":0.0,"event_name":"Back to Basics","player_choice":"Simplicity","floor":19.0,"gold_loss":0.0,"damage_taken":0.0,"cards_upgraded":["Strike_R","Strike_R","Defend_R","Defend_R","Defend_R","Defend_R"]},{"damage_healed":0.0,"max_hp_gain":0.0,"max_hp_loss":0.0,"gold_gain":275.0,"event_name":"Golden Shrine","player_choice":"Desecrate","floor":21.0,"gold_loss":0.0,"damage_taken":0.0,"cards_obtained":["Regret"]},{"damage_healed":0.0,"max_hp_gain":0.0,"max_hp_loss":0.0,"gold_gain":0.0,"event_name":"Ghosts","player_choice":"Ignored","floor":22.0,"gold_loss":0.0,"damage_taken":0.0},{"damage_healed":0,"gold_gain":0,"player_choice":"Bought 3 Potions","damage_taken":0,"max_hp_gain":0,"max_hp_loss":0,"event_name":"The Woman in Blue","floor":39,"gold_loss":0},{"cards_removed":["Strike_R"],"damage_healed":0,"gold_gain":0,"player_choice":"Purged","damage_taken":0,"max_hp_gain":0,"max_hp_loss":0,"event_name":"Purifier","floor":48,"gold_loss":0}],"is_beta":false,"boss_relics":[{"not_picked":["Calling Bell","Tiny House"],"picked":"Runic Dome"},{"not_picked":["SlaversCollar","Runic Pyramid"],"picked":"Mark of Pain"}],"items_purged_floors":[25,47],"is_endless":false,"potions_floor_spawned":[4,5,7,10,16,27,29,31,37,40,42,45],"ascension_level":2}}