{"host":"u7y9frlpoazak2mn","time":1610841137,"event":{"mods":["2.2 Compatiblity","Aspiration","BaseMod","Better Altar","Better Match","Better Note","Better Sensory Stone","Better Third Choice","BetterRewards","Colored Map","Colored Powertips","Conspire","Dark Map","Energized Spire","GifTheSpireLib","Halation","Hubris","Infinite Spire","Lobotomy","LobotomyExtend","Mimic Mod","Minty Spire (QoL Compilation)","MostiFishMod","Rare Cards Sparkle","Relic Stats","Replay The Spire","Spicy Shops","Spikes Relics","StSLib","Stuff the Spire","The Blue Laboratory","The Construct","Transform Curses","Uncapped","Waifu the Spire","Wandering Minibosses","vexMod"],"gold_per_floor":[117,192,209,219,229,229,254,254,254,254,266,278,278,278,278,381,381,393,393,393,393,47,47,60,93,118,26,26,26,57,72,72,72,72],"floor_reached":33,"language":"ENG","playtime":1912,"items_purged":[],"score":383,"play_id":"79d81289-62c1-46bc-a03e-ba1f714cac87","local_time":"20210116185217","is_ascension_mode":true,"campfire_choices":[{"data":"infinitespire:OneForAll","floor":6,"key":"SMITH"},{"data":"Abandon","floor":8,"key":"SMITH"},{"floor":10,"key":"REST"},{"floor":15,"key":"REST"},{"data":"MostiFishMod:RacingGame","floor":23,"key":"SMITH"},{"data":"ReplayTheSpireMod:Muscle Training","floor":32,"key":"SMITH"}],"circlet_count":0,"master_deck":["Strike_R","Strike_R","Strike_R","Strike_R","Defend_R","Defend_R","Defend_R","Defend_R","Bash","StuffTheSpire:Incineration","Abandon+1","infinitespire:OneForAll+1","StuffTheSpire:BloodClot","Thunderclap","ReplayTheSpireMod:Muscle Training+1","Feel No Pain","MostiFishMod:RacingGame+1","Massacre+1","StuffTheSpire:Incineration","Fire Breathing+1","Fire Breathing+1","Flex+1","Flex+1","Run Through"],"relics":["Burning Blood","DaveBox","SynthV:TestCard","LetterFromLob","RedMistMask","StuffTheSpire:EmeraldSignet","Vajra","halation:EternalFortune","halation:Risk","aspiration:RitualStick","Chemical X","halation:NonexistentMirror","PreservedInsect","SnailShell","DianPoetry","hubris:BottledHeart","OriginationStaff"],"acts_visited":["Exordium","TheCity"],"potions_floor_usage":[3,5,30],"damage_taken":[{"damage":6,"enemies":"Cultist","floor":1,"turns":4},{"damage":1,"enemies":"infinitespire:Voidling","floor":3,"turns":3},{"damage":13,"enemies":"conspire:RoseBush","floor":4,"turns":2},{"damage":12,"enemies":"Large Slime","floor":5,"turns":1},{"damage":20,"enemies":"3 Sentries","floor":7,"turns":3},{"damage":18,"enemies":"3 Louse","floor":11,"turns":3},{"damage":17,"enemies":"2 Fungi Beasts","floor":12,"turns":3},{"damage":70,"enemies":"Fading Forest","floor":16,"turns":11},{"damage":6,"enemies":"3 Byrds","floor":18,"turns":2},{"damage":13,"enemies":"Spheric Guardian","floor":24,"turns":3},{"damage":23,"enemies":"Book of Stabbing","floor":25,"turns":3},{"damage":0,"enemies":"Nightmare","floor":30,"turns":5},{"damage":0,"enemies":"Centurion and Healer","floor":31,"turns":4},{"damage":0,"enemies":"hubris:MusketHawk","floor":33,"turns":3}],"seed_played":"2379817135632904736","potions_obtained":[{"floor":1,"key":"DuplicationPotion"},{"floor":3,"key":"Death Potion"},{"floor":18,"key":"blueLaboratory:SmithPotion"},{"floor":25,"key":"AttackPotion"}],"is_trial":false,"path_per_floor":["M","?","M","M","M","R","E","R","T","R","M","M","?","?","R","B",null,"M","?","?","?","$","R","M","E","T","$","M","?","NM","M","R","B"],"character_chosen":"IRONCLAD","items_purchased":["StuffTheSpire:Incineration","Chemical X","halation:NonexistentMirror","DianPoetry"],"campfire_rested":2,"item_purchase_floors":[22,22,22,27],"current_hp_per_floor":[80,72,77,70,64,64,50,50,50,74,66,55,55,58,82,24,83,83,66,66,66,66,66,59,42,42,42,42,1,1,1,1,1,1],"gold":72,"neow_bonus":"","is_daily":false,"chose_seed":false,"campfire_upgraded":4,"win_rate":0.0,"timestamp":1610841137,"path_taken":["M","?","M","M","?","R","E","R","T","R","M","M","?","?","R","BOSS","M","?","?","?","$","R","M","E","T","$","M","?","NM","M","R","BOSS"],"items_purchased_type":["Card","Relic","Relic","Relic"],"build_version":"2020-12-22","purchased_purges":0,"victory":false,"max_hp_per_floor":[80,80,80,80,80,80,80,80,80,80,80,80,80,83,83,83,83,83,83,83,83,83,83,83,83,83,83,83,1,1,1,1,1,1],"relic_stats":{"counters":[14,50],"PreservedInsect":50,"Chemical X":[1],"obtain_stats":[{"SnailShell":26,"DaveBox":0,"DianPoetry":27,"Vajra":9,"StuffTheSpire:EmeraldSignet":7,"PreservedInsect":25,"Burning Blood":0,"aspiration:RitualStick":19,"halation:NonexistentMirror":22,"SynthV:TestCard":1,"hubris:BottledHeart":29,"halation:EternalFortune":14,"RedMistMask":5,"LetterFromLob":1,"OriginationStaff":30,"Chemical X":22,"halation:Risk":17},{"SnailShell":11,"DaveBox":0,"DianPoetry":11,"Vajra":5,"StuffTheSpire:EmeraldSignet":5,"PreservedInsect":11,"Burning Blood":0,"aspiration:RitualStick":9,"halation:NonexistentMirror":9,"SynthV:TestCard":1,"hubris:BottledHeart":11,"halation:EternalFortune":7,"RedMistMask":4,"LetterFromLob":1,"OriginationStaff":12,"Chemical X":9,"halation:Risk":8},{"SnailShell":38,"DaveBox":0,"DianPoetry":38,"Vajra":13,"StuffTheSpire:EmeraldSignet":13,"PreservedInsect":38,"Burning Blood":0,"aspiration:RitualStick":32,"halation:NonexistentMirror":32,"SynthV:TestCard":4,"hubris:BottledHeart":38,"halation:EternalFortune":19,"RedMistMask":10,"LetterFromLob":4,"OriginationStaff":43,"Chemical X":32,"halation:Risk":30}],"Burning Blood":66,"aspiration:RitualStick":[0]},"card_choices":[{"not_picked":["Headbutt","Heavy Blade"],"picked":"StuffTheSpire:Incineration","floor":1},{"not_picked":["Sword Boomerang","Headbutt","Dark Embrace","Offering"],"picked":"Abandon","floor":3},{"not_picked":["Run Through","Whirlwind","ReplayReversal","Pommel Strike"],"picked":"infinitespire:OneForAll","floor":4},{"not_picked":["Clash","Sword Boomerang","Carnage","StuffTheSpire:Slingshot"],"picked":"StuffTheSpire:BloodClot","floor":5},{"not_picked":["conspire:Charge","True Grit","Headbutt","Heavy Blade"],"picked":"Thunderclap","floor":7},{"not_picked":["Perfected Strike","Feel No Pain","Iron Wave","ReplayTheSpireMod:Strike From Hell"],"picked":"ReplayTheSpireMod:Muscle Training","floor":11},{"not_picked":["Headbutt","Abandon","Havoc","Cleave"],"picked":"Feel No Pain","floor":12},{"not_picked":["MostiFishMod:CullingBlade","Immolate","MostiFishMod:Mania","Reaper"],"picked":"MostiFishMod:RacingGame","floor":16},{"not_picked":["Reckless Charge","Warcry","ReplayTheSpireMod:Corrosion Curse","StuffTheSpire:Slingshot"],"picked":"Massacre+1","floor":18},{"not_picked":["Massacre","Searing Blow","Intimidate","Clothesline","infinitespire:OneForAll"],"picked":"SKIP","floor":24},{"not_picked":["Clash+1","Run Through","True Grit","StuffTheSpire:Slingshot+1"],"picked":"Fire Breathing+1","floor":25},{"not_picked":["Twin Strike","Wild Strike","Fire Breathing","Ghostly Armor"],"picked":"Flex+1","floor":30},{"not_picked":["Wild Strike+1","Perfected Strike","Warcry","ReplayReversal"],"picked":"Run Through","floor":31}],"player_experience":298572,"relics_obtained":[{"floor":1,"key":"SynthV:TestCard"},{"floor":1,"key":"LetterFromLob"},{"floor":5,"key":"RedMistMask"},{"floor":7,"key":"StuffTheSpire:EmeraldSignet"},{"floor":9,"key":"Vajra"},{"floor":25,"key":"PreservedInsect"},{"floor":26,"key":"SnailShell"},{"floor":30,"key":"OriginationStaff"}],"event_choices":[{"damage_healed":0,"gold_gain":75,"player_choice":"Touch","damage_taken":8,"max_hp_gain":0,"max_hp_loss":0,"event_name":"FaceTrader","floor":2,"gold_loss":0},{"damage_healed":0,"gold_gain":0,"player_choice":"Leave","damage_taken":0,"max_hp_gain":0,"max_hp_loss":0,"event_name":"conspire:Investor","floor":20,"gold_loss":0}],"is_beta":false,"boss_relics":[{"not_picked":["vexMod:EndlessSickness","hubris:Backtick"],"picked":"halation:Risk"}],"items_purged_floors":[],"is_endless":false,"potions_floor_spawned":[1,3,18,25],"killed_by":"hubris:MusketHawk","ascension_level":3}}