{"host":"h3vysik1bw5w0dm6","time":1610810812,"event":{"mods":["AchievementEnabler","Aspiration","BaseMod","Better Note","Better Sensory Stone","Better Vampires","BetterRewards","Colored Powertips","Conspire","Friendly Minions","Googly Eyes","Gremlin Skip","Halation","Infinite Spire","Mad Scientist","Minty Spire (QoL Compilation)","Quick Restart","Replay The Spire","Shop Mod","StSLib"],"gold_per_floor":[112,122,137,137,150,189,437,437,462,485,660,660,685,698,698,819,819,838,856,881,881,881,881,915,915,915,946,946,982,998,556,556,684,984,1002,1065,1065,1090,1110,519,542,542,542,556,556,581,619,619,619,619,619],"floor_reached":50,"language":"ENG","playtime":3337,"items_purged":["Dualcast","Zap","Strike_B"],"score":684,"play_id":"826fdbdb-7041-4c65-977d-1073d83e36f5","local_time":"20210116162652","is_ascension_mode":false,"campfire_choices":[{"data":"Panic Button","floor":23,"key":"SMITH"},{"floor":25,"key":"REST"},{"data":"Pot Of Greed","floor":42,"key":"SMITH"},{"floor":45,"key":"REST"},{"data":"Pot Of Greed","floor":49,"key":"SMITH"}],"circlet_count":0,"master_deck":["Strike_B","Strike_B","Strike_B","Defend_B","Defend_B","Defend_B","Defend_B","Gash","Gash","Leap","Panic Button+1","Hologram","Gash","White Noise+1","Gash+1","White Noise+1","Hologram+1","Gash","FTL+1","Anger","ReplayTheSpireMod:Reroute Power","CurseOfTheBell","Pot Of Greed","Pot Of Greed+1","Violence","Pot Of Greed+1","ForeignInfluence+1","Crescendo","Thinking Ahead"],"relics":["Cracked Core","aspiration:Nostalgia","Sizzling Blood","Golden Idol","aspiration:ArtOfWarUpgrade","aspiration:ChemicalBlood","conspire:RunicOctahedron","Prayer Wheel","ReplayTheSpireMod:Lightbulb","infinitespire:FocusingShard","aspiration:SeaSaltIceCream","aspiration:Nostalgia","Iron Core","conspire:DecoderRing","aspiration:FaultyCoupler","PrismaticShard","Replay:Grab Bag","Busted Crown","Philosopher\u0027s Stone","Calling Bell","Grinning Jar","infinitespire:Broken Mirror","Old Coin","Ice Cream","Replay:Mystery Machine","TheAbacus","Frozen Egg 2","Gambling Chip"],"acts_visited":["Exordium","TheCity","TheBeyond"],"potions_floor_usage":[16,16,18,18,19,20,27,27,27,29,38,38,44,47],"damage_taken":[{"damage":1.0,"enemies":"Jaw Worm","floor":1.0,"turns":3.0},{"damage":5.0,"enemies":"Small Slimes","floor":2.0,"turns":3.0},{"damage":1.0,"enemies":"Cultist","floor":3.0,"turns":3.0},{"damage":2.0,"enemies":"Looter","floor":5.0,"turns":4.0},{"damage":22.0,"enemies":"Gremlin Nob","floor":6.0,"turns":5.0},{"damage":7.0,"enemies":"conspire:2 RoseBushes","floor":10.0,"turns":6.0},{"damage":9.0,"enemies":"Gremlin Gang","floor":13.0,"turns":6.0},{"damage":0.0,"enemies":"Looter","floor":14.0,"turns":4.0},{"damage":19,"enemies":"Hexaghost","floor":16,"turns":8},{"damage":0,"enemies":"Spheric Guardian","floor":18,"turns":3},{"damage":10,"enemies":"3 Byrds","floor":19,"turns":3},{"damage":9,"enemies":"Snecko","floor":20,"turns":5},{"damage":25,"enemies":"Book of Stabbing","floor":24,"turns":4},{"damage":4,"enemies":"Gremlin Leader","floor":27,"turns":4},{"damage":1,"enemies":"conspire:Head Lice","floor":29,"turns":3},{"damage":4,"enemies":"Snake Plant","floor":30,"turns":2},{"damage":21,"enemies":"Automaton","floor":33,"turns":5},{"damage":0,"enemies":"3 Shapes","floor":35,"turns":2},{"damage":0,"enemies":"Mind Bloom Boss Battle","floor":36,"turns":3},{"damage":0,"enemies":"3 Darklings","floor":38,"turns":2},{"damage":0,"enemies":"Transient","floor":39,"turns":5},{"damage":0,"enemies":"Spire Growth","floor":41,"turns":2},{"damage":0,"enemies":"Jaw Worm Horde","floor":44,"turns":1},{"damage":0,"enemies":"3 Darklings","floor":46,"turns":2},{"damage":0,"enemies":"Nightmare","floor":47,"turns":2},{"damage":139,"enemies":"conspire:OrnateMirror","floor":50,"turns":1}],"seed_played":"-4931013467101561549","potions_obtained":[{"floor":5.0,"key":"Block Potion"},{"floor":10.0,"key":"Elixir"},{"floor":14.0,"key":"Strength Potion"},{"floor":16,"key":"Explosive Potion"},{"floor":18,"key":"EssenceOfDarkness"},{"floor":24,"key":"SteroidPotion"},{"floor":27,"key":"AttackPotion"},{"floor":37,"key":"PowerPotion"},{"floor":37,"key":"Strength Potion"},{"floor":38,"key":"SpeedPotion"},{"floor":39,"key":"SteroidPotion"},{"floor":44,"key":"Energy Potion"},{"floor":47,"key":"PowerPotion"}],"is_trial":false,"path_per_floor":["M","M","M","?","M","E","?","R","T","M","?","?","M","M","R","B",null,"M","M","M","?","AVR","R","E","R","T","E","?","E","M","$","R","B",null,"M","?","?","M","M","$","M","R","T","M","R","M","NM","?","R","B"],"character_chosen":"DEFECT","items_purchased":["aspiration:FaultyCoupler","Anger","ReplayTheSpireMod:Reroute Power","Replay:Mystery Machine","Violence","TheAbacus"],"campfire_rested":2,"item_purchase_floors":[31,31,31,40,40,40],"current_hp_per_floor":[79,78,79,60,62,44,44,44,44,41,41,41,36,40,40,25,79,79,73,68,68,68,68,47,70,70,70,70,73,73,73,65,48,79,79,79,79,79,79,79,79,79,79,79,79,79,79,79,79,0,0],"gold":619,"neow_bonus":"NOSTALGIA","is_daily":false,"chose_seed":false,"campfire_upgraded":3,"win_rate":0.0,"timestamp":1610810812,"path_taken":["M","M","M","?","M","E","?","R","T","M","?","?","?","M","R","BOSS","M","M","M","?","AVR","R","E","R","T","E","?","E","M","$","R","BOSS","M","?","?","M","M","$","?","R","T","M","R","M","NM","?","R","BOSS"],"items_purchased_type":["Relic","Card","Card","Relic","Card","Relic"],"build_version":"2020-12-22","purchased_purges":3,"victory":false,"max_hp_per_floor":[79,79,79,79,79,79,79,79,79,79,79,79,79,79,79,79,79,79,79,79,79,79,79,79,79,79,79,79,79,79,79,79,79,79,79,79,79,79,79,79,79,79,79,79,79,79,79,79,79,79,79],"card_choices":[{"not_picked":["Panic Button","Rebound"],"picked":"Gash","floor":1.0},{"not_picked":["Steam","Conserve Battery","Rebound"],"picked":"SKIP","floor":2.0},{"not_picked":["Beam Cell","Darkness","Steam"],"picked":"SKIP","floor":3.0},{"not_picked":["Compile Driver","Undo","Glacier"],"picked":"SKIP","floor":5.0},{"not_picked":["ReplayTheSpireMod:Repulse","Capacitor"],"picked":"Gash","floor":6.0},{"not_picked":["Capacitor","Heatsinks"],"picked":"Leap","floor":7.0},{"not_picked":["Redo","Barrage"],"picked":"Panic Button","floor":10.0},{"not_picked":["Static Discharge","Echo Form"],"picked":"Hologram","floor":13.0},{"not_picked":["Panic Button","Conserve Battery"],"picked":"Gash","floor":14.0},{"not_picked":["Echo Form","Reboot"],"picked":"ReplayTheSpireMod:Fabricate Wheel","floor":16},{"not_picked":["Stack","Hyperbeam"],"picked":"White Noise+1","floor":18},{"not_picked":["Streamline","Cold Snap","ReplayTheSpireMod:GoodbyeWorld"],"picked":"SKIP","floor":18},{"not_picked":["Ball Lightning","Go for the Eyes"],"picked":"Gash+1","floor":19},{"not_picked":["Tempest","White Noise+1","Sweeping Beam+1"],"picked":"SKIP","floor":19},{"not_picked":["Tempest","Sweeping Beam+1"],"picked":"White Noise+1","floor":19},{"not_picked":["Conserve Battery","Compile Driver"],"picked":"Hologram+1","floor":20},{"not_picked":["Fusion","Stack","Redo+1"],"picked":"SKIP","floor":20},{"not_picked":["Coolheaded+1","ReplayTheSpireMod:System Scan"],"picked":"Gash","floor":24},{"not_picked":["Turbo+1","Sweeping Beam","Rip and Tear"],"picked":"SKIP","floor":27},{"not_picked":["ReplayReversal","White Noise","Core Surge"],"picked":"SKIP","floor":29},{"not_picked":["Turbo","Conserve Battery+1"],"picked":"FTL+1","floor":30},{"not_picked":["Heavy Blade","Body Slam+1","Steam"],"picked":"SKIP","floor":30},{"not_picked":["Barrage"],"picked":"SKIP","floor":35},{"not_picked":["Consecrate+1"],"picked":"SKIP","floor":35},{"not_picked":["MadScienceMod:FlameCannon+1"],"picked":"SKIP","floor":38},{"not_picked":["conspire:DoublingDagger"],"picked":"SKIP","floor":38},{"not_picked":["Replay:Sssssssssshield"],"picked":"SKIP","floor":39},{"not_picked":["MadScienceMod:AcidSpray"],"picked":"SKIP","floor":39},{"not_picked":[],"picked":"ForeignInfluence+1","floor":41},{"not_picked":["ThirdEye"],"picked":"SKIP","floor":41},{"not_picked":["Hidden Blade"],"picked":"SKIP","floor":44},{"not_picked":["Quick Slash"],"picked":"SKIP","floor":44},{"not_picked":["Deadly Poison+1"],"picked":"SKIP","floor":46},{"not_picked":["MadScienceMod:EnergyBarrier+1"],"picked":"SKIP","floor":46},{"not_picked":[],"picked":"Crescendo","floor":47},{"not_picked":[],"picked":"Thinking Ahead","floor":48}],"player_experience":344169,"relics_obtained":[{"floor":6.0,"key":"Art of War"},{"floor":9.0,"key":"aspiration:ChemicalBlood"},{"floor":24,"key":"ReplayTheSpireMod:Lightbulb"},{"floor":26,"key":"infinitespire:FocusingShard"},{"floor":27,"key":"aspiration:SeaSaltIceCream"},{"floor":29,"key":"conspire:DecoderRing"},{"floor":32,"key":"PrismaticShard"},{"floor":34,"key":"Grinning Jar"},{"floor":34,"key":"infinitespire:Broken Mirror"},{"floor":34,"key":"Old Coin"},{"floor":36,"key":"Ice Cream"},{"floor":43,"key":"Frozen Egg 2"},{"floor":47,"key":"Gambling Chip"}],"event_choices":[{"damage_healed":0.0,"max_hp_gain":0.0,"max_hp_loss":0.0,"gold_gain":0.0,"event_name":"Golden Idol","player_choice":"Take Damage","floor":4.0,"gold_loss":0.0,"damage_taken":19.0,"relics_obtained":["Golden Idol"]},{"damage_healed":0.0,"max_hp_gain":0.0,"max_hp_loss":0.0,"gold_gain":175.0,"event_name":"Liars Game","player_choice":"AGREE","floor":11.0,"gold_loss":0.0,"damage_taken":0.0,"cards_obtained":["Doubt"]},{"damage_healed":0.0,"max_hp_gain":0.0,"max_hp_loss":0.0,"gold_gain":0.0,"event_name":"Dead Adventurer","player_choice":"Searched \u00271\u0027 times","floor":12.0,"gold_loss":0.0,"damage_taken":0.0},{"cards_removed":["Doubt"],"damage_healed":0,"gold_gain":0,"player_choice":"Purged","damage_taken":0,"max_hp_gain":0,"max_hp_loss":0,"event_name":"Purifier","floor":21,"gold_loss":0},{"damage_healed":0,"gold_gain":0,"player_choice":"Ignored","damage_taken":0,"max_hp_gain":0,"max_hp_loss":0,"event_name":"betterNote:BetterNote","floor":28,"gold_loss":0,"cards_obtained":["Seek"]},{"damage_healed":0,"gold_gain":0,"player_choice":"Fight","damage_taken":0,"max_hp_gain":0,"max_hp_loss":0,"event_name":"MindBloom","floor":36,"gold_loss":0},{"damage_healed":0,"gold_gain":0,"player_choice":"Got Potions","damage_taken":0,"max_hp_gain":0,"max_hp_loss":0,"event_name":"Lab","floor":37,"gold_loss":0},{"damage_healed":0,"gold_gain":3,"player_choice":"1","damage_taken":0,"max_hp_gain":0,"max_hp_loss":0,"event_name":"betterStone:BetterStone","floor":48,"gold_loss":0}],"is_beta":false,"boss_relics":[{"not_picked":["Sozu","Painkiller Herb"],"picked":"conspire:RunicOctahedron"},{"not_picked":["SacredBark","Tiny House"],"picked":"Replay:Grab Bag"},{"not_picked":["ChewingGum","halation:SmartPhone"],"picked":"Busted Crown"},{"not_picked":["conspire:RoyalGoblet","Cursed Key"],"picked":"Philosopher\u0027s Stone"},{"not_picked":["halation:PinkAlligatorPlush","aspiration:RitualDagger"],"picked":"Calling Bell"}],"items_purged_floors":[22,31,40],"is_endless":false,"potions_floor_spawned":[5,10,14,16,18,24,27,38,39,41,44,47],"killed_by":"conspire:OrnateMirror","ascension_level":0}}