{"host":"oc01m10dqg0gjqug","time":1610810086,"event":{"mods":["100% Spire Juice","ATMod(°¢èªMod)","Act Like it!","Alarm Clock","Aspiration","BaseMod","CapriCore","Chen","Colored Powertips","Conspire","Dota2Spire","Faster Ascension Climbing","Gensokyo","Hubris","Koishi","KomeijiMod","Marisa£¨ìFÓê¡¡Ä§ÀíÉ³£©","Minty Spire (QoL Compilation)","MostiFishMod","Prisma Mod","Quarter Circle Forward PUNCH!","Quick Restart","Reimu£¨²©ÀöÁéÃÎ£©","Relic Stats","Replay The Spire","RumiaBox-Â¶Ã×æ«µÄÉñÃØºÐ×Ó","RyuuouÁúÍõ","Shop Mod","Spicy Shops","StSLib","TestMod","The Administrix","The Animator","The Immortal","Uncapped","Voiceroid Mod","Yakumo Yukari mod","Youmu£¨»êÆÇÑýÃÎ£©","Yuyuko","[IsaacMod]ÒÔÈö¼âËþ","vexMod","¡¾¹¦ÄÜMod¡¿»ìãçÖ®»·ÐÞ¸´²¹¶¡","¡¾¹¦ÄÜMod¡¿´ÏÃ÷µÄ×îÖÕBoss","¡¾ÒÅÎï¿¨ÅÆ¡¿REMEMod","óô»ðÖ¸ÄÏ"],"gold_per_floor":[109,109,509,526,61,86,86,102,102,102,122,18,29,29,29,132,132,352,352,366,382,400,400,166,166,189,345,345,345,345,59,59,251,251,343,343,253,147,256,440,466,466,493,552,402,497,322,398,46,210,210,210,54,143,460],"floor_reached":56,"language":"ZHS","playtime":5435,"items_purged":["Moonworks:Strike","Moonworks:Strike","Moonworks:Strike","Doubt","Moonworks:Strike","Moonworks:Defend"],"score":1418,"play_id":"e34e50d3-2019-4e7c-907f-c64fe74c1758","local_time":"20210116231446","is_ascension_mode":false,"campfire_choices":[{"data":"Moonworks:x16BigRocket","floor":7,"key":"SMITH"},{"data":"Moonworks:x16BigRocket+1","floor":10,"key":"SMITH"},{"data":"Moonworks:SakisCookie","floor":15,"key":"SMITH"},{"data":"Moonworks:x16BigRocket+2","floor":23,"key":"SMITH"},{"data":"Moonworks:JonathanRush","floor":25,"key":"SMITH"},{"data":"Moonworks:NicePresent","floor":32,"key":"SMITH"},{"floor":42,"key":"RECALL"},{"data":"Moonworks:NicePresent+1","floor":52,"key":"SMITH"}],"circlet_count":0,"master_deck":["Moonworks:Defend+1","Moonworks:Defend+1","Moonworks:Defend","Moonworks:Ambush","Moonworks:LongDistanceShot","Moonworks:x16BigRocket+3","Moonworks:SakisCookie+1","Moonworks:SubspaceTunnel+1","Moonworks:NicePresent+2","Moonworks:Encore+1","Moonworks:JonathanRush+1","Moonworks:DeployBits+1","Moonworks:LuckyCharm","Moonworks:JonathanRush","Moonworks:JonathanRush+1","Moonworks:CrystalBarrier+1","Gensokyo:GreaterSplit","Gensokyo:CustomPotion","Moonworks:JonathanRush+1","Moonworks:NicePresent+1","Moonworks:BackdoorTrade+1"],"relics":["Moonworks:BrokenBomb","Moonworks:Homemark","DaveBox","testmod-TestBox","HushsDoor","REME_ComplimentaryCards","NeowsBlessing","BrkXgEgg","testmod-BlackFramedGlasses","BFFS","SynthV:TestCard","Gensokyo:OccultBall","BionicSphere","Pocketwatch","Dota2Spire:Desolator","REME_LowDesire","Tiny Chest","Dota2Spire:ArmletOfMordiggian","hubris:Towel","BargainBundle","AT_MibuBalloonWealth","Regal Pillow","Mercury Hourglass","REME_ArchaeologicalTools","conspire:InfiniteJournal","RedLine:ReiMu","Iron Hammer","hubris:SlimyHat","testmod-AssaultLearning","AT_ArchangelStaff","Simple Rune"],"acts_visited":["Gensokyo:Gensokyo","Gensokyo:Gensokyoer","Gensokyo:Gensokyoest","TheEnding"],"potions_floor_usage":[16,33,55,55,55],"damage_taken":[{"damage":0,"enemies":"Gensokyo:2_Kodama","floor":1,"turns":1},{"damage":0,"enemies":"Gensokyo:Python","floor":4,"turns":1},{"damage":0,"enemies":"Gensokyo:Aya","floor":6,"turns":1},{"damage":0,"enemies":"Gensokyo:3_Fairies","floor":8,"turns":4},{"damage":0,"enemies":"Gensokyo:2_Rabbits","floor":11,"turns":4},{"damage":3,"enemies":"Gensokyo:VengefulSpirit","floor":13,"turns":3},{"damage":28,"enemies":"Gensokyo:Yukari","floor":16,"turns":9},{"damage":2,"enemies":"Gensokyo:AngelMirror","floor":18,"turns":4},{"damage":0,"enemies":"Gensokyo:Chomper","floor":20,"turns":4},{"damage":0,"enemies":"Gensokyo:Monolith_and_Dog","floor":21,"turns":1},{"damage":0,"enemies":"Gensokyo:3_Gloops","floor":22,"turns":5},{"damage":16,"enemies":"Gensokyo:Reisen","floor":27,"turns":8},{"damage":31,"enemies":"Gensokyo:Eternal_Rivals","floor":33,"turns":9},{"damage":0,"enemies":"Gensokyo:3_Boulders","floor":35,"turns":5},{"damage":0,"enemies":"Gensokyo:3_Bats","floor":39,"turns":3},{"damage":10,"enemies":"Gensokyo:Kasen","floor":40,"turns":8},{"damage":0,"enemies":"Gensokyo:SeedOfUnknown","floor":44,"turns":4},{"damage":0,"enemies":"Gensokyo:3_Boulders","floor":46,"turns":3},{"damage":0,"enemies":"Gensokyo:Dusk_and_Dawn","floor":48,"turns":4},{"damage":0,"enemies":"Gensokyo:Yuyuko","floor":50,"turns":9},{"damage":45,"enemies":"Shield and Spear","floor":54,"turns":5},{"damage":3,"enemies":"Delirium","floor":55,"turns":42}],"seed_played":"1804106954236901427","potions_obtained":[{"floor":6,"key":"Fire Potion"},{"floor":16,"key":"Dota2Spire:Clarity"},{"floor":18,"key":"SkillPotion"},{"floor":27,"key":"ZuzhouPotion:ReiMu"},{"floor":39,"key":"LifebloodPotion"},{"floor":54,"key":"Regen Potion"}],"is_trial":false,"path_per_floor":["M","?","?","M","$","E","R","M","T","R","M","COS","M","?","R","B",null,"M","?","M","M","M","R","$","R","T","E","?","T","?","$","R","B",null,"M","?","?","COS","M","E","T","R","T","M","$","M","$","M","R","B",null,"R","$","E","B",null],"character_chosen":"THE_STARBREAKER","items_purchased":["BionicSphere","BargainBundle","Moonworks:LuckyCharm","Moonworks:JonathanRush","conspire:InfiniteJournal","testmod-AssaultLearning","AT_ArchangelStaff"],"campfire_rested":0,"item_purchase_floors":[5,24,24,24,31,49,53],"current_hp_per_floor":[60,60,60,60,60,60,60,60,60,60,60,60,60,60,60,37,60,59,59,60,60,60,60,60,60,60,46,46,46,46,46,46,27,56,56,56,56,56,56,52,52,52,52,56,56,56,56,56,56,56,56,56,56,15,56],"gold":460,"neow_bonus":"THREE_ENEMY_KILL","is_daily":false,"chose_seed":false,"campfire_upgraded":7,"win_rate":0.0,"timestamp":1610810086,"path_taken":["M","?","?","M","$","E","R","?","T","R","M","COS","M","?","R","BOSS","M","?","M","?","M","R","$","R","T","E","?","?","?","$","R","BOSS","M","?","?","COS","M","E","?","R","T","M","?","M","$","M","R","BOSS","R","$","E","BOSS"],"items_purchased_type":["Relic","Relic","Card","Card","Relic","Relic","Relic"],"build_version":"2020-12-22","purchased_purges":6,"victory":true,"max_hp_per_floor":[60,60,60,60,60,60,60,60,60,60,60,60,60,60,60,60,60,60,60,60,60,60,60,60,60,60,60,56,56,56,56,56,56,56,56,56,56,56,56,56,56,56,56,56,56,56,56,56,56,56,56,56,56,56,56],"relic_stats":{"Regal Pillow":0,"counters":[22,137],"Tiny Chest":2,"obtain_stats":[{"Regal Pillow":27,"AT_ATBox":0,"DaveBox":0,"Dota2Spire:ArmletOfMordiggian":17,"AT_MibuBalloonWealth":26,"hubris:SlimyHat":43,"AT_ArchangelStaff":53,"testmod-BlackFramedGlasses":0,"BFFS":0,"conspire:InfiniteJournal":31,"RedLine:ReiMu":34,"Gensokyo:OccultBall":2,"Tiny Chest":17,"Iron Hammer":40,"REME_ArchaeologicalTools":29,"REME_LowDesire":17,"KeepersGift":0,"BargainBundle":24,"testmod-TestBox":0,"NeowsBlessing":0,"BrkXgEgg":0,"hubris:Towel":19,"Mercury Hourglass":28,"SynthV:TestCard":1,"Moonworks:Homemark":0,"BionicSphere":5,"testmod-AssaultLearning":49,"Simple Rune":54,"HushsDoor":0,"Moonworks:BrokenBomb":0,"REME_ComplimentaryCards":0,"Pocketwatch":6,"Dota2Spire:Desolator":9},{"Regal Pillow":12,"AT_ATBox":0,"DaveBox":0,"Dota2Spire:ArmletOfMordiggian":7,"AT_MibuBalloonWealth":11,"hubris:SlimyHat":16,"AT_ArchangelStaff":20,"testmod-BlackFramedGlasses":0,"BFFS":0,"conspire:InfiniteJournal":12,"RedLine:ReiMu":13,"Gensokyo:OccultBall":1,"Tiny Chest":7,"Iron Hammer":16,"REME_ArchaeologicalTools":12,"REME_LowDesire":7,"KeepersGift":0,"BargainBundle":11,"testmod-TestBox":0,"NeowsBlessing":0,"BrkXgEgg":0,"hubris:Towel":8,"Mercury Hourglass":12,"SynthV:TestCard":1,"Moonworks:Homemark":0,"BionicSphere":2,"testmod-AssaultLearning":19,"Simple Rune":21,"HushsDoor":0,"Moonworks:BrokenBomb":0,"REME_ComplimentaryCards":0,"Pocketwatch":3,"Dota2Spire:Desolator":4},{"Regal Pillow":45,"AT_ATBox":0,"DaveBox":0,"Dota2Spire:ArmletOfMordiggian":23,"AT_MibuBalloonWealth":37,"hubris:SlimyHat":70,"AT_ArchangelStaff":90,"testmod-BlackFramedGlasses":0,"BFFS":0,"conspire:InfiniteJournal":45,"RedLine:ReiMu":54,"Gensokyo:OccultBall":1,"Tiny Chest":23,"Iron Hammer":70,"REME_ArchaeologicalTools":45,"REME_LowDesire":23,"KeepersGift":0,"BargainBundle":37,"testmod-TestBox":0,"NeowsBlessing":0,"BrkXgEgg":0,"hubris:Towel":27,"Mercury Hourglass":45,"SynthV:TestCard":1,"Moonworks:Homemark":0,"BionicSphere":2,"testmod-AssaultLearning":81,"Simple Rune":95,"HushsDoor":0,"Moonworks:BrokenBomb":0,"REME_ComplimentaryCards":0,"Pocketwatch":3,"Dota2Spire:Desolator":7}],"Pocketwatch":[93],"Mercury Hourglass":[288]},"card_choices":[{"not_picked":["Moonworks:UnpaidWork","Moonworks:LulusLuckyEgg"],"picked":"Moonworks:x16BigRocket","floor":1},{"not_picked":["Moonworks:IndiscriminateFireSupport","Moonworks:FinalSurgery","Moonworks:BeyondHell","Moonworks:SealedMemories"],"picked":"Moonworks:SakisCookie","floor":4},{"not_picked":["Moonworks:SakisCookie","Moonworks:ImOnFire","Moonworks:NicePresent","Moonworks:ForcedRevival"],"picked":"Moonworks:SubspaceTunnel+1","floor":6},{"not_picked":["Moonworks:BigBangBell","Moonworks:ImOnFire","Moonworks:JonathanRush","Moonworks:Assault","Moonworks:SakisCookie"],"picked":"SKIP","floor":8},{"not_picked":["Moonworks:Dash","Moonworks:EvilSpyWorkPreparation","Moonworks:DeployBits","Moonworks:Poppoformation"],"picked":"Moonworks:NicePresent","floor":11},{"not_picked":["Moonworks:BigMagnum","Moonworks:EvilSpyWorkPreparation","Moonworks:NicePresent","Moonworks:UnpaidWork","Moonworks:LulusLuckyEgg"],"picked":"SKIP","floor":13},{"not_picked":["Moonworks:StarBlastingFuse+1","Moonworks:SinkOrSwim+1","Moonworks:MeltingMemories+1","Moonworks:PlushieMaster+1"],"picked":"Moonworks:Encore+1","floor":16},{"not_picked":["Moonworks:EvilSpyWorkPreparation","Moonworks:LulusLuckyEgg","Moonworks:WindyEnchantment","Moonworks:BigMagnum","Moonworks:UnpaidWork","MostiFishMod:ElfcollectionBox+1"],"picked":"SKIP","floor":18},{"not_picked":["Moonworks:CloudOfSeagulls","Moonworks:NicePresent","Moonworks:LulusLuckyEgg","Moonworks:Poppoformation","Mind Blast"],"picked":"Moonworks:JonathanRush+1","floor":20},{"not_picked":["Moonworks:Bloodlust","Moonworks:WindyEnchantment","Moonworks:IndiscriminateFireSupport","Moonworks:BigBangBell","testmod-WeaknessCounterattack"],"picked":"Moonworks:DeployBits+1","floor":21},{"not_picked":["Moonworks:OutOfAmmo+1","Moonworks:DeployBits","Moonworks:BigBangBell","Moonworks:BeyondHell","Moonworks:CloudOfSeagulls","REME_ProfessionalPlagiarism+1"],"picked":"SKIP","floor":22},{"not_picked":["Moonworks:DevilHand","Moonworks:ExtendedPhotonRifle","Moonworks:MiracleWalker","Moonworks:Encore+1","Moonworks:BigMagnum","testmod-LifeRuler+1"],"picked":"SKIP","floor":27},{"not_picked":["Moonworks:MeltingMemories+1","Moonworks:GoAway+1","Moonworks:StarBlastingFuse+1","Moonworks:AccelHyper+1","Sadistic Nature+1"],"picked":"Moonworks:CrystalBarrier+1","floor":33},{"not_picked":["Moonworks:LulusLuckyEgg","Moonworks:BindingChains+1","Moonworks:CloudOfSeagulls+1","Moonworks:EvilSpyWorkPreparation+1","Moonworks:SakisCookie","MostiFishMod:Kaleido+1"],"picked":"SKIP","floor":35},{"not_picked":["Moonworks:PlushieMaster+1","Moonworks:IndiscriminateFireSupport+1","Moonworks:Assault+1","Moonworks:NicePresent","MostiFishMod:Awakening+1"],"picked":"Moonworks:JonathanRush+1","floor":39},{"not_picked":["Moonworks:AwakeningOfTalent","Moonworks:CloudOfSeagulls+1","Moonworks:SakisCookie+1","Moonworks:IntelligenceOfficer","Moonworks:DeployBits","REME_BodyOfCthun+1"],"picked":"SKIP","floor":40},{"not_picked":["Moonworks:ImOnFire+1","Moonworks:RagingMadness","Moonworks:IndiscriminateFireSupport+1","Moonworks:SakisCookie+1","Moonworks:BackdoorTrade","testmod-Wormhole+1"],"picked":"SKIP","floor":44},{"not_picked":["Moonworks:CloudOfSeagulls+1","Moonworks:JonathanRush","Moonworks:MiracleWalker","Moonworks:EvilSpyWorkPreparation","Moonworks:SakisCookie+1","testmod-Wormhole+1"],"picked":"SKIP","floor":46},{"not_picked":["Moonworks:PlushieMaster+1","Moonworks:Flamethrower+1","Moonworks:Assault","Moonworks:DevilHand","testmod-BackupPower+1"],"picked":"Moonworks:NicePresent+1","floor":48},{"not_picked":["Moonworks:IndiscriminateFireSupport+1","Moonworks:LuckyCharm","Moonworks:EvilSpyWorkPreparation","Moonworks:TreasureThief","REME_PuzzleBox+1"],"picked":"Moonworks:BackdoorTrade+1","floor":54}],"player_experience":563692,"relics_obtained":[{"floor":1,"key":"SynthV:TestCard"},{"floor":6,"key":"Pocketwatch"},{"floor":9,"key":"Dota2Spire:Desolator"},{"floor":16,"key":"Gensokyo:OccultBall"},{"floor":17,"key":"Tiny Chest"},{"floor":17,"key":"Dota2Spire:ArmletOfMordiggian"},{"floor":21,"key":"Gensokyo:OccultBall"},{"floor":26,"key":"AT_MibuBalloonWealth"},{"floor":27,"key":"Regal Pillow"},{"floor":29,"key":"REME_ArchaeologicalTools"},{"floor":33,"key":"Gensokyo:OccultBall"},{"floor":40,"key":"Iron Hammer"},{"floor":43,"key":"hubris:SlimyHat"},{"floor":54,"key":"Simple Rune"}],"event_choices":[{"damage_healed":0,"gold_gain":400,"player_choice":"Sell","damage_taken":0,"max_hp_gain":0,"max_hp_loss":0,"event_name":"¶÷ÂåË¹µÄÅÌ×Ó","floor":3,"relics_lost":["AT_ATBox"],"gold_loss":0}],"is_beta":false,"boss_relics":[{"not_picked":["testmod-Temperance","vexMod:DeviousBotling"],"picked":"REME_LowDesire"},{"not_picked":[]},{"not_picked":["AddBug","RhineFirstAidKit"],"picked":"RedLine:ReiMu"},{"not_picked":[]}],"items_purged_floors":[5,5,24,45,47,49],"is_endless":false,"potions_floor_spawned":[6,16,18,27,39,40,44,54],"ascension_level":0}}