{"host":"yn5u65xaxuhqfd3k","time":1610814585,"event":{"mods":["BaseMod","Minty Spire (QoL Compilation)","Relic Stats","StSLib","The Alterego"],"gold_per_floor":[114,127,142,38,53,53,64,64,64,64,97,112,72,86,86,187,187,205,221,239,239,239],"floor_reached":21,"language":"ENG","playtime":2123,"items_purged":[],"score":185,"play_id":"1f155c92-c699-4550-bc20-70c62e49e199","local_time":"20210116112945","is_ascension_mode":false,"campfire_choices":[{"data":"alterego_mod:SakuraPetals","floor":6,"key":"SMITH"},{"floor":8,"key":"REST"},{"floor":10,"key":"REST"},{"floor":15,"key":"REST"}],"circlet_count":0,"master_deck":["alterego_mod:Strike","alterego_mod:Strike","alterego_mod:Strike","alterego_mod:Strike","alterego_mod:Defend","alterego_mod:Defend","alterego_mod:Defend","alterego_mod:Defend","alterego_mod:Impale","alterego_mod:BigMeatyClaws","alterego_mod:BrynhildrsRune","alterego_mod:SakuraPetals","alterego_mod:HighServant","alterego_mod:BiFurious","alterego_mod:Maid","alterego_mod:SakuraPetals+1","alterego_mod:Pet","alterego_mod:Collar","alterego_mod:Support","alterego_mod:MaintainEyeContact","alterego_mod:Undulate","alterego_mod:Lingerie","alterego_mod:Venus","alterego_mod:Punishment","alterego_mod:Punishment","alterego_mod:Birthday"],"relics":["alterego_mod:MasochisticConstitution","NeowsBlessing","Dream Catcher","Pen Nib","Fusion Hammer"],"acts_visited":["Exordium","TheCity"],"potions_floor_usage":[14,16,16,20],"damage_taken":[{"damage":0,"enemies":"Small Slimes","floor":1,"turns":1},{"damage":0,"enemies":"Cultist","floor":2,"turns":1},{"damage":0,"enemies":"Jaw Worm","floor":3,"turns":1},{"damage":18,"enemies":"Exordium Wildlife","floor":5,"turns":5},{"damage":12,"enemies":"Looter","floor":7,"turns":3},{"damage":35,"enemies":"3 Sentries","floor":11,"turns":6},{"damage":15,"enemies":"Red Slaver","floor":12,"turns":3},{"damage":2,"enemies":"Blue Slaver","floor":14,"turns":3},{"damage":13,"enemies":"The Guardian","floor":16,"turns":9},{"damage":29,"enemies":"Chosen","floor":18,"turns":5},{"damage":18,"enemies":"Shell Parasite","floor":19,"turns":5},{"damage":8,"enemies":"Snecko","floor":20,"turns":3},{"damage":37,"enemies":"Snake Plant","floor":21,"turns":2}],"seed_played":"-5273125750994879108","potions_obtained":[{"floor":2,"key":"BlessingOfTheForge"},{"floor":5,"key":"BlessingOfTheForge"},{"floor":11,"key":"Block Potion"},{"floor":16,"key":"SmokeBomb"},{"floor":19,"key":"AttackPotion"}],"is_trial":false,"path_per_floor":["M","M","M","$","M","R","M","R","T","R","E","M","$","M","R","B",null,"M","M","M","M"],"character_chosen":"The_Alterego","items_purchased":["alterego_mod:Maid","alterego_mod:SakuraPetals","alterego_mod:Belle"],"campfire_rested":3,"item_purchase_floors":[4,4,13],"current_hp_per_floor":[70,70,70,70,53,53,42,63,63,72,38,24,24,23,45,33,76,48,31,31,0,0],"gold":239,"neow_bonus":"THREE_ENEMY_KILL","is_daily":false,"chose_seed":false,"campfire_upgraded":1,"win_rate":0.0,"timestamp":1610814585,"path_taken":["M","M","M","$","M","R","M","R","T","R","E","M","$","M","R","BOSS","M","M","M","M"],"items_purchased_type":["Card","Card","Card"],"build_version":"2020-12-22","purchased_purges":0,"victory":false,"max_hp_per_floor":[70,70,70,70,71,71,72,72,72,72,73,74,74,75,75,76,76,77,78,79,79,79],"relic_stats":{"Dream Catcher":2,"counters":[13,47],"Pen Nib":[9],"obtain_stats":[{"alterego_mod:MasochisticConstitution":0,"Dream Catcher":9,"NeowsBlessing":0,"Pen Nib":11,"Fusion Hammer":17},{"alterego_mod:MasochisticConstitution":0,"Dream Catcher":5,"NeowsBlessing":0,"Pen Nib":6,"Fusion Hammer":9},{"alterego_mod:MasochisticConstitution":0,"Dream Catcher":11,"NeowsBlessing":0,"Pen Nib":17,"Fusion Hammer":32}]},"card_choices":[{"not_picked":["alterego_mod:Punishment","alterego_mod:DiscoLights"],"picked":"alterego_mod:SakuraPetals","floor":1},{"not_picked":["alterego_mod:BreastValley","alterego_mod:Complex"],"picked":"alterego_mod:HighServant","floor":2},{"not_picked":["alterego_mod:Complex","alterego_mod:DeftHands"],"picked":"alterego_mod:BiFurious","floor":3},{"not_picked":["alterego_mod:Complex","alterego_mod:Antipathy"],"picked":"alterego_mod:Pet","floor":5},{"not_picked":["alterego_mod:SuperDuperMasochism","alterego_mod:Lingerie"],"picked":"alterego_mod:Collar","floor":7},{"not_picked":["alterego_mod:BiFurious","alterego_mod:Undulate"],"picked":"alterego_mod:Support","floor":10},{"not_picked":["alterego_mod:GoddessCore","alterego_mod:Jiggle"],"picked":"alterego_mod:MaintainEyeContact","floor":11},{"not_picked":["alterego_mod:DestructionOfProperty","alterego_mod:Exercise"],"picked":"alterego_mod:Undulate","floor":12},{"not_picked":["alterego_mod:Undulate","alterego_mod:GoddessCore"],"picked":"alterego_mod:Lingerie","floor":14},{"not_picked":["alterego_mod:ClassAdvantage","alterego_mod:Tantrum"],"picked":"alterego_mod:Venus","floor":16},{"not_picked":["alterego_mod:BoobPocket+1","alterego_mod:Cycle+1"],"picked":"alterego_mod:Punishment","floor":18},{"not_picked":["alterego_mod:Bounce","alterego_mod:Clap"],"picked":"alterego_mod:Punishment","floor":19},{"not_picked":["alterego_mod:PurpleHair","alterego_mod:Maid+1"],"picked":"alterego_mod:Birthday","floor":20}],"player_experience":1021611,"relics_obtained":[{"floor":9,"key":"Dream Catcher"},{"floor":11,"key":"Pen Nib"}],"event_choices":[],"is_beta":false,"boss_relics":[{"not_picked":["Snecko Eye","Cursed Key"],"picked":"Fusion Hammer"}],"items_purged_floors":[],"is_endless":false,"potions_floor_spawned":[2,5,11,16,19],"killed_by":"Snake Plant","ascension_level":0}}