{"host":"xb2tau8pgi8aflss","time":1610805557,"event":{"mods":["AchievementEnabler","BaseMod","Minty Spire (QoL Compilation)","StSLib","SuperFastMode"],"gold_per_floor":[114,129,144,219,234,234,234,234,259,259,65,65,65,65,65,165,165,180,195,195,195,45,45,45,45,95,95,95,95,110,209,209,309,309,324,339,339,354,354,354,354,54,104,116,128,167,179,191,203,215,215],"floor_reached":50,"language":"KOR","playtime":1324,"items_purged":[],"score":445,"play_id":"85680658-e9e1-4a76-a598-a4539ba6f476","local_time":"20210116225917","daily_mods":["Allstar","Flight","Night Terrors"],"is_ascension_mode":false,"campfire_choices":[{"floor":6,"key":"REST"},{"data":"Panacea","floor":8,"key":"SMITH"},{"data":"Eviscerate","floor":10,"key":"SMITH"},{"data":"Escape Plan","floor":12,"key":"SMITH"},{"data":"Acrobatics","floor":15,"key":"SMITH"},{"data":"Dagger Throw","floor":23,"key":"SMITH"},{"data":"Neutralize","floor":24,"key":"SMITH"},{"data":"Noxious Fumes","floor":27,"key":"SMITH"},{"data":"Mayhem","floor":29,"key":"SMITH"},{"floor":32,"key":"REST"},{"data":"Footwork","floor":40,"key":"SMITH"},{"data":"Tools of the Trade","floor":41,"key":"SMITH"},{"data":"Bullet Time","floor":44,"key":"SMITH"},{"data":"Reflex","floor":47,"key":"SMITH"},{"floor":49,"key":"REST"}],"circlet_count":0,"master_deck":["Strike_G","Strike_G","Strike_G","Strike_G","Strike_G+1","Defend_G","Defend_G+1","Defend_G","Defend_G","Defend_G","Survivor","Neutralize+1","Impatience","Dark Shackles","Panacea+1","Mayhem+1","PanicButton","Noxious Fumes+1","Eviscerate+1","Acrobatics+1","Escape Plan+1","Die Die Die","Reflex+1","Tools of the Trade+1","Dagger Throw+1","Backflip+1","Bullet Time+1","PiercingWail","Acrobatics+1","Footwork+1","Dagger Throw+1","Caltrops"],"relics":["Ring of the Snake","PreservedInsect","Philosopher\u0027s Stone","Boot","Orichalcum","Blood Vial","Busted Crown","TungstenRod","MawBank","Thread and Needle","HornCleat"],"acts_visited":["Exordium","TheCity","TheBeyond"],"potions_floor_usage":[50,50],"damage_taken":[{"damage":4,"enemies":"2 Louse","floor":1,"turns":3},{"damage":0,"enemies":"Small Slimes","floor":2,"turns":4},{"damage":0,"enemies":"Jaw Worm","floor":3,"turns":5},{"damage":38,"enemies":"Large Slime","floor":5,"turns":8},{"damage":15,"enemies":"Slime Boss","floor":16,"turns":10},{"damage":16,"enemies":"2 Thieves","floor":18,"turns":5},{"damage":23,"enemies":"Spheric Guardian","floor":19,"turns":4},{"damage":0,"enemies":"3 Cultists","floor":30,"turns":4},{"damage":31,"enemies":"Collector","floor":33,"turns":9},{"damage":1,"enemies":"3 Darklings","floor":35,"turns":5},{"damage":0,"enemies":"Orb Walker","floor":36,"turns":4},{"damage":11,"enemies":"Jaw Worm Horde","floor":38,"turns":4},{"damage":4,"enemies":"2 Orb Walkers","floor":46,"turns":5},{"damage":70,"enemies":"Time Eater","floor":50,"turns":8}],"seed_played":"2700428786693623746","potions_obtained":[{"floor":2,"key":"Strength Potion"},{"floor":5,"key":"BlessingOfTheForge"},{"floor":18,"key":"Weak Potion"},{"floor":33,"key":"LiquidMemories"}],"is_trial":false,"path_per_floor":["M","M","M","?","M","R","?","R","T","R","$","R","?","?","R","B",null,"M","M","?","?","$","R","R","?","T","R","?","R","M","?","R","B",null,"M","M","?","M","?","R","R","$","T","R","$","?","R","T","R","B"],"character_chosen":"THE_SILENT","items_purchased":["Die Die Die","Reflex","Boot","TungstenRod"],"campfire_rested":3,"item_purchase_floors":[11,11,22,42],"current_hp_per_floor":[66,66,66,55,17,65,70,70,70,70,70,70,56,56,56,41,70,54,31,31,18,18,18,18,18,18,18,18,18,20,20,70,39,70,69,70,70,59,59,59,59,59,59,59,59,57,57,57,65,0,0],"gold":215,"neow_bonus":"","is_daily":true,"chose_seed":false,"campfire_upgraded":12,"win_rate":0.0,"timestamp":1610805557,"path_taken":["M","M","M","?","M","R","?","R","T","R","?","R","?","?","R","BOSS","M","M","?","?","$","R","R","?","T","R","?","R","M","?","R","BOSS","M","M","?","?","?","R","R","$","T","R","$","?","R","?","R","BOSS"],"items_purchased_type":["Card","Card","Relic","Relic"],"build_version":"2020-12-22","purchased_purges":0,"victory":false,"max_hp_per_floor":[70,70,70,70,70,65,70,70,70,70,70,70,70,70,70,70,70,70,70,70,75,75,75,75,75,75,75,75,75,75,75,70,70,70,70,70,70,70,70,70,70,70,70,70,70,70,70,70,65,65,65],"card_choices":[{"not_picked":["Deadly Poison","Blade Dance"],"picked":"Noxious Fumes","floor":1},{"not_picked":["Concentrate","Flying Knee"],"picked":"Eviscerate","floor":2},{"not_picked":["Finisher","Phantasmal Killer"],"picked":"Acrobatics","floor":3},{"not_picked":["Well Laid Plans","Dodge and Roll"],"picked":"Escape Plan","floor":5},{"not_picked":["Die Die Die","Glass Knife"],"picked":"Tools of the Trade","floor":16},{"not_picked":["Dagger Spray","Slice+1","Riddle With Holes"],"picked":"SKIP","floor":18},{"not_picked":["Flying Knee","Infinite Blades"],"picked":"Dagger Throw","floor":19},{"not_picked":["Bane","Prepared"],"picked":"Backflip+1","floor":30},{"not_picked":["Unload","A Thousand Cuts"],"picked":"Bullet Time","floor":33},{"not_picked":[],"picked":"PiercingWail","floor":35},{"not_picked":[],"picked":"Acrobatics+1","floor":36},{"not_picked":[],"picked":"Dagger Throw+1","floor":38},{"not_picked":[],"picked":"Caltrops","floor":46}],"player_experience":738974,"relics_obtained":[{"floor":9,"key":"PreservedInsect"},{"floor":26,"key":"Orichalcum"},{"floor":43,"key":"MawBank"},{"floor":46,"key":"Thread and Needle"},{"floor":48,"key":"HornCleat"}],"event_choices":[{"damage_healed":0,"gold_gain":75,"player_choice":"Gather Gold","damage_taken":11,"max_hp_gain":0,"max_hp_loss":0,"event_name":"World of Goop","floor":4,"gold_loss":0},{"damage_healed":0,"gold_gain":0,"player_choice":"Donut","damage_taken":0,"max_hp_gain":5,"max_hp_loss":0,"event_name":"Big Fish","floor":7,"gold_loss":0},{"damage_healed":0,"gold_gain":0,"player_choice":"Entered Light","damage_taken":14,"max_hp_gain":0,"max_hp_loss":0,"event_name":"Shining Light","floor":13,"gold_loss":0,"cards_upgraded":["Defend_G","Strike_G"]},{"damage_healed":0,"gold_gain":0,"player_choice":"0 cards matched","damage_taken":0,"max_hp_gain":0,"max_hp_loss":0,"event_name":"Match and Keep!","floor":14,"gold_loss":0,"cards_obtained":[]},{"damage_healed":0,"gold_gain":0,"player_choice":"Ignored","damage_taken":0,"max_hp_gain":0,"max_hp_loss":0,"event_name":"Ghosts","floor":20,"gold_loss":0},{"damage_healed":0,"gold_gain":0,"player_choice":"Shed Blood","damage_taken":18,"max_hp_gain":5,"max_hp_loss":0,"event_name":"Forgotten Altar","floor":21,"gold_loss":0},{"damage_healed":0,"gold_gain":0,"player_choice":"Ignored","damage_taken":0,"max_hp_gain":0,"max_hp_loss":0,"event_name":"Vampires","floor":25,"gold_loss":0},{"damage_healed":0,"gold_gain":0,"player_choice":"Opened","damage_taken":0,"relics_obtained":["Blood Vial"],"max_hp_gain":0,"max_hp_loss":0,"event_name":"The Mausoleum","floor":28,"gold_loss":0},{"damage_healed":0,"gold_gain":99,"player_choice":"Stole From Cult","damage_taken":0,"max_hp_gain":0,"max_hp_loss":0,"event_name":"Nest","floor":31,"gold_loss":0},{"damage_healed":0,"gold_gain":0,"player_choice":"1 cards matched","damage_taken":0,"max_hp_gain":0,"max_hp_loss":0,"event_name":"Match and Keep!","floor":37,"gold_loss":0,"cards_obtained":["Footwork"]},{"damage_healed":0,"gold_gain":0,"player_choice":"Ignored","damage_taken":0,"max_hp_gain":0,"max_hp_loss":0,"event_name":"Tomb of Lord Red Mask","floor":39,"gold_loss":0},{"damage_healed":0,"gold_gain":0,"player_choice":"Fight","damage_taken":0,"max_hp_gain":0,"max_hp_loss":0,"event_name":"Mysterious Sphere","floor":46,"gold_loss":0}],"is_beta":false,"boss_relics":[{"not_picked":["Runic Dome","Fusion Hammer"],"picked":"Philosopher\u0027s Stone"},{"not_picked":["SlaversCollar","Runic Pyramid"],"picked":"Busted Crown"}],"items_purged_floors":[],"is_endless":false,"potions_floor_spawned":[2,5,18,30,33,46],"killed_by":"Time Eater","ascension_level":0}}