{"host":"pgqkv8mh62pnrbci","time":1610775738,"event":{"mods":["2.2 Compatiblity","AchievementEnabler","BaseMod","Custom Start","DeckTracker","Minty Spire (QoL Compilation)","Railgun Mod","StSLib","SuperFastMode","¡¼?Úª?ø«¡½REMEMod"],"gold_per_floor":[361,21,33,48,48,76,87,162,162,176,176,204,154,169,169,266,266,279,279,279,180,198,198,208,238,238,238,337,337,68,87,87,188,188,206,206,221,43,54,84,84,118,118,118,150,167,180,211,211,211,211,211,17,48,48],"floor_reached":56,"language":"KOR","playtime":2615,"items_purged":["Pain","TheRailgun:Strike"],"score":1846,"play_id":"96493e48-9a73-4281-b297-4fbe6d47eef4","local_time":"20210116144218","is_ascension_mode":true,"campfire_choices":[{"floor":11.0,"key":"REST"},{"data":"TheRailgun:Discharge","floor":15.0,"key":"SMITH"},{"data":"TheRailgun:Supercharge","floor":23.0,"key":"SMITH"},{"floor":29.0,"key":"REST"},{"data":"TheRailgun:Overload","floor":32.0,"key":"SMITH"},{"data":"TheRailgun:Iron_Dust_Vial","floor":41,"key":"SMITH"},{"data":"TheRailgun:Level_6","floor":44,"key":"SMITH"},{"floor":49,"key":"RECALL"},{"data":"TheRailgun:Rewiring","floor":52,"key":"PURGE"}],"circlet_count":0,"master_deck":["TheRailgun:Strike","TheRailgun:Strike+1","TheRailgun:Defend","TheRailgun:Defend","TheRailgun:Defend","TheRailgun:Discharge+1","TheRailgun:Zip","ConjureBlade","TheRailgun:Sister_Noise","TheRailgun:Taser","TheRailgun:Recharge","TheRailgun:Crack+1","TheRailgun:Battery_Pack","TheRailgun:Supercharge+1","TheRailgun:Battery_Pack","TheRailgun:Token_Collection","TheRailgun:Overload+1","TheRailgun:Heroinism","TheRailgun:Level_6+1","TheRailgun:Gekotamania+1","TheRailgun:Coin_Flip","TheRailgun:Iron_Dust_Vial+1","TheRailgun:Mental_Out+1","TheRailgun:Gekotamania+1","TheRailgun:Sister_Network+1","TheRailgun:Positive_Field"],"relics":["TheRailgun:CoinRelic","REME_ComplimentaryCards","Membership Card","StrikeDummy","Regal Pillow","Ornamental Fan","InkBottle","Empty Cage","MutagenicStrength","REME_HandOfSuture","Sundial","Shuriken","Sling","Peace Pipe","SacredBark","Oddly Smooth Stone","TheAbacus","The Courier","Bag of Marbles","Prayer Wheel","Centennial Puzzle","TungstenRod","Whetstone","Pantograph"],"acts_visited":["Exordium","TheCity","TheBeyond","TheEnding"],"potions_floor_usage":[47,54,55],"damage_taken":[{"damage":4.0,"enemies":"2 Louse","floor":1.0,"turns":2.0},{"damage":6.0,"enemies":"Jaw Worm","floor":3.0,"turns":3.0},{"damage":10.0,"enemies":"Small Slimes","floor":4.0,"turns":3.0},{"damage":0.0,"enemies":"Lagavulin","floor":6.0,"turns":4.0},{"damage":24.0,"enemies":"Exordium Wildlife","floor":7.0,"turns":3.0},{"damage":0.0,"enemies":"3 Louse","floor":10.0,"turns":3.0},{"damage":14.0,"enemies":"3 Sentries","floor":12.0,"turns":5.0},{"damage":0.0,"enemies":"Gremlin Gang","floor":14.0,"turns":3.0},{"damage":12.0,"enemies":"The Guardian","floor":16.0,"turns":10.0},{"damage":10.0,"enemies":"Shell Parasite","floor":18.0,"turns":4.0},{"damage":0.0,"enemies":"Chosen","floor":22.0,"turns":3.0},{"damage":11.0,"enemies":"Sentry and Sphere","floor":24.0,"turns":3.0},{"damage":19.0,"enemies":"Gremlin Leader","floor":25.0,"turns":5.0},{"damage":6.0,"enemies":"Chosen and Byrds","floor":31.0,"turns":5.0},{"damage":22.0,"enemies":"Collector","floor":33.0,"turns":9.0},{"damage":23.0,"enemies":"3 Darklings","floor":35.0,"turns":4.0},{"damage":31.0,"enemies":"3 Shapes","floor":37.0,"turns":4.0},{"damage":5.0,"enemies":"Writhing Mass","floor":39.0,"turns":3.0},{"damage":2,"enemies":"Nemesis","floor":40,"turns":2},{"damage":2,"enemies":"Giant Head","floor":42,"turns":2},{"damage":0,"enemies":"Reptomancer","floor":45,"turns":1},{"damage":0,"enemies":"Maw","floor":46,"turns":2},{"damage":25,"enemies":"3 Darklings","floor":47,"turns":2},{"damage":2,"enemies":"Giant Head","floor":48,"turns":2},{"damage":2,"enemies":"Awakened One","floor":50,"turns":2},{"damage":19,"enemies":"Shield and Spear","floor":54,"turns":5},{"damage":4,"enemies":"The Heart","floor":55,"turns":6}],"seed_played":"6831203878128253127","potions_obtained":[{"floor":6.0,"key":"CultistPotion"},{"floor":7.0,"key":"SteroidPotion"},{"floor":14.0,"key":"EssenceOfSteel"},{"floor":16.0,"key":"LiquidMemories"},{"floor":25.0,"key":"Swift Potion"},{"floor":35.0,"key":"REME_GoldPotion"},{"floor":40,"key":"Swift Potion"},{"floor":45,"key":"Weak Potion"},{"floor":46,"key":"Regen Potion"},{"floor":47,"key":"SkillPotion"}],"is_trial":false,"path_per_floor":["M","$","M","M","$","E","M","?","T","M","R","E","?","M","R","B",null,"M","?","?","$","M","R","M","E","T","?","?","R","$","M","R","B",null,"M","?","M","$","M","E","R","E","T","R","E","M","M","E","R","B",null,"R","$","E","B",null],"character_chosen":"THE_DEFAULT","items_purchased":["Membership Card","StrikeDummy","TheRailgun:Sister_Noise","REME_HandOfSuture","TheRailgun:Battery_Pack","Sling","Peace Pipe","TheRailgun:Coin_Flip","Oddly Smooth Stone","TheAbacus","TungstenRod","Whetstone","TheRailgun:Positive_Field"],"campfire_rested":2,"item_purchase_floors":[2,2,2,21,21,30,30,38,38,38,53,53,53],"current_hp_per_floor":[59,59,53,43,43,43,19,8,8,8,44,30,30,30,30,18,57,47,47,34,34,34,34,23,4,4,4,4,41,41,35,35,13,60,37,37,21,21,31,44,44,42,42,42,57,72,62,75,75,73,75,75,75,56,73],"gold":48,"neow_bonus":"TWO_FIFTY_GOLD","is_daily":false,"chose_seed":false,"campfire_upgraded":5,"win_rate":0.0,"timestamp":1610775738,"path_taken":["M","$","M","M","$","E","M","?","T","M","R","E","?","M","R","BOSS","M","?","?","$","?","R","M","E","T","?","?","R","?","M","R","BOSS","M","?","?","$","M","E","R","E","T","R","E","M","M","E","R","BOSS","R","$","E","BOSS"],"items_purchased_type":["Relic","Relic","Card","Relic","Card","Relic","Relic","Card","Relic","Relic","Relic","Relic","Card"],"build_version":"2020-12-22","purchased_purges":2,"victory":true,"max_hp_per_floor":[70,70,70,70,70,70,70,70,70,70,70,70,70,70,70,70,70,70,70,75,75,75,75,75,75,75,75,75,75,75,75,75,75,75,75,75,75,75,75,75,75,75,75,75,75,75,75,75,75,75,75,75,75,75,75],"card_choices":[{"not_picked":["TheRailgun:Electrical_Storm","TheRailgun:Static"],"picked":"TheRailgun:Biribiri","floor":1.0},{"not_picked":["TheRailgun:Lightning_Speed","TheRailgun:Battery_Pack"],"picked":"TheRailgun:Taser","floor":3.0},{"not_picked":["TheRailgun:Iron_Dust_Shield","TheRailgun:Thunderbolt","TheRailgun:Static"],"picked":"SKIP","floor":4.0},{"not_picked":["TheRailgun:Circuitous","TheRailgun:Biribiri"],"picked":"TheRailgun:Recharge","floor":6.0},{"not_picked":["TheRailgun:Iron_Dust_Shield","TheRailgun:Static"],"picked":"TheRailgun:Crack","floor":7.0},{"not_picked":["TheRailgun:Electrical_Fire","TheRailgun:Iron_Dust_Sword"],"picked":"TheRailgun:Battery_Pack","floor":10.0},{"not_picked":["TheRailgun:Stun_Shock","TheRailgun:Recharge","TheRailgun:Iron_Dust_Shield"],"picked":"SKIP","floor":12.0},{"not_picked":["TheRailgun:Lightningbolt","TheRailgun:Crack","TheRailgun:Discharge"],"picked":"SKIP","floor":14.0},{"not_picked":["TheRailgun:Judgement_Officer","TheRailgun:Thundervolt"],"picked":"TheRailgun:Supercharge","floor":16.0},{"not_picked":["TheRailgun:Static","TheRailgun:Iron_Dust_Field","TheRailgun:Scatter_Railgun"],"picked":"SKIP","floor":18.0},{"not_picked":["TheRailgun:Crackle","TheRailgun:Biribiri","TheRailgun:Static+1"],"picked":"SKIP","floor":22.0},{"not_picked":["TheRailgun:Electrical_Storm","TheRailgun:Thunderjolt+1"],"picked":"TheRailgun:Token_Collection","floor":24.0},{"not_picked":["TheRailgun:Static","TheRailgun:Crack"],"picked":"TheRailgun:Overload","floor":25.0},{"not_picked":["TheRailgun:Sister_Noise","TheRailgun:Coin_Flip"],"picked":"TheRailgun:Heroinism","floor":31.0},{"not_picked":["TheRailgun:Circuitous","TheRailgun:Thundervolt"],"picked":"TheRailgun:Level_6","floor":33.0},{"not_picked":["TheRailgun:Discharge","TheRailgun:Magnetic_Movement+1","TheRailgun:Oneesama+1"],"picked":"SKIP","floor":35.0},{"not_picked":["TheRailgun:Lightning_Speed+1","TheRailgun:Discharge+1"],"picked":"TheRailgun:Gekotamania+1","floor":37.0},{"not_picked":["TheRailgun:Coin_Flip","TheRailgun:Crack"],"picked":"TheRailgun:Iron_Dust_Vial","floor":39.0},{"not_picked":["TheRailgun:Battery_Pack+1","TheRailgun:Zip+1"],"picked":"TheRailgun:Mental_Out+1","floor":40},{"not_picked":["TheRailgun:Zip","TheRailgun:Rewiring"],"picked":"TheRailgun:Gekotamania+1","floor":42},{"not_picked":["TheRailgun:Charge","TheRailgun:Zap","TheRailgun:Negative_Field"],"picked":"SKIP","floor":45},{"not_picked":["TheRailgun:Charge","TheRailgun:Zap","TheRailgun:Negative_Field"],"picked":"SKIP","floor":45},{"not_picked":["TheRailgun:Magnetic_Movement+1","TheRailgun:Coin_Flip"],"picked":"TheRailgun:Sister_Network+1","floor":46},{"not_picked":["TheRailgun:Discharge+1","TheRailgun:Biribiri","TheRailgun:Spark+1"],"picked":"SKIP","floor":46},{"not_picked":["TheRailgun:Thundershock+1","TheRailgun:Aerial_Shot","TheRailgun:Electrical_Storm"],"picked":"SKIP","floor":47},{"not_picked":["TheRailgun:Rewiring","TheRailgun:Coin_Flip","TheRailgun:Positive_Field"],"picked":"SKIP","floor":47},{"not_picked":["TheRailgun:Aerial_Shot","TheRailgun:Thunderjolt","TheRailgun:Crack+1"],"picked":"SKIP","floor":48},{"not_picked":["TheRailgun:Crackle+1","TheRailgun:Discharge","TheRailgun:Electric_Fence+1"],"picked":"SKIP","floor":54}],"player_experience":658025,"relics_obtained":[{"floor":6.0,"key":"Regal Pillow"},{"floor":9.0,"key":"Ornamental Fan"},{"floor":12.0,"key":"InkBottle"},{"floor":25.0,"key":"Sundial"},{"floor":26.0,"key":"Shuriken"},{"floor":40,"key":"The Courier"},{"floor":42,"key":"Bag of Marbles"},{"floor":45,"key":"Prayer Wheel"},{"floor":48,"key":"Centennial Puzzle"},{"floor":54,"key":"Pantograph"}],"event_choices":[{"damage_healed":0.0,"max_hp_gain":0.0,"max_hp_loss":0.0,"gold_gain":75.0,"event_name":"World of Goop","player_choice":"Gather Gold","floor":8.0,"gold_loss":0.0,"damage_taken":11.0},{"cards_removed":["TheRailgun:Strike"],"damage_healed":0.0,"max_hp_gain":0.0,"max_hp_loss":0.0,"gold_gain":0.0,"event_name":"The Cleric","player_choice":"Card Removal","floor":13.0,"gold_loss":50.0,"damage_taken":0.0},{"damage_healed":0.0,"max_hp_gain":0.0,"max_hp_loss":0.0,"gold_gain":0.0,"event_name":"Drug Dealer","player_choice":"Inject Mutagens","floor":19.0,"gold_loss":0.0,"damage_taken":0.0,"relics_obtained":["MutagenicStrength"]},{"damage_healed":0.0,"max_hp_gain":5.0,"max_hp_loss":0.0,"gold_gain":0.0,"event_name":"Forgotten Altar","player_choice":"Shed Blood","floor":20.0,"gold_loss":0.0,"damage_taken":18.0},{"damage_healed":0.0,"max_hp_gain":0.0,"max_hp_loss":0.0,"gold_gain":0.0,"event_name":"Cursed Tome","player_choice":"Ignored","floor":27.0,"gold_loss":0.0,"damage_taken":0.0},{"damage_healed":0.0,"max_hp_gain":0.0,"max_hp_loss":0.0,"gold_gain":99.0,"event_name":"Nest","player_choice":"Stole From Cult","floor":28.0,"gold_loss":0.0,"damage_taken":0.0},{"damage_healed":0.0,"max_hp_gain":0.0,"max_hp_loss":0.0,"gold_gain":0.0,"cards_transformed":["TheRailgun:Biribiri"],"event_name":"Transmorgrifier","player_choice":"Transformed","floor":36.0,"gold_loss":0.0,"damage_taken":0.0,"cards_obtained":["TheRailgun:Rewiring"]}],"is_beta":false,"boss_relics":[{"not_picked":["REME_LowDesire","Astrolabe"],"picked":"Empty Cage"},{"not_picked":["Pandora\u0027s Box","REME_ChargedStone"],"picked":"SacredBark"}],"items_purged_floors":[2,30],"is_endless":false,"potions_floor_spawned":[6,7,14,16,25,35,40,45,46,47],"ascension_level":6}}