{"host":"oe6yjh9x9s1jtd6c","time":1610772374,"event":{"mods":["Act Like it!","BaseMod","Jorbs\u0027s Wanderer Trilogy","Minty Spire (QoL Compilation)","Permanent Neow","Relic Stats","StSLib","The Jungle"],"gold_per_floor":[22,39,39,49,14,14,49,49,74,104,104,279,290,337,337,439,439,471,471,25,45,45,45,45],"floor_reached":23,"language":"ENG","playtime":1905,"items_purged":["Doubt"],"score":228,"play_id":"e6bec297-cba5-4749-908a-1e66d900aaa2","local_time":"20210116044614","is_ascension_mode":true,"campfire_choices":[{"data":"stsjorbsmod:Inferno","floor":6.0,"key":"SMITH"},{"data":"stsjorbsmod:ChatteringStrike","floor":8.0,"key":"SMITH"},{"data":"stsjorbsmod:CorrodingBarrier","floor":11.0,"key":"SMITH"},{"floor":15.0,"key":"REST"}],"circlet_count":0,"master_deck":["stsjorbsmod:ForbiddenGrimoire+1","stsjorbsmod:FreshAdventure","stsjorbsmod:EyeOfTheStorm","stsjorbsmod:Inferno+1","stsjorbsmod:SmithingStrike+1","stsjorbsmod:Inferno","stsjorbsmod:ChatteringStrike+1","stsjorbsmod:CorrodingBarrier+1","stsjorbsmod:TollTheDead","stsjorbsmod:OldPocket+1","stsjorbsmod:Rediscovery","stsjorbsmod:TinyHut","stsjorbsmod:Channel","stsjorbsmod:Rest","stsjorbsmod:Index","stsjorbsmod:ColorSpray","stsjorbsmod:RayOfFrost","stsjorbsmod:RefuseToForget","stsjorbsmod:MagicMissiles","stsjorbsmod:ArcaneWeapon","Pain"],"relics":["stsjorbsmod:GrimoireRelic","Tiny Chest","Happy Flower","Regal Pillow","War Paint","Pandora\u0027s Box","Pen Nib","Frozen Eye","WarpedTongs"],"acts_visited":["Exordium","Exordium"],"potions_floor_usage":[23],"damage_taken":[{"damage":0.0,"enemies":"2 Louse","floor":1.0,"turns":7.0},{"damage":0.0,"enemies":"Jaw Worm","floor":2.0,"turns":7.0},{"damage":3.0,"enemies":"Small Slimes","floor":4.0,"turns":7.0},{"damage":12.0,"enemies":"Gremlin Nob","floor":7.0,"turns":4.0},{"damage":8.0,"enemies":"Lagavulin","floor":10.0,"turns":5.0},{"damage":13.0,"enemies":"Blue Slaver","floor":13.0,"turns":3.0},{"damage":24.0,"enemies":"3 Sentries","floor":14.0,"turns":7.0},{"damage":45.0,"enemies":"The Guardian","floor":16.0,"turns":11.0},{"damage":18.0,"enemies":"theJungle:5_Spyders","floor":18.0,"turns":7.0},{"damage":19,"enemies":"Shell Parasite","floor":21,"turns":5},{"damage":32,"enemies":"theJungle:2_Phrogs","floor":23,"turns":7}],"seed_played":"-8660163737786710387","potions_obtained":[{"floor":2.0,"key":"BlessingOfTheForge"},{"floor":4.0,"key":"BlessingOfTheForge"},{"floor":7.0,"key":"GamblersBrew"}],"is_trial":false,"path_per_floor":["M","M","?","M","?","R","E","R","T","E","R","?","M","E","R","B",null,"M","?","$","M","?","E"],"character_chosen":"WANDERER","items_purchased":["stsjorbsmod:MagicMissiles","Pen Nib","Frozen Eye"],"campfire_rested":1,"item_purchase_floors":[20,20,20],"current_hp_per_floor":[68,68,54,55,68,68,59,59,59,53,53,53,41,17,52,7,68,50,45,45,30,30,0,0],"gold":45,"neow_bonus":"REMOVE_TWO","is_daily":false,"chose_seed":false,"campfire_upgraded":3,"win_rate":0.0,"timestamp":1610772374,"path_taken":["M","M","?","M","?","R","E","R","T","E","R","?","M","E","R","BOSS","M","?","$","M","?","E"],"items_purchased_type":["Card","Relic","Relic"],"build_version":"2020-12-22","purchased_purges":1,"victory":false,"max_hp_per_floor":[68,68,68,68,68,68,68,68,68,68,68,68,68,68,68,68,68,68,73,73,73,73,73,73],"relic_stats":{"Regal Pillow":15,"Happy Flower":[15],"counters":[11,70],"Tiny Chest":0,"Pandora\u0027s Box":["stsjorbsmod:TinyHut","stsjorbsmod:Channel","stsjorbsmod:Rest","stsjorbsmod:Index","stsjorbsmod:ColorSpray","stsjorbsmod:RayOfFrost"],"Pen Nib":[2],"War Paint":["stsjorbsmod:Defend_Wanderer","stsjorbsmod:OldPocket"],"obtain_stats":[{"Frozen Eye":20,"Regal Pillow":10,"Happy Flower":9,"stsjorbsmod:GrimoireRelic":0,"Tiny Chest":7,"Pandora\u0027s Box":17,"Pen Nib":20,"War Paint":14,"WarpedTongs":22},{"Frozen Eye":9,"Regal Pillow":5,"Happy Flower":4,"stsjorbsmod:GrimoireRelic":0,"Tiny Chest":4,"Pandora\u0027s Box":8,"Pen Nib":9,"War Paint":7,"WarpedTongs":10},{"Frozen Eye":58,"Regal Pillow":30,"Happy Flower":25,"stsjorbsmod:GrimoireRelic":0,"Tiny Chest":25,"Pandora\u0027s Box":51,"Pen Nib":58,"War Paint":40,"WarpedTongs":63}],"WarpedTongs":[7]},"card_choices":[{"not_picked":["stsjorbsmod:Hibernate","stsjorbsmod:OldPocket"],"picked":"stsjorbsmod:Inferno","floor":1.0},{"not_picked":["stsjorbsmod:Introspection","stsjorbsmod:Will"],"picked":"stsjorbsmod:SmithingStrike","floor":2.0},{"not_picked":["stsjorbsmod:LoseGrip","stsjorbsmod:DisguiseSelf"],"picked":"stsjorbsmod:Inferno","floor":4.0},{"not_picked":["stsjorbsmod:Mending","stsjorbsmod:Mania"],"picked":"stsjorbsmod:ChatteringStrike","floor":7.0},{"not_picked":["stsjorbsmod:Firebolt","stsjorbsmod:TrueStrike"],"picked":"stsjorbsmod:CorrodingBarrier","floor":10.0},{"not_picked":["stsjorbsmod:LoseGrip","stsjorbsmod:FlameWard"],"picked":"stsjorbsmod:TollTheDead","floor":13.0},{"not_picked":["stsjorbsmod:DisguiseSelf","stsjorbsmod:Hibernate"],"picked":"stsjorbsmod:OldPocket","floor":14.0},{"not_picked":["stsjorbsmod:Fear","stsjorbsmod:DeathThroes"],"picked":"stsjorbsmod:Rediscovery","floor":16.0},{"not_picked":["stsjorbsmod:FracturedMind","stsjorbsmod:ChainLightning+1"],"picked":"stsjorbsmod:RefuseToForget","floor":18.0},{"not_picked":["stsjorbsmod:FlameWard","stsjorbsmod:Materialize"],"picked":"stsjorbsmod:ArcaneWeapon","floor":21}],"player_experience":476745,"relics_obtained":[{"floor":7.0,"key":"Tiny Chest"},{"floor":9.0,"key":"Happy Flower"},{"floor":10.0,"key":"Regal Pillow"},{"floor":14.0,"key":"War Paint"}],"event_choices":[{"damage_healed":0.0,"max_hp_gain":0.0,"max_hp_loss":0.0,"gold_gain":0.0,"event_name":"Shining Light","player_choice":"Entered Light","floor":3.0,"gold_loss":0.0,"damage_taken":14.0,"cards_upgraded":["stsjorbsmod:SmithingStrike","stsjorbsmod:Defend_Wanderer"]},{"damage_healed":17.0,"max_hp_gain":0.0,"max_hp_loss":0.0,"gold_gain":0.0,"event_name":"The Cleric","player_choice":"Healed","floor":5.0,"gold_loss":35.0,"damage_taken":0.0},{"damage_healed":0.0,"max_hp_gain":0.0,"max_hp_loss":0.0,"gold_gain":175.0,"event_name":"Liars Game","player_choice":"AGREE","floor":12.0,"gold_loss":0.0,"damage_taken":0.0,"cards_obtained":["Doubt"]},{"damage_healed":0,"gold_gain":0,"player_choice":"Rummage","damage_taken":0,"relics_obtained":["WarpedTongs"],"max_hp_gain":0,"max_hp_loss":0,"event_name":"Accursed Blacksmith","floor":22,"gold_loss":0,"cards_obtained":["Pain"]}],"is_beta":false,"boss_relics":[{"not_picked":["Coffee Dripper","Cursed Key"],"picked":"Pandora\u0027s Box"}],"items_purged_floors":[20],"is_endless":false,"potions_floor_spawned":[2,4,7],"killed_by":"theJungle:2_Phrogs","ascension_level":2}}