{"host":"o9oojikv0j1jifqm","time":1610814755,"event":{"mods":["BaseMod","Downfall","Marisa£®ÏF”Í°°ƒß¿Ì…≥£©","Minty Spire (QoL Compilation)","Shop Mod","StSLib","UnlockEverythingMod"],"gold_per_floor":[99,119,134,147,297,329,354,387,418,418,446,460,492,520,539,639,639,539,553,563,563],"floor_reached":20,"language":"ZHS","playtime":1797,"items_purged":[],"score":394,"play_id":"91f6c1d3-5daa-404f-be14-9d1ca94cda17","local_time":"20210117003235","daily_mods":["Draft","Colorless Cards","Heirloom","Flight","downfall:Lament","DeadlyEvents","Elite Swarm"],"is_ascension_mode":true,"campfire_choices":[{"data":"bronze:Shell","floor":1,"key":"SMITH"},{"data":"bronze:Mutator","floor":10,"key":"SMITH"},{"floor":18,"key":"RECALL"}],"circlet_count":0,"master_deck":["bronze:Overload","bronze:Turbo","bronze:DelayedSlice","bronze:Shell","bronze:MaxOutput","bronze:Iterate","bronze:Frontload","bronze:ForLoop","bronze:ChildClass","bronze:Constructor","bronze:Shell+1","bronze:Repair","bronze:DigitalCarnage","bronze:Fortify","bronze:DelayedSlice","bronze:Turbo","Finesse","bronze:Frontload","downfall:Icky","bronze:RecursiveStrike","bronze:Mutator+1","bronze:ShipIt","bronze:AlphaBuild","bronze:ClassDefault","bronze:FindAndReplace","Violence","Mayhem","bronze:CloningBeam"],"relics":["bronze:BronzeCore","NeowsBlessing","Gambling Chip","Toy Ornithopter","Akabeko","Dead Branch","bronze:BronzeIdol","Unceasing Top","Sundial","StoneCalendar","Singing Bowl","Lantern","Snecko Eye","downfall:HeartBlessingGreen"],"acts_visited":["Exordium","TheCity"],"potions_floor_usage":[20],"damage_taken":[{"damage":0,"enemies":"2 Louse","floor":2,"turns":1},{"damage":0,"enemies":"Jaw Worm","floor":3,"turns":1},{"damage":0,"enemies":"downfall:FleeingMerchant","floor":4,"turns":1},{"damage":4,"enemies":"Lagavulin","floor":6,"turns":12},{"damage":10,"enemies":"3 Sentries","floor":8,"turns":4},{"damage":1,"enemies":"Lagavulin","floor":9,"turns":6},{"damage":0,"enemies":"3 Sentries","floor":11,"turns":5},{"damage":0,"enemies":"Cultist","floor":12,"turns":1},{"damage":0,"enemies":"Lagavulin","floor":13,"turns":4},{"damage":25,"enemies":"Gremlin Nob","floor":14,"turns":3},{"damage":0,"enemies":"Exordium Wildlife","floor":15,"turns":1},{"damage":8,"enemies":"WA_ARCHETYPE_RETAIN","floor":16,"turns":7},{"damage":0,"enemies":"Spheric Guardian","floor":19,"turns":1},{"damage":0,"enemies":"Shell Parasite","floor":20,"turns":4}],"seed_played":"-4289236070985291519","potions_obtained":[{"floor":3,"key":"Ancient Potion"},{"floor":6,"key":"SmokeBomb"},{"floor":11,"key":"PowerPotion"},{"floor":15,"key":"bronze:CleanCodePotion"}],"is_trial":true,"path_per_floor":["R","M","M","$","?","E","T","E","E","R","E","M","E","E","M","B",null,"R","M","M"],"character_chosen":"THE_AUTOMATON","items_purchased":["Toy Ornithopter","Akabeko"],"campfire_rested":0,"item_purchase_floors":[4,4],"current_hp_per_floor":[63,63,63,63,63,66,66,63,69,69,70,70,70,45,47,46,66,66,72,74,74],"gold":563,"neow_bonus":"","is_daily":false,"chose_seed":false,"campfire_upgraded":2,"win_rate":0.0,"timestamp":1610814755,"path_taken":["R","M","M","$","?","E","T","E","E","R","E","?","E","E","M","BOSS","R","M","?"],"items_purchased_type":["Relic","Relic"],"build_version":"2020-12-22","purchased_purges":0,"victory":false,"max_hp_per_floor":[70,70,70,70,70,70,70,70,70,70,70,70,70,70,72,72,72,72,72,74,74],"card_choices":[{"not_picked":["bronze:Separator","bronze:Frontload"],"picked":"bronze:Overload","floor":0},{"not_picked":["bronze:Frontload","bronze:BugBarrage"],"picked":"bronze:Turbo","floor":0},{"not_picked":["bronze:DelayedGuard","bronze:Turbo"],"picked":"bronze:DelayedSlice","floor":0},{"not_picked":["bronze:Branch","Panacea"],"picked":"bronze:Shell","floor":0},{"not_picked":["bronze:WildBeam","bronze:DelayedSlice"],"picked":"bronze:MaxOutput","floor":0},{"not_picked":["bronze:Shield","bronze:Return"],"picked":"bronze:Iterate","floor":0},{"not_picked":["bronze:OilSpill","Dramatic Entrance"],"picked":"bronze:Frontload","floor":0},{"not_picked":["bronze:Constructor","bronze:OilSpill"],"picked":"bronze:ForLoop","floor":0},{"not_picked":["bronze:BuggyMess","bronze:Frontload"],"picked":"bronze:ChildClass","floor":0},{"not_picked":["bronze:DelayedGuard","bronze:BugBarrage"],"picked":"bronze:Constructor","floor":0},{"not_picked":["bronze:Invalidate","bronze:Backtrace"],"picked":"bronze:Shell","floor":0},{"not_picked":["bronze:CutThrough","bronze:OilSpill"],"picked":"bronze:Repair","floor":0},{"not_picked":["Purity","bronze:Overheat"],"picked":"bronze:DigitalCarnage","floor":0},{"not_picked":["bronze:Iterate","bronze:Constructor"],"picked":"bronze:Fortify","floor":0},{"not_picked":["bronze:Flail","bronze:Separator"],"picked":"bronze:DelayedSlice","floor":0},{"not_picked":["bronze:DelayedGuard","bronze:Frontload"],"picked":"bronze:Turbo","floor":2},{"not_picked":["bronze:CutThrough","bronze:Deprecate"],"picked":"Finesse","floor":3},{"not_picked":["bronze:BugBarrage","Metamorphosis"],"picked":"bronze:Frontload","floor":4},{"not_picked":["Sadistic Nature","Secret Weapon"],"picked":"bronze:RecursiveStrike","floor":6},{"not_picked":["Panache","Sadistic Nature"],"picked":"bronze:Mutator","floor":8},{"not_picked":["Transmutation","bronze:ThunderWave"],"picked":"bronze:ShipIt","floor":9},{"not_picked":["Panache","bronze:Mutator"],"picked":"bronze:AlphaBuild","floor":11},{"not_picked":["bronze:WhirlingStrike","bronze:FineTuning"],"picked":"bronze:ClassDefault","floor":12},{"not_picked":["bronze:Break","bronze:HardenedForm"],"picked":"bronze:FindAndReplace","floor":13},{"not_picked":["Chrysalis","HandOfGreed"],"picked":"Violence","floor":14},{"not_picked":["bronze:Iterate","Deep Breath","bronze:Frontload"],"picked":"Singing Bowl","floor":15},{"not_picked":["bronze:BurnOut","bronze:HyperBeam"],"picked":"Mayhem","floor":16},{"not_picked":["bronze:Overheat","bronze:DelayedSlice+1"],"picked":"bronze:CloningBeam","floor":19},{"not_picked":["bronze:Overheat","bronze:Constructor","Swift Strike+1"],"picked":"Singing Bowl","floor":20}],"player_experience":167183,"relics_obtained":[{"floor":6,"key":"Dead Branch"},{"floor":7,"key":"bronze:BronzeIdol"},{"floor":8,"key":"Unceasing Top"},{"floor":9,"key":"Sundial"},{"floor":11,"key":"StoneCalendar"},{"floor":13,"key":"Singing Bowl"},{"floor":14,"key":"Lantern"}],"event_choices":[],"is_beta":false,"boss_relics":[{"not_picked":["Empty Cage","Runic Dome"],"picked":"Snecko Eye"}],"items_purged_floors":[],"is_endless":false,"potions_floor_spawned":[3,6,11,13,15],"killed_by":"Shell Parasite","ascension_level":9}}