{"host":"y4sghvfd0ewtcchd","time":1610784473,"event":{"mods":["Aspiration","BaseMod","Better Debug","Better Note","Better Third Choice","BetterRewards","Block Reminder","Colored Map","Colored Powertips","Highlight Path","Hubris","Infinite Spire","Minty Spire (QoL Compilation)","Relic Sorter","Relic Stats","Replay The Spire","Robot Space Explorer","Shop Mod","Spicy Shops","StSLib","The Jungle","The Saiyan"],"gold_per_floor":[114,138,160,177,194,194,241,291,291,291,313,313,345,361,361,439,439,456,469,469,485,512,512,544,7,7,20,20,20,20,52,52,132,132,152,183,183,208,208,275,97,148,148,173,506,547,593,605,605,645,675,675,675,1030,1099,1159],"floor_reached":57,"language":"ENG","playtime":4068,"items_purged":["Parasite","Looming Evil","Strike_B"],"score":3823,"play_id":"08e7a43a-7655-4919-b9af-aaab78b6d849","local_time":"20210116110753","is_ascension_mode":true,"campfire_choices":[{"data":"Storm","floor":6,"key":"SMITH"},{"data":"Storm","floor":10,"key":"SMITH"},{"data":"hubris:PowerSurge","floor":15,"key":"SMITH"},{"floor":23,"key":"RECALL"},{"data":"FIFO Queue","floor":28,"key":"SMITH"},{"data":"hubris:Insight","floor":30,"key":"SMITH"},{"data":"Recycle","floor":32,"key":"SMITH"},{"data":"White Noise","floor":49,"key":"SMITH"}],"circlet_count":0,"master_deck":["AscendersBane","Strike_B","Strike_B","Strike_B","Defend_B","Defend_B","Defend_B","Defend_B","Zap","Dualcast","hubris:PowerSurge+1","Hologram","Good Instincts","Defragment","Self Repair","Conserve Battery","Multi-Cast","ReplayTheSpireMod:Calculation Training","Reinforced Body","White Noise+1","Storm+1","Capacitor","Storm+1","Conserve Battery","Ball Lightning","Leap","Turbo","Leap","Turbo","Aggregate","Turbo","Creative AI","Sunder","Conserve Battery","Electrodynamics","FIFO Queue+1","Thunder Strike","hubris:Insight+1","Recycle+1","hubris:Ukulele+1","Leap+1","Thunder Strike+1","CurseOfTheBell","Barrage+1","hubris:PowerSurge","White Noise","Force Field","Doom and Gloom","Chill","Loop","Thinking Ahead","hubris:Ukulele+1"],"relics":["Cracked Core","hubris:Reverence","hubris:Stopwatch","Art of War","BranchBurnRelic","hubris:TerracottaHorce","Painkiller Herb","Replay:Grab Bag","Mirror","Pen Nib","infinitespire:FocusingShard","infinitespire:Lychee Nut","ReplayTheSpireMod:TigerMarble","ClockworkSouvenir","Strawberry","Bag of Marbles","aspiration:Nostalgia","RobotSpaceExplorer:RoboCore","Torii","Orrery","Membership Card","Replay:Bandana","aspiration:HummingbirdHeart","Replay:Antivirus Software","aspiration:EnhancedActuators","Sozu","Oddly Smooth Stone","Snack Pack","Calling Bell","Blue Doll","Symbiotic Virus","Incense Burner","hubris:AstralHammer","hubris:SlimyHat","ReplayFunnel","infinitespire:PuzzleCube","Bottled Lightning","Old Coin","Juzu Bracelet","ReplayTheSpireMod:CursedCoin","hubris:NiceRug","InkBottle","Whetstone","Pen Nib","hubris:BallOfYels","Toolbox","aspiration:ChemicalBlood"],"acts_visited":["Exordium","TheCity","TheBeyond","TheEnding"],"potions_floor_usage":[],"damage_taken":[{"damage":0.0,"enemies":"Cultist","floor":1.0,"turns":3.0},{"damage":0.0,"enemies":"Jaw Worm","floor":2.0,"turns":2.0},{"damage":0,"enemies":"Small Slimes","floor":3,"turns":3},{"damage":0,"enemies":"2 Fungi Beasts","floor":4,"turns":2},{"damage":0,"enemies":"Exordium Thugs","floor":5,"turns":3},{"damage":0,"enemies":"3 Sentries","floor":7,"turns":4},{"damage":1,"enemies":"Blue Slaver","floor":11,"turns":2},{"damage":0,"enemies":"Lagavulin","floor":13,"turns":3},{"damage":0,"enemies":"Looter","floor":14,"turns":2},{"damage":1,"enemies":"Hexaghost","floor":16,"turns":6},{"damage":0,"enemies":"Shell Parasite","floor":18,"turns":2},{"damage":2,"enemies":"2 Thieves","floor":19,"turns":2},{"damage":0,"enemies":"Snake Plant","floor":21,"turns":3},{"damage":1,"enemies":"Centurion and Healer","floor":22,"turns":4},{"damage":3,"enemies":"Gremlin Leader","floor":24,"turns":4},{"damage":0,"enemies":"Snecko","floor":27,"turns":1},{"damage":3,"enemies":"Replay:Snechameleon","floor":31,"turns":3},{"damage":28,"enemies":"hubris:MusketHawk","floor":33,"turns":5},{"damage":1,"enemies":"3 Shapes","floor":35,"turns":2},{"damage":0,"enemies":"3 Darklings","floor":36,"turns":3},{"damage":0,"enemies":"Mind Bloom Boss Battle","floor":38,"turns":4},{"damage":0,"enemies":"Giant Head","floor":40,"turns":3},{"damage":1,"enemies":"R_Hoarder","floor":42,"turns":3},{"damage":12,"enemies":"4 Shapes","floor":44,"turns":2},{"damage":0,"enemies":"Reptomancer","floor":45,"turns":2},{"damage":0,"enemies":"Maw","floor":46,"turns":3},{"damage":0,"enemies":"Nemesis","floor":47,"turns":3},{"damage":1,"enemies":"3 Darklings","floor":48,"turns":2},{"damage":1,"enemies":"Donu and Deca","floor":50,"turns":3},{"damage":1,"enemies":"Time Eater","floor":51,"turns":2},{"damage":0,"enemies":"hubris:Merchant","floor":54,"turns":3},{"damage":0,"enemies":"Shield and Spear","floor":55,"turns":1},{"damage":21,"enemies":"The Heart","floor":56,"turns":5}],"seed_played":"-3022441253786424060","potions_obtained":[{"floor":3,"key":"BlessingOfTheForge"},{"floor":4,"key":"Explosive Potion"}],"is_trial":false,"path_per_floor":["M","M","M","M","M","R","E","?","T","R","M","AVR","E","M","R","B",null,"?","?","AVR","?","?","T","E","T","T","?","T","?","T","E","T","B",null,"?","?","?","?","?","E","T","E","T","?","E","?","E","?","T","B","B",null,"T","T","E","B",null],"character_chosen":"DEFECT","items_purchased":["infinitespire:FocusingShard","hubris:PowerSurge","infinitespire:Lychee Nut","Hologram","ReplayTheSpireMod:TigerMarble","Good Instincts","ClockworkSouvenir","Defragment","Strawberry","Self Repair","Conserve Battery","Bag of Marbles","aspiration:Nostalgia","Torii","Orrery","Capacitor","Membership Card","Storm","Replay:Bandana","aspiration:HummingbirdHeart","Conserve Battery","Dead Branch","FIFO Queue","Thunder Strike","hubris:Insight","Recycle","Mirror","hubris:PowerSurge","hubris:SlimyHat","ReplayFunnel","ReplayTheSpireMod:CursedCoin"],"campfire_rested":0,"item_purchase_floors":[0,0,0,0,0,0,0,0,0,0,0,0,0,0,0,0,0,0,0,0,0,25,25,25,25,25,25,41,41,41,54],"current_hp_per_floor":[41,51,56,60,60,60,60,60,60,60,59,59,60,60,60,60,60,60,60,60,60,60,60,60,60,60,60,60,60,60,60,60,48,57,59,60,60,60,60,60,57,57,57,52,55,57,57,56,56,56,57,57,57,57,57,49],"gold":1159,"neow_bonus":"","is_daily":false,"chose_seed":false,"campfire_upgraded":7,"win_rate":0.0,"timestamp":1610784473,"path_taken":["M","M","M","?","M","R","E","?","T","R","?","AVR","E","M","R","BOSS","?","?","AVR","?","?","T","E","T","T","?","T","?","T","E","T","BOSS","?","?","?","?","?","E","T","E","T","?","E","?","E","?","T","BOSS","BOSS","T","T","E","BOSS"],"items_purchased_type":["Relic","Card","Relic","Card","Relic","Card","Relic","Card","Relic","Card","Card","Relic","Relic","Relic","Relic","Card","Relic","Card","Relic","Relic","Card","Relic","Card","Card","Card","Card","Relic","Card","Relic","Relic","Relic"],"build_version":"2020-12-22","purchased_purges":3,"victory":true,"max_hp_per_floor":[60,60,60,60,60,60,60,60,60,60,60,60,60,60,60,60,60,60,60,60,60,60,60,60,60,60,60,60,60,60,60,60,60,60,60,60,60,60,60,60,57,57,57,57,57,57,57,57,57,57,57,57,57,57,57,57],"relic_stats":{"Sozu":7,"Torii":35,"counters":[306,1067],"Pen Nib":[8],"Art of War":[7],"Juzu Bracelet":0,"Whetstone":["Thunder Strike","hubris:Ukulele"],"obtain_stats":[{"Replay:Accelerometer":49,"infinitespire:BottledMercury":11,"hubris:BallOfYels":29,"Golden Egg":11,"aspiration:PoetsPen_weak":17,"Whetstone":27,"Ginger":17,"Bottled Tornado":0,"hubris:MysteriousPyramids":44,"Sling":45,"Boot":54,"Old Coin":45,"Blood Vial":0,"Replay:Ringing Soul":40,"aspiration:EnhancedActuators":53,"hubris:AstralHammer":38,"Replay:Bronze Core":17,"MealTicket":0,"hubris:DeckOfHolding":53,"Fusion Hammer":34,"Kunai":40,"hubris:TinFlute":23,"hubris:RGBLights":12,"Replay:Bottled Steam":23,"aspiration:FaultyCoupler":12,"Pear":43,"Velvet Choker":34,"Eternal Feather":20,"ReplayTheSpireMod:SealedPack":20,"Pen Nib":53,"aspiration:IroncladSkillbook":34,"Cables":44,"infinitespire:EvilPickle":33,"infinitespire:Lychee Nut":0,"Bird Faced Urn":30,"Pandora\u0027s Box":17,"hubris:TenFootPole":0,"aspiration:MysteriousAuxiliaryCore":38,"infinitespire:PuzzleCube":28,"hubris:Reverence":24,"Solar Panel":0,"Carrot":0,"aspiration:Lifesprig":9,"hubris:Metronome":17,"Lantern":19,"Singing Bowl":26,"Torii":0,"Blue Doll":46,"Painkiller Herb":17,"Replay:Multitool":41,"Bag of Preparation":45,"hubris:EmptyBottle":38,"Replay:Rubber Ducky":53,"hubris:BlackHole":17,"BranchBurnRelic":30,"Matryoshka":0,"hubris:Backtick":17,"Toolbox":54,"WingedGreaves":20,"hubris:FunFungus":46,"infinitespire:Eraser":54,"Replay:Bottled Eggs":17,"InkBottle":54,"aspiration:ChemicalBlood":0,"Potion Belt":29,"Lee\u0027s Waffle":0,"Inserter":48,"NeowsBlessing":0,"Golden Idol":7,"PreservedInsect":0,"The Courier":24,"infinitespire:Joker Card":44,"Geode":30,"Omamori":46,"infinitespire:Lucky Rock":54,"Frozen Egg 2":13,"hubris:Towel":13,"Replay:Arrowhead":23,"Busted Crown":17,"Ornamental Fan":47,"Orrery":48,"Turnip":45,"Garlic":16,"Art of War":48,"Bottled Lightning":12,"ReplayTheSpireMod:Lightbulb":40,"Toy Ornithopter":31,"hubris:BottledRain":26,"infinitespire:Freezer":55,"Ice Cream":31,"Tiny House":44,"Calipers":0,"aspiration:Stabinomicon":25,"Runic Capacitor":50,"hubris:TerracottaHorce":17,"Sozu":12,"Centennial Puzzle":27,"infinitespire:SolderingIron":43,"DollysMirror":53,"Strawberry":14,"Philosopher\u0027s Stone":17,"Prayer Wheel":37,"aspiration:ArtOfWarUpgrade":52,"Iron Hammer":29,"Toxic Egg 2":5,"Girya":26,"Happy Flower":0,"hubris:DuctTape":34,"ReplayTheSpireMod:CursedCoin":0,"hubris:SoftwareUpdate":41,"aspiration:Nostalgia":53,"Replay:Grab Bag":17,"Astrolabe":34,"Dead Branch":25,"Oddly Smooth Stone":0,"infinitespire:Beetle Shell":48,"Replay:Kaleidoscope":43,"Question Card":47,"aspiration:HiddenCompartment":53,"Du-Vu Doll":24,"Replay:Baseball":45,"ReplayTheSpireMod:Shallot":48,"Shuriken":43,"Bronze Scales":0,"hubris:PeanutButter":0,"Simple Rune":9,"Onion Ring":26,"Molten Egg 2":43,"ReplayTheSpireMod:TigerMarble":23,"Black Star":22,"Mirror":0,"Symbiotic Virus":43,"Meat on the Bone":0,"ReplayFunnel":44,"Darkstone Periapt":10,"SacredBark":17,"aspiration:TomeofQuesting":10,"hubris:SlimyHat":43,"Incense Burner":34,"Juzu Bracelet":47,"Replay:Mystery Machine":7,"ClockworkSouvenir":23,"aspiration:StickyExplosives_weak":30,"Replay:Bandana":0,"Nunchaku":25,"Emotion Chip":38,"Dream Catcher":42,"Chameleon Ring":45,"hubris:Icosahedron":48,"TheAbacus":53,"hubris:Stopwatch":17,"Tiny Chest":7,"Replay:Antivirus Software":7,"Cracked Core":0,"Replay:Drink Me":21,"hubris:DisguiseKit":46,"BargainBundle":0,"Replay:Towering Pillar of Hats":30,"aspiration:FetidBarrel":47,"Guide Book":53,"RobotSpaceExplorer:RoboCore":0,"Replay:WaspNest":53,"infinitespire:FocusingShard":0,"aspiration:HummingbirdHeart":0,"Orichalcum":56,"Odd Mushroom":13,"White Beast Statue":20,"Calling Bell":17,"Strange Spoon":46,"CaptainsWheel":0,"DataDisk":27,"Pondfish Scales":43,"Anchor":0,"infinitespire:WardingShard":42,"infinitespire:Satchel":17,"ChewingGum":34,"hubris:BundleOfHerbs":0,"hubris:GrandSneckoEye":36,"Bag of Marbles":0,"Snack Pack":31,"Membership Card":0,"PureWater":53,"hubris:Potato":31,"TungstenRod":17,"ReplayTheSpireMod:ShopPack":21,"hubris:NiceRug":53},{"Replay:Accelerometer":97,"infinitespire:BottledMercury":105,"hubris:BallOfYels":118,"Golden Egg":247,"aspiration:PoetsPen_weak":194,"Whetstone":36,"Ginger":166,"Bottled Tornado":100,"hubris:MysteriousPyramids":178,"Sling":153,"Boot":184,"Old Coin":298,"Blood Vial":0,"Replay:Ringing Soul":234,"aspiration:EnhancedActuators":71,"hubris:AstralHammer":294,"Replay:Bronze Core":7,"MealTicket":22,"hubris:DeckOfHolding":71,"Fusion Hammer":42,"Kunai":125,"hubris:TinFlute":142,"hubris:RGBLights":248,"Replay:Bottled Steam":114,"aspiration:FaultyCoupler":164,"Pear":126,"Velvet Choker":14,"Eternal Feather":8,"ReplayTheSpireMod:SealedPack":32,"Pen Nib":132,"aspiration:IroncladSkillbook":147,"Cables":95,"infinitespire:EvilPickle":62,"infinitespire:Lychee Nut":273,"Bird Faced Urn":40,"Pandora\u0027s Box":30,"hubris:TenFootPole":100,"aspiration:MysteriousAuxiliaryCore":65,"infinitespire:PuzzleCube":86,"hubris:Reverence":288,"Solar Panel":22,"Carrot":0,"aspiration:Lifesprig":26,"hubris:Metronome":166,"Lantern":167,"Singing Bowl":59,"Torii":273,"Blue Doll":268,"Painkiller Herb":283,"Replay:Multitool":45,"Bag of Preparation":95,"hubris:EmptyBottle":232,"Replay:Rubber Ducky":157,"hubris:BlackHole":219,"BranchBurnRelic":289,"Matryoshka":100,"hubris:Backtick":139,"Toolbox":304,"WingedGreaves":32,"hubris:FunFungus":268,"infinitespire:Eraser":133,"Replay:Bottled Eggs":251,"InkBottle":304,"aspiration:ChemicalBlood":46,"Potion Belt":227,"Lee\u0027s Waffle":0,"Inserter":21,"NeowsBlessing":0,"Golden Idol":50,"PreservedInsect":134,"The Courier":170,"infinitespire:Joker Card":207,"Geode":12,"Omamori":237,"infinitespire:Lucky Rock":72,"Frozen Egg 2":53,"hubris:Towel":138,"Replay:Arrowhead":170,"Busted Crown":109,"Ornamental Fan":96,"Orrery":21,"Turnip":127,"Garlic":80,"Art of War":269,"Bottled Lightning":28,"ReplayTheSpireMod:Lightbulb":44,"Toy Ornithopter":41,"hubris:BottledRain":9,"infinitespire:Freezer":98,"Ice Cream":228,"Tiny House":95,"Calipers":159,"aspiration:Stabinomicon":35,"Runic Capacitor":97,"hubris:TerracottaHorce":283,"Sozu":280,"Centennial Puzzle":10,"infinitespire:SolderingIron":68,"DollysMirror":71,"Strawberry":79,"Philosopher\u0027s Stone":7,"Prayer Wheel":44,"aspiration:ArtOfWarUpgrade":270,"Iron Hammer":199,"Toxic Egg 2":3,"Girya":197,"Happy Flower":46,"hubris:DuctTape":172,"ReplayTheSpireMod:CursedCoin":46,"hubris:SoftwareUpdate":67,"aspiration:Nostalgia":211,"Replay:Grab Bag":7,"Astrolabe":120,"Dead Branch":288,"Oddly Smooth Stone":22,"infinitespire:Beetle Shell":181,"Replay:Kaleidoscope":178,"Question Card":21,"aspiration:HiddenCompartment":132,"Du-Vu Doll":9,"Replay:Baseball":153,"ReplayTheSpireMod:Shallot":155,"Shuriken":152,"Bronze Scales":46,"hubris:PeanutButter":73,"Simple Rune":104,"Onion Ring":116,"Molten Egg 2":235,"ReplayTheSpireMod:TigerMarble":59,"Black Star":223,"Mirror":185,"Symbiotic Virus":266,"Meat on the Bone":134,"ReplayFunnel":178,"Darkstone Periapt":247,"SacredBark":7,"aspiration:TomeofQuesting":5,"hubris:SlimyHat":17,"Incense Burner":291,"Juzu Bracelet":300,"Replay:Mystery Machine":4,"ClockworkSouvenir":9,"aspiration:StickyExplosives_weak":40,"Replay:Bandana":46,"Nunchaku":116,"Emotion Chip":149,"Dream Catcher":235,"Chameleon Ring":19,"hubris:Icosahedron":69,"TheAbacus":271,"hubris:Stopwatch":283,"Tiny Chest":162,"Replay:Antivirus Software":279,"Cracked Core":0,"Replay:Drink Me":8,"hubris:DisguiseKit":128,"BargainBundle":22,"Replay:Towering Pillar of Hats":259,"aspiration:FetidBarrel":269,"Guide Book":157,"RobotSpaceExplorer:RoboCore":273,"Replay:WaspNest":211,"infinitespire:FocusingShard":273,"aspiration:HummingbirdHeart":273,"Orichalcum":99,"Odd Mushroom":249,"White Beast Statue":196,"Calling Bell":166,"Strange Spoon":268,"CaptainsWheel":46,"DataDisk":86,"Pondfish Scales":206,"Anchor":241,"infinitespire:WardingShard":126,"infinitespire:Satchel":166,"ChewingGum":62,"hubris:BundleOfHerbs":159,"hubris:GrandSneckoEye":90,"Bag of Marbles":213,"Snack Pack":290,"Membership Card":100,"PureWater":211,"hubris:Potato":61,"TungstenRod":251,"ReplayTheSpireMod:ShopPack":8,"hubris:NiceRug":71},{"Replay:Accelerometer":396,"infinitespire:BottledMercury":423,"hubris:BallOfYels":451,"Golden Egg":876,"aspiration:PoetsPen_weak":711,"Whetstone":160,"Ginger":622,"Bottled Tornado":415,"hubris:MysteriousPyramids":659,"Sling":564,"Boot":680,"Old Coin":1045,"Blood Vial":0,"Replay:Ringing Soul":841,"aspiration:EnhancedActuators":274,"hubris:AstralHammer":1035,"Replay:Bronze Core":30,"MealTicket":111,"hubris:DeckOfHolding":274,"Fusion Hammer":182,"Kunai":462,"hubris:TinFlute":518,"hubris:RGBLights":878,"Replay:Bottled Steam":441,"aspiration:FaultyCoupler":609,"Pear":466,"Velvet Choker":72,"Eternal Feather":33,"ReplayTheSpireMod:SealedPack":147,"Pen Nib":481,"aspiration:IroncladSkillbook":539,"Cables":384,"infinitespire:EvilPickle":245,"infinitespire:Lychee Nut":972,"Bird Faced Urn":173,"Pandora\u0027s Box":140,"hubris:TenFootPole":415,"aspiration:MysteriousAuxiliaryCore":252,"infinitespire:PuzzleCube":338,"hubris:Reverence":1017,"Solar Panel":111,"Carrot":0,"aspiration:Lifesprig":124,"hubris:Metronome":622,"Lantern":627,"Singing Bowl":235,"Torii":972,"Blue Doll":950,"Painkiller Herb":1002,"Replay:Multitool":193,"Bag of Preparation":384,"hubris:EmptyBottle":835,"Replay:Rubber Ducky":582,"hubris:BlackHole":796,"BranchBurnRelic":1018,"Matryoshka":415,"hubris:Backtick":507,"Toolbox":1061,"WingedGreaves":147,"hubris:FunFungus":950,"infinitespire:Eraser":482,"Replay:Bottled Eggs":895,"InkBottle":1061,"aspiration:ChemicalBlood":195,"Potion Belt":822,"Lee\u0027s Waffle":0,"Inserter":104,"NeowsBlessing":0,"Golden Idol":205,"PreservedInsect":485,"The Courier":636,"infinitespire:Joker Card":755,"Geode":57,"Omamori":850,"infinitespire:Lucky Rock":276,"Frozen Egg 2":214,"hubris:Towel":497,"Replay:Arrowhead":636,"Busted Crown":433,"Ornamental Fan":391,"Orrery":104,"Turnip":468,"Garlic":302,"Art of War":955,"Bottled Lightning":131,"ReplayTheSpireMod:Lightbulb":189,"Toy Ornithopter":176,"hubris:BottledRain":37,"infinitespire:Freezer":404,"Ice Cream":825,"Tiny House":384,"Calipers":592,"aspiration:Stabinomicon":156,"Runic Capacitor":396,"hubris:TerracottaHorce":1002,"Sozu":991,"Centennial Puzzle":42,"infinitespire:SolderingIron":262,"DollysMirror":274,"Strawberry":299,"Philosopher\u0027s Stone":30,"Prayer Wheel":188,"aspiration:ArtOfWarUpgrade":959,"Iron Hammer":728,"Toxic Egg 2":7,"Girya":720,"Happy Flower":195,"hubris:DuctTape":646,"ReplayTheSpireMod:CursedCoin":195,"hubris:SoftwareUpdate":260,"aspiration:Nostalgia":767,"Replay:Grab Bag":30,"Astrolabe":454,"Dead Branch":1017,"Oddly Smooth Stone":111,"infinitespire:Beetle Shell":669,"Replay:Kaleidoscope":659,"Question Card":104,"aspiration:HiddenCompartment":481,"Du-Vu Doll":37,"Replay:Baseball":564,"ReplayTheSpireMod:Shallot":573,"Shuriken":560,"Bronze Scales":195,"hubris:PeanutButter":281,"Simple Rune":422,"Onion Ring":447,"Molten Egg 2":843,"ReplayTheSpireMod:TigerMarble":235,"Black Star":810,"Mirror":684,"Symbiotic Virus":942,"Meat on the Bone":485,"ReplayFunnel":659,"Darkstone Periapt":876,"SacredBark":30,"aspiration:TomeofQuesting":17,"hubris:SlimyHat":85,"Incense Burner":1026,"Juzu Bracelet":1051,"Replay:Mystery Machine":13,"ClockworkSouvenir":37,"aspiration:StickyExplosives_weak":173,"Replay:Bandana":195,"Nunchaku":447,"Emotion Chip":545,"Dream Catcher":843,"Chameleon Ring":98,"hubris:Icosahedron":265,"TheAbacus":962,"hubris:Stopwatch":1002,"Tiny Chest":603,"Replay:Antivirus Software":989,"Cracked Core":0,"Replay:Drink Me":33,"hubris:DisguiseKit":471,"BargainBundle":111,"Replay:Towering Pillar of Hats":917,"aspiration:FetidBarrel":955,"Guide Book":582,"RobotSpaceExplorer:RoboCore":972,"Replay:WaspNest":767,"infinitespire:FocusingShard":972,"aspiration:HummingbirdHeart":972,"Orichalcum":408,"Odd Mushroom":881,"White Beast Statue":717,"Calling Bell":622,"Strange Spoon":950,"CaptainsWheel":195,"DataDisk":338,"Pondfish Scales":752,"Anchor":861,"infinitespire:WardingShard":466,"infinitespire:Satchel":622,"ChewingGum":245,"hubris:BundleOfHerbs":592,"hubris:GrandSneckoEye":356,"Bag of Marbles":773,"Snack Pack":1021,"Membership Card":415,"PureWater":767,"hubris:Potato":241,"TungstenRod":895,"ReplayTheSpireMod:ShopPack":33,"hubris:NiceRug":274}],"InkBottle":[3]},"card_choices":[{"not_picked":["Chaos","Compile Driver"],"picked":"Multi-Cast","floor":0.0},{"not_picked":["Barrage","Beam Cell"],"picked":"ReplayTheSpireMod:Calculation Training","floor":0.0},{"not_picked":["ReplayTheSpireMod:Reroute Power","Coolheaded"],"picked":"Reinforced Body","floor":0.0},{"not_picked":["Rebound","Mirror Shield"],"picked":"White Noise","floor":0.0},{"not_picked":["Seek","Leap"],"picked":"Storm","floor":0.0},{"not_picked":["Stack","Gash"],"picked":"Ball Lightning","floor":1.0},{"not_picked":["Reprogram","Go for the Eyes"],"picked":"Leap","floor":2.0},{"not_picked":["Hologram","Stack","BasicCrystalCard"],"picked":"SKIP","floor":3},{"not_picked":["Leap","ReplayTheSpireMod:Calculation Training"],"picked":"Turbo","floor":4},{"not_picked":["Beam Cell","Streamline"],"picked":"Leap","floor":5},{"not_picked":["Skim","Cold Snap"],"picked":"Turbo","floor":7},{"not_picked":["Leap","Coolheaded","Ball Lightning"],"picked":"SKIP","floor":11},{"not_picked":["Steam","Fusion"],"picked":"Aggregate","floor":13},{"not_picked":["Hello World","Cold Snap"],"picked":"Turbo","floor":14},{"not_picked":["Reboot","Buffer"],"picked":"Creative AI","floor":16},{"not_picked":["Double Energy","Aggregate+1","Scrape"],"picked":"SKIP","floor":18},{"not_picked":["BasicCrystalCard","Leap"],"picked":"Sunder","floor":19},{"not_picked":["Blizzard","Leap","Sweeping Beam"],"picked":"SKIP","floor":21},{"not_picked":["Cold Snap","Go for the Eyes"],"picked":"Conserve Battery","floor":22},{"not_picked":["Crystallizer","Double Energy"],"picked":"Electrodynamics","floor":24},{"not_picked":["Beam Cell","FIFO Queue","Recycle"],"picked":"SKIP","floor":27},{"not_picked":["Darkness","Sunder"],"picked":"Leap+1","floor":31},{"not_picked":["All For One","hubris:Prefetch"],"picked":"Thunder Strike","floor":33},{"not_picked":["Conserve Battery","Compile Driver+1","Go for the Eyes+1"],"picked":"SKIP","floor":35},{"not_picked":["Sunder","Gash+1","Reinforced Body"],"picked":"SKIP","floor":36},{"not_picked":["Doom and Gloom","Reinforced Body"],"picked":"Barrage+1","floor":40},{"not_picked":["Beam Cell+1","Fusion","Compile Driver"],"picked":"SKIP","floor":42},{"not_picked":["Panic Button","Coolheaded"],"picked":"White Noise","floor":44},{"not_picked":["BasicCrystalCard+1","Sunder","Go for the Eyes"],"picked":"SKIP","floor":45},{"not_picked":["Compile Driver","Streamline"],"picked":"Force Field","floor":46},{"not_picked":["Chaos","Rebound","Stack"],"picked":"SKIP","floor":47},{"not_picked":["Recycle","Darkness","Streamline"],"picked":"SKIP","floor":48},{"not_picked":[],"picked":"Doom and Gloom","floor":54},{"not_picked":[],"picked":"Chill","floor":54},{"not_picked":[],"picked":"Loop","floor":54},{"not_picked":[],"picked":"Thinking Ahead","floor":54},{"not_picked":["ReplayGash+1"],"picked":"SKIP","floor":54},{"not_picked":["Fission"],"picked":"SKIP","floor":54},{"not_picked":["Dramatic Entrance"],"picked":"SKIP","floor":54},{"not_picked":["Tempest","ReplaySolidLightProjector"],"picked":"hubris:Ukulele+1","floor":55}],"player_experience":603551,"relics_obtained":[{"floor":7,"key":"Replay:Antivirus Software"},{"floor":9,"key":"aspiration:EnhancedActuators"},{"floor":13,"key":"Oddly Smooth Stone"},{"floor":24,"key":"hubris:Reverence"},{"floor":31,"key":"Snack Pack"},{"floor":34,"key":"Blue Doll"},{"floor":34,"key":"Symbiotic Virus"},{"floor":34,"key":"Incense Burner"},{"floor":38,"key":"hubris:AstralHammer"},{"floor":40,"key":"Art of War"},{"floor":42,"key":"infinitespire:PuzzleCube"},{"floor":43,"key":"Bottled Lightning"},{"floor":45,"key":"Old Coin"},{"floor":47,"key":"Juzu Bracelet"},{"floor":54,"key":"InkBottle"},{"floor":54,"key":"Whetstone"},{"floor":54,"key":"Pen Nib"},{"floor":54,"key":"hubris:BallOfYels"},{"floor":54,"key":"Toolbox"},{"floor":55,"key":"aspiration:ChemicalBlood"}],"event_choices":[{"damage_healed":0,"gold_gain":50,"player_choice":"Pray","damage_taken":0,"max_hp_gain":0,"max_hp_loss":0,"event_name":"Golden Shrine","floor":8,"gold_loss":0},{"damage_healed":0,"gold_gain":0,"player_choice":"Fight","damage_taken":0,"max_hp_gain":0,"max_hp_loss":0,"event_name":"MindBloom","floor":38,"gold_loss":0},{"damage_healed":0,"gold_gain":0,"player_choice":"0 cards matched","damage_taken":0,"max_hp_gain":0,"max_hp_loss":0,"event_name":"Match and Keep!","floor":39,"gold_loss":0,"cards_obtained":[]}],"is_beta":false,"boss_relics":[{"not_picked":["Empty Cage","aspiration:IroncladSkillbook"],"picked":"Replay:Grab Bag"},{"not_picked":["Coffee Dripper","hubris:RunicObelisk"],"picked":"Painkiller Herb"},{"not_picked":["ChewingGum","Philosopher\u0027s Stone"],"picked":"hubris:TerracottaHorce"},{"not_picked":["aspiration:RitualDagger","Runic Pyramid"],"picked":"hubris:Stopwatch"},{"not_picked":["ReplayTheSpireMod:SealedPack","FrozenCore"],"picked":"Calling Bell"}],"items_purged_floors":[41,54,54],"is_endless":false,"potions_floor_spawned":[3,4,5,11,14,19,22,33,40,42,44,45,48],"ascension_level":20}}