{"host":"dvdvdvm357cut69v","time":1610807550,"event":{"mods":["BaseMod","Infinite Spire","Minty Spire (QoL Compilation)","StSLib"],"gold_per_floor":[117,117,117,133,7,7,34,9,34,46,58,85,110,138,150,263,275,307,329,341,353,391,403,441,30,77,77,103,103,121,147,147,249,249,269,269,269],"floor_reached":36,"language":"ENG","playtime":878,"items_purged":["Strike_R"],"score":465,"play_id":"ef3398ce-e52f-490d-a1c9-418a36f31ae3","local_time":"20210116173230","is_ascension_mode":true,"campfire_choices":[{"data":"Whirlwind","floor":6,"key":"SMITH"},{"data":"Armaments","floor":15,"key":"SMITH"},{"data":"Whirlwind","floor":23,"key":"SMITH"},{"data":"Flex","floor":27,"key":"SMITH"},{"floor":32,"key":"REST"}],"circlet_count":0,"master_deck":["Strike_R","Defend_R","Defend_R","Defend_R","Bash","Intimidate","Whirlwind+1","Armaments+1","Whirlwind+1","Iron Wave","Cleave","Spot Weakness","Metallicize+1","Headbutt","Cleave+1","Shrug It Off+1","Warcry","Flex+1","Flame Barrier","Battle Trance","Metallicize+1","Pummel+1","Double Tap"],"relics":["infinitespire:Burning Sword","Frozen Egg 2","Juzu Bracelet","MawBank","Empty Cage","Enchiridion","Red Mask","Anchor","HornCleat","Strawberry","Centennial Puzzle","Shuriken","SlaversCollar"],"acts_visited":["Exordium","TheCity","TheBeyond"],"potions_floor_usage":[13,16,19,24,28,31,36],"damage_taken":[{"damage":2,"enemies":"Cultist","floor":1,"turns":2},{"damage":0,"enemies":"2 Louse","floor":4,"turns":2},{"damage":6,"enemies":"3 Sentries","floor":7,"turns":2},{"damage":0,"enemies":"Small Slimes","floor":12,"turns":1},{"damage":0,"enemies":"Blue Slaver","floor":13,"turns":1},{"damage":0,"enemies":"2 Fungi Beasts","floor":14,"turns":2},{"damage":25,"enemies":"The Guardian","floor":16,"turns":6},{"damage":8,"enemies":"Spheric Guardian","floor":18,"turns":3},{"damage":0,"enemies":"2 Thieves","floor":19,"turns":2},{"damage":0,"enemies":"Masked Bandits","floor":22,"turns":1},{"damage":29,"enemies":"Book of Stabbing","floor":24,"turns":4},{"damage":1,"enemies":"Slavers","floor":28,"turns":2},{"damage":2,"enemies":"Chosen and Byrds","floor":30,"turns":3},{"damage":8,"enemies":"Book of Stabbing","floor":31,"turns":3},{"damage":6,"enemies":"Collector","floor":33,"turns":5},{"damage":0,"enemies":"3 Shapes","floor":35,"turns":1},{"damage":2,"enemies":"infinitespire:Three Voidlings","floor":36,"turns":3},{"damage":87,"enemies":"Nightmare_Alpha","floor":36,"turns":6}],"seed_played":"-9134492140636989594","potions_obtained":[{"floor":1,"key":"Ancient Potion"},{"floor":12,"key":"BloodPotion"},{"floor":13,"key":"SteroidPotion"},{"floor":14,"key":"Energy Potion"},{"floor":22,"key":"AttackPotion"},{"floor":24,"key":"ColorlessPotion"},{"floor":30,"key":"Energy Potion"},{"floor":35,"key":"Fire Potion"}],"is_trial":false,"path_per_floor":["M","?","?","M","$","R","E","$","T","?","?","M","M","M","R","B",null,"M","M","?","?","?","R","E","$","T","R","E","?","M","E","R","B",null,"M","?"],"character_chosen":"IRONCLAD","items_purchased":["Armaments","Whirlwind","Cleave","HornCleat","Flex","Flame Barrier"],"campfire_rested":1,"item_purchase_floors":[5,5,8,25,25,25],"current_hp_per_floor":[78,66,59,59,59,59,53,53,53,53,53,53,69,69,69,44,80,72,72,56,80,80,80,51,51,58,58,57,57,55,47,73,67,87,87,0,0],"gold":269,"neow_bonus":"BOSS_RELIC","is_daily":false,"chose_seed":false,"campfire_upgraded":4,"win_rate":0.0,"timestamp":1610807550,"path_taken":["M","?","?","M","$","R","E","$","T","?","?","M","M","M","R","BOSS","M","M","?","?","?","R","E","$","T","R","E","?","M","E","R","BOSS","M","?"],"items_purchased_type":["Card","Card","Card","Relic","Card","Card"],"build_version":"2020-12-13","purchased_purges":1,"victory":false,"max_hp_per_floor":[80,80,80,80,80,80,80,80,80,80,80,80,80,80,80,80,80,80,80,80,80,80,80,80,80,87,87,87,87,87,87,87,87,87,87,87,87],"card_choices":[{"not_picked":["Perfected Strike","Clothesline"],"picked":"Intimidate","floor":1},{"not_picked":["Iron Wave","Rampage"],"picked":"Whirlwind","floor":4},{"not_picked":["Sword Boomerang","Blood for Blood"],"picked":"Iron Wave","floor":7},{"not_picked":["Anger","Heavy Blade"],"picked":"Spot Weakness","floor":12},{"not_picked":["Body Slam","Second Wind","Cleave"],"picked":"SKIP","floor":13},{"not_picked":["Perfected Strike","True Grit"],"picked":"Metallicize+1","floor":14},{"not_picked":["Combust+1","Anger"],"picked":"Headbutt","floor":18},{"not_picked":["Clash","Heavy Blade+1"],"picked":"Cleave+1","floor":19},{"not_picked":["Shockwave","Body Slam+1"],"picked":"Shrug It Off+1","floor":22},{"not_picked":["Uppercut","Clash"],"picked":"Warcry","floor":24},{"not_picked":["Headbutt","Clothesline"],"picked":"Battle Trance","floor":28},{"not_picked":["Clothesline","Sword Boomerang"],"picked":"Pummel+1","floor":30},{"not_picked":["Burning Pact","Second Wind","Body Slam"],"picked":"SKIP","floor":31},{"not_picked":["Corruption+1","Offering"],"picked":"Double Tap","floor":33},{"not_picked":["Pommel Strike","Body Slam+1","Perfected Strike+1"],"picked":"SKIP","floor":35}],"player_experience":71009,"relics_obtained":[{"floor":7,"key":"Juzu Bracelet"},{"floor":9,"key":"MawBank"},{"floor":20,"key":"Enchiridion"},{"floor":22,"key":"Red Mask"},{"floor":24,"key":"Anchor"},{"floor":26,"key":"Strawberry"},{"floor":28,"key":"Centennial Puzzle"},{"floor":31,"key":"Shuriken"}],"event_choices":[{"damage_healed":0,"gold_gain":0,"player_choice":"Success","damage_taken":12,"relics_obtained":["Frozen Egg 2"],"max_hp_gain":0,"max_hp_loss":0,"event_name":"Scrap Ooze","floor":2,"gold_loss":0},{"cards_removed":["Strike_R"],"damage_healed":0,"gold_gain":0,"player_choice":"Card Removal","damage_taken":7,"max_hp_gain":0,"max_hp_loss":0,"event_name":"Golden Wing","floor":3,"gold_loss":0},{"cards_removed":["Strike_R"],"damage_healed":0,"gold_gain":0,"player_choice":"Purged","damage_taken":0,"max_hp_gain":0,"max_hp_loss":0,"event_name":"Purifier","floor":11,"gold_loss":0},{"damage_healed":0,"gold_gain":0,"player_choice":"Obtained Book","damage_taken":16,"max_hp_gain":0,"max_hp_loss":0,"event_name":"Cursed Tome","floor":20,"gold_loss":0},{"damage_healed":26,"gold_gain":0,"player_choice":"Heal","damage_taken":0,"max_hp_gain":0,"max_hp_loss":0,"event_name":"The Library","floor":21,"gold_loss":0},{"damage_healed":0,"gold_gain":0,"player_choice":"Fought Bandits","damage_taken":0,"max_hp_gain":0,"max_hp_loss":0,"event_name":"Masked Bandits","floor":22,"gold_loss":0},{"damage_healed":0,"gold_gain":0,"player_choice":"Copied","damage_taken":0,"max_hp_gain":0,"max_hp_loss":0,"event_name":"Duplicator","floor":29,"gold_loss":0,"cards_obtained":["Metallicize"]}],"is_beta":false,"boss_relics":[{"not_picked":["Sozu","Fusion Hammer"],"picked":"Empty Cage"},{"not_picked":["Snecko Eye","Runic Pyramid"],"picked":"SlaversCollar"}],"items_purged_floors":[25],"is_endless":false,"potions_floor_spawned":[1,12,13,14,22,24,30,35],"killed_by":"Nightmare_Alpha","ascension_level":1}}