{"host":"qqgw5gp46oujbhdl","time":1610827450,"event":{"mods":["Aspiration","BaseMod","BetterRewards","Downfall","Hermit","Infinite Spire","Minty Spire (QoL Compilation)","StSLib","The Disciple","The Forsaken","The Hierophant","The Servant 0.9.4","The Spell Scribe","The Valiant","TheBandit","Wandering Minibosses"],"gold_per_floor":[218,236,18,32,50,79,90,101,152,162,194,194,219,238,238,336,336,349,349,349,365,379,404,416,416,441,441,441,457,473,74,74,179,179,197,209,209,229,229,229,243,243,270,304,318,318,367,0,0,0],"floor_reached":51,"language":"POL","playtime":2933,"items_purged":["Strike_R"],"score":784,"play_id":"d230d0a9-ec01-4d93-abd9-6220578f07da","local_time":"20210116210410","is_ascension_mode":true,"campfire_choices":[{"data":"Rupture","floor":12,"key":"SMITH"},{"data":"Hemokinesis","floor":15,"key":"SMITH"},{"data":"Sword Boomerang","floor":25,"key":"SMITH"},{"data":"Spot Weakness","floor":28,"key":"SMITH"},{"floor":32,"key":"REST"},{"data":"Cleave","floor":40,"key":"SMITH"},{"data":"Shrug It Off","floor":42,"key":"SMITH"},{"data":"Carnage","floor":46,"key":"SMITH"},{"floor":49,"key":"REST"}],"circlet_count":0,"master_deck":["Strike_R","Strike_R","Strike_R","Strike_R","Defend_R","Defend_R","Defend_R","Defend_R","Bash","Headbutt","Pommel Strike","Cleave+1","Pommel Strike","Hemokinesis+1","Seeing Red+1","Rupture+1","Carnage+1","Reaper","Limit Break","Spot Weakness+1","Sword Boomerang+1","Combust","Armaments+1","Offering","Shrug It Off+1","Master of Strategy","Dark Shackles","Injury","Armaments+1","Wild Strike+1","Cleave+1"],"relics":["Burning Blood","PreservedInsect","Potion Belt","Happy Flower","aspiration:HiddenCompartment","Ancient Tea Set","aspiration:RitualDagger","Bronze Scales","infinitespire:Satchel","Akabeko","infinitespire:BottledMercury","infinitespire:Burning Sword","Dream Catcher","Nunchaku","aspiration:AnachronicSnailShell","Red Mask"],"acts_visited":["Exordium","TheCity","TheBeyond"],"potions_floor_usage":[6,11,16,16,18,23,30,33,33,41,50,50],"damage_taken":[{"damage":4,"enemies":"2 Louse","floor":1,"turns":3},{"damage":17,"enemies":"Jaw Worm","floor":2,"turns":4},{"damage":5,"enemies":"Cultist","floor":4,"turns":4},{"damage":11,"enemies":"Blue Slaver","floor":5,"turns":4},{"damage":0,"enemies":"Gremlin Nob","floor":6,"turns":2},{"damage":8,"enemies":"Red Slaver","floor":7,"turns":3},{"damage":7,"enemies":"Looter","floor":8,"turns":3},{"damage":4,"enemies":"Blue Slaver","floor":10,"turns":3},{"damage":15,"enemies":"Lagavulin","floor":11,"turns":3},{"damage":14,"enemies":"Gremlin Nob","floor":13,"turns":3},{"damage":8,"enemies":"Red Slaver","floor":14,"turns":2},{"damage":47,"enemies":"Hexaghost","floor":16,"turns":8},{"damage":61,"enemies":"Shell Parasite","floor":18,"turns":5},{"damage":24,"enemies":"Chosen","floor":21,"turns":4},{"damage":32,"enemies":"Snake Plant","floor":22,"turns":4},{"damage":46,"enemies":"Slavers","floor":23,"turns":3},{"damage":42,"enemies":"Snecko","floor":24,"turns":4},{"damage":38,"enemies":"Sentry and Sphere","floor":29,"turns":4},{"damage":27,"enemies":"Snake Plant","floor":30,"turns":3},{"damage":64,"enemies":"Automaton","floor":33,"turns":6},{"damage":15,"enemies":"Orb Walker","floor":35,"turns":2},{"damage":16,"enemies":"3 Shapes","floor":36,"turns":2},{"damage":31,"enemies":"Jaw Worm Horde","floor":38,"turns":3},{"damage":11,"enemies":"3 Darklings","floor":41,"turns":2},{"damage":30,"enemies":"Nemesis","floor":44,"turns":3},{"damage":31,"enemies":"Transient","floor":45,"turns":5},{"damage":74,"enemies":"2 Orb Walkers","floor":47,"turns":4},{"damage":164,"enemies":"infinitespire:MassOfShapes","floor":50,"turns":9}],"seed_played":"1529132025576719088","potions_obtained":[{"floor":1,"key":"Guardian:BlockOnCardUsePotion"},{"floor":5,"key":"bronze:BurnAndBuffPotion"},{"floor":6,"key":"PowerPotion"},{"floor":8,"key":"Explosive Potion"},{"floor":14,"key":"LiquidMemories"},{"floor":16,"key":"Energy Potion"},{"floor":23,"key":"LiquidBronze"},{"floor":29,"key":"Strength Potion"},{"floor":30,"key":"CultistPotion"},{"floor":36,"key":"Block Potion"},{"floor":44,"key":"BloodPotion"},{"floor":45,"key":"bronze:BurnAndBuffPotion"},{"floor":47,"key":"BlessingOfTheForge"}],"is_trial":false,"path_per_floor":["M","M","$","M","M","E","M","M","T","M","E","R","E","M","R","B",null,"M","?","?","M","M","E","M","R","T","?","R","M","M","$","R","B",null,"M","M","?","M","?","R","M","R","T","E","M","R","?","?","R","B",null],"character_chosen":"IRONCLAD","items_purchased":["PreservedInsect","Akabeko","infinitespire:BottledMercury"],"campfire_rested":2,"item_purchase_floors":[3,31,31],"current_hp_per_floor":[80,69,69,70,65,71,69,68,68,70,61,61,53,51,51,14,80,25,25,90,72,58,18,88,88,88,88,88,67,57,57,84,74,90,90,90,85,75,75,75,90,90,90,80,85,85,37,37,64,84],"gold":0,"neow_bonus":"HUNDRED_GOLD","is_daily":false,"chose_seed":false,"campfire_upgraded":7,"win_rate":0.0,"timestamp":1610827450,"path_taken":["M","M","$","M","M","E","M","M","T","M","E","R","E","M","R","BOSS","M","?","?","M","?","E","M","R","T","?","R","M","?","$","R","BOSS","M","M","?","M","?","R","?","R","T","E","M","R","?","?","R","BOSS"],"items_purchased_type":["Relic","Relic","Relic"],"build_version":"2020-12-22","purchased_purges":1,"victory":true,"max_hp_per_floor":[80,80,80,80,80,80,80,80,80,80,80,80,80,80,80,80,80,80,80,90,90,90,90,90,90,90,90,90,90,90,90,90,90,90,90,90,90,90,90,90,90,90,90,90,90,90,90,90,90,90],"card_choices":[{"not_picked":["Warcry","Heavy Blade"],"picked":"Headbutt","floor":1},{"not_picked":["Shrug It Off","True Grit","Warcry"],"picked":"SKIP","floor":2},{"not_picked":["Metallicize","Infernal Blade"],"picked":"Pommel Strike","floor":4},{"not_picked":["Warcry","Reckless Charge"],"picked":"Cleave","floor":5},{"not_picked":["Sentinel","Clothesline"],"picked":"Pommel Strike","floor":6},{"not_picked":["Reckless Charge","Sword Boomerang"],"picked":"Hemokinesis","floor":7},{"not_picked":["Flame Barrier","Headbutt"],"picked":"Seeing Red","floor":8},{"not_picked":["Iron Wave","Thunderclap"],"picked":"Rupture","floor":10},{"not_picked":["Warcry","Twin Strike"],"picked":"Fiend Fire","floor":11},{"not_picked":["Uppercut","Sword Boomerang"],"picked":"Carnage","floor":13},{"not_picked":["Perfected Strike","Warcry"],"picked":"Reaper","floor":14},{"not_picked":["Juggernaut","Barricade"],"picked":"Limit Break","floor":16},{"not_picked":["Battle Trance","Rampage"],"picked":"Spot Weakness","floor":18},{"not_picked":["Headbutt","Dark Embrace","Sentinel"],"picked":"SKIP","floor":21},{"not_picked":["Sword Boomerang","Flex","Power Through"],"picked":"SKIP","floor":22},{"not_picked":["Reckless Charge","Seeing Red","Entrench"],"picked":"SKIP","floor":23},{"not_picked":["Headbutt","Pommel Strike"],"picked":"Sword Boomerang","floor":24},{"not_picked":["Fire Breathing","Havoc"],"picked":"Combust","floor":29},{"not_picked":["Iron Wave","Dual Wield+1"],"picked":"Armaments+1","floor":30},{"not_picked":["Reaper","Exhume"],"picked":"Offering","floor":33},{"not_picked":["Seeing Red+1","Body Slam"],"picked":"Intimidate","floor":35},{"not_picked":["Havoc","Warcry"],"picked":"Shrug It Off","floor":36},{"not_picked":["Blind","HandOfGreed"],"picked":"Master of Strategy","floor":37},{"not_picked":["Deep Breath","Madness"],"picked":"Dark Shackles","floor":37},{"not_picked":["Wild Strike","Flex","Sentinel+1"],"picked":"SKIP","floor":38},{"not_picked":["Iron Wave+1","Headbutt"],"picked":"Armaments+1","floor":41},{"not_picked":["Searing Blow","Sever Soul+1"],"picked":"Wild Strike+1","floor":44},{"not_picked":["Pommel Strike","Sword Boomerang","Carnage+1"],"picked":"SKIP","floor":45},{"not_picked":["Combust","Rupture+1"],"picked":"Cleave+1","floor":47}],"player_experience":362848,"relics_obtained":[{"floor":6,"key":"Potion Belt"},{"floor":9,"key":"Happy Flower"},{"floor":11,"key":"aspiration:HiddenCompartment"},{"floor":13,"key":"Ancient Tea Set"},{"floor":23,"key":"Bronze Scales"},{"floor":26,"key":"infinitespire:Satchel"},{"floor":43,"key":"Dream Catcher"},{"floor":44,"key":"Nunchaku"},{"floor":47,"key":"aspiration:AnachronicSnailShell"}],"event_choices":[{"cards_removed":["Fiend Fire"],"damage_healed":55,"gold_gain":0,"player_choice":"Offered Rare","damage_taken":0,"max_hp_gain":10,"max_hp_loss":0,"event_name":"Bonfire Elementals","floor":20,"gold_loss":0},{"damage_healed":0,"gold_gain":0,"player_choice":"Forge","damage_taken":0,"max_hp_gain":0,"max_hp_loss":0,"event_name":"Accursed Blacksmith","floor":27,"gold_loss":0,"cards_upgraded":["Seeing Red"]},{"damage_healed":0,"gold_gain":0,"player_choice":"Memory 2","damage_taken":5,"max_hp_gain":0,"max_hp_loss":0,"event_name":"SensoryStone","floor":37,"gold_loss":0},{"cards_removed":["Intimidate"],"damage_healed":0,"gold_gain":0,"player_choice":"Took Card","damage_taken":0,"max_hp_gain":0,"max_hp_loss":0,"event_name":"NoteForYourself","floor":39,"gold_loss":0,"cards_obtained":["Injury"]},{"damage_healed":0,"gold_gain":0,"player_choice":"Fight","damage_taken":0,"max_hp_gain":0,"max_hp_loss":0,"event_name":"Mysterious Sphere","floor":47,"gold_loss":0},{"damage_healed":0,"gold_gain":0,"player_choice":"Paid","damage_taken":0,"relics_obtained":["Red Mask"],"max_hp_gain":0,"max_hp_loss":0,"event_name":"Tomb of Lord Red Mask","floor":48,"gold_loss":367}],"is_beta":false,"boss_relics":[{"not_picked":["Philosopher\u0027s Stone","Busted Crown"],"picked":"aspiration:RitualDagger"},{"not_picked":["Mark of Pain","aspiration:SecretTechniqueScroll"],"picked":"infinitespire:Burning Sword"}],"items_purged_floors":[3],"is_endless":false,"potions_floor_spawned":[1,5,6,8,14,16,23,29,30,36,44,45,47],"ascension_level":1}}