{"host":"Jinnai","time":1610828949,"event":{"mods":["BaseMod","Bestiary","Block Reminder","Colored Map","Colored Powertips","Highlight Path","Minty Spire (QoL Compilation)","Quick Restart","Relic Stats","StSLib"],"gold_per_floor":[115,127,141,141,154,154,185,185,185,185,31,48,48,60,60,131,131,142,142,142],"floor_reached":19,"language":"ENG","playtime":648,"items_purged":["Pain"],"score":321,"play_id":"61c208fb-2039-4411-88cf-2f9968f62a44","local_time":"20210116152909","is_ascension_mode":true,"campfire_choices":[{"data":"Neutralize","floor":6,"key":"SMITH"},{"floor":8,"key":"REST"},{"data":"Unload","floor":10,"key":"SMITH"},{"floor":15,"key":"REST"}],"circlet_count":0,"master_deck":["AscendersBane","Strike_G","Strike_G","Strike_G","Strike_G","Strike_G","Defend_G","Defend_G","Defend_G","Defend_G","Defend_G","Survivor","Neutralize+1","Dagger Throw","Underhanded Strike","Underhanded Strike","Calculated Gamble","Unload+1","Footwork","Cloak And Dagger","Tactician","After Image","Backflip"],"relics":["Cursed Key","WarpedTongs","Juzu Bracelet","Philosopher\u0027s Stone"],"acts_visited":["Exordium","TheCity"],"potions_floor_usage":[16,18],"damage_taken":[{"damage":0,"enemies":"Small Slimes","floor":1,"turns":4},{"damage":0,"enemies":"Cultist","floor":2,"turns":3},{"damage":0,"enemies":"Jaw Worm","floor":3,"turns":3},{"damage":12,"enemies":"Blue Slaver","floor":5,"turns":3},{"damage":34,"enemies":"Lagavulin","floor":7,"turns":6},{"damage":0,"enemies":"Exordium Wildlife","floor":12,"turns":2},{"damage":7,"enemies":"3 Louse","floor":14,"turns":3},{"damage":27,"enemies":"Slime Boss","floor":16,"turns":8},{"damage":30,"enemies":"3 Byrds","floor":18,"turns":4},{"damage":29,"enemies":"Chosen","floor":19,"turns":4}],"seed_played":"2741153972991126274","potions_obtained":[{"floor":2,"key":"PowerPotion"},{"floor":3,"key":"Fire Potion"}],"is_trial":false,"path_per_floor":["M","M","M","?","M","R","E","R","T","R","$","M","?","M","R","B",null,"M","M"],"character_chosen":"THE_SILENT","items_purchased":["Footwork"],"campfire_rested":2,"item_purchase_floors":[11],"current_hp_per_floor":[59,59,59,59,47,47,13,32,32,32,32,32,32,25,44,17,54,24,0,0],"gold":142,"neow_bonus":"BOSS_RELIC","is_daily":false,"chose_seed":false,"campfire_upgraded":2,"win_rate":0.0,"timestamp":1610828949,"path_taken":["M","M","M","?","?","R","E","R","T","R","$","M","?","M","R","BOSS","M","M"],"items_purchased_type":["Card"],"build_version":"2020-12-18","purchased_purges":1,"victory":false,"max_hp_per_floor":[66,66,66,66,66,66,66,66,66,66,66,66,66,66,66,66,66,66,66,66],"relic_stats":{"counters":[10,40],"Juzu Bracelet":0,"Cursed Key":0,"obtain_stats":[{"Philosopher\u0027s Stone":17,"Juzu Bracelet":7,"Cursed Key":0,"Ring of the Snake":0,"WarpedTongs":4},{"Philosopher\u0027s Stone":8,"Juzu Bracelet":5,"Cursed Key":0,"Ring of the Snake":0,"WarpedTongs":3},{"Philosopher\u0027s Stone":32,"Juzu Bracelet":19,"Cursed Key":0,"Ring of the Snake":0,"WarpedTongs":10}],"WarpedTongs":[30]},"card_choices":[{"not_picked":["Finisher","Masterful Stab"],"picked":"Dagger Throw","floor":1},{"not_picked":["Outmaneuver","Sucker Punch"],"picked":"Underhanded Strike","floor":2},{"not_picked":["Quick Slash","Noxious Fumes"],"picked":"Underhanded Strike","floor":3},{"not_picked":["Backstab","Riddle With Holes"],"picked":"Calculated Gamble","floor":5},{"not_picked":["Dagger Spray","Acrobatics"],"picked":"Unload","floor":7},{"not_picked":["Crippling Poison","Sucker Punch"],"picked":"Cloak And Dagger","floor":12},{"not_picked":["Deflect","Expertise"],"picked":"Tactician","floor":14},{"not_picked":["Adrenaline","Doppelganger"],"picked":"After Image","floor":16},{"not_picked":["Deadly Poison","Sucker Punch"],"picked":"Backflip","floor":18}],"player_experience":1521908,"relics_obtained":[{"floor":7,"key":"Juzu Bracelet"}],"event_choices":[{"damage_healed":0,"gold_gain":0,"player_choice":"Rummage","damage_taken":0,"relics_obtained":["WarpedTongs"],"max_hp_gain":0,"max_hp_loss":0,"event_name":"Accursed Blacksmith","floor":4,"gold_loss":0,"cards_obtained":["Pain"]},{"damage_healed":0,"gold_gain":0,"player_choice":"Ignored","damage_taken":0,"max_hp_gain":0,"max_hp_loss":0,"event_name":"Liars Game","floor":13,"gold_loss":0}],"is_beta":true,"boss_relics":[{"not_picked":["SacredBark","Empty Cage"],"picked":"Philosopher\u0027s Stone"}],"items_purged_floors":[11],"is_endless":false,"potions_floor_spawned":[2,3,14],"killed_by":"Chosen","ascension_level":18}}