{"host":"qxeepl7ydvsgmfdb","time":1610772576,"event":{"mods":["AchievementEnabler","BaseMod","Colored Powertips","Minty Spire (QoL Compilation)","Quick Restart","slay the spire mod where everything is the same but ironclad has a cowboy hat"],"gold_per_floor":[117,117,128,43,53,53,70,83,83,83,83],"floor_reached":10,"language":"ENG","playtime":281,"items_purged":[],"score":81,"play_id":"e57db489-143c-4301-908e-aeb525a9fabf","local_time":"20210115234936","is_ascension_mode":true,"campfire_choices":[{"data":"Discovery","floor":6.0,"key":"SMITH"}],"circlet_count":0,"master_deck":["Strike_G","Strike_G","Strike_G","Strike_G","Strike_G","Defend_G","Defend_G","Defend_G","Defend_G","Survivor","Neutralize","Cloak And Dagger","Dagger Spray","Discovery+1","Blade Dance","Slice"],"relics":["Black Star","Mummified Hand"],"acts_visited":["Exordium"],"potions_floor_usage":[10],"damage_taken":[{"damage":2.0,"enemies":"Small Slimes","floor":1.0,"turns":4.0},{"damage":1.0,"enemies":"Jaw Worm","floor":3.0,"turns":4.0},{"damage":0.0,"enemies":"Cultist","floor":5.0,"turns":3.0},{"damage":0.0,"enemies":"Gremlin Gang","floor":7.0,"turns":3.0},{"damage":0.0,"enemies":"3 Louse","floor":8.0,"turns":2.0},{"damage":71,"enemies":"Gremlin Nob","floor":10,"turns":5}],"seed_played":"3297607787690051101","potions_obtained":[{"floor":5.0,"key":"Energy Potion"},{"floor":7.0,"key":"Ancient Potion"},{"floor":8.0,"key":"Dexterity Potion"}],"is_trial":false,"path_per_floor":["M","?","M","$","M","R","M","M","T","E"],"character_chosen":"THE_SILENT","items_purchased":["Discovery"],"campfire_rested":0,"item_purchase_floors":[4],"current_hp_per_floor":[61,54,53,53,53,53,53,53,53,0,0],"gold":83,"neow_bonus":"BOSS_RELIC","is_daily":false,"chose_seed":false,"campfire_upgraded":1,"win_rate":0.0,"timestamp":1610772576,"path_taken":["M","?","M","$","M","R","M","M","T","E"],"items_purchased_type":["Card"],"build_version":"2020-12-22","purchased_purges":0,"victory":false,"max_hp_per_floor":[70,70,70,70,70,70,70,70,70,70,70],"card_choices":[{"not_picked":["Blur","Backflip"],"picked":"Cloak And Dagger","floor":1.0},{"not_picked":["Flechettes","Cloak And Dagger"],"picked":"Dagger Spray","floor":3.0},{"not_picked":["Cloak And Dagger","PiercingWail"],"picked":"Blade Dance","floor":5.0},{"not_picked":["Eviscerate","Deflect"],"picked":"Slice","floor":7.0},{"not_picked":["Sucker Punch","Slice","Prepared"],"picked":"SKIP","floor":8.0}],"player_experience":146486,"relics_obtained":[{"floor":9.0,"key":"Mummified Hand"}],"event_choices":[{"cards_removed":["Defend_G"],"damage_healed":0.0,"max_hp_gain":0.0,"max_hp_loss":0.0,"gold_gain":0.0,"event_name":"Golden Wing","player_choice":"Card Removal","floor":2.0,"gold_loss":0.0,"damage_taken":7.0}],"is_beta":false,"boss_relics":[],"items_purged_floors":[],"is_endless":false,"potions_floor_spawned":[5,7,8],"killed_by":"Gremlin Nob","ascension_level":7}}