{"host":"2nhpogk5xa0u9xre","time":1610825253,"event":{"mods":["Aspiration","BaseMod","Colored Powertips","Googly Eyes","Hubris","Infinite Spire","Minty Spire (QoL Compilation)","Rare Cards Sparkle","Replay The Spire","StSLib","The Construct","The Hayseed","The Hierophant","The Runesmith","The Senshi","everything is the same but u backflip on backflip"],"gold_per_floor":[115,115,115,115,126,153,153,173,173,173,97,127,127,153,153,250,250,269,239,239,239,258,258,270,296,345,357,389,404,414,427,427,427,427],"floor_reached":33,"language":"ENG","playtime":1617,"items_purged":[],"score":305,"play_id":"d74c8df0-bb69-4d30-86f2-b9d7a9c940b9","local_time":"20210116142733","daily_mods":["SealedDeck"],"is_ascension_mode":false,"campfire_choices":[{"data":"theSenshi:MoonPower","floor":7,"key":"SMITH"},{"floor":10,"key":"REST"},{"data":"theSenshi:MoonKick","floor":13,"key":"SMITH"},{"floor":15,"key":"REST"},{"floor":23,"key":"REST"},{"floor":32,"key":"REST"}],"circlet_count":0,"master_deck":["theSenshi:SaturnsMystery","theSenshi:TallSilhouette+1","theSenshi:TallSilhouette","theSenshi:SailorMercuryAssists","theSenshi:Sidestep","theSenshi:UranusStrength","theSenshi:SailorVenusAssists","theSenshi:SailorNeptuneAssists","theSenshi:MoonlightKnight","theSenshi:MoonPrincessHalation","theSenshi:SailorPlanetPower","theSenshi:MoonPower+1","theSenshi:TallSilhouette","theSenshi:SteeledNerves","theSenshi:MoonKick+1","construct:SpinDrive","theSenshi:CrisisMakeUp+1","theSenshi:SailorMarsAssists","construct:FocusedBeam","theSenshi:WarriorOfTheMoon","construct:Boost","construct:Bunker","construct:SyphonStrike","construct:FocusedBeam","theSenshi:SailorPlanetPower"],"relics":["theSenshi:TransformationBroochRelic","hubris:OldNail","hubris:DisguiseKit","ReplayTheSpireMod:Ninjato","Runesmith:AutoHammer","Replay:Grab Bag","infinitespire:Cupcake","Philosopher\u0027s Stone","construct:ClawGrip","Membership Card","theSenshi:ChokerRelic","aspiration:Lifesprig","Boot","theSenshi:EternalTiareRelic","infinitespire:Beetle Shell","Gremlin Horn","Art of War","hubris:BottledRain"],"acts_visited":["Exordium","TheCity"],"potions_floor_usage":[6,12,14,25,25,25,29,33,33],"damage_taken":[{"damage":0,"enemies":"Cultist","floor":1,"turns":7},{"damage":0,"enemies":"Small Slimes","floor":5,"turns":5},{"damage":50,"enemies":"Gremlin Nob","floor":6,"turns":7},{"damage":6,"enemies":"2 Louse","floor":8,"turns":3},{"damage":31,"enemies":"3 Sentries","floor":12,"turns":8},{"damage":9,"enemies":"Gremlin Nob","floor":14,"turns":5},{"damage":50,"enemies":"Hexaghost","floor":16,"turns":12},{"damage":14,"enemies":"Shell Parasite","floor":18,"turns":6},{"damage":12,"enemies":"Chosen","floor":22,"turns":5},{"damage":0,"enemies":"Snecko","floor":24,"turns":3},{"damage":12,"enemies":"Book of Stabbing","floor":25,"turns":4},{"damage":3,"enemies":"Centurion and Healer","floor":27,"turns":4},{"damage":5,"enemies":"Nightmare","floor":28,"turns":6},{"damage":16,"enemies":"Snake Plant","floor":29,"turns":4},{"damage":11,"enemies":"Shelled Parasite and Fungi","floor":30,"turns":5},{"damage":38,"enemies":"Sentry and Sphere","floor":31,"turns":6},{"damage":53,"enemies":"Collector","floor":33,"turns":6}],"seed_played":"5269909840612902317","potions_obtained":[{"floor":5,"key":"SpeedPotion"},{"floor":8,"key":"ColorlessPotion"},{"floor":12,"key":"Energy Potion"},{"floor":19,"key":"FearPotion"},{"floor":19,"key":"SneckoOil"},{"floor":22,"key":"ColorlessPotion"},{"floor":24,"key":"PowerPotion"},{"floor":28,"key":"SkillPotion"},{"floor":29,"key":"PowerPotion"},{"floor":31,"key":"Fire Potion"}],"is_trial":true,"path_per_floor":["M","?","?","?","M","E","R","M","T","R","$","E","R","E","R","B",null,"M","?","$","?","M","R","M","E","T","M","NM","M","M","M","R","B"],"character_chosen":"THE_SENSHI","items_purchased":["theSenshi:SteeledNerves","Membership Card","theSenshi:ChokerRelic","aspiration:Lifesprig","Boot","theSenshi:EternalTiareRelic"],"campfire_rested":4,"item_purchase_floors":[11,20,20,20,20,20],"current_hp_per_floor":[75,68,68,68,75,32,32,36,36,58,58,37,37,38,60,26,75,72,72,12,12,18,40,51,39,39,47,42,35,35,7,29,0,0],"gold":427,"neow_bonus":"","is_daily":false,"chose_seed":false,"campfire_upgraded":2,"win_rate":0.0,"timestamp":1610825253,"path_taken":["M","?","?","?","M","E","R","M","T","R","$","E","R","E","R","BOSS","M","?","?","?","?","R","M","E","T","M","NM","M","M","M","R","BOSS"],"items_purchased_type":["Card","Relic","Relic","Relic","Relic","Relic"],"build_version":"2020-12-22","purchased_purges":0,"victory":false,"max_hp_per_floor":[75,75,75,75,75,75,75,75,75,75,75,75,75,75,75,75,75,75,75,75,75,75,75,75,75,75,75,75,75,75,75,75,75,75],"card_choices":[{"not_picked":["theSenshi:SailorV","theSenshi:SchoolBag"],"picked":"theSenshi:MoonPrincessHalation","floor":1},{"not_picked":["theSenshi:MoonPrincessHalation","theSenshi:LunasBite"],"picked":"theSenshi:SailorPlanetPower","floor":5},{"not_picked":["theSenshi:MoonSpiralHeartAttack","theSenshi:EncouragingSpeech"],"picked":"theSenshi:MoonPower","floor":6},{"not_picked":["theSenshi:GatheringStrength","theSenshi:LateForSchool"],"picked":"theSenshi:TallSilhouette","floor":8},{"not_picked":["theSenshi:SchoolBag","theSenshi:SailorNeptuneAssists","construct:Versatility"],"picked":"theSenshi:MoonKick","floor":12},{"not_picked":["theSenshi:MoonsReflection","theSenshi:TuxedoSmokingBomber","theSenshi:SupersonicWaves","construct:ModeShift"],"picked":"SKIP","floor":14},{"not_picked":["theSenshi:GlimpseOfThePast","theSenshi:SilverMoonCrystalPowerKiss","theSenshi:SailorPlutoAssists"],"picked":"construct:SpinDrive","floor":16},{"not_picked":["theSenshi:SailorMercuryAssists+1","theSenshi:LunasBite+1","construct:Zapper"],"picked":"theSenshi:CrisisMakeUp+1","floor":18},{"not_picked":["theSenshi:VenusGlamour","theSenshi:MoonPower","construct:Autoturret"],"picked":"theSenshi:SailorMarsAssists","floor":22},{"not_picked":["theSenshi:LunaWiseMentor","theSenshi:SailorMarsAssists","theSenshi:TallSilhouette"],"picked":"construct:FocusedBeam","floor":24},{"not_picked":["theSenshi:SailorPlanetPower","theSenshi:MoonKick","construct:Analyze"],"picked":"theSenshi:WarriorOfTheMoon","floor":25},{"not_picked":["theSenshi:HesSoDreamy","theSenshi:SailorMarsAssists","theSenshi:GatheringStrength+1"],"picked":"construct:Boost","floor":27},{"not_picked":["theSenshi:OdangoHead","theSenshi:SailorMercuryAssists","theSenshi:Sidestep"],"picked":"construct:Bunker","floor":28},{"not_picked":["theSenshi:MoonCosmicPowerMakeUp","theSenshi:SailorUranusAssists","theSenshi:MoonPower"],"picked":"construct:SyphonStrike","floor":29},{"not_picked":["theSenshi:TuxedoSmokingBomber","theSenshi:MoonsReflection+1","theSenshi:SailorMercuryAssists"],"picked":"construct:FocusedBeam","floor":30},{"not_picked":["theSenshi:TallSilhouette","theSenshi:SailorStarMakerAssists","construct:SuppressiveFire"],"picked":"theSenshi:SailorPlanetPower","floor":31}],"player_experience":257956,"relics_obtained":[{"floor":6,"key":"hubris:OldNail"},{"floor":9,"key":"hubris:DisguiseKit"},{"floor":12,"key":"ReplayTheSpireMod:Ninjato"},{"floor":14,"key":"Runesmith:AutoHammer"},{"floor":25,"key":"Gremlin Horn"},{"floor":26,"key":"Art of War"},{"floor":28,"key":"hubris:BottledRain"}],"event_choices":[{"cards_removed":["theSenshi:TallSilhouette"],"damage_healed":0,"gold_gain":0,"player_choice":"Card Removal","damage_taken":7,"max_hp_gain":0,"max_hp_loss":0,"event_name":"Golden Wing","floor":2,"gold_loss":0},{"damage_healed":0,"gold_gain":0,"player_choice":"Bought 2 Potions","damage_taken":0,"max_hp_gain":0,"max_hp_loss":0,"event_name":"The Woman in Blue","floor":19,"gold_loss":0},{"damage_healed":0,"gold_gain":0,"player_choice":"Gave Potion","damage_taken":0,"relics_obtained":["infinitespire:Beetle Shell"],"max_hp_gain":0,"max_hp_loss":0,"event_name":"WeMeetAgain","floor":21,"gold_loss":0}],"is_beta":false,"boss_relics":[{"not_picked":["ReplayTheSpireMod:DimensionalGlitch","Replay:Drink Me"],"picked":"Replay:Grab Bag"},{"not_picked":["Abe\u0027s Treasure","hubris:VirtuousBlindfold"],"picked":"infinitespire:Cupcake"},{"not_picked":["Runic Dome","aspiration:FutureDiary"],"picked":"Philosopher\u0027s Stone"},{"not_picked":["hubris:ScarierMask","Snecko Eye"],"picked":"construct:ClawGrip"}],"items_purged_floors":[],"is_endless":true,"potions_floor_spawned":[5,8,12,22,24,28,29,31],"killed_by":"Collector","ascension_level":0}}