{"host":"wl47xhfxme4nig5w","time":1610836739,"event":{"mods":["BaseMod","Colored Map","Colored Powertips","Googly Eyes","Minty Spire (QoL Compilation)","StSLib","SuperFastMode","everything is the same but u backflip on backflip","slay the spire mod where everything is the same but ironclad has a cowboy hat"],"gold_per_floor":[115,115,45,58,70,100,100,25,25,35,45,105,55,55,55,155,155,173,88,100,100,115,115,115],"floor_reached":23,"language":"ENG","playtime":3631,"items_purged":["Strike_G","Strike_G"],"score":220,"play_id":"2d0e0daf-9dcd-47de-aeec-300d24a13a80","local_time":"20210116143859","is_ascension_mode":true,"campfire_choices":[{"floor":7.0,"key":"REST"},{"floor":15,"key":"REST"}],"circlet_count":0,"master_deck":["Strike_G","Strike_G","Defend_G","Defend_G","Defend_G","Defend_G","Defend_G","Survivor","Neutralize","Bouncing Flask","Crippling Poison","Bouncing Flask","Backflip","Bane","Calculated Gamble","Envenom","Poisoned Stab","Poisoned Stab+1","Catalyst+1"],"relics":["Ring of the Snake","NeowsBlessing","Darkstone Periapt","Smiling Mask","Snake Skull","HoveringKite","Juzu Bracelet"],"acts_visited":["Exordium","TheCity"],"potions_floor_usage":[12,12,12,20],"damage_taken":[{"damage":0.0,"enemies":"Jaw Worm","floor":1.0,"turns":1.0},{"damage":0.0,"enemies":"Cultist","floor":4.0,"turns":1.0},{"damage":0.0,"enemies":"Small Slimes","floor":5.0,"turns":1.0},{"damage":47.0,"enemies":"Lagavulin","floor":6.0,"turns":7.0},{"damage":8.0,"enemies":"Looter","floor":10.0,"turns":4.0},{"damage":9,"enemies":"Blue Slaver","floor":11,"turns":3},{"damage":6,"enemies":"3 Sentries","floor":12,"turns":7},{"damage":30,"enemies":"Hexaghost","floor":16,"turns":8},{"damage":12,"enemies":"3 Byrds","floor":18,"turns":5},{"damage":22,"enemies":"Spheric Guardian","floor":20,"turns":4},{"damage":54,"enemies":"Centurion and Healer","floor":22,"turns":7},{"damage":7,"enemies":"Gremlin Leader","floor":23,"turns":1}],"seed_played":"5736289000795007814","potions_obtained":[{"floor":5.0,"key":"Dexterity Potion"},{"floor":6.0,"key":"EssenceOfSteel"},{"floor":10,"key":"Poison Potion"},{"floor":16,"key":"Fire Potion"},{"floor":22,"key":"Energy Potion"}],"is_trial":false,"path_per_floor":["M","?","$","M","M","E","R","$","T","M","M","?","$","?","R","B",null,"M","?","M","?","M","E"],"character_chosen":"THE_SILENT","items_purchased":["Crippling Poison"],"campfire_rested":2,"item_purchase_floors":[3],"current_hp_per_floor":[70,70,70,70,70,23,44,44,44,36,27,21,21,44,65,35,70,58,58,36,59,5,0,0],"gold":115,"neow_bonus":"THREE_ENEMY_KILL","is_daily":false,"chose_seed":false,"campfire_upgraded":0,"win_rate":0.0,"timestamp":1610836739,"path_taken":["M","?","$","?","M","E","R","?","T","M","M","?","$","?","R","BOSS","M","?","M","?","M","E"],"items_purchased_type":["Card"],"build_version":"2020-12-22","purchased_purges":2,"victory":false,"max_hp_per_floor":[70,70,70,70,70,70,70,70,70,70,70,70,70,70,70,70,70,70,70,70,70,70,70,70],"card_choices":[{"not_picked":["Backflip","Quick Slash"],"picked":"Bouncing Flask","floor":1.0},{"not_picked":["Prepared","Acrobatics","Infinite Blades"],"picked":"SKIP","floor":4.0},{"not_picked":["Blade Dance","Bane"],"picked":"Bouncing Flask","floor":5.0},{"not_picked":["Slice","Dagger Throw"],"picked":"Backflip","floor":6.0},{"not_picked":["Cloak And Dagger","Riddle With Holes"],"picked":"Bane","floor":10},{"not_picked":["Skewer","Acrobatics"],"picked":"Calculated Gamble","floor":11},{"not_picked":["Venomology","Glass Knife"],"picked":"Envenom","floor":16},{"not_picked":["Dagger Throw+1","Cloak And Dagger"],"picked":"Poisoned Stab","floor":18},{"not_picked":["All Out Attack","Backstab"],"picked":"Poisoned Stab+1","floor":20},{"not_picked":["Dodge and Roll","Blur"],"picked":"Catalyst+1","floor":22}],"player_experience":338649,"relics_obtained":[{"floor":6.0,"key":"Darkstone Periapt"},{"floor":9.0,"key":"Smiling Mask"},{"floor":12,"key":"Snake Skull"}],"event_choices":[{"cards_removed":["Strike_G"],"damage_healed":0.0,"max_hp_gain":0.0,"max_hp_loss":0.0,"gold_gain":0.0,"event_name":"Purifier","player_choice":"Purged","floor":2.0,"gold_loss":0.0,"damage_taken":0.0},{"damage_healed":0,"gold_gain":30,"player_choice":"Searched \u00273\u0027 times","damage_taken":0,"max_hp_gain":0,"max_hp_loss":0,"event_name":"Dead Adventurer","floor":12,"gold_loss":0},{"damage_healed":23,"gold_gain":0,"player_choice":"Banana","damage_taken":0,"max_hp_gain":0,"max_hp_loss":0,"event_name":"Big Fish","floor":14,"gold_loss":0},{"damage_healed":0,"gold_gain":0,"player_choice":"Obtained Relic","damage_taken":0,"relics_obtained":["Juzu Bracelet"],"max_hp_gain":0,"max_hp_loss":0,"event_name":"Addict","floor":19,"gold_loss":85},{"damage_healed":23,"gold_gain":0,"player_choice":"Heal","damage_taken":0,"max_hp_gain":0,"max_hp_loss":0,"event_name":"The Library","floor":21,"gold_loss":0}],"is_beta":false,"boss_relics":[{"not_picked":["Fusion Hammer","Coffee Dripper"],"picked":"HoveringKite"}],"items_purged_floors":[8,13],"is_endless":false,"potions_floor_spawned":[5,6,10,16,22],"killed_by":"Gremlin Leader","ascension_level":3}}