{"host":"bq4pt811tk9yrmjl","time":1610824353,"event":{"mods":["AchievementEnabler","BaseMod","Colored Map","Colored Powertips","Defuse TimeMaze Blight","Hermit","Minty Spire (QoL Compilation)","StSLib","SuperFastMode"],"gold_per_floor":[118,118,118,131,131,175,195,195,195,209,263,83,83,98,98,223,223,239,213,213,213],"floor_reached":20,"language":"ENG","playtime":525,"items_purged":[],"score":207,"play_id":"13639c5c-934e-4f1c-98f3-aec739752c0f","local_time":"20210116171233","is_ascension_mode":true,"campfire_choices":[{"data":"hermit:Feint","floor":8,"key":"SMITH"},{"data":"hermit:GoldenBullet","floor":13,"key":"SMITH"},{"floor":15,"key":"RECALL"}],"circlet_count":0,"master_deck":["hermit:Strike_Hermit","hermit:Strike_Hermit","hermit:Strike_Hermit","hermit:Strike_Hermit","hermit:Defend_Hermit","hermit:Defend_Hermit","hermit:Defend_Hermit","hermit:Defend_Hermit","hermit:Snapshot+1","hermit:Covet","hermit:Feint+1","Injury","hermit:Quickdraw","hermit:GoldenBullet+1","hermit:Roughhouse","hermit:Brawl+1","hermit:Vantage"],"relics":["hermit:Momento","NeowsBlessing","Mango","Golden Idol","hermit:RyeStalk","PreservedInsect","Cursed Key"],"acts_visited":["Exordium","TheCity"],"potions_floor_usage":[16,16,18],"damage_taken":[{"damage":0,"enemies":"2 Louse","floor":1,"turns":1},{"damage":0,"enemies":"Jaw Worm","floor":4,"turns":1},{"damage":0,"enemies":"Gremlin Nob","floor":6,"turns":2},{"damage":0,"enemies":"Cultist","floor":7,"turns":4},{"damage":1,"enemies":"Large Slime","floor":10,"turns":6},{"damage":0,"enemies":"2 Fungi Beasts","floor":14,"turns":3},{"damage":45,"enemies":"The Guardian","floor":16,"turns":16},{"damage":25,"enemies":"3 Byrds","floor":18,"turns":8},{"damage":0,"enemies":"Spheric Guardian","floor":20,"turns":3}],"seed_played":"931555489415263249","potions_obtained":[{"floor":6,"key":"DuplicationPotion"},{"floor":10,"key":"LiquidBronze"},{"floor":16,"key":"Energy Potion"}],"is_trial":false,"path_per_floor":["M","?","?","M","?","E","M","R","T","M","?","$","R","M","R","B",null,"M","$","M"],"character_chosen":"HERMIT","items_purchased":["PreservedInsect","hermit:GoldenBullet","hermit:Vantage"],"campfire_rested":0,"item_purchase_floors":[12,12,19],"current_hp_per_floor":[75,86,86,86,86,86,86,86,86,85,85,85,85,85,85,40,89,64,64,64,64],"gold":213,"neow_bonus":"THREE_ENEMY_KILL","is_daily":false,"chose_seed":false,"campfire_upgraded":2,"win_rate":0.0,"timestamp":1610824353,"path_taken":["M","?","?","?","?","E","?","R","T","M","?","$","R","M","R","BOSS","M","$","M"],"items_purchased_type":["Relic","Card","Card"],"build_version":"2020-12-22","purchased_purges":0,"victory":false,"max_hp_per_floor":[75,89,89,89,89,89,89,89,89,89,89,89,89,89,89,89,89,89,89,89,89],"card_choices":[{"not_picked":["hermit:Combo","hermit:HoleUp"],"picked":"hermit:Feint","floor":1},{"not_picked":["hermit:CursedWeapon","hermit:Midnight","hermit:CalledShot"],"picked":"SKIP","floor":4},{"not_picked":["hermit:CalledShot","hermit:Snipe","hermit:HighCaliber"],"picked":"SKIP","floor":6},{"not_picked":["hermit:Spite","hermit:BlackWind"],"picked":"hermit:Quickdraw","floor":7},{"not_picked":["hermit:LoneWolf","hermit:PistolWhip","hermit:WideOpen"],"picked":"SKIP","floor":10},{"not_picked":["hermit:Grudge","hermit:Quickdraw","hermit:Manifest"],"picked":"SKIP","floor":14},{"not_picked":["hermit:Adapt","hermit:BlackWind"],"picked":"hermit:Roughhouse","floor":16},{"not_picked":["hermit:HoleUp","hermit:CursedWeapon"],"picked":"hermit:Brawl+1","floor":18}],"player_experience":166290,"relics_obtained":[{"floor":6,"key":"hermit:RyeStalk"}],"event_choices":[{"damage_healed":0,"gold_gain":0,"player_choice":"Success","damage_taken":3,"relics_obtained":["Mango"],"max_hp_gain":0,"max_hp_loss":0,"event_name":"Scrap Ooze","floor":2,"gold_loss":0},{"damage_healed":0,"gold_gain":0,"player_choice":"Take Wound","damage_taken":0,"relics_obtained":["Golden Idol"],"max_hp_gain":0,"max_hp_loss":0,"event_name":"Golden Idol","floor":3,"gold_loss":0,"cards_obtained":["Injury"]},{"damage_healed":0,"gold_gain":0,"player_choice":"Forge","damage_taken":0,"max_hp_gain":0,"max_hp_loss":0,"event_name":"Accursed Blacksmith","floor":5,"gold_loss":0,"cards_upgraded":["hermit:Snapshot"]},{"damage_healed":0,"gold_gain":54,"player_choice":"Gained Gold","damage_taken":0,"max_hp_gain":0,"max_hp_loss":0,"event_name":"Golden Wing","floor":11,"gold_loss":0}],"is_beta":false,"boss_relics":[{"not_picked":["Velvet Choker","Runic Pyramid"],"picked":"Cursed Key"}],"items_purged_floors":[],"is_endless":false,"potions_floor_spawned":[6,10,16],"killed_by":"Spheric Guardian","ascension_level":1}}