{"host":"aq6j0shg22k0vr7s","time":1610767839,"event":{"mods":["2.2 Compatiblity","AchievementEnabler","BaseMod","Better Note","Colored Map","Downfall","Duelist Mod","GifTheSpireLib","Hermit","Marisa????????","Minty Spire (QoL Compilation)","Quick Restart","StSLib","Td1madao Mod","The Bug Knight","The Cursed"],"gold_per_floor":[116,46,46,61,74,74,74,74],"floor_reached":7,"language":"ENG","playtime":179,"items_purged":[],"score":41,"play_id":"0306a671-42a3-42ca-8f66-dfa5651e04ca","local_time":"20210115193039","is_ascension_mode":false,"campfire_choices":[{"data":"Apotheosis","floor":6,"key":"SMITH"}],"circlet_count":0,"master_deck":["hermit:Strike_Hermit","hermit:Strike_Hermit","hermit:Strike_Hermit","hermit:Strike_Hermit","hermit:Defend_Hermit","hermit:Defend_Hermit","hermit:Defend_Hermit","hermit:Defend_Hermit","hermit:Snapshot","hermit:Covet","Apotheosis+1","hermit:LuckOfTheDraw","hermit:GoldenBullet+1","hermit:Desperado","hermit:Snipe"],"relics":["hermit:Momento"],"acts_visited":["Exordium"],"potions_floor_usage":[],"damage_taken":[{"damage":1,"enemies":"2 Louse","floor":1,"turns":3},{"damage":0,"enemies":"Cultist","floor":4,"turns":3},{"damage":11,"enemies":"Jaw Worm","floor":5,"turns":3},{"damage":61,"enemies":"Gremlin Nob","floor":7,"turns":4}],"seed_played":"2070720305182573011","potions_obtained":[{"floor":5,"key":"LiquidBronze"}],"is_trial":false,"path_per_floor":["M","$","?","M","M","R","E"],"character_chosen":"HERMIT","items_purchased":["hermit:GoldenBullet"],"campfire_rested":0,"item_purchase_floors":[2],"current_hp_per_floor":[67,67,67,67,56,56,0,0],"gold":74,"neow_bonus":"RANDOM_COLORLESS_2","is_daily":false,"chose_seed":false,"campfire_upgraded":1,"win_rate":0.0,"timestamp":1610767839,"path_taken":["M","$","?","M","M","R","E"],"items_purchased_type":["Card"],"build_version":"2020-12-22","purchased_purges":0,"victory":false,"max_hp_per_floor":[68,68,68,68,68,68,68,68],"card_choices":[{"not_picked":["Master of Strategy","Panache"],"picked":"Apotheosis","floor":0},{"not_picked":["hermit:WideOpen","hermit:LoneWolf"],"picked":"hermit:LuckOfTheDraw","floor":1},{"not_picked":["hermit:Shortfuse","hermit:FullyLoaded"],"picked":"hermit:Desperado","floor":4},{"not_picked":["hermit:Horror","hermit:Misfire"],"picked":"hermit:Snipe","floor":5}],"player_experience":80284,"relics_obtained":[],"event_choices":[{"damage_healed":0,"gold_gain":0,"player_choice":"Upgraded","damage_taken":0,"max_hp_gain":0,"max_hp_loss":0,"event_name":"Upgrade Shrine","floor":3,"gold_loss":0,"cards_upgraded":["hermit:GoldenBullet"]}],"is_beta":false,"boss_relics":[],"items_purged_floors":[],"is_endless":false,"potions_floor_spawned":[5],"killed_by":"Gremlin Nob","ascension_level":0}}