{"host":"ydg0vn0pu4pubmdt","time":1610833598,"event":{"mods":["AchievementEnabler","BaseMod","Colored Map","Gold Saver","Minty Spire (QoL Compilation)","Quick Restart","SuperFastMode"],"gold_per_floor":[261,261,261,273,287,287,321,321,344,360,360,360,376,410,410,510,510,527,311,311,331,331,331,123,123,148,195,207,236,87,2,2,99,99,99,99],"floor_reached":35,"language":"KOR","playtime":1151,"items_purged":["Strike_G","Pain","Strike_G"],"score":510,"play_id":"1dae8307-01d2-400f-ad4e-4c7be47cb5a4","local_time":"20210117064638","is_ascension_mode":true,"campfire_choices":[{"data":"Poisoned Stab","floor":6.0,"key":"SMITH"},{"data":"Neutralize","floor":8.0,"key":"SMITH"},{"data":"Well Laid Plans","floor":11.0,"key":"SMITH"},{"data":"Poisoned Stab","floor":15,"key":"SMITH"},{"data":"Acrobatics","floor":23,"key":"SMITH"},{"data":"Dagger Spray","floor":25,"key":"SMITH"},{"data":"Noxious Fumes","floor":32,"key":"SMITH"}],"circlet_count":0,"master_deck":["Strike_G","Strike_G","Defend_G","Defend_G","Defend_G","Defend_G","Defend_G","Survivor","Neutralize+1","Quick Slash","Poisoned Stab+1","Poisoned Stab+1","Acrobatics+1","Well Laid Plans+1","Dagger Spray+1","Flying Knee","Adrenaline+1","Acrobatics+1","Venomology+1","Blade Dance+1","Prepared+1","PiercingWail+1","Flash of Steel","Noxious Fumes+1","Catalyst+1"],"relics":["Ring of the Snake","NeowsBlessing","Oddly Smooth Stone","WingedGreaves","Potion Belt","Toxic Egg 2","HoveringKite","WarpedTongs","MawBank","Centennial Puzzle","Boot","Runic Pyramid"],"acts_visited":["Exordium","TheCity","TheBeyond"],"potions_floor_usage":[14,16,18,21,27,28,33],"damage_taken":[{"damage":0.0,"enemies":"2 Louse","floor":1.0,"turns":1.0},{"damage":0.0,"enemies":"Small Slimes","floor":4.0,"turns":1.0},{"damage":0.0,"enemies":"Cultist","floor":5.0,"turns":1.0},{"damage":16.0,"enemies":"Gremlin Nob","floor":7.0,"turns":3.0},{"damage":9.0,"enemies":"Large Slime","floor":10.0,"turns":7.0},{"damage":3.0,"enemies":"Blue Slaver","floor":13.0,"turns":3.0},{"damage":26,"enemies":"3 Sentries","floor":14,"turns":8},{"damage":5,"enemies":"The Guardian","floor":16,"turns":12},{"damage":12,"enemies":"2 Thieves","floor":18,"turns":5},{"damage":0,"enemies":"Chosen","floor":21,"turns":3},{"damage":0,"enemies":"Gremlin Leader","floor":27,"turns":4},{"damage":0,"enemies":"Snake Plant","floor":28,"turns":3},{"damage":20,"enemies":"Shelled Parasite and Fungi","floor":29,"turns":4},{"damage":39,"enemies":"Collector","floor":33,"turns":6},{"damage":0,"enemies":"3 Shapes","floor":35,"turns":2}],"seed_played":"3620038151335015806","potions_obtained":[{"floor":1.0,"key":"LiquidMemories"},{"floor":3.0,"key":"FairyPotion"},{"floor":3.0,"key":"LiquidBronze"},{"floor":14,"key":"GamblersBrew"},{"floor":16,"key":"SkillPotion"},{"floor":21,"key":"DistilledChaos"}],"is_trial":false,"path_per_floor":["M","?","?","M","M","R","E","R","T","M","R","?","M","E","R","B",null,"M","$","?","M","?","R","$","R","T","E","M","M","$","?","R","B",null,"M"],"character_chosen":"THE_SILENT","items_purchased":["Venomology+1","PiercingWail+1","Flash of Steel","Catalyst+1"],"campfire_rested":0,"item_purchase_floors":[19,24,24,30],"current_hp_per_floor":[70,67,67,67,67,67,51,51,51,42,42,42,39,13,13,8,55,43,43,43,43,43,43,43,43,43,43,43,23,23,23,23,21,58,58,58],"gold":99,"neow_bonus":"THREE_ENEMY_KILL","is_daily":false,"chose_seed":false,"campfire_upgraded":7,"win_rate":0.0,"timestamp":1610833598,"path_taken":["M","?","?","M","?","R","E","R","T","M","R","?","M","E","R","BOSS","M","$","?","M","?","R","$","R","T","E","?","M","$","?","R","BOSS","M"],"items_purchased_type":["Card","Card","Card","Card"],"build_version":"2020-12-22","purchased_purges":3,"victory":false,"max_hp_per_floor":[70,70,70,70,70,70,70,70,70,70,70,70,70,70,70,70,70,70,70,70,70,70,70,70,70,70,70,70,70,70,70,70,70,70,70,70],"card_choices":[{"not_picked":["Escape Plan","Deadly Poison"],"picked":"Quick Slash","floor":1.0},{"not_picked":["Quick Slash","Flechettes"],"picked":"Poisoned Stab","floor":4.0},{"not_picked":["Endless Agony","Dodge and Roll"],"picked":"Poisoned Stab","floor":5.0},{"not_picked":["Corpse Explosion","Sucker Punch"],"picked":"Acrobatics","floor":7.0},{"not_picked":["Bane","Underhanded Strike"],"picked":"Well Laid Plans","floor":10.0},{"not_picked":["Caltrops","PiercingWail"],"picked":"Dagger Spray","floor":13.0},{"not_picked":["Well Laid Plans","Finisher"],"picked":"Flying Knee","floor":14},{"not_picked":["Tools of the Trade","Burst+1"],"picked":"Adrenaline+1","floor":16},{"not_picked":["Sucker Punch+1","PiercingWail+1"],"picked":"Acrobatics+1","floor":18},{"not_picked":["Outmaneuver+1","Deflect+1"],"picked":"Prepared+1","floor":21},{"not_picked":["Acrobatics+1","Storm of Steel+1"],"picked":"Noxious Fumes","floor":27},{"not_picked":["Predator","Dagger Throw","Dagger Spray+1"],"picked":"SKIP","floor":29}],"player_experience":422973,"relics_obtained":[{"floor":7.0,"key":"WingedGreaves"},{"floor":9.0,"key":"Potion Belt"},{"floor":14,"key":"Toxic Egg 2"},{"floor":26,"key":"MawBank"},{"floor":27,"key":"Centennial Puzzle"}],"event_choices":[{"damage_healed":0.0,"max_hp_gain":0.0,"max_hp_loss":0.0,"gold_gain":0.0,"event_name":"Scrap Ooze","player_choice":"Success","floor":2.0,"gold_loss":0.0,"damage_taken":3.0,"relics_obtained":["Oddly Smooth Stone"]},{"damage_healed":0.0,"max_hp_gain":0.0,"max_hp_loss":0.0,"gold_gain":0.0,"event_name":"Lab","player_choice":"Got Potions","floor":3.0,"gold_loss":0.0,"damage_taken":0.0},{"cards_removed":["Strike_G"],"damage_healed":0.0,"max_hp_gain":0.0,"max_hp_loss":0.0,"gold_gain":0.0,"event_name":"Living Wall","player_choice":"Forget","floor":12.0,"gold_loss":0.0,"damage_taken":0.0},{"damage_healed":0,"gold_gain":0,"player_choice":"Read","damage_taken":0,"max_hp_gain":0,"max_hp_loss":0,"event_name":"The Library","floor":20,"gold_loss":0,"cards_obtained":["Blade Dance"]},{"damage_healed":0,"gold_gain":0,"player_choice":"Rummage","damage_taken":0,"relics_obtained":["WarpedTongs"],"max_hp_gain":0,"max_hp_loss":0,"event_name":"Accursed Blacksmith","floor":22,"gold_loss":0,"cards_obtained":["Pain"]},{"damage_healed":0,"gold_gain":0,"player_choice":"Obtained Relic","damage_taken":0,"relics_obtained":["Boot"],"max_hp_gain":0,"max_hp_loss":0,"event_name":"Addict","floor":31,"gold_loss":85}],"is_beta":false,"boss_relics":[{"not_picked":["Black Star","SacredBark"],"picked":"HoveringKite"},{"not_picked":["Busted Crown","Snecko Eye"],"picked":"Runic Pyramid"}],"items_purged_floors":[19,24,30],"is_endless":false,"potions_floor_spawned":[1,4,14,16,21],"killed_by":"3 Shapes","ascension_level":5}}