{"host":"kiauivt48syq9iz6","time":1610825315,"event":{"mods":["A Magickal Journey","BaseMod","Conspire","Downfall","Hermit","Minty Spire (QoL Compilation)","SIMod","Somnambulant","StSLib","The Animator","The Construct","The Cursed","The Disciple","The Forsaken","The Judge","The Marked","The Runesmith","The Servant 0.9.4","The Spell Scribe"],"gold_per_floor":[213,287,252,47,47,47,58,76,76,88,88,28,55,67,67,67,67],"floor_reached":16,"language":"ENG","playtime":536,"items_purged":[],"score":125,"play_id":"822bc73e-1685-4e68-adc1-a9f375e5fa01","local_time":"20210116122835","is_ascension_mode":false,"campfire_choices":[{"data":"Fluid Movement","floor":11.0,"key":"SMITH"},{"data":"Night Terror","floor":15.0,"key":"SMITH"}],"circlet_count":1,"master_deck":["Strike_G","Strike_G","Strike_G+1","Strike_G+1","Strike_G","Defend_G","Defend_G","Defend_G","Defend_G","Defend_G","Survivor","Neutralize","Deadly Poison","Madness","Madness+1","Madness+1","Dash+1","animator:Curse_GriefSeed","Catalyst","Night Terror+1","Outmaneuver","Dagger Throw","Leg Sweep","Infinite Blades","Infinite Blades","Madness+1","Madness"],"relics":["Ring of the Snake","Circlet","Pyrelight","Whetstone","Frozen Egg 2"],"acts_visited":["Exordium"],"potions_floor_usage":[],"damage_taken":[{"damage":2.0,"enemies":"Jaw Worm","floor":1.0,"turns":7.0},{"damage":0.0,"enemies":"2 Louse","floor":7.0,"turns":4.0},{"damage":1.0,"enemies":"Small Slimes","floor":8.0,"turns":5.0},{"damage":0.0,"enemies":"2 Fungi Beasts","floor":10.0,"turns":3.0},{"damage":24.0,"enemies":"3 Sentries","floor":13.0,"turns":8.0},{"damage":0.0,"enemies":"Large Slime","floor":14.0,"turns":7.0},{"damage":0,"enemies":"The Guardian","floor":16,"turns":1}],"seed_played":"6343677578783458700","potions_obtained":[{"floor":1.0,"key":"Elixir"},{"floor":2.0,"key":"SkillPotion"},{"floor":2.0,"key":"Cursed Concoction"},{"floor":7.0,"key":"Block Potion"}],"is_trial":false,"path_per_floor":["M","?","?","$","?","?","M","M","T","M","R","$","E","M","R","B"],"character_chosen":"THE_SILENT","items_purchased":["Fluid Movement","Dash+1","ReplayTheSpireMod:CursedCoin","Catalyst","Night Terror","Infinite Blades"],"campfire_rested":0,"item_purchase_floors":[4,4,4,4,4,12],"current_hp_per_floor":[68,68,70,70,70,70,70,69,69,69,69,69,45,45,45,45,45],"gold":67,"neow_bonus":"HUNDRED_GOLD","is_daily":false,"chose_seed":false,"campfire_upgraded":2,"win_rate":0.0,"timestamp":1610825315,"path_taken":["M","?","?","$","?","?","M","?","T","M","R","$","E","M","R","BOSS"],"items_purchased_type":["Undefined","Card","Undefined","Card","Card","Card"],"build_version":"2020-12-22","purchased_purges":0,"victory":false,"max_hp_per_floor":[70,70,70,70,70,70,70,70,70,70,70,70,70,70,70,70,70],"card_choices":[{"not_picked":["All Out Attack","ReplayTheSpireMod:Exploit Weakness"],"picked":"Deadly Poison","floor":1.0},{"not_picked":["Sneak Up","Prepared"],"picked":"Replay:Poison Smokescreen","floor":2.0},{"not_picked":["Deadly Poison","Hidden Blade"],"picked":"Outmaneuver","floor":7.0},{"not_picked":["Underhanded Strike","Endless Agony"],"picked":"Dagger Throw","floor":8.0},{"not_picked":["Slice","Sneak Up"],"picked":"Leg Sweep","floor":10.0},{"not_picked":["ReplayTheSpireMod:Speed Training","Crippling Poison"],"picked":"ReplayTheSpireMod:Scrap Shanks+1","floor":13.0},{"not_picked":["Dodge and Roll","Fluid Movement+1"],"picked":"Toxin Wave","floor":14.0}],"player_experience":163133,"relics_obtained":[{"floor":2.0,"key":"Gremlin Food"},{"floor":9.0,"key":"Whetstone"},{"floor":13.0,"key":"Frozen Egg 2"}],"event_choices":[{"damage_healed":17.0,"max_hp_gain":0.0,"max_hp_loss":0.0,"gold_gain":0.0,"event_name":"The Cleric","player_choice":"Healed","floor":3.0,"gold_loss":35.0,"damage_taken":0.0},{"damage_healed":0.0,"max_hp_gain":0.0,"max_hp_loss":0.0,"gold_gain":0.0,"event_name":"Accursed Blacksmith","player_choice":"Forge","floor":6.0,"gold_loss":0.0,"damage_taken":0.0,"cards_upgraded":["Replay:Poison Smokescreen"]}],"is_beta":false,"boss_relics":[],"items_purged_floors":[],"is_endless":false,"potions_floor_spawned":[1,7],"killed_by":"The Guardian","ascension_level":0}}