{"host":"t6r1isv2bex5ovch","time":1610817827,"event":{"mods":["AchievementEnabler","Act Like it!","Aspiration","BaseMod","Better Altar","Better Match","Better Note","Better Sensory Stone","Better Skull","Better Third Choice","Better Vampires","Colored Powertips","Displayed Cursed Tome","Downfall","Energized Spire","Evolution","Fox Events","Hubris","Minty Spire (QoL Compilation)","StSLib","The Disciple","The Jungle","The Runesmith"],"gold_per_floor":[99,119,134,148,162,62,62,80,409,509,529,558,458,473,483,578,578,578,595,595,613,613,647,670,670,685,685,702,735,750,761,761,875,884,784,804,832,841,841,841,909,924,924,942,942,969,231,248,260,260,260,260,260,260],"floor_reached":52,"language":"ENG","playtime":7235,"items_purged":["Slimebound:Defend_Slimebound"],"score":766,"play_id":"e9695f8f-2144-427e-bd82-2a9dc0e20fd9","local_time":"20210117032347","is_ascension_mode":false,"campfire_choices":[{"floor":1,"key":"RECALL"},{"data":"Slimebound:Split","floor":6,"key":"SMITH"},{"data":"hubris:DuctTapeCard","floor":13,"key":"SMITH"},{"data":"Slimebound:SelfFormingGoo","floor":18,"key":"SMITH"},{"data":"Slimebound:SelfFormingGoo","floor":35,"key":"SMITH"},{"data":"Slimebound:DisruptingSlam","floor":40,"key":"SMITH"},{"data":"Slimebound:Split","floor":43,"key":"SMITH"},{"data":"Slimebound:SpikyOuterGoop","floor":45,"key":"SMITH"}],"circlet_count":0,"master_deck":["Slimebound:Strike_Slimebound","Slimebound:Strike_Slimebound","Slimebound:Tackle","Slimebound:Defend_Slimebound","Slimebound:Defend_Slimebound","Slimebound:Defend_Slimebound","Slimebound:Split+1","Slimebound:CorrosiveSpit","Slimebound:LeechLife","Slimebound:SpikyOuterGoop","hubris:DuctTapeCard+2","Slimebound:GrowthPunch","Slimebound:HauntingLick+1","Slimebound:Schlurp","Slimebound:SplitBruiser","Slimebound:Repurpose","Slimebound:SamplingLick","Slimebound:SelfFormingGoo+1","Slimebound:HauntingLick+1","Slimebound:Split+1","Slimebound:GrowthPunch","Slimebound:SpikyOuterGoop+1","Slimebound:Split+1","Slimebound:SamplingLick","Slimebound:SelfFormingGoo+1","CurseOfTheBell","Slimebound:DisruptingSlam+1","Dramatic Entrance","Slimebound:SamplingLick+1","Slimebound:RejuvenatingLick+1"],"relics":["Slimebound:AbsorbEndCombat","EVO:Axolotl","downfall:HeartBlessingRed","hubris:DuctTape","Old Coin","Potion Belt","FossilizedHelix","downfall:HeartBlessingGreen","hubris:HollowSoul","Art of War","Vajra","Centennial Puzzle","CeramicFish","Calling Bell","hubris:64BitClover","hubris:PeanutButter","aspiration:HiddenCompartment","downfall:HeartBlessingBlue","HornCleat","Bag of Marbles","Frozen Eye","hubris:BottledRain","Nunchaku"],"acts_visited":["Exordium","TheCity","TheBeyond","TheEnding"],"potions_floor_usage":[9,10,11,12,12,23,30,32,33,36,39,47,48,49,50],"damage_taken":[{"damage":0,"enemies":"Cultist","floor":2,"turns":5},{"damage":1,"enemies":"Jaw Worm","floor":3,"turns":4},{"damage":0,"enemies":"Small Slimes","floor":4,"turns":3},{"damage":13,"enemies":"2 Fungi Beasts","floor":5,"turns":4},{"damage":11,"enemies":"3 Louse","floor":8,"turns":3},{"damage":2,"enemies":"Gremlin Nob","floor":9,"turns":4},{"damage":23,"enemies":"downfall:LadyInBlue","floor":10,"turns":11},{"damage":0,"enemies":"Large Slime","floor":11,"turns":4},{"damage":21,"enemies":"Lagavulin","floor":12,"turns":4},{"damage":0,"enemies":"Lots of Slimes","floor":14,"turns":4},{"damage":4,"enemies":"3 Louse","floor":15,"turns":4},{"damage":0,"enemies":"WA_ARCHETYPE_RETAIN","floor":16,"turns":7},{"damage":0,"enemies":"3 Byrds","floor":19,"turns":5},{"damage":3,"enemies":"Snake Plant","floor":21,"turns":4},{"damage":3,"enemies":"Book of Stabbing","floor":23,"turns":6},{"damage":7,"enemies":"Sentry and Sphere","floor":26,"turns":6},{"damage":0,"enemies":"Cultist and Chosen","floor":28,"turns":4},{"damage":39,"enemies":"Slavers","floor":29,"turns":7},{"damage":4,"enemies":"Shelled Parasite and Fungi","floor":30,"turns":6},{"damage":0,"enemies":"Chosen and Byrds","floor":31,"turns":5},{"damage":0,"enemies":"Snake Plant","floor":32,"turns":1},{"damage":16,"enemies":"IC_MUSHROOM_ARCHETYPE","floor":33,"turns":12},{"damage":0,"enemies":"Orb Walker","floor":36,"turns":4},{"damage":0,"enemies":"3 Shapes","floor":37,"turns":3},{"damage":0,"enemies":"Transient","floor":39,"turns":2},{"damage":1,"enemies":"3 Darklings","floor":42,"turns":7},{"damage":11,"enemies":"4 Shapes","floor":44,"turns":3},{"damage":17,"enemies":"Sphere and 2 Shapes","floor":46,"turns":6},{"damage":0,"enemies":"downfall:FleeingMerchant","floor":47,"turns":4},{"damage":12,"enemies":"Spire Growth","floor":48,"turns":5},{"damage":0,"enemies":"4 Shapes","floor":49,"turns":2},{"damage":86,"enemies":"SI_POISON_ARCHETYPE","floor":50,"turns":14},{"damage":20,"enemies":"downfall:CharBossMerchant","floor":52,"turns":8}],"seed_played":"-8647203650168312953","potions_obtained":[{"floor":2,"key":"DistilledChaos"},{"floor":9,"key":"AttackPotion"},{"floor":10,"key":"SmokeBomb"},{"floor":10,"key":"hexamod:SoulburnPotion"},{"floor":10,"key":"SmokeBomb"},{"floor":10,"key":"Slimebound:SlimedPotion"},{"floor":11,"key":"Slimebound:SlimedPotion"},{"floor":21,"key":"AttackPotion"},{"floor":29,"key":"ColorlessPotion"},{"floor":30,"key":"Energy Potion"},{"floor":33,"key":"ColorlessPotion"},{"floor":44,"key":"hexamod:SoulburnPotion"},{"floor":48,"key":"GamblersBrew"}],"is_trial":false,"path_per_floor":["R","M","M","M","M","R","T","M","E","?","M","E","R","M","M","B",null,"R","M","?","M","?","E","T","?","M","?","M","E","M","M","M","B",null,"R","M","M","?","M","R","T","M","R","M","R","M","$","M","M","B",null,"E"],"character_chosen":"SLIMEBOUND","items_purchased":["Bag of Marbles","Frozen Eye","hubris:BottledRain","Weak Potion","Swift Potion"],"campfire_rested":0,"item_purchase_floors":[47,47,47,47,47],"current_hp_per_floor":[65,65,65,65,55,55,55,47,48,37,47,44,44,47,51,65,65,65,65,65,63,32,35,35,35,40,40,43,19,21,25,25,32,65,75,75,75,75,75,75,75,75,75,66,66,69,71,75,75,22,75,0,0,0],"gold":260,"neow_bonus":"ONE_RANDOM_RARE_CARD","is_daily":false,"chose_seed":false,"campfire_upgraded":7,"win_rate":0.0,"timestamp":1610817827,"path_taken":["R","?","M","M","?","R","T","M","E","?","M","E","R","?","M","BOSS","R","M","?","M","?","E","T","?","M","?","?","E","M","M","M","BOSS","R","M","M","?","M","R","T","M","R","M","R","M","$","M","M","BOSS","E"],"items_purchased_type":["Relic","Relic","Relic","Potion","Potion"],"build_version":"2020-12-22","purchased_purges":1,"victory":false,"max_hp_per_floor":[65,65,65,65,65,65,65,65,65,65,65,65,65,65,65,65,65,65,65,65,65,65,65,65,65,65,65,65,65,65,65,65,65,65,75,75,75,75,75,75,75,75,75,75,75,75,75,75,75,75,75,75,75,75],"card_choices":[{"not_picked":["Slimebound:TongueLash","Slimebound:GoopTackle","Slimebound:LeechingTouch"],"picked":"SKIP","floor":2},{"not_picked":["Slimebound:LivingWall","Slimebound:FlameTackle"],"picked":"Slimebound:GoopSpray","floor":3},{"not_picked":["Slimebound:SlimeBarrage","Slimebound:Equalize"],"picked":"Slimebound:SpikyOuterGoop","floor":4},{"not_picked":["Slimebound:ComboTackle","Slimebound:AcidTongue","Slimebound:SplitLeeching"],"picked":"SKIP","floor":5},{"not_picked":["Slimebound:RainOfGoop","Slimebound:Grow"],"picked":"Slimebound:GrowthPunch","floor":8},{"not_picked":["Slimebound:RejuvenatingLick","Slimebound:ComboTackle"],"picked":"Slimebound:HauntingLick","floor":9},{"not_picked":["Slimebound:LeechLife","Slimebound:FlameTackle"],"picked":"Slimebound:Schlurp","floor":10},{"not_picked":["Slimebound:RollThrough","Slimebound:ViciousTackle"],"picked":"Slimebound:SplitBruiser","floor":11},{"not_picked":["Slimebound:Replication","Slimebound:PrepareCrush"],"picked":"Slimebound:Repurpose","floor":12},{"not_picked":["Slimebound:Prepare","Slimebound:GoopTackle","Slimebound:LeechEnergy"],"picked":"SKIP","floor":14},{"not_picked":["Slimebound:LeechEnergy","Slimebound:ComboTackle"],"picked":"Slimebound:SamplingLick","floor":15},{"not_picked":["Slimebound:OozeBath","Slimebound:FirmFortitude"],"picked":"Slimebound:SelfFormingGoo","floor":16},{"not_picked":["Slimebound:GoopTackle+1","Slimebound:Grow+1"],"picked":"Slimebound:HauntingLick+1","floor":19},{"not_picked":["Slimebound:LeechEnergy+1","Slimebound:PressTheAttack"],"picked":"Slimebound:GrowthPunch","floor":21},{"not_picked":["Slimebound:SamplingLick","Slimebound:SplitLeeching"],"picked":"Slimebound:SpikyOuterGoop","floor":23},{"not_picked":["Slimebound:FlameTackle","Slimebound:Dissolve"],"picked":"Slimebound:SamplingLick","floor":26},{"not_picked":["Slimebound:RollThrough+1","Slimebound:FinishingTackle","Slimebound:Schlurp"],"picked":"SKIP","floor":28},{"not_picked":["Slimebound:SplitLeeching","Slimebound:Chomp+1","Slimebound:LeechingTouch+1"],"picked":"SKIP","floor":29},{"not_picked":["Slimebound:Prepare","Slimebound:ViciousTackle","Slimebound:GoopTackle+1"],"picked":"SKIP","floor":30},{"not_picked":["Slimebound:LeechingTouch","Slimebound:RollThrough+1","Slimebound:Dissolve"],"picked":"SKIP","floor":31},{"not_picked":["Slimebound:DouseInSlime","Slimebound:MinionMaster"],"picked":"Slimebound:SelfFormingGoo","floor":33},{"not_picked":["Slimebound:Schlurp+1","Slimebound:SlimeSpikes","Slimebound:ComboTackle+1"],"picked":"SKIP","floor":36},{"not_picked":["Slimebound:Schlurp+1","Slimebound:SplitLeeching"],"picked":"Slimebound:DisruptingSlam","floor":37},{"not_picked":["Secret Weapon","Madness"],"picked":"Dramatic Entrance","floor":38},{"not_picked":["Slimebound:Prepare+1","Slimebound:SlimeSpikes+1","Slimebound:LeadByExample"],"picked":"SKIP","floor":42},{"not_picked":["Slimebound:LivingWall+1","Slimebound:ComboTackle","Slimebound:SplitLeeching"],"picked":"SKIP","floor":44},{"not_picked":["Slimebound:SplitBruiser+1","Slimebound:PressTheAttack"],"picked":"Slimebound:SamplingLick+1","floor":46},{"not_picked":["Slimebound:SpikyOuterGoop+1","Slimebound:GoopTackle+1"],"picked":"Slimebound:RejuvenatingLick+1","floor":47},{"not_picked":["Slimebound:DuplicatedForm","Slimebound:GoopSpray+1","Slimebound:PressTheAttack+1"],"picked":"SKIP","floor":48},{"not_picked":["Slimebound:Prepare+1","Slimebound:Schlurp","Slimebound:ItLooksTasty+1"],"picked":"SKIP","floor":49}],"player_experience":361385,"relics_obtained":[{"floor":7,"key":"hubris:DuctTape"},{"floor":9,"key":"Old Coin"},{"floor":10,"key":"Potion Belt"},{"floor":12,"key":"FossilizedHelix"},{"floor":23,"key":"Centennial Puzzle"},{"floor":29,"key":"CeramicFish"},{"floor":34,"key":"hubris:64BitClover"},{"floor":34,"key":"hubris:PeanutButter"},{"floor":34,"key":"aspiration:HiddenCompartment"},{"floor":41,"key":"HornCleat"},{"floor":48,"key":"Nunchaku"}],"event_choices":[{"damage_healed":0,"gold_gain":0,"player_choice":"RE RE ","damage_taken":35,"relics_obtained":["Art of War","Vajra"],"max_hp_gain":0,"max_hp_loss":0,"event_name":"betterSkull:BetterSkull","floor":22,"gold_loss":0,"cards_upgraded":[]},{"cards_removed":["Slimebound:Split"],"damage_healed":0,"gold_gain":0,"player_choice":"Take \u0026 Give","damage_taken":0,"max_hp_gain":0,"max_hp_loss":0,"event_name":"betterNote:BetterNote","floor":25,"gold_loss":0,"cards_obtained":["Slimebound:Split"]},{"damage_healed":0,"gold_gain":0,"player_choice":"Forge","damage_taken":0,"max_hp_gain":0,"max_hp_loss":0,"event_name":"Accursed Blacksmith","floor":27,"gold_loss":0,"cards_upgraded":["Slimebound:HauntingLick"]},{"damage_healed":0,"gold_gain":3,"player_choice":"1","damage_taken":0,"max_hp_gain":0,"max_hp_loss":0,"event_name":"betterStone:BetterStone","floor":38,"gold_loss":0}],"is_beta":false,"boss_relics":[{"not_picked":["energizedSpire:EnergizedDie","Philosopher\u0027s Stone"],"picked":"hubris:HollowSoul"},{"not_picked":["SacredBark","Velvet Choker"],"picked":"Calling Bell"}],"items_purged_floors":[47],"is_endless":false,"potions_floor_spawned":[2,9,10,11,21,29,30,32,33,44,48],"killed_by":"downfall:CharBossMerchant","ascension_level":0}}