{"host":"x52zk6e1f2bye2h7","time":1610803241,"event":{"mods":["AchievementEnabler","BaseMod","Highlight Path","Minty Spire (QoL Compilation)","everything is the same but u backflip on backflip"],"gold_per_floor":[114,114,189,66,89,89,19,60,87,87,87],"floor_reached":10,"language":"ENG","playtime":490,"items_purged":["Strike_P"],"score":67,"play_id":"c1c6b209-1e0e-4a5f-aa4d-8963d0acc9d5","local_time":"20210116132041","is_ascension_mode":true,"campfire_choices":[{"data":"ClearTheMind","floor":6,"key":"SMITH"}],"circlet_count":0,"master_deck":["Strike_P","Strike_P","Strike_P","Defend_P","Defend_P","Defend_P","Defend_P","Eruption","Vigilance","CutThroughFate","ThirdEye","ClearTheMind+1","Pray","MentalFortress","FlurryOfBlows"],"relics":["PureWater","Golden Idol","Blood Vial","Dream Catcher"],"acts_visited":["Exordium"],"potions_floor_usage":[],"damage_taken":[{"damage":0,"enemies":"Cultist","floor":1,"turns":2},{"damage":0,"enemies":"2 Louse","floor":5,"turns":4},{"damage":19,"enemies":"Gremlin Nob","floor":8,"turns":4},{"damage":26,"enemies":"3 Sentries","floor":10,"turns":5}],"seed_played":"7142651968882671575","potions_obtained":[],"is_trial":false,"path_per_floor":["M","?","?","$","M","R","$","E","T","E"],"character_chosen":"WATCHER","items_purchased":["ClearTheMind","MentalFortress"],"campfire_rested":0,"item_purchase_floors":[4,7],"current_hp_per_floor":[72,54,43,43,43,43,43,24,24,0,0],"gold":87,"neow_bonus":"THREE_CARDS","is_daily":false,"chose_seed":false,"campfire_upgraded":1,"win_rate":0.0,"timestamp":1610803241,"path_taken":["M","?","?","?","M","R","$","E","T","E"],"items_purchased_type":["Card","Card"],"build_version":"2020-12-22","purchased_purges":1,"victory":false,"max_hp_per_floor":[72,72,72,72,72,72,72,72,72,72,72],"card_choices":[{"not_picked":["ClearTheMind","PathToVictory"],"picked":"CutThroughFate","floor":0},{"not_picked":["JustLucky","InnerPeace"],"picked":"ThirdEye","floor":1},{"not_picked":["EmptyFist","Prostrate"],"picked":"Pray","floor":5},{"not_picked":["SashWhip","FlyingSleeves"],"picked":"FlurryOfBlows","floor":8}],"player_experience":98311,"relics_obtained":[{"floor":8,"key":"Blood Vial"},{"floor":9,"key":"Dream Catcher"}],"event_choices":[{"damage_healed":0,"gold_gain":0,"player_choice":"Take Damage","damage_taken":18,"relics_obtained":["Golden Idol"],"max_hp_gain":0,"max_hp_loss":0,"event_name":"Golden Idol","floor":2,"gold_loss":0},{"damage_healed":0,"gold_gain":75,"player_choice":"Gather Gold","damage_taken":11,"max_hp_gain":0,"max_hp_loss":0,"event_name":"World of Goop","floor":3,"gold_loss":0}],"is_beta":false,"boss_relics":[],"items_purged_floors":[4],"is_endless":false,"potions_floor_spawned":[],"killed_by":"3 Sentries","ascension_level":1}}