{"host":"jscggscbx0p7706o","time":1610774665,"event":{"mods":["AchievementEnabler","BaseMod","Block Reminder","Colored Powertips","Minty Spire (QoL Compilation)","Permanent Neow","Quick Restart","StSLib"],"gold_per_floor":[110,186,203,218,235,267,282,282,282,302,321,340,160,180,180,281,281,297,312,83,94,110,110,178,190,190,289,339,79,79,97,97,197,197,211,261,281,330,330,358,371,391,391,44,44,44,79,92,92,92],"floor_reached":51,"language":"ENG","playtime":4298,"items_purged":["Pray+1","WindmillStrike"],"score":940,"play_id":"d77eae21-8f0b-42fb-87aa-2e10d5bb7539","local_time":"20210116132425","is_ascension_mode":false,"campfire_choices":[{"data":"Blasphemy","floor":8.0,"key":"SMITH"},{"floor":15.0,"key":"REST"},{"data":"ThirdEye","floor":32.0,"key":"SMITH"},{"floor":46.0,"key":"RECALL"},{"floor":49,"key":"REST"}],"circlet_count":0,"master_deck":["Eruption+1","Vigilance+1","Fasting2+1","Tantrum+1","LessonLearned+1","Fasting2+1","WreathOfFlame+1","Collect+1","Perseverance+1","Tantrum+1","EmptyBody+1","EmptyBody+1","Blasphemy+1","ThirdEye+1","Crescendo+1","EmptyMind+1","Perseverance+1","CarveReality+1","EmptyBody+1"],"relics":["Pandora\u0027s Box","Meat on the Bone","Kunai","Bag of Preparation","Philosopher\u0027s Stone","Membership Card","Gremlin Horn","Juzu Bracelet","Oddly Smooth Stone","FossilizedHelix","Enchiridion","Fusion Hammer","CaptainsWheel","Lizard Tail","StoneCalendar","Eternal Feather","ClockworkSouvenir","Art of War","Turnip","Mercury Hourglass"],"acts_visited":["Exordium","TheCity","TheBeyond"],"potions_floor_usage":[],"damage_taken":[{"damage":0.0,"enemies":"Small Slimes","floor":1.0,"turns":3.0},{"damage":0.0,"enemies":"Jaw Worm","floor":3.0,"turns":2.0},{"damage":6.0,"enemies":"2 Louse","floor":4.0,"turns":2.0},{"damage":0.0,"enemies":"Exordium Wildlife","floor":5.0,"turns":2.0},{"damage":33.0,"enemies":"3 Sentries","floor":6.0,"turns":15.0},{"damage":9.0,"enemies":"Exordium Thugs","floor":7.0,"turns":6.0},{"damage":12.0,"enemies":"Blue Slaver","floor":10.0,"turns":4.0},{"damage":10.0,"enemies":"Looter","floor":11.0,"turns":3.0},{"damage":16.0,"enemies":"3 Louse","floor":12.0,"turns":2.0},{"damage":5.0,"enemies":"Blue Slaver","floor":14.0,"turns":6.0},{"damage":0.0,"enemies":"Slime Boss","floor":16.0,"turns":4.0},{"damage":9.0,"enemies":"Shell Parasite","floor":18.0,"turns":4.0},{"damage":3.0,"enemies":"3 Byrds","floor":19.0,"turns":4.0},{"damage":6.0,"enemies":"Snake Plant","floor":21.0,"turns":3.0},{"damage":0.0,"enemies":"Centurion and Healer","floor":22.0,"turns":6.0},{"damage":0.0,"enemies":"Chosen and Byrds","floor":25.0,"turns":3.0},{"damage":0.0,"enemies":"Shelled Parasite and Fungi","floor":31.0,"turns":3.0},{"damage":0.0,"enemies":"Collector","floor":33.0,"turns":5.0},{"damage":0.0,"enemies":"Orb Walker","floor":35.0,"turns":2.0},{"damage":0.0,"enemies":"Mind Bloom Boss Battle","floor":36.0,"turns":3.0},{"damage":0.0,"enemies":"3 Shapes","floor":37.0,"turns":3.0},{"damage":0.0,"enemies":"2 Orb Walkers","floor":38.0,"turns":4.0},{"damage":0.0,"enemies":"Nemesis","floor":40.0,"turns":3.0},{"damage":0.0,"enemies":"Jaw Worm Horde","floor":41.0,"turns":3.0},{"damage":0.0,"enemies":"Sphere and 2 Shapes","floor":42.0,"turns":2.0},{"damage":0.0,"enemies":"Reptomancer","floor":47.0,"turns":3.0},{"damage":0,"enemies":"4 Shapes","floor":48,"turns":3},{"damage":0,"enemies":"Awakened One","floor":50,"turns":6}],"seed_played":"-5854528873383563789","potions_obtained":[{"floor":3.0,"key":"LiquidBronze"},{"floor":5.0,"key":"Swift Potion"},{"floor":7.0,"key":"AttackPotion"},{"floor":12.0,"key":"LiquidBronze"},{"floor":19.0,"key":"Energy Potion"},{"floor":22.0,"key":"Dexterity Potion"},{"floor":37.0,"key":"AttackPotion"},{"floor":41.0,"key":"EssenceOfSteel"},{"floor":42.0,"key":"Swift Potion"},{"floor":48,"key":"Strength Potion"}],"is_trial":false,"path_per_floor":["M","?","M","M","M","E","M","R","T","M","M","M","$","M","R","B",null,"M","M","$","M","M","?","T","M","T","?","?","$","?","M","R","B",null,"M","?","M","?","?","E","M","M","T","$","?","R","E","M","R","B",null],"character_chosen":"WATCHER","items_purchased":["Crescendo","Bag of Preparation","Membership Card","Oddly Smooth Stone","FossilizedHelix","CarveReality","ClockworkSouvenir","Art of War","Turnip"],"campfire_rested":2,"item_purchase_floors":[13,13,20,29,29,29,44,44,44],"current_hp_per_floor":[72,72,72,66,66,33,36,36,36,36,38,34,34,41,62,62,72,63,60,60,54,54,54,54,54,54,54,54,54,38,38,38,38,72,72,72,72,72,72,72,72,72,72,72,68,68,68,68,68,68],"gold":92,"neow_bonus":"BOSS_RELIC","is_daily":false,"chose_seed":false,"campfire_upgraded":2,"win_rate":0.0,"timestamp":1610774665,"path_taken":["M","?","M","M","M","E","M","R","T","M","M","M","$","M","R","BOSS","M","M","$","M","M","?","?","M","T","?","?","$","?","M","R","BOSS","M","?","M","?","?","E","M","M","T","$","?","R","E","M","R","BOSS"],"items_purchased_type":["Card","Relic","Relic","Relic","Relic","Card","Relic","Relic","Relic"],"build_version":"2020-12-22","purchased_purges":2,"victory":true,"max_hp_per_floor":[72,72,72,72,72,72,72,72,72,72,72,72,72,72,72,72,72,72,72,72,72,72,72,72,72,72,72,72,72,72,72,72,72,72,72,72,72,72,72,72,72,72,72,72,68,68,68,68,68,68],"card_choices":[{"not_picked":["PathToVictory","CrushJoints"],"picked":"Perseverance","floor":1.0},{"not_picked":["EmptyFist","SashWhip"],"picked":"Tantrum","floor":3.0},{"not_picked":["CutThroughFate","JustLucky"],"picked":"EmptyBody","floor":4.0},{"not_picked":["FearNoEvil","CrushJoints"],"picked":"EmptyBody","floor":5.0},{"not_picked":["JustLucky","CrushJoints"],"picked":"Blasphemy","floor":6.0},{"not_picked":["FollowUp","BattleHymn","Evaluate"],"picked":"SKIP","floor":7.0},{"not_picked":["TalkToTheHand","DeceiveReality"],"picked":"Meditate","floor":10.0},{"not_picked":["Vengeance","SandsOfTime"],"picked":"ThirdEye","floor":11.0},{"not_picked":["Indignation","WindmillStrike","PathToVictory"],"picked":"SKIP","floor":12.0},{"not_picked":["Halt","Swivel","Consecrate"],"picked":"SKIP","floor":14.0},{"not_picked":["SignatureMove","JustLucky","Evaluate"],"picked":"SKIP","floor":18.0},{"not_picked":["FlyingSleeves","Weave","CutThroughFate"],"picked":"SKIP","floor":19.0},{"not_picked":["ForeignInfluence+1","FlyingSleeves+1","EmptyBody"],"picked":"SKIP","floor":21.0},{"not_picked":["Weave","Perseverance+1"],"picked":"EmptyMind+1","floor":22.0},{"not_picked":["PathToVictory","Study+1"],"picked":"Perseverance+1","floor":25.0},{"not_picked":["Wallop+1","Pray"],"picked":"EmptyBody+1","floor":31.0},{"not_picked":["Adaptation+1","WheelKick","Swivel"],"picked":"SKIP","floor":35.0},{"not_picked":["Collect","Crescendo+1","SashWhip+1"],"picked":"SKIP","floor":37.0},{"not_picked":["Evaluate","FlyingSleeves","Protect"],"picked":"SKIP","floor":40.0},{"not_picked":["BowlingBash+1","ClearTheMind+1","JustLucky+1"],"picked":"SKIP","floor":41.0},{"not_picked":["CarveReality","ClearTheMind","Adaptation+1"],"picked":"SKIP","floor":42.0},{"not_picked":["EmptyFist+1","ThirdEye","Tantrum+1"],"picked":"SKIP","floor":47.0},{"not_picked":["ForeignInfluence+1","Wallop+1","ClearTheMind"],"picked":"SKIP","floor":48}],"player_experience":270126,"relics_obtained":[{"floor":6.0,"key":"Meat on the Bone"},{"floor":9.0,"key":"Kunai"},{"floor":24.0,"key":"Gremlin Horn"},{"floor":26.0,"key":"Juzu Bracelet"},{"floor":30.0,"key":"Enchiridion"},{"floor":36.0,"key":"CaptainsWheel"},{"floor":38.0,"key":"Lizard Tail"},{"floor":40.0,"key":"StoneCalendar"},{"floor":43.0,"key":"Eternal Feather"},{"floor":47.0,"key":"Mercury Hourglass"}],"event_choices":[{"damage_healed":0.0,"max_hp_gain":0.0,"max_hp_loss":0.0,"gold_gain":76.0,"event_name":"Golden Wing","player_choice":"Gained Gold","floor":2.0,"gold_loss":0.0,"damage_taken":0.0},{"damage_healed":0.0,"max_hp_gain":0.0,"max_hp_loss":0.0,"gold_gain":0.0,"event_name":"Ghosts","player_choice":"Ignored","floor":23.0,"gold_loss":0.0,"damage_taken":0.0},{"damage_healed":0.0,"max_hp_gain":0.0,"max_hp_loss":0.0,"gold_gain":99.0,"event_name":"Nest","player_choice":"Stole From Cult","floor":27.0,"gold_loss":0.0,"damage_taken":0.0},{"damage_healed":0.0,"max_hp_gain":0.0,"max_hp_loss":0.0,"gold_gain":100.0,"event_name":"The Joust","player_choice":"Bet on Murderer","floor":28.0,"gold_loss":50.0,"damage_taken":0.0},{"damage_healed":0.0,"max_hp_gain":0.0,"max_hp_loss":0.0,"gold_gain":0.0,"event_name":"Cursed Tome","player_choice":"Obtained Book","floor":30.0,"gold_loss":0.0,"damage_taken":16.0},{"damage_healed":0.0,"max_hp_gain":0.0,"max_hp_loss":0.0,"gold_gain":0.0,"event_name":"MindBloom","player_choice":"Fight","floor":36.0,"gold_loss":0.0,"damage_taken":0.0},{"damage_healed":0.0,"max_hp_gain":0.0,"max_hp_loss":0.0,"gold_gain":0.0,"event_name":"Mysterious Sphere","player_choice":"Fight","floor":38.0,"gold_loss":0.0,"damage_taken":0.0},{"cards_removed":["Meditate"],"damage_healed":0.0,"max_hp_gain":0.0,"max_hp_loss":0.0,"gold_gain":0.0,"event_name":"Falling","player_choice":"Removed Skill","floor":39.0,"gold_loss":0.0,"damage_taken":0.0},{"damage_healed":0.0,"max_hp_gain":0.0,"max_hp_loss":4.0,"gold_gain":0.0,"event_name":"Winding Halls","player_choice":"Max HP","floor":45.0,"gold_loss":0.0,"damage_taken":0.0}],"is_beta":false,"boss_relics":[{"not_picked":["SacredBark","Tiny House"],"picked":"Philosopher\u0027s Stone"},{"not_picked":["Runic Pyramid","Cursed Key"],"picked":"Fusion Hammer"}],"items_purged_floors":[20,44],"is_endless":false,"potions_floor_spawned":[3,5,7,12,14,19,22,31,35,37,41,42,48],"ascension_level":0}}