{"host":"kvh5342rl0c7vxi5","time":1610839200,"event":{"mods":["BaseMod","Downfall","Hermit","Jorbs\u0027s Wanderer Trilogy","Minty Spire (QoL Compilation)","Quick Restart","StSLib","SuperFastMode","The Poker Player"],"gold_per_floor":[212,227,237,237,11,11,43,43,70,98,98,129,129,145,145,276,276,299,156,170,170,269,303,31,31,57,57,57],"floor_reached":27,"language":"ENG","playtime":1336,"items_purged":["hermit:Strike_Hermit","hermit:Roulette","hermit:Snapshot"],"score":381,"play_id":"a7b169b9-2490-493b-9622-d76514eb5d59","local_time":"20210116182000","is_ascension_mode":true,"campfire_choices":[{"data":"hermit:Maintenance","floor":6.0,"key":"SMITH"},{"data":"hermit:HighNoon","floor":8,"key":"SMITH"},{"floor":11,"key":"REST"},{"data":"hermit:Adapt","floor":15,"key":"SMITH"}],"circlet_count":0,"master_deck":["hermit:Strike_Hermit","hermit:Strike_Hermit","hermit:Strike_Hermit","hermit:Defend_Hermit","hermit:Defend_Hermit","hermit:Defend_Hermit","hermit:Defend_Hermit","hermit:Covet","hermit:Glare+1","hermit:SprayPray","hermit:Adapt+1","hermit:Maintenance+1","hermit:HighNoon+1","hermit:Determination","hermit:EyeOfTheStorm","hermit:Reprieve","Panacea","hermit:WideOpen+1","Shame","hermit:GhostlyPresence+1","hermit:ShadowCloak"],"relics":["hermit:Momento","Nunchaku","Blood Vial","Blue Candle","Smiling Mask","Golden Idol","Sozu","InkBottle","Ginger","Sling"],"acts_visited":["Exordium","TheCity"],"potions_floor_usage":[7,23,23],"damage_taken":[{"damage":10.0,"enemies":"Small Slimes","floor":1.0,"turns":4.0},{"damage":3.0,"enemies":"2 Louse","floor":2.0,"turns":2.0},{"damage":7.0,"enemies":"Jaw Worm","floor":3.0,"turns":3.0},{"damage":0,"enemies":"3 Sentries","floor":7,"turns":8},{"damage":37,"enemies":"Gremlin Nob","floor":10,"turns":5},{"damage":2,"enemies":"3 Sentries","floor":12,"turns":8},{"damage":8,"enemies":"Exordium Wildlife","floor":14,"turns":5},{"damage":12,"enemies":"Slime Boss","floor":16,"turns":9},{"damage":12,"enemies":"3 Byrds","floor":18,"turns":12},{"damage":3,"enemies":"Chosen","floor":20,"turns":6},{"damage":36,"enemies":"Slavers","floor":23,"turns":8},{"damage":38,"enemies":"3 Cultists","floor":27,"turns":4}],"seed_played":"5485756552883567046","potions_obtained":[{"floor":3.0,"key":"Block Potion"},{"floor":10,"key":"Block Potion"},{"floor":12,"key":"bronze:BurnAndBuffPotion"},{"floor":14,"key":"Block Potion"}],"is_trial":false,"path_per_floor":["M","M","M","?","$","R","E","R","T","E","R","E","?","M","R","B",null,"M","$","M","?","?","E","$","?","T","M"],"character_chosen":"HERMIT","items_purchased":["hermit:Adapt","hermit:Maintenance","Panacea","Sling","hermit:ShadowCloak"],"campfire_rested":1,"item_purchase_floors":[5,5,19,24,24],"current_hp_per_floor":[58,55,48,48,48,48,48,48,48,13,35,35,35,29,29,19,57,55,55,54,54,54,24,24,24,24,0,0],"gold":57,"neow_bonus":"HUNDRED_GOLD","is_daily":false,"chose_seed":false,"campfire_upgraded":3,"win_rate":0.0,"timestamp":1610839200,"path_taken":["M","M","M","?","$","R","E","R","T","E","R","E","?","M","R","BOSS","M","$","M","?","?","E","?","?","T","M"],"items_purchased_type":["Card","Card","Card","Relic","Card"],"build_version":"2020-12-22","purchased_purges":3,"victory":false,"max_hp_per_floor":[75,75,75,75,75,75,75,75,75,75,75,75,69,69,69,69,69,69,69,69,69,69,69,69,69,69,69,69],"card_choices":[{"not_picked":["hermit:Feint","hermit:Cheat"],"picked":"hermit:Roulette","floor":1.0},{"not_picked":["hermit:HighCaliber","hermit:Combo"],"picked":"hermit:Glare","floor":2.0},{"not_picked":["hermit:Desperado","hermit:ShadowCloak"],"picked":"hermit:SprayPray","floor":3.0},{"not_picked":["hermit:Showdown","hermit:Deadeye"],"picked":"hermit:HighNoon","floor":7},{"not_picked":["hermit:Quickdraw","hermit:Glare","hermit:CalledShot"],"picked":"SKIP","floor":10},{"not_picked":["hermit:Headshot","hermit:Ricochet"],"picked":"hermit:Determination","floor":12},{"not_picked":["hermit:SprayPray","hermit:Glare"],"picked":"hermit:EyeOfTheStorm","floor":14},{"not_picked":["hermit:HighNoon","hermit:HeroicBravado"],"picked":"hermit:Reprieve","floor":16},{"not_picked":["hermit:Coalescence","hermit:Showdown","hermit:EyeOfTheStorm"],"picked":"SKIP","floor":18},{"not_picked":["hermit:HoleUp","hermit:Showdown"],"picked":"hermit:WideOpen+1","floor":20},{"not_picked":["hermit:NoHoldsBarred","hermit:HighCaliber"],"picked":"hermit:GhostlyPresence+1","floor":23}],"player_experience":546633,"relics_obtained":[{"floor":7,"key":"Nunchaku"},{"floor":9,"key":"Blood Vial"},{"floor":10,"key":"Blue Candle"},{"floor":12,"key":"Smiling Mask"},{"floor":23,"key":"Ginger"}],"event_choices":[{"damage_healed":0.0,"max_hp_gain":0.0,"max_hp_loss":0.0,"gold_gain":0.0,"event_name":"Living Wall","player_choice":"Grow","floor":4.0,"gold_loss":0.0,"damage_taken":0.0,"cards_upgraded":["hermit:Glare"]},{"damage_healed":0,"gold_gain":0,"player_choice":"Lose Max HP","damage_taken":0,"relics_obtained":["Golden Idol"],"max_hp_gain":0,"max_hp_loss":6,"event_name":"Golden Idol","floor":13,"gold_loss":0},{"damage_healed":0,"gold_gain":0,"player_choice":"Stole Relic","damage_taken":0,"relics_obtained":["InkBottle"],"max_hp_gain":0,"max_hp_loss":0,"event_name":"Addict","floor":21,"gold_loss":0,"cards_obtained":["Shame"]},{"damage_healed":0,"gold_gain":99,"player_choice":"Stole From Cult","damage_taken":0,"max_hp_gain":0,"max_hp_loss":0,"event_name":"Nest","floor":22,"gold_loss":0}],"is_beta":false,"boss_relics":[{"not_picked":["SacredBark","SlaversCollar"],"picked":"Sozu"}],"items_purged_floors":[5,19,24],"is_endless":false,"potions_floor_spawned":[3,10,12,14,18,20],"killed_by":"3 Cultists","ascension_level":8}}