{"host":"6bsan6hkua32tfq7","time":1610828031,"event":{"mods":["BaseMod","Better Third Choice","Colored Map","Highlight Path","Minty Spire (QoL Compilation)","StSLib"],"gold_per_floor":[113,27,27,45,57,57,57,82,131,164,89,89,123,123,123,201,201,212,231,131,131,143,177,197,197,197,55,69,401,401,416,416,416,416],"floor_reached":33,"language":"ENG","playtime":1274,"items_purged":["Strike_R","Strike_R","Strike_R"],"score":606,"play_id":"1273652e-694f-4551-9287-5701c07e408e","local_time":"20210116211351","is_ascension_mode":true,"campfire_choices":[{"data":"Uppercut","floor":6,"key":"SMITH"},{"floor":12,"key":"REST"},{"data":"True Grit","floor":15,"key":"SMITH"},{"floor":25,"key":"REST"},{"floor":32,"key":"REST"}],"circlet_count":0,"master_deck":["AscendersBane","Defend_R","Defend_R","Defend_R","Bash","Pommel Strike","Metallicize","True Grit+1","Uppercut+1","Metallicize","Heavy Blade","Offering","Juggernaut","Shrug It Off+1","Feel No Pain","Offering","Shrug It Off","Dark Embrace+1","Shrug It Off","True Grit","Seeing Red","True Grit","Feed"],"relics":["Burning Blood","Ancient Tea Set","Happy Flower","Bag of Marbles","Sundial","Black Star","Akabeko","The Courier","Bottled Tornado","Boot","Nloth\u0027s Gift"],"acts_visited":["Exordium","TheCity"],"potions_floor_usage":[8,10,18,22,23,29,33,33],"damage_taken":[{"damage":2,"enemies":"2 Louse","floor":1,"turns":4},{"damage":0,"enemies":"Cultist","floor":4,"turns":3},{"damage":0,"enemies":"Jaw Worm","floor":5,"turns":5},{"damage":33,"enemies":"Gremlin Nob","floor":8,"turns":5},{"damage":32,"enemies":"3 Sentries","floor":10,"turns":7},{"damage":8,"enemies":"Lagavulin","floor":13,"turns":6},{"damage":17,"enemies":"The Guardian","floor":16,"turns":13},{"damage":12,"enemies":"Chosen","floor":18,"turns":3},{"damage":13,"enemies":"Shell Parasite","floor":19,"turns":5},{"damage":21,"enemies":"Snake Plant","floor":22,"turns":4},{"damage":14,"enemies":"Gremlin Leader","floor":23,"turns":7},{"damage":12,"enemies":"Snecko","floor":24,"turns":6},{"damage":6,"enemies":"Centurion and Healer","floor":28,"turns":12},{"damage":46,"enemies":"Slavers","floor":29,"turns":5},{"damage":12,"enemies":"Sentry and Sphere","floor":31,"turns":5},{"damage":38,"enemies":"Automaton","floor":33,"turns":6}],"seed_played":"6921981424658461184","potions_obtained":[{"floor":1,"key":"BloodPotion"},{"floor":5,"key":"LiquidBronze"},{"floor":8,"key":"AttackPotion"},{"floor":16,"key":"Ancient Potion"},{"floor":18,"key":"BloodPotion"},{"floor":22,"key":"Explosive Potion"},{"floor":24,"key":"LiquidBronze"},{"floor":31,"key":"SteroidPotion"}],"is_trial":false,"path_per_floor":["M","$","?","M","M","R","$","E","T","E","$","R","E","?","R","B",null,"M","M","$","?","M","E","M","R","T","$","M","E","?","M","R","B"],"character_chosen":"IRONCLAD","items_purchased":["Metallicize","True Grit"],"campfire_rested":3,"item_purchase_floors":[2,27],"current_hp_per_floor":[54,54,54,60,66,66,66,54,54,28,28,50,48,48,48,37,66,60,53,53,53,53,45,39,61,61,61,61,21,21,15,37,0,0],"gold":416,"neow_bonus":"REMOVE_TWO","is_daily":false,"chose_seed":false,"campfire_upgraded":2,"win_rate":0.0,"timestamp":1610828031,"path_taken":["M","$","?","?","M","R","$","E","T","E","$","R","E","?","R","BOSS","M","?","$","?","?","E","M","R","T","$","M","E","?","M","R","BOSS"],"items_purchased_type":["Card","Card"],"build_version":"2020-12-22","purchased_purges":3,"victory":false,"max_hp_per_floor":[75,75,75,75,75,75,75,75,75,75,75,75,75,75,75,75,75,75,75,75,75,75,75,75,75,75,75,75,75,75,75,75,75,75],"card_choices":[{"not_picked":["Dark Embrace","Flex"],"picked":"Pommel Strike","floor":1},{"not_picked":["Shrug It Off","Perfected Strike"],"picked":"Uppercut","floor":4},{"not_picked":["Headbutt","Battle Trance"],"picked":"Metallicize","floor":5},{"not_picked":["Havoc","Sword Boomerang"],"picked":"Heavy Blade","floor":8},{"not_picked":["Seeing Red","Dual Wield"],"picked":"Offering","floor":10},{"not_picked":["Pommel Strike","Intimidate","Headbutt"],"picked":"SKIP","floor":13},{"not_picked":["Reaper","Fiend Fire"],"picked":"Juggernaut","floor":16},{"not_picked":["Clothesline+1","Dropkick"],"picked":"Shrug It Off+1","floor":18},{"not_picked":["Headbutt","Armaments"],"picked":"Feel No Pain","floor":19},{"not_picked":["Headbutt","Combust"],"picked":"Shrug It Off","floor":22},{"not_picked":["Rupture","Flex+1"],"picked":"Dark Embrace+1","floor":23},{"not_picked":["Wild Strike","Limit Break"],"picked":"Shrug It Off","floor":24},{"not_picked":["Seeing Red","Flex+1","Thunderclap+1"],"picked":"SKIP","floor":28},{"not_picked":["Flex+1","Thunderclap+1"],"picked":"Seeing Red","floor":28},{"not_picked":["Heavy Blade","Combust"],"picked":"True Grit","floor":29},{"not_picked":["Armaments","Clash"],"picked":"Feed","floor":31}],"player_experience":5278738,"relics_obtained":[{"floor":8,"key":"Ancient Tea Set"},{"floor":9,"key":"Happy Flower"},{"floor":10,"key":"Bag of Marbles"},{"floor":13,"key":"Sundial"},{"floor":23,"key":"Akabeko"},{"floor":23,"key":"The Courier"},{"floor":26,"key":"Bottled Tornado"},{"floor":29,"key":"Old Coin"},{"floor":29,"key":"Boot"}],"event_choices":[{"damage_healed":0,"gold_gain":0,"cards_transformed":["Strike_R"],"player_choice":"Transformed","damage_taken":0,"max_hp_gain":0,"max_hp_loss":0,"event_name":"Transmorgrifier","floor":3,"gold_loss":0,"cards_obtained":["True Grit"]},{"damage_healed":0,"gold_gain":0,"player_choice":"0 cards matched","damage_taken":0,"max_hp_gain":0,"max_hp_loss":0,"event_name":"Match and Keep!","floor":14,"gold_loss":0,"cards_obtained":[]},{"damage_healed":0,"gold_gain":0,"player_choice":"Copied","damage_taken":0,"max_hp_gain":0,"max_hp_loss":0,"event_name":"Duplicator","floor":21,"gold_loss":0,"cards_obtained":["Offering"]},{"damage_healed":0,"gold_gain":0,"player_choice":"Traded Relic","damage_taken":0,"relics_obtained":["Nloth\u0027s Gift"],"max_hp_gain":0,"max_hp_loss":0,"event_name":"N\u0027loth","floor":30,"relics_lost":["Old Coin"],"gold_loss":0}],"is_beta":false,"boss_relics":[{"not_picked":["Ectoplasm","Runic Pyramid"],"picked":"Black Star"}],"items_purged_floors":[11,20,27],"is_endless":false,"potions_floor_spawned":[1,5,8,16,18,22,24,31],"killed_by":"Automaton","ascension_level":20}}