{"host":"z9grmtg2w0nmz8n1","time":1610765039,"event":{"mods":["Aspiration","BaseMod","Better Altar","Better Match","Better Note","Better Sensory Stone","Better Skull","Better Third Choice","BetterRewards","Clawfect","Colored Map","Conspire","GifTheSpireLib","Halation","Highlight Path","Hubris","Hunter ??","Jedi Mod","Minty Spire (QoL Compilation)","Permanent Neow","Replay The Spire","Shop Mod","Spicy Shops","StSLib","Stuff the Spire","The Runesmith"],"gold_per_floor":[110,128,26,36,52,79,91,122,122,150,161,161,161,178,178,277,277,291,34,48,48,59,84,84,95,176,176,203,103,103,103,103,207,207,225,225,225,225,100,125,125,145,169,169,169],"floor_reached":44,"language":"ENG","playtime":1838,"items_purged":["Defend_B","Gash","conspire:NecroticWound"],"score":782,"play_id":"d94fdfa2-5f4a-4824-8a2f-48bbfd334131","local_time":"20210116004359","is_ascension_mode":true,"campfire_choices":[{"floor":12,"key":"REST"},{"floor":15,"key":"REST"},{"floor":24,"key":"RECALL"},{"floor":32,"key":"REST"},{"data":"Clawfect:ClawAndTear","floor":41,"key":"SMITH"}],"circlet_count":0,"master_deck":["Gash","Gash","Gash","Gash","Defend_B","Defend_B+1","Defend_B","Defend_B","Clawfect:ScrapingClaw+1","Clawfect:ClawSnap","Clawfect:ClawAndTear+1","Gash","StuffTheSpire:Coldhearted","Clawfect:ClawForTheEyes","Conserve Battery+1","Clawfect:ClawSnap","ReplayGash","Clawfect:ClawForTheEyes+1","Clawfect:ClawSnap","Clawfect:ClawingBeam+1","Leap+1","Clawfect:Clawter","Clawfect:ClawingBeam","Skim","Shame","Clumsy","Clawfect:ScrapingClaw","Gash","Leap"],"relics":["Clawfect:DRClaw","hubris:TenFootPole","StuffTheSpire:Expresso","hubris:MedicalManual","ReplayFunnel","hubris:Towel","jedi:paperlyon","halation:LostSnail","Prayer Wheel","Vajra","jedi:paperfaux","Pantograph","aspiration:RitualStick","Replay:Ancient Bell","Replay:Wax Seal","aspiration:StickyExplosives_weak","jedi:purplefairy","War Paint","aspiration:Lifesprig"],"acts_visited":["Exordium","TheCity","TheBeyond"],"potions_floor_usage":[8,10,16,16,23,40],"damage_taken":[{"damage":0,"enemies":"Cultist","floor":1,"turns":4},{"damage":2,"enemies":"Small Slimes","floor":2,"turns":4},{"damage":1,"enemies":"2 Louse","floor":4,"turns":3},{"damage":16,"enemies":"Exordium Wildlife","floor":5,"turns":5},{"damage":9,"enemies":"Lagavulin","floor":6,"turns":5},{"damage":10,"enemies":"Looter","floor":7,"turns":3},{"damage":20,"enemies":"Gremlin Nob","floor":8,"turns":4},{"damage":7,"enemies":"3 Sentries","floor":10,"turns":6},{"damage":5,"enemies":"Blue Slaver","floor":11,"turns":4},{"damage":12,"enemies":"Lots of Slimes","floor":14,"turns":4},{"damage":0,"enemies":"Fading Forest","floor":16,"turns":11},{"damage":0,"enemies":"Spheric Guardian","floor":18,"turns":4},{"damage":19,"enemies":"Chosen","floor":20,"turns":5},{"damage":5,"enemies":"Shelled Parasite and Fungi","floor":22,"turns":4},{"damage":18,"enemies":"Slavers","floor":23,"turns":4},{"damage":3,"enemies":"Snake Plant","floor":25,"turns":4},{"damage":3,"enemies":"Book of Stabbing","floor":28,"turns":5},{"damage":18,"enemies":"Pondfish","floor":33,"turns":6},{"damage":1,"enemies":"Orb Walker","floor":35,"turns":4},{"damage":17,"enemies":"Giant Head","floor":40,"turns":6},{"damage":34,"enemies":"3 Darklings","floor":42,"turns":5},{"damage":21,"enemies":"Reptomancer","floor":44,"turns":2}],"seed_played":"-4491933405581971337","potions_obtained":[{"floor":4,"key":"SpeedPotion"},{"floor":5,"key":"PowerPotion"},{"floor":8,"key":"BlessingOfTheForge"},{"floor":10,"key":"Strength Potion"},{"floor":11,"key":"Adrenaline Potion"},{"floor":14,"key":"BlessingOfTheForge"},{"floor":22,"key":"FocusPotion"},{"floor":23,"key":"SteroidPotion"},{"floor":35,"key":"Death Potion"}],"is_trial":false,"path_per_floor":["M","M","$","M","M","E","M","E","T","E","M","R","?","M","R","B",null,"M","$","M","?","M","E","R","M","T","?","E","$","?","$","R","B",null,"M","?","?","?","$","E","R","M","T","E"],"character_chosen":"DEFECT","items_purchased":["Clawfect:ClawAndTear","ReplayGash","halation:LostSnail"],"campfire_rested":3,"item_purchase_floors":[3,19,19],"current_hp_per_floor":[75,73,73,72,56,47,37,17,17,10,5,27,27,15,37,47,75,75,75,56,56,51,33,33,30,30,30,27,27,20,20,42,49,75,74,74,64,64,64,47,52,18,18,0,0],"gold":169,"neow_bonus":"RANDOM_COMMON_RELIC","is_daily":false,"chose_seed":false,"campfire_upgraded":1,"win_rate":0.0,"timestamp":1610765039,"path_taken":["M","?","?","M","M","E","M","E","T","E","M","R","?","M","R","BOSS","M","$","M","?","M","E","R","M","T","?","E","?","?","$","R","BOSS","M","?","?","?","$","E","R","M","T","E"],"items_purchased_type":["Card","Card","Relic"],"build_version":"2020-12-22","purchased_purges":3,"victory":false,"max_hp_per_floor":[75,75,75,75,75,75,75,75,75,75,75,75,75,75,75,75,75,75,75,75,75,75,75,75,75,75,75,75,75,75,75,75,75,75,75,75,75,75,75,75,75,75,75,75,75],"card_choices":[{"not_picked":["Turbo","Conserve Battery"],"picked":"Clawfect:ScrapingClaw","floor":1},{"not_picked":["jedi:BurstFrost","Undo"],"picked":"Clawfect:ClawSnap","floor":2},{"not_picked":["aspiration:Polymerization","Heatsinks","Turbo"],"picked":"SKIP","floor":4},{"not_picked":["jedi:BurstFrost","Clawfect:ClawLightning"],"picked":"Gash","floor":5},{"not_picked":["ReplaySort","jedi:spotbugs","Force Field"],"picked":"SKIP","floor":6},{"not_picked":["Steam","ReplaySolidLightProjector","Turbo"],"picked":"SKIP","floor":7},{"not_picked":["White Noise","jedi:studyfrost"],"picked":"StuffTheSpire:Coldhearted","floor":8},{"not_picked":["Turbo","BasicCrystalCard","Capacitor"],"picked":"SKIP","floor":10},{"not_picked":["Panic Button","FIFO Queue"],"picked":"Clawfect:ClawForTheEyes","floor":11},{"not_picked":["Clawfect:Clawter","Chill"],"picked":"Conserve Battery","floor":14},{"not_picked":["Amplify","jedi:readyaimfire"],"picked":"ReplayTheSpireMod:Fabricate Wheel","floor":16},{"not_picked":["jedi:sharpshooter","Clawfect:Clawline+1"],"picked":"Clawfect:ClawSnap","floor":18},{"not_picked":["Loop","Recycle"],"picked":"Clawfect:ClawForTheEyes+1","floor":20},{"not_picked":["Time Bomb","jedi:sharpshooter","jedi:spotbugs"],"picked":"SKIP","floor":20},{"not_picked":["Panic Button","StuffTheSpire:CleanHardDrive"],"picked":"Clawfect:ClawSnap","floor":22},{"not_picked":["jedi:BurstDark","Reprogram"],"picked":"Clawfect:ClawingBeam+1","floor":22},{"not_picked":["jedi:hex","jedi:BurstFrost"],"picked":"Leap+1","floor":23},{"not_picked":["jedi:BurstLightning","ReplayTheSpireMod:Calculation Training"],"picked":"Clawfect:Clawter","floor":25},{"not_picked":["Hologram+1","Loop"],"picked":"Clawfect:ClawingBeam","floor":25},{"not_picked":["StuffTheSpire:Purify","jedi:blockon"],"picked":"Skim","floor":28},{"not_picked":["conspire:NecroticWound","conspire:Blindness"],"picked":"Shame","floor":34},{"not_picked":["hubris:Gluttony","ReplayTheSpireMod:Restless Dread"],"picked":"conspire:NecroticWound","floor":34},{"not_picked":["Languid","ReplayTheSpireMod:Doomed"],"picked":"Clumsy","floor":34},{"not_picked":["StuffTheSpire:Rend+1","Redo+1"],"picked":"Clawfect:ScrapingClaw","floor":35},{"not_picked":["jedi:BurstLightning","Coolheaded+1","jedi:sharpshooter+1"],"picked":"SKIP","floor":35},{"not_picked":["Genetic Algorithm","Hologram"],"picked":"Leap","floor":40},{"not_picked":["ReplayTheSpireMod:Reroute Power+1","ReplayTheSpireMod:GoodbyeWorld+1","Clawfect:ClawCell"],"picked":"SKIP","floor":42},{"not_picked":["Conserve Battery","Clawfect:Clawrage+1","jedi:reiji+1"],"picked":"SKIP","floor":42}],"player_experience":822462,"relics_obtained":[{"floor":6,"key":"StuffTheSpire:Expresso"},{"floor":8,"key":"hubris:MedicalManual"},{"floor":10,"key":"ReplayFunnel"},{"floor":23,"key":"Vajra"},{"floor":26,"key":"jedi:paperfaux"},{"floor":28,"key":"Pantograph"},{"floor":40,"key":"War Paint"},{"floor":43,"key":"aspiration:Lifesprig"}],"event_choices":[{"damage_healed":0,"gold_gain":0,"player_choice":"Upgraded","damage_taken":0,"max_hp_gain":0,"max_hp_loss":0,"event_name":"Upgrade Shrine","floor":21,"gold_loss":0,"cards_upgraded":["Clawfect:ScrapingClaw"]},{"cards_removed":["Gash"],"damage_healed":0,"gold_gain":0,"player_choice":"Give","damage_taken":0,"max_hp_gain":0,"max_hp_loss":0,"event_name":"betterNote:BetterNote","floor":27,"gold_loss":0,"cards_obtained":["Clawfect:ClawLightning"]},{"damage_healed":0,"gold_gain":3,"player_choice":"4","damage_taken":0,"max_hp_gain":0,"max_hp_loss":0,"event_name":"betterStone:BetterStone","floor":36,"gold_loss":0,"cards_obtained":["Gash"]},{"damage_healed":0,"gold_gain":0,"player_choice":"Leave","damage_taken":0,"max_hp_gain":0,"max_hp_loss":0,"event_name":"conspire:Investor","floor":38,"gold_loss":0}],"is_beta":false,"boss_relics":[{"not_picked":["Pandora\u0027s Box","aspiration:RunicSpoon"],"picked":"jedi:paperlyon"},{"not_picked":["Replay:Wanted Poster","halation:Prosthetics"],"picked":"Replay:Ancient Bell"},{"not_picked":["Replay:Rubber Ducky","Ancient Tea Set"],"picked":"Replay:Wax Seal"},{"not_picked":["StuffTheSpire:Rhapsscallions","aspiration:FaultyCoupler"],"picked":"aspiration:StickyExplosives_weak"},{"not_picked":["Mango","Lizard Tail"],"picked":"jedi:purplefairy"}],"items_purged_floors":[19,29,39],"is_endless":false,"potions_floor_spawned":[4,5,8,10,11,14,22,23,35],"killed_by":"Reptomancer","ascension_level":1}}