{"host":"7w5rsz9p0drt1vco","time":1610833635,"event":{"mods":["Aspiration","BaseMod","Colored Powertips","Conspire","Hubris","Infinite Spire","Jedi Mod","Minty Spire (QoL Compilation)","Replay The Spire","StSLib","The Construct","The Cursed","The Jungle","The Mystic","The Runesmith","The Spell Scribe"],"gold_per_floor":[117,132,132,144,154,187,187,217,217,217,217,236,277,202,202,224,224],"floor_reached":16,"language":"ENG","playtime":1290,"items_purged":["Replay:Undeath\u0027s Touch"],"score":126,"play_id":"b0ba230d-0ffa-4cce-84c9-98e618aa574e","local_time":"20210116184715","is_ascension_mode":true,"campfire_choices":[{"data":"Discovery","floor":7,"key":"SMITH"},{"floor":11,"key":"REST"},{"data":"Entrench","floor":15,"key":"SMITH"}],"circlet_count":0,"master_deck":["Strike_R","Strike_R","Strike_R","Strike_R","Strike_R","Defend_R","Defend_R","Defend_R","Defend_R","Bash","Discovery+1","Entrench+1","Cleave","hubris:SharpeningStone","Armaments","Body Slam"],"relics":["Burning Blood","conspire:BottledYoYo","aspiration:FrozenJewel","infinitespire:Midas Blood","hubris:DeckOfHolding","King of Hearts"],"acts_visited":["Exordium"],"potions_floor_usage":[8,16,16],"damage_taken":[{"damage":0,"enemies":"Cultist","floor":1,"turns":2},{"damage":6,"enemies":"2 Louse","floor":2,"turns":2},{"damage":13,"enemies":"conspire:RoseBush","floor":4,"turns":2},{"damage":5,"enemies":"2 Fungi Beasts","floor":5,"turns":4},{"damage":12,"enemies":"3 Sentries","floor":6,"turns":5},{"damage":42,"enemies":"Gremlin Nob","floor":8,"turns":6},{"damage":0,"enemies":"Blue Slaver","floor":12,"turns":5},{"damage":28,"enemies":"3 Sentries","floor":13,"turns":9},{"damage":41,"enemies":"Hexaghost","floor":16,"turns":16}],"seed_played":"-2754613091993313834","potions_obtained":[{"floor":1,"key":"Languid Potion"},{"floor":4,"key":"jedi:StrikingPotion"},{"floor":12,"key":"Swift Potion"}],"is_trial":false,"path_per_floor":["M","M","T","M","M","E","R","E","T","?","R","M","E","$","R","B"],"character_chosen":"IRONCLAD","items_purchased":[],"campfire_rested":1,"item_purchase_floors":[],"current_hp_per_floor":[80,80,80,73,74,68,68,32,32,32,56,62,40,40,40,0,0],"gold":224,"neow_bonus":"RANDOM_COLORLESS","is_daily":false,"chose_seed":false,"campfire_upgraded":2,"win_rate":0.0,"timestamp":1610833635,"path_taken":["M","M","?","?","?","E","R","E","T","?","R","M","E","$","R","BOSS"],"items_purchased_type":[],"build_version":"2020-12-22","purchased_purges":1,"victory":false,"max_hp_per_floor":[80,80,80,80,80,80,80,80,80,80,80,80,80,80,80,80,80],"card_choices":[{"not_picked":["PanicButton","Madness"],"picked":"Discovery","floor":0},{"not_picked":["Body Slam","hubris:ReadiedAction"],"picked":"Replay:Undeath\u0027s Touch","floor":1},{"not_picked":["jedi:hate","Clothesline"],"picked":"Entrench","floor":2},{"not_picked":["Pommel Strike","Battle Trance"],"picked":"Cleave","floor":4},{"not_picked":["ReplayTheSpireMod:Limb From Limb","Iron Wave","jedi:fear"],"picked":"SKIP","floor":5},{"not_picked":["Dual Wield","hubris:ReadiedAction"],"picked":"hubris:SharpeningStone","floor":6},{"not_picked":["hubris:ReadiedAction","Headbutt"],"picked":"Armaments","floor":8},{"not_picked":["jedi:suffering","Thunderclap"],"picked":"Body Slam","floor":12},{"not_picked":["Anger","ReplayTheSpireMod:LeadingStrike","Whirlwind"],"picked":"SKIP","floor":13}],"player_experience":138442,"relics_obtained":[{"floor":3,"key":"conspire:BottledYoYo"},{"floor":6,"key":"aspiration:FrozenJewel"},{"floor":8,"key":"infinitespire:Midas Blood"},{"floor":9,"key":"hubris:DeckOfHolding"},{"floor":13,"key":"King of Hearts"}],"event_choices":[{"damage_healed":0,"gold_gain":0,"player_choice":"0 cards matched","damage_taken":0,"max_hp_gain":0,"max_hp_loss":0,"event_name":"Match and Keep!","floor":10,"gold_loss":0,"cards_obtained":[]}],"is_beta":false,"boss_relics":[],"items_purged_floors":[14],"is_endless":false,"potions_floor_spawned":[1,4,12],"killed_by":"Hexaghost","ascension_level":1}}