{"host":"isy2gwbfe91wqj1j","time":1610829686,"event":{"mods":["AchievementEnabler","BaseMod","Better Altar","Better Match","Better Note","Better Sensory Stone","Better Skull","Better Third Choice","BetterRewards","Minty Spire (QoL Compilation)","StSLib"],"gold_per_floor":[119,69,88,88,100,100,110,110,110,110,110,110,171,185,185,288,288,305,305,318,318,318,318,352,352,379,18,47,60,72,91,91,186,186,205,205,205,98,110,110,124,24,93,110,110,125,156,168,168,168],"floor_reached":51,"language":"ENG","playtime":2081,"items_purged":["Strike_R","Strike_R","Bash"],"score":985,"play_id":"51d136da-8f72-40a3-bf93-12f9e1e82efe","local_time":"20210116134126","is_ascension_mode":true,"campfire_choices":[{"data":"Body Slam","floor":6,"key":"SMITH"},{"data":"Armaments","floor":10,"key":"SMITH"},{"floor":12,"key":"REST"},{"data":"Barricade","floor":15,"key":"SMITH"},{"data":"Disarm","floor":23,"key":"SMITH"},{"floor":25,"key":"REST"},{"data":"Entrench","floor":32,"key":"SMITH"},{"data":"Disarm","floor":40,"key":"SMITH"},{"data":"Shrug It Off","floor":49,"key":"SMITH"}],"circlet_count":0,"master_deck":["Defend_R","Defend_R","Defend_R","Defend_R","Armaments+1","Entrench+1","Body Slam+1","Shrug It Off+1","Shrug It Off","Barricade+1","Feed","Disarm+1","Disarm+1","Parasite"],"relics":["Burning Blood","Singing Bowl","Oddly Smooth Stone","Unceasing Top","ClockworkSouvenir","Letter Opener","The Courier","Empty Cage","Bottled Tornado","Ancient Tea Set","PreservedInsect","Thread and Needle","Pen Nib","Coffee Dripper","Meat on the Bone","Self Forming Clay"],"acts_visited":["Exordium","TheCity","TheBeyond"],"potions_floor_usage":[13,47,47,50],"damage_taken":[{"damage":14,"enemies":"2 Louse","floor":1,"turns":4},{"damage":33,"enemies":"Cultist","floor":3,"turns":8},{"damage":12,"enemies":"Small Slimes","floor":5,"turns":4},{"damage":1,"enemies":"Blue Slaver","floor":7,"turns":6},{"damage":14,"enemies":"Gremlin Nob","floor":13,"turns":5},{"damage":0,"enemies":"Large Slime","floor":14,"turns":8},{"damage":2,"enemies":"The Guardian","floor":16,"turns":9},{"damage":2,"enemies":"Spheric Guardian","floor":18,"turns":6},{"damage":15,"enemies":"Shell Parasite","floor":20,"turns":8},{"damage":35,"enemies":"Gremlin Leader","floor":24,"turns":7},{"damage":11,"enemies":"Book of Stabbing","floor":28,"turns":5},{"damage":6,"enemies":"Centurion and Healer","floor":29,"turns":9},{"damage":0,"enemies":"Snecko","floor":30,"turns":5},{"damage":2,"enemies":"Cultist and Chosen","floor":31,"turns":8},{"damage":0,"enemies":"Collector","floor":33,"turns":8},{"damage":0,"enemies":"Orb Walker","floor":35,"turns":4},{"damage":17,"enemies":"3 Shapes","floor":39,"turns":7},{"damage":0,"enemies":"Sphere and 2 Shapes","floor":41,"turns":6},{"damage":7,"enemies":"4 Shapes","floor":44,"turns":9},{"damage":0,"enemies":"Writhing Mass","floor":46,"turns":4},{"damage":54,"enemies":"Reptomancer","floor":47,"turns":7},{"damage":29,"enemies":"Jaw Worm Horde","floor":48,"turns":7},{"damage":0,"enemies":"Awakened One","floor":50,"turns":7}],"seed_played":"368879210549063551","potions_obtained":[{"floor":1,"key":"SpeedPotion"},{"floor":3,"key":"Dexterity Potion"},{"floor":13,"key":"ElixirPotion"},{"floor":16,"key":"Weak Potion"}],"is_trial":false,"path_per_floor":["M","?","M","?","M","R","M","?","T","R","?","R","?","M","R","B",null,"M","?","M","?","?","R","E","R","T","$","E","M","M","M","R","B",null,"M","?","?","$","M","R","M","$","T","M","?","M","E","M","R","B",null],"character_chosen":"IRONCLAD","items_purchased":["Singing Bowl","Oddly Smooth Stone","Armaments","ClockworkSouvenir","PreservedInsect","Thread and Needle","Disarm"],"campfire_rested":2,"item_purchase_floors":[0,0,0,0,27,27,38],"current_hp_per_floor":[72,72,45,49,43,43,48,53,53,53,53,78,72,78,78,82,87,89,89,82,82,82,82,55,82,82,82,79,81,89,95,95,103,103,105,109,109,109,100,100,108,108,108,109,109,111,65,56,56,74],"gold":168,"neow_bonus":"","is_daily":false,"chose_seed":false,"campfire_upgraded":7,"win_rate":0.0,"timestamp":1610829686,"path_taken":["M","?","M","?","M","R","?","?","T","R","?","R","?","M","R","BOSS","M","?","M","?","?","R","E","R","T","$","E","M","?","?","R","BOSS","M","?","?","$","?","R","M","?","T","M","?","M","E","M","R","BOSS"],"items_purchased_type":["Relic","Relic","Card","Relic","Relic","Relic","Card"],"build_version":"2020-12-22","purchased_purges":3,"victory":true,"max_hp_per_floor":[80,80,80,80,80,80,80,85,85,85,85,85,87,87,87,87,87,89,89,91,91,91,91,93,93,93,93,95,97,99,101,101,103,103,105,109,109,109,111,111,113,113,113,115,109,111,113,115,115,115],"card_choices":[{"not_picked":["Headbutt","Metallicize"],"picked":"Entrench","floor":1},{"not_picked":["Hemokinesis","Clothesline"],"picked":"Body Slam","floor":3},{"not_picked":["Sword Boomerang","Power Through"],"picked":"Shrug It Off","floor":5},{"not_picked":["Flex","Thunderclap"],"picked":"Shrug It Off","floor":7},{"not_picked":["Sword Boomerang","Dual Wield","Flame Barrier"],"picked":"Singing Bowl","floor":13},{"not_picked":["Armaments","Battle Trance"],"picked":"Barricade","floor":14},{"not_picked":["Demon Form","Offering"],"picked":"Feed","floor":16},{"not_picked":["Cleave","Shrug It Off","Twin Strike+1"],"picked":"Singing Bowl","floor":18},{"not_picked":["Entrench","Cleave","Dark Embrace"],"picked":"Singing Bowl","floor":20},{"not_picked":["Havoc","Sentinel","Carnage"],"picked":"Singing Bowl","floor":24},{"not_picked":["Combust","Sentinel","Limit Break"],"picked":"Singing Bowl","floor":28},{"not_picked":["Wild Strike+1","Thunderclap","Blood for Blood"],"picked":"Singing Bowl","floor":29},{"not_picked":["Feel No Pain","Armaments","Twin Strike"],"picked":"Singing Bowl","floor":30},{"not_picked":["Evolve","Searing Blow","Spot Weakness"],"picked":"Singing Bowl","floor":31},{"not_picked":["Offering","Barricade","Bludgeon"],"picked":"Singing Bowl","floor":33},{"not_picked":["Fire Breathing","Headbutt","Rampage+1"],"picked":"Singing Bowl","floor":35},{"not_picked":["Blind","Panacea","Madness"],"picked":"Singing Bowl","floor":36},{"not_picked":["Deep Breath","PanicButton","Transmutation"],"picked":"Singing Bowl","floor":36},{"not_picked":["Spot Weakness+1","Twin Strike+1","Heavy Blade+1"],"picked":"Singing Bowl","floor":39},{"not_picked":["Reckless Charge","Body Slam","Heavy Blade"],"picked":"Singing Bowl","floor":41},{"not_picked":["Warcry","Thunderclap","Second Wind"],"picked":"Singing Bowl","floor":44},{"not_picked":["Dark Embrace+1","Hemokinesis","Warcry+1"],"picked":"Singing Bowl","floor":46},{"not_picked":["Intimidate","Pummel+1","Pommel Strike"],"picked":"Singing Bowl","floor":47},{"not_picked":["Shrug It Off","Twin Strike","Clothesline"],"picked":"Singing Bowl","floor":48}],"player_experience":177696,"relics_obtained":[{"floor":9,"key":"Letter Opener"},{"floor":13,"key":"The Courier"},{"floor":24,"key":"Bottled Tornado"},{"floor":26,"key":"Ancient Tea Set"},{"floor":28,"key":"Pen Nib"},{"floor":43,"key":"Meat on the Bone"},{"floor":47,"key":"Self Forming Clay"}],"event_choices":[{"cards_removed":["Strike_R"],"damage_healed":0,"gold_gain":0,"player_choice":"Card Removal","damage_taken":0,"max_hp_gain":0,"max_hp_loss":0,"event_name":"The Cleric","floor":2,"gold_loss":50},{"damage_healed":4,"gold_gain":0,"player_choice":"LEAVE ","damage_taken":0,"relics_obtained":[],"max_hp_gain":0,"max_hp_loss":0,"event_name":"betterSkull:BetterSkull","floor":4,"gold_loss":0,"cards_upgraded":[]},{"damage_healed":0,"gold_gain":0,"player_choice":"Donut","damage_taken":0,"max_hp_gain":5,"max_hp_loss":0,"event_name":"Big Fish","floor":8,"gold_loss":0},{"damage_healed":0,"gold_gain":0,"player_choice":"Ignored","damage_taken":110,"max_hp_gain":0,"max_hp_loss":0,"event_name":"betterThird:BetterSerpent","floor":11,"gold_loss":0},{"damage_healed":0,"gold_gain":30,"player_choice":"Searched \u00272\u0027 times","damage_taken":0,"max_hp_gain":0,"max_hp_loss":0,"event_name":"Dead Adventurer","floor":13,"gold_loss":0},{"damage_healed":0,"gold_gain":0,"player_choice":"Ignored","damage_taken":0,"max_hp_gain":0,"max_hp_loss":0,"event_name":"Ghosts","floor":19,"gold_loss":0},{"damage_healed":0,"gold_gain":0,"player_choice":"Read","damage_taken":0,"max_hp_gain":0,"max_hp_loss":0,"event_name":"The Library","floor":21,"gold_loss":0,"cards_obtained":["Disarm"]},{"damage_healed":0,"gold_gain":0,"player_choice":"Ignored","damage_taken":0,"max_hp_gain":0,"max_hp_loss":0,"event_name":"N\u0027loth","floor":22,"gold_loss":0},{"damage_healed":0,"gold_gain":3,"player_choice":"1","damage_taken":0,"max_hp_gain":0,"max_hp_loss":0,"event_name":"betterStone:BetterStone","floor":36,"gold_loss":0},{"damage_healed":0,"gold_gain":0,"player_choice":"Bought 0 Potions","damage_taken":0,"max_hp_gain":0,"max_hp_loss":0,"event_name":"The Woman in Blue","floor":37,"gold_loss":0},{"damage_healed":0,"gold_gain":0,"player_choice":"Max HP","damage_taken":0,"max_hp_gain":0,"max_hp_loss":6,"event_name":"Winding Halls","floor":45,"gold_loss":0}],"is_beta":false,"boss_relics":[{"not_picked":["SlaversCollar","Runic Dome"],"picked":"Empty Cage"},{"not_picked":["Runic Cube","Black Blood"],"picked":"Coffee Dripper"}],"items_purged_floors":[0,38,42],"is_endless":false,"potions_floor_spawned":[1,3,13,16,24,28,31,33,44,46],"ascension_level":2}}