{"host":"o5or1zybx7au40zl","time":1610827790,"event":{"mods":["Act Like it!","Aspiration","BaseMod","Better Third Choice","Conspire","Dota2Spire","GungeonMod","Halation","Hubris","Infinite Spire","Minty Spire (QoL Compilation)","Replay The Spire","StSLib","The Jungle","Yuri Mod","vexMod"],"gold_per_floor":[117,137,137,237,253,282,282,41,41,56,74,106,106,106,106,210,210,221,246,246,272,292,292,319,319,319,319,377,433,467,481,504,504,504,608,608,640,703,715,746,757,757,786,786,786,829,864,864,310,330,330,330,330,330,77,103,103],"floor_reached":58,"language":"ENG","playtime":1672,"items_purged":["DemoMod:Strike_Huntress","DemoMod:Strike_Huntress"],"score":1135,"play_id":"f0d3f368-88b9-410b-ab3b-47770e86ccf2","local_time":"20210116210950","is_ascension_mode":false,"campfire_choices":[{"floor":7.0,"key":"REST"},{"floor":15.0,"key":"REST"},{"floor":23,"key":"REST"},{"floor":27,"key":"RECALL"},{"floor":33,"key":"REST"},{"data":"DemoMod:GunslingerForm","floor":42,"key":"SMITH"},{"floor":48,"key":"REST"},{"data":"infinitespire:DeathsTouch","floor":51,"key":"SMITH"},{"data":"DemoMod:Unity","floor":54,"key":"SMITH"}],"circlet_count":0,"master_deck":["DemoMod:Defend_Huntress","DemoMod:Defend_Huntress","DemoMod:Defend_Huntress","DemoMod:Defend_Huntress","DemoMod:Roll","DemoMod:ManualReload","DemoMod:RustySidearm","DemoMod:CrossBow","DemoMod:DirectionalPad","DemoMod:GunstockTap","Apotheosis+1","DemoMod:Casey","DemoMod:TeaPot","DemoMod:TeaPot","DemoMod:Polaris","DemoMod:FinishedGun","DemoMod:FullFirepower","DemoMod:AbyssalTentacle+1","DemoMod:Elimentaler","DemoMod:Unity+1","infinitespire:DeathsTouch+1","DemoMod:HuntsMan","DemoMod:HungryBullets+1","DemoMod:Elimentaler","DemoMod:GunslingerForm+1","DemoMod:ZorGun+1","DemoMod:TripleGun+1","DemoMod:HuntsMan+1","DemoMod:Unity+1","DemoMod:DoubleSwitch+1","DemoMod:Casey+1"],"relics":["DemoMod:Dog","NeowsBlessing","ReplayTheSpireMod:Ninjato","Dota2Spire:EtherealBlade","Pantograph","DemoMod:RedGuonStone","Dota2Spire:Bloodstone","halation:StarCompass","DemoMod:ClearGuonStone","DemoMod:RatBoots","DemoMod:ResourcefulSack","DemoMod:PartiallyEatenCheese","aspiration:RunicSpoon","DemoMod:Wolf","Vajra","DemoMod:SilverBullets","White Beast Statue","Bronze Scales","Bag of Preparation","TheAbacus","Dota2Spire:ArmletOfMordiggian","DemoMod:OrangeGuonStone","hubris:GlazedTorus"],"acts_visited":["Exordium","TheCity","TheCity","TheBeyond","TheEnding"],"potions_floor_usage":[30,32,35,35,35,57],"damage_taken":[{"damage":0.0,"enemies":"2 Louse","floor":1.0,"turns":1.0},{"damage":0.0,"enemies":"Jaw Worm","floor":2.0,"turns":1.0},{"damage":0.0,"enemies":"Cultist","floor":5.0,"turns":1.0},{"damage":52.0,"enemies":"Lagavulin","floor":6.0,"turns":6.0},{"damage":5.0,"enemies":"3 Louse","floor":10.0,"turns":2.0},{"damage":10.0,"enemies":"Exordium Thugs","floor":11.0,"turns":3.0},{"damage":12.0,"enemies":"Gremlin Nob","floor":12.0,"turns":3.0},{"damage":40.0,"enemies":"Slime Boss","floor":16.0,"turns":15.0},{"damage":7,"enemies":"Spheric Guardian","floor":18,"turns":3},{"damage":9,"enemies":"Chosen","floor":19,"turns":4},{"damage":0,"enemies":"3 Cultists","floor":21,"turns":3},{"damage":23,"enemies":"Shelled Parasite and Fungi","floor":22,"turns":4},{"damage":29,"enemies":"Centurion and Healer","floor":24,"turns":4},{"damage":10,"enemies":"DemoMod:Veteran_shot_gun_kin_and_bullet_kin","floor":28,"turns":2},{"damage":0,"enemies":"DemoMod:Veteran_shot_gun_kin_and_red_shotgun_kin","floor":29,"turns":2},{"damage":17,"enemies":"DemoMod:Red_and_blue_shotgun_kin_with_gunsinger","floor":30,"turns":3},{"damage":12,"enemies":"DemoMod:Veteran_shot_gun_kin_and_blue_shotgun_kin_with_gunsinger","floor":31,"turns":2},{"damage":25,"enemies":"DemoMod:2_Mousers","floor":32,"turns":3},{"damage":1,"enemies":"DemoMod:ResourcefulRat","floor":35,"turns":7},{"damage":0,"enemies":"3 Darklings","floor":37,"turns":3},{"damage":7,"enemies":"Orb Walker","floor":38,"turns":2},{"damage":0,"enemies":"Transient","floor":39,"turns":5},{"damage":4,"enemies":"conspire:MimicChest","floor":40,"turns":5},{"damage":0,"enemies":"Spire Growth","floor":41,"turns":3},{"damage":8,"enemies":"Nemesis","floor":43,"turns":4},{"damage":0,"enemies":"Maw","floor":46,"turns":3},{"damage":0,"enemies":"R_Hoarder","floor":47,"turns":3},{"damage":0,"enemies":"Maw","floor":50,"turns":4},{"damage":0,"enemies":"Awakened One","floor":52,"turns":5},{"damage":12,"enemies":"Shield and Spear","floor":56,"turns":5},{"damage":36,"enemies":"The Heart","floor":57,"turns":8}],"seed_played":"8581644975003808418","potions_obtained":[{"floor":1.0,"key":"PowerPotion"},{"floor":2.0,"key":"Languid Potion"},{"floor":10.0,"key":"AttackPotion"},{"floor":13.0,"key":"Weak Potion"},{"floor":13.0,"key":"DemoMod:LeadSkinPotion"},{"floor":13.0,"key":"LiquidBronze"},{"floor":19,"key":"SkillPotion"},{"floor":24,"key":"Swift Potion"},{"floor":30,"key":"Weak Potion"},{"floor":32,"key":"Adrenaline Potion"},{"floor":37,"key":"SkillPotion"},{"floor":38,"key":"Fire Potion"},{"floor":41,"key":"ColorlessPotion"}],"is_trial":false,"path_per_floor":["M","M","?","?","M","E","R","$","T","M","M","E","?","$","R","B",null,"M","M","?","M","M","R","M","AVR","T","R","M","M","M","M","M","R","B","B",null,"M","M","M","?","M","R","E","?","T","?","E","R","$","M","R","B",null,"R","$","E","B",null],"character_chosen":"HUNTRESS","items_purchased":["DemoMod:GnawedKey","DemoMod:TeaPot","DemoMod:RedGuonStone","Bag of Preparation","TheAbacus","Dota2Spire:ArmletOfMordiggian","DemoMod:OrangeGuonStone"],"campfire_rested":5,"item_purchase_floors":[8,8,14,49,49,49,55],"current_hp_per_floor":[70,70,70,70,70,18,39,39,39,34,24,12,12,2,23,8,70,63,54,54,54,31,52,23,23,70,70,60,60,43,31,6,27,52,69,70,70,63,63,59,59,59,51,54,54,54,54,73,73,73,73,73,73,73,73,61,37],"gold":103,"neow_bonus":"THREE_ENEMY_KILL","is_daily":false,"chose_seed":false,"campfire_upgraded":3,"win_rate":0.0,"timestamp":1610827790,"path_taken":["M","M","?","?","M","E","R","$","T","M","?","E","?","?","R","BOSS","M","M","?","M","M","R","M","AVR","T","R","M","M","M","M","M","R","BOSS","BOSS","M","M","M","?","?","R","E","?","T","?","E","R","$","M","R","BOSS","R","$","E","BOSS"],"items_purchased_type":["Relic","Card","Relic","Relic","Relic","Relic","Relic"],"build_version":"2020-12-22","purchased_purges":2,"victory":true,"max_hp_per_floor":[70,70,70,70,70,70,70,70,70,70,70,70,70,70,70,70,70,70,70,70,70,70,70,70,70,70,70,70,70,70,70,70,70,70,70,70,70,70,70,70,70,70,70,73,73,73,73,73,73,73,73,73,73,73,73,73,73],"card_choices":[{"not_picked":["DemoMod:BattleInHaste","DemoMod:ConditionalReflex"],"picked":"DemoMod:DirectionalPad","floor":1.0},{"not_picked":["DemoMod:ConditionalReflex","DemoMod:HardPowerCard"],"picked":"DemoMod:GunstockTap","floor":2.0},{"not_picked":["DemoMod:StickyCrossBow","DemoMod:MegaHand"],"picked":"DemoMod:Casey","floor":5.0},{"not_picked":["DemoMod:FastSwitch","DemoMod:Replace"],"picked":"DemoMod:TeaPot","floor":6.0},{"not_picked":["DemoMod:CursedBullets","DemoMod:TripleGun"],"picked":"DemoMod:Purify","floor":10.0},{"not_picked":["DemoMod:BattleInHaste","DemoMod:AC15"],"picked":"DemoMod:Polaris","floor":11.0},{"not_picked":["DemoMod:Casey","DemoMod:RadGun"],"picked":"DemoMod:FinishedGun","floor":12.0},{"not_picked":["DemoMod:SuppressiveFire","DemoMod:Desperate"],"picked":"DemoMod:FullFirepower","floor":16.0},{"not_picked":["DemoMod:LifeOrb","DemoMod:HungryBullets"],"picked":"DemoMod:AbyssalTentacle+1","floor":18},{"not_picked":["DemoMod:PotionOfGunFriendShip","DemoMod:AC15","DemoMod:Ejector+1"],"picked":"SKIP","floor":18},{"not_picked":["DemoMod:ChanceBullets","DemoMod:FastSwitch","DemoMod:RadGun"],"picked":"SKIP","floor":19},{"not_picked":["DemoMod:Polaris","DemoMod:FastSwitch","DemoMod:HungryBullets"],"picked":"SKIP","floor":21},{"not_picked":["DemoMod:Replace","DemoMod:Polaris"],"picked":"DemoMod:Elimentaler","floor":22},{"not_picked":["DemoMod:FeignSurrender","DemoMod:PracticeMakesPerfect"],"picked":"DemoMod:Unity+1","floor":24},{"not_picked":["DemoMod:SAA+1","DemoMod:DoubleSwitch+1"],"picked":"DemoMod:HuntsMan","floor":28},{"not_picked":["DemoMod:PotionOfGunFriendShip+1","DemoMod:DoubleSwitch","DemoMod:StrategicReserve"],"picked":"SKIP","floor":29},{"not_picked":["DemoMod:Casey","DemoMod:BoxingGlove"],"picked":"DemoMod:HungryBullets+1","floor":30},{"not_picked":["DemoMod:ConditionalReflex","DemoMod:StrategicReserve+1","DemoMod:Unmoved+1"],"picked":"SKIP","floor":31},{"not_picked":["DemoMod:SkilledReload+1","DemoMod:RadGun+1","DemoMod:AC15+1"],"picked":"SKIP","floor":32},{"not_picked":[],"picked":"DemoMod:Elimentaler","floor":35},{"not_picked":["DemoMod:Eureka","DemoMod:BalloonGun"],"picked":"DemoMod:GunslingerForm","floor":35},{"not_picked":["DemoMod:FastSwitch+1","DemoMod:SkilledReload+1"],"picked":"DemoMod:ZorGun+1","floor":37},{"not_picked":["DemoMod:HuntsMan","DemoMod:SkilledReload","DemoMod:TripleGun+1"],"picked":"SKIP","floor":38},{"not_picked":["DemoMod:HuntsMan","DemoMod:SkilledReload"],"picked":"DemoMod:TripleGun+1","floor":38},{"not_picked":["DemoMod:Replace","DemoMod:ZorGun+1"],"picked":"DemoMod:HuntsMan+1","floor":39},{"not_picked":["DemoMod:Replace+1","DemoMod:TeaPot","DemoMod:ZorGun+1"],"picked":"SKIP","floor":41},{"not_picked":["DemoMod:GunShield","DemoMod:GunstockTap+1","DemoMod:SAA"],"picked":"SKIP","floor":43},{"not_picked":["DemoMod:DirectionalPad+1","DemoMod:HuntsMan+1"],"picked":"DemoMod:Unity","floor":46},{"not_picked":["DemoMod:DirectionalPad+1","DemoMod:RadGun+1"],"picked":"DemoMod:DoubleSwitch+1","floor":47},{"not_picked":["DemoMod:GunShield+1","DemoMod:SAA+1","DemoMod:Ejector"],"picked":"SKIP","floor":50},{"not_picked":["DemoMod:CombinedRifle","DemoMod:SniperShot+1"],"picked":"DemoMod:Casey+1","floor":56}],"player_experience":974178,"relics_obtained":[{"floor":6.0,"key":"ReplayTheSpireMod:Ninjato"},{"floor":9.0,"key":"Dota2Spire:EtherealBlade"},{"floor":12.0,"key":"Pantograph"},{"floor":36,"key":"DemoMod:RatBoots"},{"floor":36,"key":"DemoMod:ResourcefulSack"},{"floor":36,"key":"DemoMod:PartiallyEatenCheese"},{"floor":36,"key":"aspiration:RunicSpoon"},{"floor":36,"key":"DemoMod:Wolf"},{"floor":40,"key":"Vajra"},{"floor":43,"key":"DemoMod:SilverBullets"},{"floor":46,"key":"White Beast Statue"},{"floor":47,"key":"Bronze Scales"},{"floor":56,"key":"hubris:GlazedTorus"}],"event_choices":[{"damage_healed":70.0,"max_hp_gain":0.0,"max_hp_loss":70.0,"gold_gain":0.0,"event_name":"betterThird:BetterShining","player_choice":"Embrace","floor":3.0,"gold_loss":0.0,"damage_taken":0.0},{"damage_healed":0.0,"max_hp_gain":0.0,"max_hp_loss":0.0,"gold_gain":100.0,"event_name":"Golden Shrine","player_choice":"Pray","floor":4.0,"gold_loss":0.0,"damage_taken":0.0},{"damage_healed":0.0,"max_hp_gain":0.0,"max_hp_loss":0.0,"gold_gain":0.0,"event_name":"Lab","player_choice":"Got Potions","floor":13.0,"gold_loss":0.0,"damage_taken":0.0}],"is_beta":false,"boss_relics":[{"not_picked":["halation:Prosthetics","SlaversCollar"],"picked":"Dota2Spire:Bloodstone"},{"not_picked":[]}],"items_purged_floors":[8,49],"is_endless":false,"potions_floor_spawned":[1,2,10,19,24,29,30,31,32,37,38,41,43,47,50,56],"ascension_level":0}}