{"host":"51fyd6gkml7xavq8","time":1610784867,"event":{"mods":["BaseMod","BetterRewards","Colored Map","Energized Spire","Infinite Spire","Minty Spire (QoL Compilation)","Replay The Spire","Shop Mod","Spicy Shops","StSLib","The Blue Laboratory","[IsaacMod]????"],"gold_per_floor":[116,129,129,129,102,102,102],"floor_reached":6,"language":"ENG","playtime":342,"items_purged":["Parasite","ReplayTheSpireMod:Splinters","Pride"],"score":48,"play_id":"c815be64-66dc-4c7c-8e1f-3cdaa9eed7b0","local_time":"20210116051427","is_ascension_mode":true,"campfire_choices":[],"circlet_count":0,"master_deck":["Strike_G","Strike_G","Strike_G","Strike_G","Strike_G","Defend_G","Defend_G","Defend_G","Defend_G","Defend_G","Survivor","Neutralize","Noxious Fumes","Injury"],"relics":["Ring of the Snake","HushsDoor","DoctorsRemote","ReplayTheSpireMod:CursedCoin","MerchantsRug","Frozen Egg 2","Golden Idol","The Courier","SteamSale","Thread and Needle"],"acts_visited":["Exordium"],"potions_floor_usage":[5],"damage_taken":[{"damage":0.0,"enemies":"2 Louse","floor":1.0,"turns":3.0},{"damage":0,"enemies":"Jaw Worm","floor":2,"turns":1},{"damage":47,"enemies":"Gremlin Nob","floor":6,"turns":5}],"seed_played":"3683320561929812868","potions_obtained":[{"floor":0.0,"key":"blueLaboratory:PolymorphPotion"},{"floor":0.0,"key":"LiquidMemories"},{"floor":0.0,"key":"blueLaboratory:SuffocatingSmog"},{"floor":0.0,"key":"Energy Potion"},{"floor":0.0,"key":"blueLaboratory:HummingbirdPotion"}],"is_trial":false,"path_per_floor":["M","M","?","T","$","E"],"character_chosen":"THE_SILENT","items_purchased":["HowToJump","ReplayTheSpireMod:CursedCoin","MerchantsRug","Cauldron","Noxious Fumes","Frozen Egg 2","infinitespire:CursedDice","SteamSale","Thread and Needle","EntropicBrew"],"campfire_rested":0,"item_purchase_floors":[0,0,0,0,0,0,0,5,5,5],"current_hp_per_floor":[24,24,24,24,24,0,0],"gold":102,"neow_bonus":"","is_daily":false,"chose_seed":false,"campfire_upgraded":0,"win_rate":0.0,"timestamp":1610784867,"path_taken":["M","M","?","?","$","E"],"items_purchased_type":["Relic","Relic","Relic","Relic","Card","Relic","Relic","Relic","Relic","Potion"],"build_version":"2020-12-22","purchased_purges":3,"victory":false,"max_hp_per_floor":[67,67,67,67,67,67,67],"card_choices":[{"not_picked":["Slice","Quick Slash","Accuracy+1"],"picked":"SKIP","floor":1.0},{"not_picked":["Burst","ReplayTheSpireMod:Scrap Shanks+1","Deflect"],"picked":"SKIP","floor":2}],"player_experience":561074,"relics_obtained":[{"floor":4,"key":"The Courier"}],"event_choices":[{"damage_healed":0,"gold_gain":0,"player_choice":"Take Wound","damage_taken":0,"relics_obtained":["Golden Idol"],"max_hp_gain":0,"max_hp_loss":0,"event_name":"Golden Idol","floor":3,"gold_loss":0,"cards_obtained":["Injury"]}],"is_beta":false,"boss_relics":[],"items_purged_floors":[0,0,5],"is_endless":false,"potions_floor_spawned":[],"killed_by":"Gremlin Nob","ascension_level":8}}