{"host":"utqe55yv0jihe4d6","time":1610768296,"event":{"mods":["2.2 Compatiblity","AchievementEnabler","BaseMod","Block Reminder","Colored Map","Colored Powertips","Minty Spire (QoL Compilation)","Quick Restart","Rare Cards Sparkle","Relic Stats","SuperFastMode"],"gold_per_floor":[114,114,124,274,349,349,384,384,410,410,35,35,69,79,79,158,158,158,98,98,98,98,98,98,98,98,98,98,98,98,98,98,98,98],"floor_reached":33,"language":"ENG","playtime":768,"items_purged":["Doubt"],"score":776,"play_id":"bba70ce4-b79f-4eb5-88be-ffe9d6172b48","local_time":"20210115223816","is_ascension_mode":true,"campfire_choices":[{"data":"Warcry","floor":8.0,"key":"SMITH"},{"data":"Uppercut","floor":12.0,"key":"SMITH"},{"data":"Blood for Blood","floor":15.0,"key":"SMITH"},{"data":"Fiend Fire","floor":23.0,"key":"SMITH"},{"floor":30,"key":"REST"},{"data":"True Grit","floor":32,"key":"SMITH"}],"circlet_count":0,"master_deck":["AscendersBane","Strike_R+1","Strike_R","Strike_R","Strike_R+1","Defend_R","Defend_R","Defend_R+1","Defend_R","Bash+1","Twin Strike","Warcry+1","Anger","Uppercut+1","Shrug It Off","Blood for Blood+1","Fiend Fire+1","Shrug It Off","Evolve","Whirlwind+1","Disarm","Dropkick+1","True Grit+1","Havoc"],"relics":["Burning Blood","NeowsBlessing","Whetstone","Akabeko","FossilizedHelix","Bronze Scales","Champion Belt","Ectoplasm","WingedGreaves","Gambling Chip","Art of War","Pear","Red Skull"],"acts_visited":["Exordium","TheCity"],"potions_floor_usage":[25,28],"damage_taken":[{"damage":0.0,"enemies":"Cultist","floor":1.0,"turns":1.0},{"damage":0.0,"enemies":"Jaw Worm","floor":3.0,"turns":1.0},{"damage":0.0,"enemies":"3 Sentries","floor":7.0,"turns":2.0},{"damage":0.0,"enemies":"Gremlin Nob","floor":13.0,"turns":3.0},{"damage":0.0,"enemies":"Small Slimes","floor":14.0,"turns":2.0},{"damage":29.0,"enemies":"The Guardian","floor":16.0,"turns":9.0},{"damage":6.0,"enemies":"Chosen","floor":18.0,"turns":4.0},{"damage":13.0,"enemies":"2 Thieves","floor":19.0,"turns":3.0},{"damage":3.0,"enemies":"Centurion and Healer","floor":21.0,"turns":6.0},{"damage":17.0,"enemies":"Snake Plant","floor":22.0,"turns":3.0},{"damage":0.0,"enemies":"Slavers","floor":24.0,"turns":1.0},{"damage":6,"enemies":"Gremlin Leader","floor":25,"turns":5},{"damage":0,"enemies":"Cultist and Chosen","floor":27,"turns":4},{"damage":31,"enemies":"Slavers","floor":28,"turns":5},{"damage":10,"enemies":"3 Cultists","floor":31,"turns":4},{"damage":77,"enemies":"Automaton","floor":33,"turns":6}],"seed_played":"-1038211441753675104","potions_obtained":[{"floor":7.0,"key":"Dexterity Potion"},{"floor":14.0,"key":"Swift Potion"},{"floor":16.0,"key":"PowerPotion"},{"floor":19.0,"key":"AttackPotion"},{"floor":25,"key":"Block Potion"}],"is_trial":false,"path_per_floor":["M","?","M","?","?","?","E","R","T","T","$","R","E","M","R","B",null,"M","M","?","M","M","R","E","E","T","M","E","T","R","M","R","B"],"character_chosen":"IRONCLAD","items_purchased":["Bronze Scales","Uppercut","Shrug It Off"],"campfire_rested":1,"item_purchase_floors":[11,11,11],"current_hp_per_floor":[74,67,73,73,62,39,45,45,45,45,45,45,51,57,57,34,65,65,58,52,55,44,44,50,50,50,56,41,41,66,62,62,0,0],"gold":98,"neow_bonus":"THREE_ENEMY_KILL","is_daily":false,"chose_seed":false,"campfire_upgraded":5,"win_rate":0.0,"timestamp":1610768296,"path_taken":["M","?","M","?","?","?","E","R","T","?","$","R","E","M","R","BOSS","M","M","?","?","M","R","E","E","T","?","E","?","R","M","R","BOSS"],"items_purchased_type":["Relic","Card","Card"],"build_version":"2020-12-22","purchased_purges":1,"victory":false,"max_hp_per_floor":[75,75,75,75,75,75,75,75,75,75,75,75,75,75,75,75,75,75,75,75,75,75,75,75,75,75,75,85,85,85,85,85,85,85],"relic_stats":{"counters":[16,59],"Bronze Scales":[144],"Gambling Chip":[16],"Ectoplasm":329,"Art of War":[0],"Whetstone":["Bash","Strike_R"],"Champion Belt":[20],"obtain_stats":[{"Pear":28,"NeowsBlessing":0,"Whetstone":7,"Burning Blood":0,"Akabeko":9,"Bronze Scales":11,"Gambling Chip":25,"Ectoplasm":17,"WingedGreaves":24,"Art of War":26,"Champion Belt":13,"FossilizedHelix":10,"Red Skull":29},{"Pear":14,"NeowsBlessing":0,"Whetstone":3,"Burning Blood":0,"Akabeko":3,"Bronze Scales":3,"Gambling Chip":12,"Ectoplasm":6,"WingedGreaves":11,"Art of War":12,"Champion Belt":4,"FossilizedHelix":3,"Red Skull":14},{"Pear":49,"NeowsBlessing":0,"Whetstone":4,"Burning Blood":0,"Akabeko":4,"Bronze Scales":4,"Gambling Chip":40,"Ectoplasm":18,"WingedGreaves":35,"Art of War":40,"Champion Belt":7,"FossilizedHelix":4,"Red Skull":49}],"Burning Blood":90},"card_choices":[{"not_picked":["Clash","Wild Strike"],"picked":"Twin Strike","floor":1.0},{"not_picked":["Ghostly Armor","Iron Wave"],"picked":"Warcry","floor":3.0},{"not_picked":["Iron Wave","Shrug It Off"],"picked":"Anger","floor":7.0},{"not_picked":["Havoc","Sever Soul"],"picked":"Blood for Blood","floor":13.0},{"not_picked":["Armaments","Cleave","Fire Breathing"],"picked":"SKIP","floor":14.0},{"not_picked":["Berserk","Reaper"],"picked":"Fiend Fire","floor":16.0},{"not_picked":["Sentinel","Perfected Strike","Sever Soul"],"picked":"SKIP","floor":18.0},{"not_picked":["Pommel Strike","Body Slam"],"picked":"Shrug It Off","floor":19.0},{"not_picked":["Iron Wave","Uppercut"],"picked":"Evolve","floor":21.0},{"not_picked":["Shrug It Off","Body Slam"],"picked":"Whirlwind+1","floor":22.0},{"not_picked":["Sword Boomerang","Dual Wield"],"picked":"Disarm","floor":24.0},{"not_picked":["Whirlwind+1","Heavy Blade"],"picked":"Dropkick+1","floor":25},{"not_picked":["Iron Wave","Infernal Blade"],"picked":"True Grit","floor":27},{"not_picked":["True Grit","Anger","Brutality"],"picked":"SKIP","floor":28},{"not_picked":["Evolve+1","Thunderclap"],"picked":"Havoc","floor":31}],"player_experience":2943238,"relics_obtained":[{"floor":7.0,"key":"Whetstone"},{"floor":9.0,"key":"Akabeko"},{"floor":10.0,"key":"FossilizedHelix"},{"floor":13.0,"key":"Champion Belt"},{"floor":24.0,"key":"WingedGreaves"},{"floor":25,"key":"Gambling Chip"},{"floor":26,"key":"Art of War"},{"floor":28,"key":"Pear"},{"floor":29,"key":"Red Skull"}],"event_choices":[{"cards_removed":["Strike_R"],"damage_healed":0.0,"max_hp_gain":0.0,"max_hp_loss":0.0,"gold_gain":0.0,"event_name":"Golden Wing","player_choice":"Card Removal","floor":2.0,"gold_loss":0.0,"damage_taken":7.0},{"damage_healed":0.0,"max_hp_gain":0.0,"max_hp_loss":0.0,"gold_gain":150.0,"event_name":"Liars Game","player_choice":"AGREE","floor":4.0,"gold_loss":0.0,"damage_taken":0.0,"cards_obtained":["Doubt"]},{"damage_healed":0.0,"max_hp_gain":0.0,"max_hp_loss":0.0,"gold_gain":75.0,"event_name":"World of Goop","player_choice":"Gather Gold","floor":5.0,"gold_loss":0.0,"damage_taken":11.0},{"damage_healed":0.0,"max_hp_gain":0.0,"max_hp_loss":0.0,"gold_gain":0.0,"event_name":"Shining Light","player_choice":"Entered Light","floor":6.0,"gold_loss":0.0,"damage_taken":23.0,"cards_upgraded":["Strike_R","Defend_R"]},{"damage_healed":0.0,"max_hp_gain":0.0,"max_hp_loss":0.0,"gold_gain":0.0,"event_name":"Knowing Skull","player_choice":"","floor":20.0,"potions_obtained":[],"gold_loss":0.0,"damage_taken":6.0,"cards_obtained":[]}],"is_beta":false,"boss_relics":[{"not_picked":["Runic Dome","SlaversCollar"],"picked":"Ectoplasm"}],"items_purged_floors":[11],"is_endless":false,"potions_floor_spawned":[7,14,16,19,22,25],"killed_by":"Automaton","ascension_level":20}}