{"host":"cbu6enf2xtq4r7r3","time":1610839082,"event":{"mods":["2.2 Compatiblity","AlwaysNeverKeys","BaseMod","Better Match","Better Note","Better Sensory Stone","Better Skull","Better Third Choice","Colored Map","Colored Powertips","Defuse TimeMaze Blight","Emptier Cage","Minty Spire (QoL Compilation)","Permanent Neow","Quick Restart","Random Character Button","Relic Sorter","Reorder Act Four","Shop Mod","StSLib"],"gold_per_floor":[215,228,239,42,57,57,88,108,135,135,169,169,187,201,201,300,300,317,332,342,342,342],"floor_reached":21,"language":"ENG","playtime":701,"items_purged":["Strike_B"],"score":294,"play_id":"a349932f-fa6b-4b1b-93e7-3afe0fb834bb","local_time":"20210117001802","is_ascension_mode":true,"campfire_choices":[{"data":"Scrape","floor":6,"key":"SMITH"},{"data":"Zap","floor":10,"key":"SMITH"},{"data":"FTL","floor":12,"key":"SMITH"},{"data":"Go for the Eyes","floor":15,"key":"SMITH"}],"circlet_count":0,"master_deck":["Strike_B","Strike_B","Strike_B","Defend_B","Defend_B","Defend_B","Defend_B","Zap+1","Dualcast","Cold Snap","Undo","Scrape+1","Gash","Gash","BootSequence","Sweeping Beam","FTL+1","Go for the Eyes+1","Gash","All For One","Go for the Eyes","Scrape+1"],"relics":["Cracked Core","Toy Ornithopter","Centennial Puzzle","Orichalcum","Runic Pyramid"],"acts_visited":["Exordium","TheCity"],"potions_floor_usage":[16,21],"damage_taken":[{"damage":0,"enemies":"Cultist","floor":1,"turns":3},{"damage":0,"enemies":"2 Louse","floor":2,"turns":2},{"damage":0,"enemies":"Small Slimes","floor":3,"turns":3},{"damage":1,"enemies":"Looter","floor":5,"turns":2},{"damage":5,"enemies":"Gremlin Nob","floor":7,"turns":3},{"damage":1,"enemies":"Blue Slaver","floor":8,"turns":3},{"damage":10,"enemies":"3 Sentries","floor":11,"turns":5},{"damage":0,"enemies":"2 Fungi Beasts","floor":13,"turns":2},{"damage":6,"enemies":"Lots of Slimes","floor":14,"turns":2},{"damage":0,"enemies":"Hexaghost","floor":16,"turns":8},{"damage":0,"enemies":"Chosen","floor":18,"turns":4},{"damage":0,"enemies":"Spheric Guardian","floor":19,"turns":3},{"damage":8,"enemies":"Chosen and Byrds","floor":20,"turns":3},{"damage":0,"enemies":"Sentry and Sphere","floor":21,"turns":3}],"seed_played":"5385394956430737963","potions_obtained":[{"floor":3,"key":"FairyPotion"},{"floor":8,"key":"SmokeBomb"},{"floor":11,"key":"Weak Potion"},{"floor":13,"key":"Ancient Potion"},{"floor":14,"key":"PowerPotion"},{"floor":18,"key":"Strength Potion"}],"is_trial":false,"path_per_floor":["M","M","M","$","M","R","E","M","T","R","E","R","M","M","R","B",null,"M","M","M","M"],"character_chosen":"DEFECT","items_purchased":["Scrape","Gash"],"campfire_rested":0,"item_purchase_floors":[4,4],"current_hp_per_floor":[75,75,75,75,74,74,69,68,68,68,58,58,58,52,52,57,75,75,75,67,72,72],"gold":342,"neow_bonus":"HUNDRED_GOLD","is_daily":false,"chose_seed":false,"campfire_upgraded":4,"win_rate":0.0,"timestamp":1610839082,"path_taken":["M","M","?","$","M","R","E","M","T","R","E","R","M","M","R","BOSS","M","M","M","M"],"items_purchased_type":["Card","Card"],"build_version":"2020-12-22","purchased_purges":1,"victory":false,"max_hp_per_floor":[75,75,75,75,75,75,75,75,75,75,75,75,75,75,75,75,75,75,75,75,75,75],"card_choices":[{"not_picked":["Darkness","Coolheaded"],"picked":"Cold Snap","floor":1},{"not_picked":["Force Field","Turbo"],"picked":"Undo","floor":2},{"not_picked":["Recycle","Conserve Battery","Rebound"],"picked":"SKIP","floor":3},{"not_picked":["Coolheaded","White Noise"],"picked":"Gash","floor":5},{"not_picked":["Leap","Tempest"],"picked":"BootSequence","floor":7},{"not_picked":["Multi-Cast","Auto Shields"],"picked":"Sweeping Beam","floor":8},{"not_picked":["Compile Driver","Redo"],"picked":"FTL","floor":11},{"not_picked":["Compile Driver","Capacitor"],"picked":"Go for the Eyes","floor":13},{"not_picked":["Genetic Algorithm","Electrodynamics"],"picked":"Gash","floor":14},{"not_picked":["Multi-Cast","Fission"],"picked":"All For One","floor":16},{"not_picked":["Chaos","Rebound","Compile Driver"],"picked":"SKIP","floor":18},{"not_picked":["Ball Lightning","Loop"],"picked":"Go for the Eyes","floor":19},{"not_picked":["Steam","Auto Shields+1"],"picked":"Scrape+1","floor":20}],"player_experience":94629,"relics_obtained":[{"floor":7,"key":"Toy Ornithopter"},{"floor":9,"key":"Centennial Puzzle"},{"floor":11,"key":"Orichalcum"}],"event_choices":[],"is_beta":false,"boss_relics":[{"not_picked":["Velvet Choker","Nuclear Battery"],"picked":"Runic Pyramid"}],"items_purged_floors":[4],"is_endless":false,"potions_floor_spawned":[3,8,11,13,14,18,19],"killed_by":"Sentry and Sphere","ascension_level":4}}