{"host":"Stephanie","time":1610763864,"event":{"mods":["BaseMod","Colored Powertips","Minty Spire (QoL Compilation)","Rare Cards Sparkle","Relic Stats","StSLib","The Marked"],"gold_per_floor":[117,117,42,61,61,96,112,112,112,127,137,172,191,205,205,300,300,317,327,347,347,347],"floor_reached":21,"language":"ENG","playtime":1234,"items_purged":["Regret"],"score":195,"play_id":"56d4e72a-8a3e-4202-8aee-e9cc4e6a2fc2","local_time":"20210115212424","is_ascension_mode":false,"campfire_choices":[{"data":"theMarked:SoldierOfQuellstein","floor":15,"key":"SMITH"}],"circlet_count":0,"master_deck":["theMarked:Strike","theMarked:Strike","theMarked:Strike","theMarked:Strike","theMarked:Defend","theMarked:Defend+1","theMarked:Defend","theMarked:Defend","theMarked:SoldierOfQuellstein+1","theMarked:EmpowerWeapon+1","theMarked:Static+1","theMarked:Polarize+1","theMarked:SwordAndMagic","theMarked:ParalyzingBlade+1","theMarked:StartUp","theMarked:BindingBlade+1","theMarked:ReduceFriction+1","theMarked:CreepingChasm+1","theMarked:Electrocute"],"relics":["SlaversCollar","Toxic Egg 2","Meat on the Bone","Oddly Smooth Stone","War Paint","Singing Bowl","Sozu"],"acts_visited":["Exordium","TheCity"],"potions_floor_usage":[11,12,16],"damage_taken":[{"damage":0,"enemies":"Small Slimes","floor":1,"turns":4},{"damage":1,"enemies":"2 Louse","floor":4,"turns":3},{"damage":21,"enemies":"Lagavulin","floor":6,"turns":4},{"damage":6,"enemies":"Cultist","floor":7,"turns":3},{"damage":9,"enemies":"Lots of Slimes","floor":10,"turns":6},{"damage":10,"enemies":"Looter","floor":11,"turns":2},{"damage":16,"enemies":"Gremlin Nob","floor":12,"turns":3},{"damage":5,"enemies":"3 Louse","floor":13,"turns":4},{"damage":9,"enemies":"Blue Slaver","floor":14,"turns":2},{"damage":16,"enemies":"Hexaghost","floor":16,"turns":9},{"damage":15,"enemies":"2 Thieves","floor":18,"turns":4},{"damage":36,"enemies":"3 Byrds","floor":19,"turns":7},{"damage":26,"enemies":"Shelled Parasite and Fungi","floor":20,"turns":4},{"damage":21,"enemies":"Snake Plant","floor":21,"turns":2}],"seed_played":"466743849812574060","potions_obtained":[{"floor":7,"key":"FearPotion"},{"floor":11,"key":"theMarked:ChargePotion"},{"floor":13,"key":"Swift Potion"}],"is_trial":false,"path_per_floor":["M","?","$","M","?","E","M","?","T","M","M","E","M","M","R","B",null,"M","M","M","M"],"character_chosen":"THE_DEFAULT","items_purchased":[],"campfire_rested":0,"item_purchase_floors":[],"current_hp_per_floor":[70,70,70,69,62,41,47,47,47,38,40,36,45,50,50,46,74,59,35,21,0,0],"gold":347,"neow_bonus":"BOSS_RELIC","is_daily":false,"chose_seed":false,"campfire_upgraded":1,"win_rate":0.0,"timestamp":1610763864,"path_taken":["M","?","$","M","?","E","M","?","T","M","M","E","?","M","R","BOSS","M","M","?","M"],"items_purchased_type":[],"build_version":"2020-12-18","purchased_purges":1,"victory":false,"max_hp_per_floor":[70,70,70,70,70,70,70,70,70,70,70,70,72,74,74,74,74,74,74,74,74,74],"relic_stats":{"Sozu":1,"Singing Bowl":4,"counters":[14,57],"War Paint":["theMarked:EmpowerWeapon","theMarked:Defend"],"obtain_stats":[{"Sozu":17,"theMarked:ArtifactOfAir":0,"SlaversCollar":0,"Singing Bowl":12,"Oddly Smooth Stone":8,"Toxic Egg 2":2,"War Paint":9,"Meat on the Bone":6},{"Sozu":10,"theMarked:ArtifactOfAir":0,"SlaversCollar":0,"Singing Bowl":7,"Oddly Smooth Stone":4,"Toxic Egg 2":1,"War Paint":4,"Meat on the Bone":3},{"Sozu":40,"theMarked:ArtifactOfAir":0,"SlaversCollar":0,"Singing Bowl":25,"Oddly Smooth Stone":14,"Toxic Egg 2":4,"War Paint":14,"Meat on the Bone":11}],"Meat on the Bone":96},"card_choices":[{"not_picked":["theMarked:WastefulAttack","theMarked:SelfDefenseTraining"],"picked":"theMarked:EmpowerWeapon","floor":1},{"not_picked":["theMarked:DeterminationOfTheMarked","theMarked:BanishingStrike"],"picked":"theMarked:Static+1","floor":4},{"not_picked":["theMarked:RepellingDischarge+1","theMarked:WastefulDefense+1"],"picked":"theMarked:Polarize+1","floor":6},{"not_picked":["theMarked:TwofoldDefense+1","theMarked:EnhanceMovement+1"],"picked":"theMarked:SwordAndMagic","floor":7},{"not_picked":["theMarked:Parkour","theMarked:WastefulAttack"],"picked":"theMarked:ParalyzingBlade+1","floor":10},{"not_picked":["theMarked:WardOff+1","theMarked:TwofoldDefense+1","theMarked:ElectricStrings"],"picked":"SKIP","floor":11},{"not_picked":["theMarked:MysticalArsenal","theMarked:Overthink+1"],"picked":"theMarked:StartUp","floor":12},{"not_picked":["theMarked:ChainLightning","theMarked:SwordAndMagic","theMarked:Frustration"],"picked":"Singing Bowl","floor":13},{"not_picked":["theMarked:RepellingDischarge+1","theMarked:Snap","theMarked:ElectricStrings"],"picked":"Singing Bowl","floor":14},{"not_picked":["theMarked:FavorableWinds+1","theMarked:DispelDoubt"],"picked":"theMarked:BindingBlade+1","floor":16},{"not_picked":["theMarked:WastefulDefense+1","theMarked:WardOff+1"],"picked":"theMarked:ReduceFriction+1","floor":18},{"not_picked":["theMarked:EmpowerWeapon+1","theMarked:TunnelVision"],"picked":"theMarked:CreepingChasm+1","floor":19},{"not_picked":["theMarked:BanishingWave","theMarked:ResourceFulStrike"],"picked":"theMarked:Electrocute","floor":20}],"player_experience":859136,"relics_obtained":[{"floor":6,"key":"Meat on the Bone"},{"floor":8,"key":"Oddly Smooth Stone"},{"floor":9,"key":"War Paint"},{"floor":12,"key":"Singing Bowl"}],"event_choices":[{"damage_healed":0,"gold_gain":0,"player_choice":"Box","damage_taken":0,"relics_obtained":["Toxic Egg 2"],"max_hp_gain":0,"max_hp_loss":0,"event_name":"Big Fish","floor":2,"gold_loss":0,"cards_obtained":["Regret"]},{"cards_removed":["theMarked:Strike"],"damage_healed":0,"gold_gain":0,"player_choice":"Card Removal","damage_taken":7,"max_hp_gain":0,"max_hp_loss":0,"event_name":"Golden Wing","floor":5,"gold_loss":0},{"damage_healed":0,"gold_gain":0,"player_choice":"Relic","damage_taken":0,"max_hp_gain":0,"max_hp_loss":0,"event_name":"Wheel of Change","floor":8,"gold_loss":0}],"is_beta":true,"boss_relics":[{"not_picked":["theMarked:Eyepatch","SacredBark"],"picked":"Sozu"}],"items_purged_floors":[3],"is_endless":false,"potions_floor_spawned":[7,11,13,18],"killed_by":"Snake Plant","ascension_level":0}}