{"host":"g907ck67u7c3hrs6","time":1610802176,"event":{"mods":["BaseMod","Colored Map","DeckTracker","Highlight Path","Keyboard Shortcuts","Minty Spire (QoL Compilation)","Permanent Neow","Say the Spire","SuperFastMode"],"gold_per_floor":[129,165,240,297,368,394,394,499,499,499,535,580,616,244,244,550,550,601,700,751,751,808,898,898,955,1033,1033,1033,1033],"floor_reached":28,"language":"KOR","playtime":726,"items_purged":["Dash"],"score":265,"play_id":"44d0264e-e285-4a13-bef0-fa3d985e66ac","local_time":"20210116220256","daily_mods":["SealedDeck","Uncertain Future","Midas"],"is_ascension_mode":false,"campfire_choices":[{"floor":7.0,"key":"REST"},{"floor":10.0,"key":"REST"},{"floor":15.0,"key":"REST"},{"floor":24.0,"key":"REST"},{"floor":27.0,"key":"REST"}],"circlet_count":0,"master_deck":["Choke","Dodge and Roll","Acrobatics","Cloak And Dagger","Accuracy","Blade Dance","Escape Plan","Blur","Concentrate","Footwork","Finisher","Night Terror","Cloak And Dagger","Burst","Footwork","Infinite Blades+1","Cloak And Dagger"],"relics":["Ring of the Snake","Akabeko","Shuriken","The Courier","Happy Flower","Gremlin Horn","Fusion Hammer","Snake Skull","Letter Opener"],"acts_visited":["Exordium","TheCity"],"potions_floor_usage":[],"damage_taken":[{"damage":0.0,"enemies":"Jaw Worm","floor":1.0,"turns":3.0},{"damage":0.0,"enemies":"Cultist","floor":2.0,"turns":3.0},{"damage":0.0,"enemies":"2 Louse","floor":4.0,"turns":3.0},{"damage":10.0,"enemies":"3 Sentries","floor":8.0,"turns":9.0},{"damage":0.0,"enemies":"Exordium Wildlife","floor":11.0,"turns":4.0},{"damage":0.0,"enemies":"Looter","floor":12.0,"turns":1.0},{"damage":0.0,"enemies":"3 Louse","floor":13.0,"turns":3.0},{"damage":27.0,"enemies":"Hexaghost","floor":16.0,"turns":6.0},{"damage":0.0,"enemies":"Chosen","floor":18.0,"turns":3.0},{"damage":8.0,"enemies":"2 Thieves","floor":20.0,"turns":3.0},{"damage":0.0,"enemies":"Snecko","floor":22.0,"turns":4.0},{"damage":23.0,"enemies":"Book of Stabbing","floor":23.0,"turns":5.0},{"damage":36.0,"enemies":"Centurion and Healer","floor":25.0,"turns":4.0},{"damage":0,"enemies":"3 Cultists","floor":28,"turns":2}],"seed_played":"-5719168081673755530","potions_obtained":[{"floor":4.0,"key":"Weak Potion"},{"floor":8.0,"key":"DistilledChaos"},{"floor":11.0,"key":"FearPotion"},{"floor":23.0,"key":"Strength Potion"}],"is_trial":true,"path_per_floor":["M","M","?","M","?","T","R","E","T","R","M","M","M","$","R","B",null,"M","?","M","?","M","E","R","M","T","R","M"],"character_chosen":"THE_SILENT","items_purchased":["Happy Flower","Gremlin Horn"],"campfire_rested":5,"item_purchase_floors":[14,14],"current_hp_per_floor":[70,70,59,59,59,59,70,60,60,70,70,70,70,70,70,43,70,70,70,62,62,62,39,60,24,24,45,45,45],"gold":1033,"neow_bonus":"","is_daily":false,"chose_seed":false,"campfire_upgraded":0,"win_rate":0.0,"timestamp":1610802176,"path_taken":["M","M","?","M","?","?","R","E","T","R","M","M","M","$","R","BOSS","M","?","M","?","M","E","R","M","T","R","?"],"items_purchased_type":["Relic","Relic"],"build_version":"2020-12-22","purchased_purges":1,"victory":false,"max_hp_per_floor":[70,70,70,70,70,70,70,70,70,70,70,70,70,70,70,70,70,70,70,70,70,70,70,70,70,70,70,70,70],"card_choices":[{"not_picked":["Distraction","Masterful Stab"],"picked":"Concentrate","floor":1.0},{"not_picked":["All Out Attack","Deadly Poison"],"picked":"Footwork","floor":2.0},{"not_picked":["Deadly Poison","Bane","Flying Knee"],"picked":"SKIP","floor":4.0},{"not_picked":["All Out Attack","Bane"],"picked":"Finisher","floor":8.0},{"not_picked":["PiercingWail","Slice","Backstab"],"picked":"SKIP","floor":11.0},{"not_picked":["Noxious Fumes","Choke"],"picked":"Night Terror","floor":12.0},{"not_picked":["Setup","PiercingWail"],"picked":"Cloak And Dagger","floor":13.0},{"not_picked":["Tools of the Trade","Corpse Explosion"],"picked":"Burst","floor":16.0},{"not_picked":["Caltrops","Outmaneuver"],"picked":"Footwork","floor":18.0},{"not_picked":["PiercingWail","Dash+1","Backflip"],"picked":"SKIP","floor":20.0},{"not_picked":["Setup","Calculated Gamble"],"picked":"Infinite Blades+1","floor":22.0},{"not_picked":["Skewer","Quick Slash"],"picked":"Cloak And Dagger","floor":23.0},{"not_picked":["Deadly Poison","Dash+1","Dagger Throw"],"picked":"SKIP","floor":25.0}],"player_experience":214414,"relics_obtained":[{"floor":6.0,"key":"Akabeko"},{"floor":8.0,"key":"Shuriken"},{"floor":9.0,"key":"The Courier"},{"floor":23.0,"key":"Snake Skull"},{"floor":26.0,"key":"Letter Opener"}],"event_choices":[{"damage_healed":0.0,"max_hp_gain":0.0,"max_hp_loss":0.0,"gold_gain":75.0,"event_name":"World of Goop","player_choice":"Gather Gold","floor":3.0,"gold_loss":0.0,"damage_taken":11.0},{"damage_healed":0.0,"max_hp_gain":0.0,"max_hp_loss":0.0,"gold_gain":71.0,"event_name":"Golden Wing","player_choice":"Gained Gold","floor":5.0,"gold_loss":0.0,"damage_taken":0.0},{"damage_healed":0.0,"max_hp_gain":0.0,"max_hp_loss":0.0,"gold_gain":99.0,"event_name":"Nest","player_choice":"Stole From Cult","floor":19.0,"gold_loss":0.0,"damage_taken":0.0},{"cards_removed":["PiercingWail"],"damage_healed":0.0,"max_hp_gain":0.0,"max_hp_loss":0.0,"gold_gain":0.0,"event_name":"Purifier","player_choice":"Purged","floor":21.0,"gold_loss":0.0,"damage_taken":0.0}],"is_beta":false,"boss_relics":[{"not_picked":["Velvet Choker","Runic Dome"],"picked":"Fusion Hammer"}],"items_purged_floors":[14],"is_endless":false,"potions_floor_spawned":[4,8,11,22,23,25],"killed_by":"3 Cultists","ascension_level":0}}