{"host":"3ykswgue17e1ycc2","time":1610811876,"event":{"mods":["BaseMod","Colored Powertips","Dark Map","Downfall","Minty Spire (QoL Compilation)","Quick Restart","Rare Cards Sparkle","StSLib"],"gold_per_floor":[99,118,135,135,120,137,137,151,161,174,174,207,207,236,256,353,353,353,353,365,380,380,380],"floor_reached":22,"language":"ENG","playtime":1310,"items_purged":[],"score":198,"play_id":"402fcf7c-46f2-4ee9-8aa4-3c8ffd816aaf","local_time":"20210116224436","is_ascension_mode":false,"campfire_choices":[{"data":"champ:Taunt","floor":1.0,"key":"SMITH"},{"data":"champ:Execute","floor":11.0,"key":"SMITH"},{"data":"champ:StanceDance","floor":13.0,"key":"SMITH"},{"data":"champ:GladiatorForm","floor":18.0,"key":"SMITH"}],"circlet_count":0,"master_deck":["champ:Strike","champ:Strike","champ:Defend","champ:Defend","champ:Defend","champ:Execute+1","champ:Taunt+1","champ:EnGarde","champ:BerserkersShout","champ:Endure","champ:IronFortress","champ:StanceDance+1","champ:PreciseThrust","champ:RapidStrikes","champ:DancingMaster","champ:GladiatorForm+1","champ:RisingSlash+1","champ:Parry+1","champ:DancingMaster+1","champ:EnGarde","champ:BerserkersShout+1"],"relics":["champ:ChampionCrown","Pen Nib","Lizard Tail","Molten Egg 2","Astrolabe"],"acts_visited":["Exordium","TheCity"],"potions_floor_usage":[],"damage_taken":[{"damage":12.0,"enemies":"2 Louse","floor":2.0,"turns":3.0},{"damage":21.0,"enemies":"Cultist","floor":3.0,"turns":4.0},{"damage":40.0,"enemies":"downfall:FleeingMerchant","floor":5.0,"turns":4.0},{"damage":48.0,"enemies":"Small Slimes","floor":6.0,"turns":5.0},{"damage":46.0,"enemies":"Blue Slaver","floor":8.0,"turns":6.0},{"damage":27.0,"enemies":"2 Fungi Beasts","floor":9.0,"turns":5.0},{"damage":22.0,"enemies":"Blue Slaver","floor":10.0,"turns":4.0},{"damage":48.0,"enemies":"Gremlin Nob","floor":12.0,"turns":5.0},{"damage":71.0,"enemies":"Lagavulin","floor":14.0,"turns":7.0},{"damage":18.0,"enemies":"Large Slime","floor":15.0,"turns":3.0},{"damage":82.0,"enemies":"WA_ARCHETYPE_RETAIN","floor":16.0,"turns":9.0},{"damage":33,"enemies":"3 Byrds","floor":20,"turns":5},{"damage":123,"enemies":"3 Cultists","floor":21,"turns":7},{"damage":36,"enemies":"Snake Plant","floor":22,"turns":2}],"seed_played":"4486826161610230114","potions_obtained":[{"floor":2.0,"key":"Ancient Potion"},{"floor":6.0,"key":"BlessingOfTheForge"},{"floor":10.0,"key":"Strength Potion"},{"floor":20,"key":"SkillPotion"},{"floor":21,"key":"Regen Potion"}],"is_trial":false,"path_per_floor":["R","M","M","?","$","M","T","M","M","M","R","E","R","E","M","B",null,"R","?","M","M","M"],"character_chosen":"THE_CHAMP","items_purchased":[],"campfire_rested":0,"item_purchase_floors":[],"current_hp_per_floor":[99,97,96,96,96,93,93,92,90,83,83,60,60,19,3,2,99,99,99,86,18,0,0,0],"gold":380,"neow_bonus":"TEN_PERCENT_HP_BONUS","is_daily":false,"chose_seed":false,"campfire_upgraded":4,"win_rate":0.0,"timestamp":1610811876,"path_taken":["R","M","M","?","$","M","T","M","M","?","R","E","R","E","M","BOSS","R","?","M","M","M"],"items_purchased_type":[],"build_version":"2020-12-22","purchased_purges":0,"victory":false,"max_hp_per_floor":[99,99,99,99,99,99,99,99,99,99,99,99,99,99,99,99,99,99,99,99,99,99,99,99],"card_choices":[{"not_picked":["champ:HeartStrike","champ:PerfectedStrike"],"picked":"champ:EnGarde","floor":2.0},{"not_picked":["champ:GladiatorStyle","champ:DefensiveShout"],"picked":"champ:BerserkersShout","floor":3.0},{"not_picked":["champ:BringItOn","champ:EnGarde"],"picked":"champ:Endure","floor":5.0},{"not_picked":["champ:BerserkersShout","champ:StanceDance"],"picked":"champ:IronFortress","floor":6.0},{"not_picked":["champ:IgnorePain","champ:EnGarde"],"picked":"champ:StanceDance","floor":8.0},{"not_picked":["champ:FancyFootwork","champ:BladeFlurry"],"picked":"champ:PreciseThrust","floor":9.0},{"not_picked":["champ:Lariat","champ:IronFortress","champ:Circumvent"],"picked":"SKIP","floor":10.0},{"not_picked":["champ:CrownThrow","champ:PerfectedStrike"],"picked":"champ:RapidStrikes","floor":12.0},{"not_picked":["champ:EndlessRage","champ:DefensiveShout","champ:PerfectedStrike+1"],"picked":"SKIP","floor":14.0},{"not_picked":["champ:FanOfKnives+1","champ:EndlessRage"],"picked":"champ:DancingMaster","floor":15.0},{"not_picked":["champ:IgnorePain","champ:DancingMaster"],"picked":"champ:GladiatorForm","floor":16.0},{"not_picked":["champ:IronFortress","champ:Lariat+1"],"picked":"champ:EnGarde","floor":20},{"not_picked":["champ:BladeFlurry+1","champ:Parry"],"picked":"champ:BerserkersShout+1","floor":21}],"player_experience":393364,"relics_obtained":[{"floor":7.0,"key":"Pen Nib"},{"floor":12.0,"key":"Lizard Tail"},{"floor":14.0,"key":"Molten Egg 2"}],"event_choices":[{"damage_healed":0.0,"max_hp_gain":0.0,"max_hp_loss":0.0,"gold_gain":0.0,"event_name":"NoteForYourself","player_choice":"Ignored","floor":4.0,"gold_loss":0.0,"damage_taken":0.0}],"is_beta":false,"boss_relics":[{"not_picked":["Snecko Eye","Pandora\u0027s Box"],"picked":"Astrolabe"}],"items_purged_floors":[],"is_endless":false,"potions_floor_spawned":[2,6,10,20,21],"killed_by":"Snake Plant","ascension_level":0}}