{"host":"az1ex86qolajid0q","time":1610759514,"event":{"mods":["2.2 Compatiblity","AchievementEnabler","Astrologer","BaseMod","Beaked The Cultist","Better Altar","Better Match","Better Note","Better Sensory Stone","Better Skull","Better Third Choice","Better Vampires","BetterRewards","Colored Map","Colored Powertips","Downfall","Energized Spire","Hermit","Jorbs\u0027s Wanderer Trilogy","Minty Spire (QoL Compilation)","Permanent Neow","Rare Cards Sparkle","Relic Sorter","Relic Stats","Shop Mod","Spicy Shops","StSLib","The Construct"],"gold_per_floor":[110,110,121,138,196,229,179,5,5,5,25,25,25,37,37,134,134,145,88,101,101,101,133,133,133,133],"floor_reached":25,"language":"ENG","playtime":729,"items_purged":[],"score":366,"play_id":"9a7f9325-44c2-438a-a1d2-bb8c4fe2817e","local_time":"20210115191154","is_ascension_mode":true,"campfire_choices":[{"data":"1","floor":13,"key":"LIFT"},{"floor":15,"key":"REST"},{"floor":24,"key":"REST"}],"circlet_count":0,"master_deck":["AscendersBane","Strike_P","Strike_P","Strike_P","Defend_P","Defend_P+1","Defend_P","Eruption","Vigilance+1","CutThroughFate","WheelKick","CutThroughFate","Judgement","MentalFortress","Wallop","CarveReality","Alpha+1","CutThroughFate","Nirvana","Crescendo","Wallop","FlurryOfBlows"],"relics":["energizedSpire:OgreHead","Girya","hexamod:Sixitude","Unceasing Top","energizedSpire:MagnifyingGlass","War Paint"],"acts_visited":["Exordium","TheCity"],"potions_floor_usage":[6,25],"damage_taken":[{"damage":5,"enemies":"Jaw Worm","floor":1,"turns":4},{"damage":0,"enemies":"Cultist","floor":3,"turns":3},{"damage":7,"enemies":"Small Slimes","floor":4,"turns":3},{"damage":0,"enemies":"Lagavulin","floor":6,"turns":4},{"damage":23,"enemies":"2 Fungi Beasts","floor":11,"turns":3},{"damage":10,"enemies":"Gremlin Gang","floor":14,"turns":3},{"damage":17,"enemies":"Hexaghost","floor":16,"turns":8},{"damage":0,"enemies":"Spheric Guardian","floor":18,"turns":2},{"damage":10,"enemies":"Shell Parasite","floor":20,"turns":4},{"damage":41,"enemies":"Gremlin Leader","floor":23,"turns":5},{"damage":32,"enemies":"Book of Stabbing","floor":25,"turns":5}],"seed_played":"-6220576510705326240","potions_obtained":[{"floor":4,"key":"Slimebound:ThreeZeroPotion"},{"floor":23,"key":"Energy Potion"}],"is_trial":false,"path_per_floor":["M","?","M","M","?","E","?","$","T","?","M","$","R","M","R","B",null,"M","$","M","?","?","E","R","E"],"character_chosen":"WATCHER","items_purchased":["Weave","MentalFortress","Nirvana"],"campfire_rested":2,"item_purchase_floors":[8,8,19],"current_hp_per_floor":[60,60,60,53,53,53,53,53,53,53,30,30,30,20,41,24,60,60,60,50,50,50,9,30,0,0],"gold":133,"neow_bonus":"BOSS_RELIC","is_daily":false,"chose_seed":false,"campfire_upgraded":0,"win_rate":0.0,"timestamp":1610759514,"path_taken":["M","?","?","M","?","E","?","$","T","?","?","$","R","M","R","BOSS","M","$","M","?","?","E","R","E"],"items_purchased_type":["Card","Card","Card"],"build_version":"2020-12-22","purchased_purges":0,"victory":false,"max_hp_per_floor":[72,72,72,72,72,72,72,72,72,72,72,72,72,72,72,72,72,72,72,72,72,72,72,72,72,72],"relic_stats":{"counters":[11,44],"War Paint":["Defend_P","Vigilance"],"obtain_stats":[{"Girya":6,"hexamod:Sixitude":9,"energizedSpire:OgreHead":0,"energizedSpire:MagnifyingGlass":17,"PureWater":0,"War Paint":23,"Unceasing Top":10},{"Girya":4,"hexamod:Sixitude":4,"energizedSpire:OgreHead":0,"energizedSpire:MagnifyingGlass":7,"PureWater":0,"War Paint":10,"Unceasing Top":4},{"Girya":14,"hexamod:Sixitude":14,"energizedSpire:OgreHead":0,"energizedSpire:MagnifyingGlass":28,"PureWater":0,"War Paint":39,"Unceasing Top":14}],"Unceasing Top":[0]},"card_choices":[{"not_picked":["JustLucky","PathToVictory"],"picked":"CutThroughFate","floor":1},{"not_picked":["Tantrum","EmptyMind"],"picked":"WheelKick","floor":3},{"not_picked":["FollowUp","Prostrate"],"picked":"CutThroughFate","floor":4},{"not_picked":["WaveOfTheHand","EmptyBody"],"picked":"Judgement","floor":6},{"not_picked":["EmptyFist","Protect"],"picked":"Wallop","floor":11},{"not_picked":["CrushJoints","Collect"],"picked":"CarveReality","floor":14},{"not_picked":["Scrawl","Establishment"],"picked":"Alpha","floor":16},{"not_picked":["CrushJoints","ClearTheMind"],"picked":"CutThroughFate","floor":18},{"not_picked":["Consecrate+1","Halt"],"picked":"Crescendo","floor":20},{"not_picked":["ClearTheMind","Worship+1"],"picked":"FlurryOfBlows","floor":23}],"player_experience":679147,"relics_obtained":[{"floor":6,"key":"Girya"},{"floor":9,"key":"hexamod:Sixitude"},{"floor":23,"key":"War Paint"}],"event_choices":[{"cards_removed":["Strike_P"],"damage_healed":0,"gold_gain":0,"player_choice":"Offered Basic","damage_taken":0,"max_hp_gain":0,"max_hp_loss":0,"event_name":"Bonfire Elementals","floor":2,"gold_loss":0},{"damage_healed":0,"gold_gain":58,"player_choice":"Gained Gold","damage_taken":0,"max_hp_gain":0,"max_hp_loss":0,"event_name":"Golden Wing","floor":5,"gold_loss":0},{"cards_removed":["Defend_P"],"damage_healed":0,"gold_gain":0,"player_choice":"Card Removal","damage_taken":0,"max_hp_gain":0,"max_hp_loss":0,"event_name":"The Cleric","floor":7,"gold_loss":50},{"cards_removed":["Weave"],"damage_healed":0,"gold_gain":0,"player_choice":"Gave Card","damage_taken":0,"relics_obtained":["Unceasing Top"],"max_hp_gain":0,"max_hp_loss":0,"event_name":"WeMeetAgain","floor":10,"gold_loss":0},{"damage_healed":0,"gold_gain":0,"player_choice":"Copied","damage_taken":0,"max_hp_gain":0,"max_hp_loss":0,"event_name":"Duplicator","floor":21,"gold_loss":0,"cards_obtained":["Wallop"]},{"damage_healed":0,"gold_gain":0,"player_choice":"Upgraded","damage_taken":0,"max_hp_gain":0,"max_hp_loss":0,"event_name":"Upgrade Shrine","floor":22,"gold_loss":0,"cards_upgraded":["Alpha"]}],"is_beta":false,"boss_relics":[{"not_picked":["Astrolabe","energizedSpire:SpiderWeb"],"picked":"energizedSpire:MagnifyingGlass"}],"items_purged_floors":[],"is_endless":false,"potions_floor_spawned":[4,23],"killed_by":"Book of Stabbing","ascension_level":10}}