{"host":"2tgyrzvaa7l04o2e","time":1610815061,"event":{"mods":["BaseMod","Highlight Path","Minty Spire (QoL Compilation)","Permanent Neow","Relic Stats"],"gold_per_floor":[116,127,127,141,157,192,192,202,229,229,254,270,285,61,61,166,166,176,176,91,104,104,104,137,153,153,153,185,198,229,240,240,335,335,352,352,367,367,367,367,383,414,414,439,311,352,361,386,386,386,386,395,8,47,47,47],"floor_reached":55,"language":"ENG","playtime":3947,"items_purged":["Strike_B","Strike_B"],"score":1492,"play_id":"54bc7977-571e-421e-8bd5-2e1d9d2c898d","local_time":"20210116173741","is_ascension_mode":true,"campfire_choices":[{"data":"Machine Learning","floor":7,"key":"SMITH"},{"floor":10,"key":"REST"},{"data":"Sunder","floor":15,"key":"SMITH"},{"data":"Creative AI","floor":23,"key":"SMITH"},{"floor":32,"key":"REST"},{"data":"Buffer","floor":40,"key":"SMITH"},{"floor":47,"key":"REST"},{"floor":49,"key":"RECALL"},{"floor":52,"key":"REST"}],"circlet_count":0,"master_deck":["AscendersBane","Strike_B","Strike_B","Defend_B","Defend_B","Defend_B","Defend_B","Zap+1","Dualcast","Compile Driver","Chill","Machine Learning+1","Cold Snap","FTL","Melter","Sunder+1","Undo","Sweeping Beam","Creative AI+1","Darkness+1","Hologram","Coolheaded","Reinforced Body+1","Conserve Battery+1","Buffer+1","Go for the Eyes+1","Coolheaded+1","Barrage+1","Stack+1","Conserve Battery","Reboot","Storm","Compile Driver+1","BootSequence+1","Undo+1","Conserve Battery+1"],"relics":["Nuclear Battery","Ginger","Oddly Smooth Stone","Bag of Preparation","Toy Ornithopter","Philosopher\u0027s Stone","Akabeko","Letter Opener","Prayer Wheel","Nilry\u0027s Codex","Mango","Regal Pillow","Inserter","Bottled Tornado","Boot","CeramicFish","Dream Catcher","PreservedInsect","Incense Burner","HornCleat"],"acts_visited":["Exordium","TheCity","TheBeyond","TheEnding"],"potions_floor_usage":[11,12,28,46,50,54,54],"damage_taken":[{"damage":0,"enemies":"Cultist","floor":1,"turns":4},{"damage":5,"enemies":"2 Louse","floor":2,"turns":3},{"damage":0,"enemies":"Small Slimes","floor":4,"turns":3},{"damage":10,"enemies":"3 Louse","floor":5,"turns":5},{"damage":18,"enemies":"Lagavulin","floor":6,"turns":6},{"damage":13,"enemies":"Large Slime","floor":8,"turns":4},{"damage":0,"enemies":"3 Sentries","floor":11,"turns":7},{"damage":3,"enemies":"Exordium Thugs","floor":12,"turns":3},{"damage":8,"enemies":"2 Fungi Beasts","floor":13,"turns":3},{"damage":11,"enemies":"Hexaghost","floor":16,"turns":9},{"damage":2,"enemies":"2 Thieves","floor":18,"turns":3},{"damage":0,"enemies":"Spheric Guardian","floor":21,"turns":3},{"damage":0,"enemies":"Gremlin Leader","floor":24,"turns":6},{"damage":0,"enemies":"Snecko","floor":25,"turns":5},{"damage":8,"enemies":"Book of Stabbing","floor":28,"turns":5},{"damage":17,"enemies":"Chosen and Byrds","floor":29,"turns":5},{"damage":8,"enemies":"Gremlin Leader","floor":30,"turns":7},{"damage":0,"enemies":"Shelled Parasite and Fungi","floor":31,"turns":5},{"damage":0,"enemies":"Automaton","floor":33,"turns":10},{"damage":0,"enemies":"3 Shapes","floor":35,"turns":7},{"damage":0,"enemies":"Orb Walker","floor":37,"turns":4},{"damage":0,"enemies":"3 Darklings","floor":41,"turns":6},{"damage":30,"enemies":"Nemesis","floor":42,"turns":10},{"damage":6,"enemies":"Reptomancer","floor":44,"turns":8},{"damage":33,"enemies":"Giant Head","floor":46,"turns":8},{"damage":0,"enemies":"Nemesis","floor":48,"turns":7},{"damage":43,"enemies":"Donu and Deca","floor":50,"turns":8},{"damage":67,"enemies":"Shield and Spear","floor":54,"turns":9},{"damage":34,"enemies":"The Heart","floor":55,"turns":2}],"seed_played":"-102215660167539290","potions_obtained":[{"floor":4,"key":"FocusPotion"},{"floor":5,"key":"FocusPotion"},{"floor":8,"key":"Fire Potion"},{"floor":11,"key":"Fruit Juice"},{"floor":24,"key":"Dexterity Potion"},{"floor":29,"key":"Energy Potion"},{"floor":30,"key":"Weak Potion"},{"floor":37,"key":"SkillPotion"},{"floor":41,"key":"CultistPotion"}],"is_trial":false,"path_per_floor":["M","M","?","M","M","E","R","M","T","R","E","M","M","$","R","B",null,"M","?","?","M","?","R","E","M","T","?","E","M","E","M","R","B",null,"M","?","M","T","?","R","M","E","T","E","$","E","R","E","R","B",null,"R","$","E","B"],"character_chosen":"DEFECT","items_purchased":["Toy Ornithopter","Storm","Incense Burner","Energy Potion","AttackPotion"],"campfire_rested":4,"item_purchase_floors":[14,45,53,53,53],"current_hp_per_floor":[68,63,63,63,53,35,35,22,22,44,44,46,38,38,38,27,67,65,65,65,65,65,65,65,65,65,49,60,43,35,35,78,78,90,90,90,90,90,90,90,90,60,60,54,54,26,69,69,69,31,78,94,94,33,0,0],"gold":47,"neow_bonus":"BOSS_RELIC","is_daily":false,"chose_seed":false,"campfire_upgraded":4,"win_rate":0.0,"timestamp":1610815061,"path_taken":["M","M","?","?","M","E","R","M","T","R","E","M","M","$","R","BOSS","M","?","?","M","?","R","E","M","T","?","E","M","E","M","R","BOSS","M","?","M","?","?","R","M","E","T","E","$","E","R","E","R","BOSS","R","$","E","BOSS"],"items_purchased_type":["Relic","Card","Relic","Potion","Potion"],"build_version":"2020-12-22","purchased_purges":2,"victory":false,"max_hp_per_floor":[75,75,75,75,75,75,75,75,75,75,75,80,80,80,80,80,80,80,80,80,80,80,80,80,80,80,80,94,94,94,94,94,94,94,94,94,94,94,94,94,94,94,94,94,94,94,94,94,94,94,94,94,94,94,94,94],"relic_stats":{"Regal Pillow":30,"Inserter":[34],"counters":[29,165],"CeramicFish":45,"PreservedInsect":77,"Bag of Preparation":[44],"Ginger":[11],"Letter Opener":[306],"Boot":[43],"Dream Catcher":2,"Prayer Wheel":5,"obtain_stats":[{"Regal Pillow":30,"Inserter":34,"Nilry\u0027s Codex":27,"CeramicFish":44,"Oddly Smooth Stone":9,"Mango":28,"PreservedInsect":48,"Bag of Preparation":11,"Incense Burner":53,"Ginger":6,"Letter Opener":24,"Bottled Tornado":38,"Boot":42,"Akabeko":20,"Nuclear Battery":0,"Dream Catcher":46,"HornCleat":54,"Philosopher\u0027s Stone":17,"Prayer Wheel":26,"Cracked Core":0,"Toy Ornithopter":14},{"Regal Pillow":17,"Inserter":19,"Nilry\u0027s Codex":14,"CeramicFish":24,"Oddly Smooth Stone":6,"Mango":15,"PreservedInsect":26,"Bag of Preparation":7,"Incense Burner":27,"Ginger":5,"Letter Opener":13,"Bottled Tornado":21,"Boot":23,"Akabeko":11,"Nuclear Battery":0,"Dream Catcher":25,"HornCleat":28,"Philosopher\u0027s Stone":10,"Prayer Wheel":14,"Cracked Core":0,"Toy Ornithopter":9},{"Regal Pillow":81,"Inserter":96,"Nilry\u0027s Codex":64,"CeramicFish":131,"Oddly Smooth Stone":25,"Mango":69,"PreservedInsect":146,"Bag of Preparation":32,"Incense Burner":154,"Ginger":21,"Letter Opener":59,"Bottled Tornado":107,"Boot":123,"Akabeko":50,"Nuclear Battery":0,"Dream Catcher":139,"HornCleat":163,"Philosopher\u0027s Stone":47,"Prayer Wheel":64,"Cracked Core":0,"Toy Ornithopter":38}],"Toy Ornithopter":21},"card_choices":[{"not_picked":["Gash","Redo"],"picked":"Compile Driver","floor":1},{"not_picked":["Redo","Consume"],"picked":"Chill","floor":2},{"not_picked":["Rebound","Chill"],"picked":"Machine Learning","floor":4},{"not_picked":["Force Field","Gash"],"picked":"Cold Snap","floor":5},{"not_picked":["Beam Cell","Stack"],"picked":"FTL","floor":6},{"not_picked":["Lockon","Leap"],"picked":"Melter","floor":8},{"not_picked":["Conserve Battery","Aggregate"],"picked":"Sunder","floor":11},{"not_picked":["Capacitor","Sweeping Beam"],"picked":"Undo","floor":12},{"not_picked":["FTL","Tempest"],"picked":"Sweeping Beam","floor":13},{"not_picked":["Amplify","Thunder Strike"],"picked":"Creative AI","floor":16},{"not_picked":["Sweeping Beam+1","Turbo"],"picked":"Darkness+1","floor":18},{"not_picked":["Hologram","Go for the Eyes"],"picked":"Coolheaded","floor":21},{"not_picked":["Stack","Ball Lightning+1"],"picked":"Reinforced Body+1","floor":24},{"not_picked":["Gash","Coolheaded"],"picked":"Conserve Battery+1","floor":25},{"not_picked":["Tempest","Compile Driver"],"picked":"Buffer","floor":28},{"not_picked":["Ball Lightning","Self Repair","Rip and Tear"],"picked":"SKIP","floor":29},{"not_picked":["Lockon","Stack","Leap"],"picked":"SKIP","floor":29},{"not_picked":["Stack+1","Gash+1","Chill"],"picked":"SKIP","floor":30},{"not_picked":["Leap","Cold Snap"],"picked":"Go for the Eyes+1","floor":31},{"not_picked":["Rip and Tear+1","FTL","Rebound"],"picked":"SKIP","floor":31},{"not_picked":["BootSequence","Conserve Battery"],"picked":"Coolheaded+1","floor":35},{"not_picked":["Gash","Compile Driver+1"],"picked":"Barrage+1","floor":35},{"not_picked":["Lockon","Go for the Eyes+1"],"picked":"Stack+1","floor":37},{"not_picked":["Gash+1","FTL","Scrape+1"],"picked":"SKIP","floor":37},{"not_picked":["Redo","Double Energy+1"],"picked":"Conserve Battery","floor":41},{"not_picked":["Stack","Rebound","Leap"],"picked":"SKIP","floor":41},{"not_picked":["Loop+1","Cold Snap+1"],"picked":"Reboot","floor":42},{"not_picked":["Cold Snap","Turbo","Reinforced Body"],"picked":"SKIP","floor":44},{"not_picked":["Redo","Buffer"],"picked":"Compile Driver+1","floor":46},{"not_picked":["Compile Driver+1","Beam Cell"],"picked":"BootSequence+1","floor":47},{"not_picked":["Recycle","Gash+1","Ball Lightning"],"picked":"SKIP","floor":48},{"not_picked":["Ball Lightning+1","Reprogram"],"picked":"Undo+1","floor":52},{"not_picked":["Recycle","Streamline"],"picked":"Conserve Battery+1","floor":54}],"player_experience":602638,"relics_obtained":[{"floor":6,"key":"Ginger"},{"floor":9,"key":"Oddly Smooth Stone"},{"floor":11,"key":"Bag of Preparation"},{"floor":24,"key":"Letter Opener"},{"floor":26,"key":"Prayer Wheel"},{"floor":27,"key":"Nilry\u0027s Codex"},{"floor":28,"key":"Mango"},{"floor":30,"key":"Regal Pillow"},{"floor":38,"key":"Bottled Tornado"},{"floor":42,"key":"Boot"},{"floor":44,"key":"CeramicFish"},{"floor":46,"key":"Dream Catcher"},{"floor":48,"key":"PreservedInsect"},{"floor":54,"key":"HornCleat"}],"event_choices":[{"damage_healed":0,"gold_gain":0,"player_choice":"Upgraded","damage_taken":0,"max_hp_gain":0,"max_hp_loss":0,"event_name":"Upgrade Shrine","floor":3,"gold_loss":0,"cards_upgraded":["Zap"]},{"damage_healed":0,"gold_gain":0,"player_choice":"Read","damage_taken":0,"max_hp_gain":0,"max_hp_loss":0,"event_name":"The Library","floor":19,"gold_loss":0,"cards_obtained":["Hologram"]},{"damage_healed":0,"gold_gain":0,"player_choice":"Obtained Relic","damage_taken":0,"relics_obtained":["Akabeko"],"max_hp_gain":0,"max_hp_loss":0,"event_name":"Addict","floor":20,"gold_loss":85},{"damage_healed":0,"gold_gain":0,"player_choice":"Ignored","damage_taken":0,"max_hp_gain":0,"max_hp_loss":0,"event_name":"Ghosts","floor":22,"gold_loss":0},{"damage_healed":0,"gold_gain":0,"player_choice":"Obtained Book","damage_taken":16,"max_hp_gain":0,"max_hp_loss":0,"event_name":"Cursed Tome","floor":27,"gold_loss":0},{"damage_healed":0,"gold_gain":0,"player_choice":"Ignored","damage_taken":0,"max_hp_gain":0,"max_hp_loss":0,"event_name":"Tomb of Lord Red Mask","floor":36,"gold_loss":0},{"damage_healed":0,"gold_gain":0,"player_choice":"Memory 1","damage_taken":0,"max_hp_gain":0,"max_hp_loss":0,"event_name":"SensoryStone","floor":39,"gold_loss":0}],"is_beta":false,"boss_relics":[{"not_picked":["Empty Cage","Runic Dome"],"picked":"Philosopher\u0027s Stone"},{"not_picked":["Sozu","Snecko Eye"],"picked":"Inserter"}],"items_purged_floors":[14,45],"is_endless":false,"potions_floor_spawned":[4,5,6,8,11,24,25,29,30,37,41,42],"killed_by":"The Heart","ascension_level":11}}