{"host":"qjv9b7mze4c73keh","time":1610812144,"event":{"mods":["BaseMod","Colored Map","Colored Powertips","DeckTracker","Highlight Path","Minty Spire (QoL Compilation)","Rare Cards Sparkle","Synergy Search","Unceasing Turn Reminder"],"gold_per_floor":[214,229,229,229,249,269,269,284,284,54,54,54,54,68,68,68,68],"floor_reached":16,"language":"RUS","playtime":1538,"items_purged":["Strike_R"],"score":92,"play_id":"a2a6754d-3ba4-4d12-8de0-59cda7e870da","local_time":"20210116204904","is_ascension_mode":false,"campfire_choices":[{"data":"Armaments","floor":7,"key":"SMITH"},{"floor":11,"key":"REST"},{"data":"Body Slam","floor":13,"key":"SMITH"},{"data":"Blind","floor":15,"key":"SMITH"}],"circlet_count":0,"master_deck":["Strike_R","Strike_R","Strike_R+1","Defend_R","Defend_R","Defend_R+1","Defend_R","Bash","Shrug It Off+1","Armaments+1","Body Slam+1","Blind+1"],"relics":["Burning Blood","Frozen Egg 2","Membership Card"],"acts_visited":["Exordium"],"potions_floor_usage":[16,16,16],"damage_taken":[{"damage":0.0,"enemies":"Small Slimes","floor":1.0,"turns":3.0},{"damage":0.0,"enemies":"2 Louse","floor":2.0,"turns":3.0},{"damage":1,"enemies":"Cultist","floor":5,"turns":4},{"damage":2,"enemies":"Lots of Slimes","floor":6,"turns":11},{"damage":28,"enemies":"Large Slime","floor":8,"turns":10},{"damage":3,"enemies":"Red Slaver","floor":14,"turns":5},{"damage":81,"enemies":"Hexaghost","floor":16,"turns":17}],"seed_played":"-2460248924949879965","potions_obtained":[{"floor":2,"key":"SteroidPotion"},{"floor":5,"key":"Ancient Potion"},{"floor":6,"key":"Block Potion"}],"is_trial":false,"path_per_floor":["M","M","?","?","M","M","R","M","T","$","R","?","R","M","R","B"],"character_chosen":"IRONCLAD","items_purchased":["Membership Card","Blind"],"campfire_rested":1,"item_purchase_floors":[10,10],"current_hp_per_floor":[80,80,64,64,69,73,73,51,51,51,75,75,75,78,78,0,0],"gold":68,"neow_bonus":"HUNDRED_GOLD","is_daily":false,"chose_seed":false,"campfire_upgraded":3,"win_rate":0.0,"timestamp":1610812144,"path_taken":["M","M","?","?","?","?","R","M","T","$","R","?","R","?","R","BOSS"],"items_purchased_type":["Relic","Card"],"build_version":"2020-12-22","purchased_purges":1,"victory":false,"max_hp_per_floor":[80,80,80,80,80,80,80,80,80,80,80,80,80,80,80,80,80],"card_choices":[{"not_picked":["Havoc","True Grit","Wild Strike"],"picked":"SKIP","floor":1.0},{"not_picked":["Wild Strike","Combust"],"picked":"Shrug It Off","floor":2},{"not_picked":["Clothesline","Sever Soul"],"picked":"Armaments","floor":5},{"not_picked":["Iron Wave","True Grit","Whirlwind"],"picked":"SKIP","floor":6},{"not_picked":["Pummel","Cleave"],"picked":"Body Slam","floor":8},{"not_picked":["Cleave","Wild Strike","Armaments"],"picked":"SKIP","floor":14}],"player_experience":88358,"relics_obtained":[{"floor":9,"key":"Frozen Egg 2"}],"event_choices":[{"damage_healed":0,"gold_gain":0,"player_choice":"Entered Light","damage_taken":16,"max_hp_gain":0,"max_hp_loss":0,"event_name":"Shining Light","floor":3,"gold_loss":0,"cards_upgraded":["Defend_R","Strike_R"]},{"damage_healed":0,"gold_gain":0,"player_choice":"Forge","damage_taken":0,"max_hp_gain":0,"max_hp_loss":0,"event_name":"Accursed Blacksmith","floor":4,"gold_loss":0,"cards_upgraded":["Shrug It Off"]},{"cards_removed":["Strike_R"],"damage_healed":0,"gold_gain":0,"player_choice":"Purged","damage_taken":0,"max_hp_gain":0,"max_hp_loss":0,"event_name":"Purifier","floor":12,"gold_loss":0}],"is_beta":false,"boss_relics":[],"items_purged_floors":[10],"is_endless":false,"potions_floor_spawned":[2,5,6],"killed_by":"Hexaghost","ascension_level":0}}