{"host":"bplbr8uekuotory4","time":1610798666,"event":{"mods":["Act Like it!","BaseMod","Custom Start","Gensokyo","GungeonMod","Hermit","KinomotoSakuraMod(木之本樱)","Koishi","Marisa（F雨　魔理沙）","Minty Spire (QoL Compilation)","Prisma Mod","Quick Restart","Reimu（博丽灵梦）","SOS（斯巴达之子）","Spicy Shops","StSLib","TestMod","The Alterego","The Blackbeard","The Cursed","The Marked","The Mystic","The Runesmith","The Saiyan","The Servant 0.9.4","Yuri Mod","[IsaacMod]以撒尖塔","vexMod"],"gold_per_floor":[115,115,128,139,64,64,64],"floor_reached":6,"language":"ZHS","playtime":75,"items_purged":["TheCursedMod:Strike_TheCursed"],"score":40,"play_id":"2fcf3503-c4bb-40ba-af40-bcdc37dfa16a","local_time":"20210116200426","is_ascension_mode":true,"campfire_choices":[],"circlet_count":0,"master_deck":["TheCursedMod:Strike_TheCursed","TheCursedMod:Strike_TheCursed+1","TheCursedMod:Strike_TheCursed","TheCursedMod:Defend_TheCursed","TheCursedMod:Defend_TheCursed","TheCursedMod:Defend_TheCursed","TheCursedMod:Defend_TheCursed","TheCursedMod:CursedWand","TheCursedMod:CleanUpWorkshop+1","TheCursedMod:Dregs","TheCursedMod:CircleOfCorruption","Bomb"],"relics":["TheCursedMod:BlackMagic101","testmod-TestBox","HushsDoor","D6","testmod-ConstraintPeriapt","NeowsBlessing","DemoMod:GlassGuonStoneRelic"],"acts_visited":["Exordium"],"potions_floor_usage":[],"damage_taken":[{"damage":0,"enemies":"Small Slimes","floor":1,"turns":1},{"damage":0,"enemies":"Cultist","floor":3,"turns":1},{"damage":0,"enemies":"2 Louse","floor":4,"turns":1},{"damage":0,"enemies":"Lagavulin","floor":6,"turns":1}],"seed_played":"2311420200156764103","potions_obtained":[{"floor":1,"key":"TheCursedMod:DregsPotion"}],"is_trial":false,"path_per_floor":["M","?","M","M","$","E"],"character_chosen":"THE_CURSED","items_purchased":[],"campfire_rested":0,"item_purchase_floors":[],"current_hp_per_floor":[75,60,61,62,62,62,62],"gold":64,"neow_bonus":"THREE_ENEMY_KILL","is_daily":false,"chose_seed":false,"campfire_upgraded":0,"win_rate":0.0,"timestamp":1610798666,"path_taken":["M","?","?","M","$","E"],"items_purchased_type":[],"build_version":"2020-12-22","purchased_purges":1,"victory":false,"max_hp_per_floor":[75,75,75,75,75,75,75],"card_choices":[{"not_picked":["TheCursedMod:SpreadPlague","TheCursedMod:SoulReap"],"picked":"TheCursedMod:CircleOfCorruption","floor":1},{"not_picked":["TheCursedMod:SurpriseAttack","TheCursedMod:FleshFromBone"],"picked":"Bomb","floor":3},{"not_picked":["TheCursedMod:SmokeScreen","TheCursedMod:BlessingInDisguise","TheCursedMod:Evocation"],"picked":"SKIP","floor":4}],"player_experience":1207935,"relics_obtained":[],"event_choices":[{"damage_healed":0,"gold_gain":0,"player_choice":"Entered Light","damage_taken":15,"max_hp_gain":0,"max_hp_loss":0,"event_name":"Shining Light","floor":2,"gold_loss":0,"cards_upgraded":["TheCursedMod:CleanUpWorkshop","TheCursedMod:Strike_TheCursed"]}],"is_beta":false,"boss_relics":[],"items_purged_floors":[5],"is_endless":false,"potions_floor_spawned":[1],"killed_by":"Lagavulin","ascension_level":2}}