{"host":"vumwfieg2b2mnrfl","time":1610758784,"event":{"mods":["AchievementEnabler","BaseMod","Minty Spire (QoL Compilation)","Rare Cards Sparkle","Relic Stats"],"gold_per_floor":[117,117,117,136,150,150,188,211,234,272,272,291,307,325,325,415,415,415,415,415,415,415,415,415,415,415,415,188,188,188,188,188,188,188,188,188,188,188,188,188,188,188,188,188,188,188,25,25,25,25,25],"floor_reached":50,"language":"ENG","playtime":2170,"items_purged":["Strike_R"],"score":1042,"play_id":"ed49e406-82e5-4a61-8db4-1937cd7c327f","local_time":"20210115185944","is_ascension_mode":true,"campfire_choices":[{"floor":6.0,"key":"REST"},{"data":"Armaments","floor":11.0,"key":"SMITH"},{"data":"Armaments","floor":15.0,"key":"SMITH"},{"floor":29.0,"key":"REST"},{"floor":32.0,"key":"REST"},{"data":"Limit Break","floor":46.0,"key":"SMITH"},{"floor":49,"key":"REST"}],"circlet_count":0,"master_deck":["AscendersBane","Strike_R","Strike_R","Strike_R","Strike_R","Defend_R","Defend_R","Defend_R","Defend_R","Bash","Clumsy","Cleave","Headbutt","Flame Barrier","Armaments+1","Fire Breathing","Armaments+1","Barricade","Shrug It Off+1","Shrug It Off+1","RitualDagger","Limit Break+1","Flame Barrier","Metallicize","Spot Weakness","True Grit+1","Double Tap","Body Slam+1","Reaper","Heavy Blade"],"relics":["Burning Blood","Thread and Needle","Golden Idol","Red Skull","Dream Catcher","Bag of Preparation","Ectoplasm","Matryoshka","PreservedInsect","Gremlin Horn","Philosopher\u0027s Stone","Darkstone Periapt","Ice Cream","Shuriken","Blood Vial","Pen Nib"],"acts_visited":["Exordium","TheCity","TheBeyond"],"potions_floor_usage":[48,48],"damage_taken":[{"damage":3.0,"enemies":"Small Slimes","floor":1.0,"turns":3.0},{"damage":5.0,"enemies":"2 Louse","floor":4.0,"turns":3.0},{"damage":6.0,"enemies":"Jaw Worm","floor":5.0,"turns":4.0},{"damage":8.0,"enemies":"3 Sentries","floor":7.0,"turns":6.0},{"damage":0.0,"enemies":"Red Slaver","floor":8.0,"turns":5.0},{"damage":39.0,"enemies":"Gremlin Nob","floor":10.0,"turns":5.0},{"damage":7.0,"enemies":"Lots of Slimes","floor":12.0,"turns":2.0},{"damage":8.0,"enemies":"Large Slime","floor":13.0,"turns":4.0},{"damage":0.0,"enemies":"Blue Slaver","floor":14.0,"turns":5.0},{"damage":24.0,"enemies":"Slime Boss","floor":16.0,"turns":9.0},{"damage":3.0,"enemies":"Shell Parasite","floor":18.0,"turns":10.0},{"damage":0.0,"enemies":"3 Byrds","floor":20.0,"turns":1.0},{"damage":30.0,"enemies":"Slavers","floor":23.0,"turns":6.0},{"damage":26.0,"enemies":"3 Cultists","floor":24.0,"turns":6.0},{"damage":7.0,"enemies":"Book of Stabbing","floor":25.0,"turns":3.0},{"damage":5.0,"enemies":"Shelled Parasite and Fungi","floor":27.0,"turns":8.0},{"damage":2.0,"enemies":"Centurion and Healer","floor":30.0,"turns":8.0},{"damage":15.0,"enemies":"Snecko","floor":31.0,"turns":9.0},{"damage":38.0,"enemies":"Collector","floor":33.0,"turns":15.0},{"damage":0.0,"enemies":"3 Shapes","floor":35.0,"turns":8.0},{"damage":45.0,"enemies":"3 Darklings","floor":38.0,"turns":8.0},{"damage":0.0,"enemies":"Nemesis","floor":40.0,"turns":7.0},{"damage":0.0,"enemies":"Jaw Worm Horde","floor":41.0,"turns":5.0},{"damage":33.0,"enemies":"Mind Bloom Boss Battle","floor":42.0,"turns":9.0},{"damage":12.0,"enemies":"4 Shapes","floor":44.0,"turns":6.0},{"damage":50,"enemies":"Reptomancer","floor":48,"turns":8},{"damage":77,"enemies":"Donu and Deca","floor":50,"turns":7}],"seed_played":"-7599532278257116885","potions_obtained":[{"floor":4.0,"key":"SteroidPotion"},{"floor":7.0,"key":"Energy Potion"},{"floor":8.0,"key":"PowerPotion"},{"floor":12.0,"key":"DistilledChaos"},{"floor":18.0,"key":"SmokeBomb"},{"floor":27.0,"key":"EssenceOfSteel"},{"floor":30.0,"key":"AttackPotion"},{"floor":33.0,"key":"ElixirPotion"},{"floor":36.0,"key":"Fruit Juice"},{"floor":36.0,"key":"Regen Potion"},{"floor":40.0,"key":"BlessingOfTheForge"},{"floor":41.0,"key":"Energy Potion"},{"floor":44.0,"key":"Block Potion"}],"is_trial":false,"path_per_floor":["M","?","?","M","M","R","E","M","T","E","R","M","M","M","R","B",null,"M","?","M","?","?","E","M","E","T","M","$","R","M","M","R","B",null,"M","?","$","M","$","E","M","?","T","M","?","R","$","E","R","B"],"character_chosen":"IRONCLAD","items_purchased":["Metallicize","Spot Weakness","Reaper"],"campfire_rested":4,"item_purchase_floors":[28,28,47],"current_hp_per_floor":[71,76,48,49,49,73,71,77,77,44,44,43,41,47,47,29,67,70,70,76,70,66,42,22,21,21,22,22,46,50,41,65,33,68,74,79,79,55,55,61,67,40,40,36,70,70,70,48,69,0,0],"gold":25,"neow_bonus":"ONE_RARE_RELIC","is_daily":false,"chose_seed":false,"campfire_upgraded":3,"win_rate":0.0,"timestamp":1610758784,"path_taken":["M","?","?","M","M","R","E","M","T","E","R","M","?","M","R","BOSS","M","?","?","?","?","E","M","E","T","M","$","R","M","?","R","BOSS","M","?","?","M","$","E","?","?","T","M","?","R","?","E","R","BOSS"],"items_purchased_type":["Card","Card","Card"],"build_version":"2020-12-22","purchased_purges":1,"victory":false,"max_hp_per_floor":[75,80,80,80,80,80,80,80,80,80,80,80,80,80,80,80,80,80,80,80,80,80,80,80,80,80,80,80,80,80,80,80,80,80,80,85,85,85,85,85,85,85,85,85,70,70,70,70,70,70,70],"relic_stats":{"Darkstone Periapt":0,"Gremlin Horn":[25,25],"counters":[27,170],"Golden Idol":153,"PreservedInsect":113,"Pen Nib":[0],"Bag of Preparation":[42],"Burning Blood":156,"Blood Vial":3,"Dream Catcher":3,"Shuriken":[5],"Ectoplasm":452,"obtain_stats":[{"Darkstone Periapt":40,"Ice Cream":42,"Gremlin Horn":26,"Golden Idol":3,"Thread and Needle":0,"PreservedInsect":26,"Pen Nib":48,"Bag of Preparation":10,"Burning Blood":0,"Blood Vial":43,"Dream Catcher":9,"Matryoshka":23,"Shuriken":43,"Philosopher\u0027s Stone":34,"Ectoplasm":17,"Red Skull":7},{"Darkstone Periapt":22,"Ice Cream":24,"Gremlin Horn":15,"Golden Idol":1,"Thread and Needle":0,"PreservedInsect":15,"Pen Nib":26,"Bag of Preparation":6,"Burning Blood":0,"Blood Vial":24,"Dream Catcher":5,"Matryoshka":13,"Shuriken":24,"Philosopher\u0027s Stone":19,"Ectoplasm":10,"Red Skull":4},{"Darkstone Periapt":135,"Ice Cream":149,"Gremlin Horn":72,"Golden Idol":3,"Thread and Needle":0,"PreservedInsect":72,"Pen Nib":163,"Bag of Preparation":26,"Burning Blood":0,"Blood Vial":149,"Dream Catcher":21,"Matryoshka":63,"Shuriken":149,"Philosopher\u0027s Stone":112,"Ectoplasm":46,"Red Skull":16}]},"card_choices":[{"not_picked":["Dark Embrace","Shrug It Off"],"picked":"Cleave","floor":1.0},{"not_picked":["Wild Strike","Body Slam"],"picked":"Headbutt","floor":4.0},{"not_picked":["Havoc","Thunderclap"],"picked":"Flame Barrier","floor":5.0},{"not_picked":["Ghostly Armor","Intimidate"],"picked":"Armaments","floor":7.0},{"not_picked":["Warcry","Burning Pact","Headbutt"],"picked":"SKIP","floor":8.0},{"not_picked":["Reckless Charge","Headbutt"],"picked":"Fire Breathing","floor":10.0},{"not_picked":["Havoc","Seeing Red","Pommel Strike"],"picked":"SKIP","floor":12.0},{"not_picked":["Infernal Blade","Evolve"],"picked":"Armaments","floor":13.0},{"not_picked":["Cleave","Rage","Burning Pact"],"picked":"SKIP","floor":14.0},{"not_picked":["Immolate","Berserk"],"picked":"Barricade","floor":16.0},{"not_picked":["Sword Boomerang+1","Havoc"],"picked":"Shrug It Off+1","floor":18.0},{"not_picked":["Pommel Strike","Warcry+1","Clash"],"picked":"SKIP","floor":20.0},{"not_picked":["Clothesline","Flex","Headbutt+1"],"picked":"SKIP","floor":23.0},{"not_picked":["Whirlwind","Dual Wield"],"picked":"Limit Break","floor":24.0},{"not_picked":["Pommel Strike","Armaments+1"],"picked":"Flame Barrier","floor":27.0},{"not_picked":["Thunderclap","Power Through","Warcry"],"picked":"SKIP","floor":30.0},{"not_picked":["Flex","Headbutt"],"picked":"True Grit+1","floor":31.0},{"not_picked":["Feed","Immolate"],"picked":"Double Tap","floor":33.0},{"not_picked":["Clash","Havoc+1"],"picked":"Body Slam+1","floor":35.0},{"not_picked":["Body Slam","Armaments","Warcry"],"picked":"SKIP","floor":38.0},{"not_picked":["Exhume","Flame Barrier","Wild Strike"],"picked":"SKIP","floor":40.0},{"not_picked":["Iron Wave","Spot Weakness","Searing Blow"],"picked":"SKIP","floor":41.0},{"not_picked":["Twin Strike","Reckless Charge+1","Seeing Red"],"picked":"SKIP","floor":44.0},{"not_picked":["Pommel Strike","Reckless Charge"],"picked":"Heavy Blade","floor":48}],"player_experience":424699,"relics_obtained":[{"floor":7.0,"key":"Red Skull"},{"floor":9.0,"key":"Dream Catcher"},{"floor":10.0,"key":"Bag of Preparation"},{"floor":23.0,"key":"Matryoshka"},{"floor":26.0,"key":"PreservedInsect"},{"floor":26.0,"key":"Gremlin Horn"},{"floor":40.0,"key":"Darkstone Periapt"},{"floor":42.0,"key":"Ice Cream"},{"floor":43.0,"key":"Shuriken"},{"floor":43.0,"key":"Blood Vial"},{"floor":48,"key":"Pen Nib"}],"event_choices":[{"damage_healed":0.0,"max_hp_gain":5.0,"max_hp_loss":0.0,"gold_gain":0.0,"event_name":"Big Fish","player_choice":"Donut","floor":2.0,"gold_loss":0.0,"damage_taken":0.0},{"damage_healed":0.0,"max_hp_gain":0.0,"max_hp_loss":0.0,"gold_gain":0.0,"event_name":"Golden Idol","player_choice":"Take Damage","floor":3.0,"gold_loss":0.0,"damage_taken":28.0,"relics_obtained":["Golden Idol"]},{"damage_healed":0.0,"max_hp_gain":0.0,"max_hp_loss":0.0,"gold_gain":0.0,"event_name":"Duplicator","player_choice":"Copied","floor":19.0,"gold_loss":0.0,"damage_taken":0.0,"cards_obtained":["Shrug It Off"]},{"damage_healed":0.0,"max_hp_gain":0.0,"max_hp_loss":0.0,"gold_gain":0.0,"event_name":"Nest","player_choice":"Joined the Cult","floor":21.0,"gold_loss":0.0,"damage_taken":6.0,"cards_obtained":["RitualDagger"]},{"damage_healed":0.0,"max_hp_gain":0.0,"max_hp_loss":0.0,"gold_gain":0.0,"event_name":"The Woman in Blue","player_choice":"Bought 0 Potions","floor":22.0,"gold_loss":0.0,"damage_taken":0.0},{"damage_healed":0.0,"max_hp_gain":0.0,"max_hp_loss":0.0,"gold_gain":0.0,"event_name":"Lab","player_choice":"Got Potions","floor":36.0,"gold_loss":0.0,"damage_taken":0.0},{"damage_healed":0.0,"max_hp_gain":0.0,"max_hp_loss":0.0,"gold_gain":0.0,"event_name":"MindBloom","player_choice":"Fight","floor":42.0,"gold_loss":0.0,"damage_taken":0.0},{"damage_healed":70.0,"max_hp_gain":0.0,"max_hp_loss":15.0,"gold_gain":0.0,"event_name":"The Moai Head","player_choice":"Heal","floor":45.0,"gold_loss":0.0,"damage_taken":0.0}],"is_beta":false,"boss_relics":[{"not_picked":["Empty Cage","Black Star"],"picked":"Ectoplasm"},{"not_picked":["Runic Pyramid","Calling Bell"],"picked":"Philosopher\u0027s Stone"}],"items_purged_floors":[28],"is_endless":false,"potions_floor_spawned":[4,7,8,12,13,18,20,27,30,33,40,41,44],"killed_by":"Donu and Deca","ascension_level":16}}