{"host":"j36qkj20jqndbw01","time":1610763367,"event":{"mods":["AchievementEnabler","BaseMod","Colored Map","DeckTracker","Highlight Path","Keyboard Shortcuts","Minty Spire (QoL Compilation)","Quick Restart","Relic Stats","StSLib","SuperFastMode","everything is the same but u backflip on backflip"],"gold_per_floor":[109,109,125,141,151,151,161,190,190,190,204,204,104,134,134,211,211,221,40,40,58,70,70,102,102,102,113,28,28,42,54,54,127,127,147,147,163,181,181,181,207,207,207,219,219,219],"floor_reached":45,"language":"KOR","playtime":1942,"items_purged":["Strike_B","Strike_B"],"score":906,"play_id":"d2a71fdc-980e-4bb3-8eda-b640cbdbd998","local_time":"20210116111607","is_ascension_mode":true,"campfire_choices":[{"data":"Static Discharge","floor":6.0,"key":"SMITH"},{"data":"Rainbow","floor":10.0,"key":"SMITH"},{"floor":15.0,"key":"REST"},{"data":"Buffer","floor":23.0,"key":"SMITH"},{"data":"Capacitor","floor":25.0,"key":"SMITH"},{"floor":32,"key":"REST"},{"data":"Machine Learning","floor":40,"key":"SMITH"},{"data":"Go for the Eyes","floor":42,"key":"SMITH"}],"circlet_count":0,"master_deck":["AscendersBane","Strike_B","Strike_B","Defend_B","Defend_B","Defend_B","Defend_B","Zap+1","Dualcast","Cold Snap","Cold Snap","Go for the Eyes","Static Discharge+1","Rainbow+1","Go for the Eyes+1","Compile Driver","Beam Cell","Buffer+1","Capacitor+1","FTL","Gash+1","Chill","Machine Learning+1","Hologram+1","Barrage","Thunder Strike","Heatsinks"],"relics":["Cracked Core","InkBottle","CaptainsWheel","TungstenRod","Busted Crown","Turnip","Akabeko","Shuriken","Ginger","Inserter","Thread and Needle","The Courier"],"acts_visited":["Exordium","TheCity","TheBeyond"],"potions_floor_usage":[31,31,38,45],"damage_taken":[{"damage":1.0,"enemies":"2 Louse","floor":1.0,"turns":2.0},{"damage":1.0,"enemies":"Cultist","floor":3.0,"turns":3.0},{"damage":0.0,"enemies":"Jaw Worm","floor":4.0,"turns":3.0},{"damage":9.0,"enemies":"Lots of Slimes","floor":5.0,"turns":5.0},{"damage":13.0,"enemies":"Large Slime","floor":7.0,"turns":6.0},{"damage":42.0,"enemies":"Gremlin Nob","floor":8.0,"turns":5.0},{"damage":0.0,"enemies":"Looter","floor":11.0,"turns":3.0},{"damage":3.0,"enemies":"Lagavulin","floor":14.0,"turns":5.0},{"damage":12.0,"enemies":"Hexaghost","floor":16.0,"turns":9.0},{"damage":0.0,"enemies":"Shell Parasite","floor":18.0,"turns":7.0},{"damage":1.0,"enemies":"Spheric Guardian","floor":21.0,"turns":4.0},{"damage":24.0,"enemies":"Shelled Parasite and Fungi","floor":22.0,"turns":5.0},{"damage":22.0,"enemies":"Book of Stabbing","floor":24.0,"turns":6.0},{"damage":14.0,"enemies":"Snake Plant","floor":27.0,"turns":4.0},{"damage":0.0,"enemies":"Chosen and Byrds","floor":30.0,"turns":6.0},{"damage":0,"enemies":"Centurion and Healer","floor":31,"turns":5},{"damage":10,"enemies":"Champ","floor":33,"turns":10},{"damage":28,"enemies":"3 Darklings","floor":35,"turns":5},{"damage":10,"enemies":"Orb Walker","floor":37,"turns":4},{"damage":0,"enemies":"Maw","floor":38,"turns":6},{"damage":34,"enemies":"Giant Head","floor":41,"turns":7},{"damage":26,"enemies":"Jaw Worm Horde","floor":44,"turns":5},{"damage":3,"enemies":"Spire Growth","floor":45,"turns":4}],"seed_played":"-8107602758321539151","potions_obtained":[{"floor":1.0,"key":"FearPotion"},{"floor":11.0,"key":"DuplicationPotion"},{"floor":14.0,"key":"Strength Potion"},{"floor":31,"key":"ColorlessPotion"},{"floor":33,"key":"SneckoOil"},{"floor":35,"key":"AttackPotion"},{"floor":38,"key":"EssenceOfSteel"}],"is_trial":false,"path_per_floor":["M","?","M","M","M","R","M","E","T","R","M","?","$","E","R","B",null,"M","$","?","M","M","R","E","R","T","M","?","T","M","M","R","B",null,"M","?","M","M","?","R","E","R","T","M","M"],"character_chosen":"DEFECT","items_purchased":["Compile Driver","Capacitor"],"campfire_rested":2,"item_purchase_floors":[13,19],"current_hp_per_floor":[70,70,69,69,60,60,47,5,5,5,5,5,5,2,25,13,62,62,62,62,61,37,37,15,15,15,1,1,1,1,1,24,14,62,34,34,24,24,61,61,27,27,27,1,0,0],"gold":219,"neow_bonus":"TEN_PERCENT_HP_BONUS","is_daily":false,"chose_seed":false,"campfire_upgraded":6,"win_rate":0.0,"timestamp":1610763367,"path_taken":["M","?","M","M","M","R","M","E","T","R","?","?","$","E","R","BOSS","M","?","?","M","M","R","E","R","T","M","?","?","?","M","R","BOSS","M","?","M","M","?","R","E","R","T","M","M"],"items_purchased_type":["Card","Card"],"build_version":"2020-12-22","purchased_purges":2,"victory":false,"max_hp_per_floor":[78,78,78,78,78,78,78,78,78,78,78,78,78,78,78,78,78,78,78,78,78,78,78,78,78,78,78,78,78,78,78,78,78,78,78,74,74,74,61,61,61,61,61,61,61,61],"relic_stats":{"Busted Crown":26,"Inserter":[15],"counters":[23,119],"Shuriken":[30],"Turnip":[17],"Ginger":[16],"obtain_stats":[{"CaptainsWheel":9,"Busted Crown":17,"Inserter":34,"Shuriken":28,"Thread and Needle":41,"Turnip":24,"The Courier":43,"Ginger":29,"Cracked Core":0,"InkBottle":8,"TungstenRod":14,"Akabeko":26},{"CaptainsWheel":6,"Busted Crown":9,"Inserter":17,"Shuriken":14,"Thread and Needle":21,"Turnip":13,"The Courier":21,"Ginger":14,"Cracked Core":0,"InkBottle":6,"TungstenRod":8,"Akabeko":13},{"CaptainsWheel":24,"Busted Crown":41,"Inserter":88,"Shuriken":67,"Thread and Needle":110,"Turnip":63,"The Courier":110,"Ginger":67,"Cracked Core":0,"InkBottle":24,"TungstenRod":32,"Akabeko":63}],"InkBottle":[41],"TungstenRod":30},"card_choices":[{"not_picked":["Steam Power","Lockon"],"picked":"Cold Snap","floor":1.0},{"not_picked":["Rebound","Conserve Battery"],"picked":"Cold Snap","floor":3.0},{"not_picked":["Conserve Battery","Recycle"],"picked":"Go for the Eyes","floor":4.0},{"not_picked":["Darkness","Steam"],"picked":"Static Discharge","floor":5.0},{"not_picked":["Hologram","Conserve Battery","Rip and Tear"],"picked":"SKIP","floor":7.0},{"not_picked":["Barrage","Steam"],"picked":"Rainbow","floor":8.0},{"not_picked":["Consume","Cold Snap"],"picked":"Go for the Eyes","floor":11.0},{"not_picked":["Redo","Gash"],"picked":"Beam Cell","floor":14.0},{"not_picked":["Rainbow","Seek"],"picked":"Buffer","floor":16.0},{"not_picked":["Beam Cell"],"picked":"SKIP","floor":18.0},{"not_picked":[],"picked":"FTL","floor":21.0},{"not_picked":["Stack"],"picked":"SKIP","floor":22.0},{"not_picked":["Steam"],"picked":"SKIP","floor":24.0},{"not_picked":["Aggregate"],"picked":"SKIP","floor":27.0},{"not_picked":[],"picked":"Gash+1","floor":30.0},{"not_picked":[],"picked":"Chill","floor":31},{"not_picked":[],"picked":"Machine Learning","floor":33},{"not_picked":[],"picked":"Hologram+1","floor":35},{"not_picked":[],"picked":"Barrage","floor":37},{"not_picked":["Sweeping Beam"],"picked":"SKIP","floor":38},{"not_picked":[],"picked":"Thunder Strike","floor":41},{"not_picked":[],"picked":"Heatsinks","floor":44}],"player_experience":1742477,"relics_obtained":[{"floor":8.0,"key":"InkBottle"},{"floor":9.0,"key":"CaptainsWheel"},{"floor":14.0,"key":"TungstenRod"},{"floor":24.0,"key":"Turnip"},{"floor":26.0,"key":"Akabeko"},{"floor":29.0,"key":"Ginger"},{"floor":41,"key":"Thread and Needle"},{"floor":43,"key":"The Courier"}],"event_choices":[{"damage_healed":0.0,"max_hp_gain":0.0,"max_hp_loss":0.0,"gold_gain":0.0,"event_name":"Upgrade Shrine","player_choice":"Upgraded","floor":2.0,"gold_loss":0.0,"damage_taken":0.0,"cards_upgraded":["Zap"]},{"damage_healed":0.0,"max_hp_gain":0.0,"max_hp_loss":0.0,"gold_gain":0.0,"event_name":"FaceTrader","player_choice":"Leave","floor":12.0,"gold_loss":0.0,"damage_taken":0.0},{"damage_healed":0.0,"max_hp_gain":0.0,"max_hp_loss":0.0,"gold_gain":0.0,"event_name":"Vampires","player_choice":"Ignored","floor":20.0,"gold_loss":0.0,"damage_taken":0.0},{"damage_healed":0.0,"max_hp_gain":0.0,"max_hp_loss":0.0,"gold_gain":0.0,"event_name":"Addict","player_choice":"Obtained Relic","floor":28.0,"gold_loss":85.0,"damage_taken":0.0,"relics_obtained":["Shuriken"]},{"damage_healed":0,"gold_gain":0,"player_choice":"Max HP","damage_taken":0,"max_hp_gain":0,"max_hp_loss":4,"event_name":"Winding Halls","floor":36,"gold_loss":0},{"damage_healed":61,"gold_gain":0,"player_choice":"Heal","damage_taken":0,"max_hp_gain":0,"max_hp_loss":13,"event_name":"The Moai Head","floor":39,"gold_loss":0}],"is_beta":false,"boss_relics":[{"not_picked":["Sozu","SlaversCollar"],"picked":"Busted Crown"},{"not_picked":["Runic Pyramid","Snecko Eye"],"picked":"Inserter"}],"items_purged_floors":[13,19],"is_endless":false,"potions_floor_spawned":[1,11,14,21,30,31,33,35,38],"killed_by":"Spire Growth","ascension_level":18}}