{"host":"b3acx0fd85ri4t7i","time":1610795907,"event":{"mods":["BaseMod","Colored Powertips","Minty Spire (QoL Compilation)","Quick Restart","Relic Stats","StSLib","[功能]功能增强和修复MOD"],"gold_per_floor":[113,113,113,132,146,146,146],"floor_reached":6,"language":"ZHS","playtime":263,"items_purged":[],"score":72,"play_id":"ce03b5c7-c28e-4794-b9c3-a36599d91c4d","local_time":"20210116191827","is_ascension_mode":true,"campfire_choices":[],"circlet_count":0,"master_deck":["AscendersBane","Strike_P","Strike_P","Strike_P","Defend_P","Defend_P","Defend_P","Defend_P","Eruption","Vigilance","Evaluate"],"relics":["Philosopher\u0027s Stone"],"acts_visited":["Exordium"],"potions_floor_usage":[6,6],"damage_taken":[{"damage":5.0,"enemies":"Small Slimes","floor":1.0,"turns":3.0},{"damage":5.0,"enemies":"Jaw Worm","floor":4.0,"turns":4.0},{"damage":9.0,"enemies":"Cultist","floor":5.0,"turns":6.0},{"damage":9,"enemies":"3 Sentries","floor":6,"turns":4}],"seed_played":"3766617321979018875","potions_obtained":[{"floor":1.0,"key":"ColorlessPotion"},{"floor":4.0,"key":"SpeedPotion"},{"floor":5.0,"key":"SkillPotion"},{"floor":5.0,"key":"SkillPotion"}],"is_trial":false,"path_per_floor":["M","?","T","M","M","E"],"character_chosen":"WATCHER","items_purchased":[],"campfire_rested":0,"item_purchase_floors":[],"current_hp_per_floor":[56,49,49,44,35,26,26],"gold":146,"neow_bonus":"BOSS_RELIC","is_daily":false,"chose_seed":false,"campfire_upgraded":0,"win_rate":0.0,"timestamp":1610795907,"path_taken":["M","?","?","M","?","E"],"items_purchased_type":[],"build_version":"2020-12-22","purchased_purges":0,"victory":false,"max_hp_per_floor":[68,68,68,68,68,68,68],"relic_stats":{"counters":[4,17],"obtain_stats":[{"Philosopher\u0027s Stone":0,"PureWater":0},{"Philosopher\u0027s Stone":0,"PureWater":0},{"Philosopher\u0027s Stone":0,"PureWater":0}]},"card_choices":[{"not_picked":["EmptyBody","CutThroughFate","EmptyFist"],"picked":"SKIP","floor":1.0},{"not_picked":["WheelKick","SandsOfTime","ThirdEye"],"picked":"SKIP","floor":1.0},{"not_picked":["Halt","Consecrate","Nirvana"],"picked":"SKIP","floor":1.0},{"not_picked":["WreathOfFlame","Meditate"],"picked":"Evaluate","floor":4.0},{"not_picked":["JustLucky","SashWhip","EmptyBody"],"picked":"SKIP","floor":4.0},{"not_picked":["CrushJoints","ThirdEye","Evaluate"],"picked":"SKIP","floor":4.0},{"not_picked":["CrushJoints","Prostrate","WindmillStrike"],"picked":"SKIP","floor":5.0},{"not_picked":["BowlingBash","Adaptation","Weave"],"picked":"SKIP","floor":5.0},{"not_picked":["PathToVictory","Consecrate","MentalFortress"],"picked":"SKIP","floor":5.0}],"player_experience":303694,"relics_obtained":[],"event_choices":[{"cards_removed":["Strike_P"],"damage_healed":0.0,"max_hp_gain":0.0,"max_hp_loss":0.0,"gold_gain":0.0,"event_name":"Golden Wing","player_choice":"Card Removal","floor":2.0,"gold_loss":0.0,"damage_taken":7.0}],"is_beta":false,"boss_relics":[],"items_purged_floors":[],"is_endless":false,"potions_floor_spawned":[1,4,5,5],"killed_by":"3 Sentries","ascension_level":20}}