{"host":"cdcsem0stf6rethc","time":1610777459,"event":{"mods":["AchievementEnabler","Act Like it!","BaseMod","Colored Map","Gensokyo","Highlight Path","Minty Spire (QoL Compilation)","StSLib","Yuyuko"],"gold_per_floor":[119,131,31,31,51,68,68,82,107,107,107,187,187,187,187,187,187],"floor_reached":16,"language":"ZHS","playtime":740,"items_purged":[],"score":90,"play_id":"69415e5b-db63-44fd-bbb4-20b8ef02c3d4","local_time":"20210116141059","is_ascension_mode":false,"campfire_choices":[{"data":"Final of Final","floor":7,"key":"SMITH"},{"data":"Showy Withering","floor":11,"key":"SMITH"},{"data":"Elegance","floor":13,"key":"SMITH"},{"floor":15,"key":"REST"}],"circlet_count":0,"master_deck":["Fantasy Butterflies","Fantasy Butterflies","Fantasy Butterflies","Fantasy Butterflies","Fantasy Butterflies","Dreamy Sakura","Dreamy Sakura","Dreamy Sakura","Dreamy Sakura","Deathly Ground","Faramita\u0027s Temptation","Reverse The Screen","Gather the Spring","Elegance+1","Death Dancing","Redemption of Death","Final of Final+1","Showy Withering+1"],"relics":["Coronal","Yuyuko\u0027s fan","NeowsBlessing","Sundial","Orichalcum","Gensokyo:PortableGap","Gensokyo:Justice"],"acts_visited":["Exordium"],"potions_floor_usage":[],"damage_taken":[{"damage":1,"enemies":"Gensokyo:Python","floor":1,"turns":1},{"damage":1,"enemies":"Gensokyo:Gryphon","floor":2,"turns":1},{"damage":1,"enemies":"Gensokyo:2_Kodama","floor":5,"turns":1},{"damage":21,"enemies":"Gensokyo:VengefulSpirit","floor":6,"turns":5},{"damage":33,"enemies":"Gensokyo:3_Kodama","floor":8,"turns":4},{"damage":96,"enemies":"Gensokyo:Kokoro","floor":16,"turns":14}],"seed_played":"4105869954503442066","potions_obtained":[{"floor":5,"key":"Strength Potion"},{"floor":6,"key":"SkillPotion"}],"is_trial":false,"path_per_floor":["M","M","?","?","M","M","R","M","T","?","R","?","R","?","R","B"],"character_chosen":"YUYOKO","items_purchased":[],"campfire_rested":1,"item_purchase_floors":[],"current_hp_per_floor":[39,38,38,38,39,28,28,11,11,11,11,11,11,11,21,0,0],"gold":187,"neow_bonus":"THREE_ENEMY_KILL","is_daily":false,"chose_seed":false,"campfire_upgraded":3,"win_rate":0.0,"timestamp":1610777459,"path_taken":["M","M","?","?","?","M","R","M","T","?","R","?","R","?","R","BOSS"],"items_purchased_type":[],"build_version":"2020-12-22","purchased_purges":0,"victory":false,"max_hp_per_floor":[40,40,40,40,40,40,40,40,40,36,36,36,36,36,36,36,36],"card_choices":[{"not_picked":["Wandering Soul","Dancing Butterflies"],"picked":"Reverse The Screen","floor":1},{"not_picked":["Mini Ghostdom","Linger over Flower"],"picked":"Gather the Spring","floor":2},{"not_picked":["The Nether","Sweet of Phantom"],"picked":"Elegance","floor":4},{"not_picked":["Mirror of Mind","Lunch"],"picked":"Death Dancing","floor":4},{"not_picked":["Open The Fan","Bloom"],"picked":"Redemption of Death","floor":5},{"not_picked":["Linger over Flower","Phantom Village"],"picked":"Final of Final","floor":6},{"not_picked":["Phantom Gift","Wandering Soul"],"picked":"Showy Withering","floor":8}],"player_experience":73740,"relics_obtained":[{"floor":9,"key":"Orichalcum"}],"event_choices":[],"is_beta":false,"boss_relics":[],"items_purged_floors":[],"is_endless":false,"potions_floor_spawned":[5,6],"killed_by":"Gensokyo:Kokoro","ascension_level":0}}