{"host":"5cc4xbo9rb723k69","time":1610815944,"event":{"mods":["2.2 Compatiblity","Act Like it!","Aspiration","Astrologer","Bartender","BaseMod","Bestiary","CapriCore","Conspire","Dark Map","Duelist Mod","Friendly Minions","Gensokyo","Hallownest","Hermit","Hubris","Infinite Spire","Jedi Mod","Kiyohime????","Koishi","LagranYue(???·?)","Lobotomy","LobotomyExtend","Luminous","Mari Mod (Legacy)","Mari\u0027s V1 Patch","Marisa????????","Minty Spire (QoL Compilation)","Nova Terra(??·??)","Pale of the Ancients","Random Character Button","Rare Cards Sparkle","Reimu??????","Replay The Spire","Robot Space Explorer","Spicy Shops","StSLib","The Alterego","The Animator","The Bladedancer","The Clintock","The Construct","The Cursed","The Disciple","The Gatherer","The Immortal","The Jungle","The Marked","The Mystic","The Problem Sleuth","The Runesmith","The Saiyan","The Senshi","The Servant 0.9.4","The Spell Scribe","Waifu the Spire","Yakumo Yukari mod","vexMod"],"gold_per_floor":[110,110,121,121,121,121,136,136,163,173,184,184,211,221,221,319,319,339,339,52,27,44,44,44,44,69,102,102,102,102,102,102,204,204,214,230,230,245,245,245,275,275,351,351,366,366,366,379,379,476,476,485,485,485,485,185,185,162,160,185,200,200,206,206,62,62,133,133,139,139,141,141,142,142,151,151,151,164,164,161,161,179,179,236,236,239,239,239,229,224,218,213,221,247,234,234,234,234,242,242,306,306,316,316,92,90,90,90,109,109,109,130,133,125,129,132,132,202,202,217,217,220,220,225,238,239,264,290,311,511,511,511,451,451,534,534,537,537,294,294,234,230,230],"floor_reached":142,"language":"DEU","playtime":22491,"items_purged":["Parasite","Voices"],"score":3249,"play_id":"a977f553-1621-47f4-8cc9-7c0cf4df6c34","local_time":"20210116175224","is_ascension_mode":false,"campfire_choices":[{"data":"Momentum","floor":6.0,"key":"SMITH"},{"floor":12.0,"key":"RECALL"},{"floor":15.0,"key":"REST"},{"floor":23.0,"key":"REST"},{"data":"infinitespire:FutureSight","floor":25.0,"key":"SMITH"},{"data":"Combo_Master","floor":28.0,"key":"SMITH"},{"data":"Form_Shift","floor":32.0,"key":"SMITH"},{"data":"Bloodbath_Bartender","floor":40.0,"key":"SMITH"},{"data":"Form_Shift","floor":42.0,"key":"SMITH"},{"data":"Pot Of Greed","floor":44.0,"key":"SMITH"},{"data":"Butterfly_Float","floor":49.0,"key":"SMITH"},{"floor":57.0,"key":"REST"},{"data":"UltimateShortwave","floor":62.0,"key":"SMITH"},{"data":"infinitespire:NeuralNetwork","floor":66.0,"key":"SMITH"},{"data":"Liquid_Armor","floor":74.0,"key":"SMITH"},{"data":"SprinkleStarSeal","floor":76.0,"key":"SMITH"},{"data":"infinitespire:UltimateForm","floor":81.0,"key":"SMITH"},{"data":"OrrerysSun","floor":83.0,"key":"SMITH"},{"floor":96.0,"key":"REST"},{"data":"infinitespire:Execution","floor":100.0,"key":"SMITH"},{"data":"Cold_Blooded","floor":108.0,"key":"SMITH"},{"data":"Scowl","floor":110.0,"key":"SMITH"},{"floor":131,"key":"REST"},{"data":"UltimateShortwave","floor":134,"key":"SMITH"},{"data":"Greased_Lightning","floor":138,"key":"SMITH"}],"circlet_count":1,"master_deck":["Strike_Bartender","Scowl+1","Pot Of Greed+1","Dragonkick","Bitters","Phantom_Blow","Hook","Greased_Lightning+1","Fading_Blow","Momentum+1","Free_Pour","Hook+1","Spirits_Within+1","Bloodbath_Bartender+1","Mirage","Combo_Master+1","PowerUp+1","DeepEcoloBomb+1","Form_Shift+1","theJungle:Gourd+1","theJungle:Gourd","theJungle:Gourd+1","Somersault+1","Form_Shift+1","Vortex","AsteroidBelt+1","OortCloud","infinitespire:Gouge+1","PropBag+1","Butterfly_Float+1","PiercingWail","ReplayTheSpireMod:Tripwire+1","Choke+1","Elbow_Slash+1","Liquid_Armor+1","Dancing_Jab+1","infinitespire:NeuralNetwork+1","Phantom_Blow+1","Perfect_Balance","UltimateShortwave+1","Beat_Rush+1","SprinkleStarSeal+1","Dolphin_Blow+1","Snap_Punch+1","Sucker_Punch+1","Sucker_Punch+1","infinitespire:UltimateForm+1","PulseMagic+1","AsteroidBelt","Greased_Lightning+1","OrrerysSun+1","infinitespire:Execution+1","Cold_Blooded+1","Power_Up_Punch+1","Waterkick+1","SatelliteIllusion","Bicycle_Kick+1","Rope_A_Dope","Greased_Lightning","JA+1","TreasureHunter+1","Mirage","Greased_Lightning","Dancing_Jab+1","LuminesStrike+1","Dancing_Jab+1","LuminesStrike+1","Singularity","Free_Pour","CollectingQuirk+1","Greased_Lightning+1","ShootTheMoon+1","Fight_Dirty","Liquid_Armor","Center_Self","Dancing_Jab+1","UltimateShortwave+1","Torment","TheCursedMod:Dregs","Beat_Rush+1"],"relics":["Sneakers","LagranYue:RandomDrawCardRelic","Molten Egg 2","Bag of Marbles","Circlet","aspiration:MarisaSkillbook","hubris:CuriousFeather","Replay:Bronze Core","hubris:OldNail","Juzu Bracelet","hubris:CrystalStatue","Spirit Poop","hubris:Backtick","MiniHakkero","jedi:crownofsimplicity","aspiration:PoetsPen_weak","Gensokyo:NagashiBinaDoll","hubris:KleinBottle","infinitespire:Broken Mirror","Nunchaku","ClockworkSouvenir","Question Card","Toy Ornithopter","conspire:GiftBox","Busted Crown","jedi:arcanewood","Sozu","Gensokyo:ConquerorOfFear","Meat on the Bone","Torii","infinitespire:FocusingShard","infinitespire:Joker Card","jedi:paperlyon","hubris:SlimyHat","hubris:HollowSoul","LetterFromLob","Blood Vial","conspire:BottledYoYo","aspiration:TomeofQuesting","Moonlight_r","Gaze_r","TungstenRod","Black Star","jedi:shrinkray","jedi:HeartOfTheCards","theSenshi:SailorFukuRelic","jedi:angrymask","War Paint","Incense Burner","Ice Cream","conspire:Flyswatter","hubris:ScarierMask","ReplayFunnel","hubris:Towel","Dream Catcher","Blue Doll","infinitespire:ShieldingShard","infinitespire:Midas Blood","Strawberry","Replay:Baseball","Oddly Smooth Stone","FaceOfCleric","Painkiller Herb","Protect_Vest","Blue Candle"],"acts_visited":["Exordium","Exordium","Gensokyo:Gensokyoest","Gensokyo:Gensokyo","Gensokyo:Gensokyoer","Gensokyo:Gensokyoest","Exordium","TheCity","Hallownest:KingdomsEdge"],"potions_floor_usage":[],"damage_taken":[{"damage":3.0,"enemies":"Jaw Worm","floor":1.0,"turns":4.0},{"damage":1.0,"enemies":"Cultist","floor":3.0,"turns":4.0},{"damage":1.0,"enemies":"Small Slimes","floor":7.0,"turns":2.0},{"damage":0.0,"enemies":"2 Fungi Beasts","floor":10.0,"turns":3.0},{"damage":7.0,"enemies":"Exordium Thugs","floor":11.0,"turns":4.0},{"damage":10.0,"enemies":"Lagavulin","floor":13.0,"turns":5.0},{"damage":11.0,"enemies":"3 Louse","floor":14.0,"turns":3.0},{"damage":15.0,"enemies":"Fading Forest","floor":16.0,"turns":11.0},{"damage":27.0,"enemies":"Shell Parasite","floor":18.0,"turns":5.0},{"damage":9.0,"enemies":"theJungle:MUSHROOMGANG","floor":22.0,"turns":4.0},{"damage":0.0,"enemies":"theJungle:MamaSnecko","floor":27.0,"turns":3.0},{"damage":0.0,"enemies":"theJungle:QueenSpyder","floor":33.0,"turns":4.0},{"damage":0.0,"enemies":"Gensokyo:3_Boulders","floor":35.0,"turns":2.0},{"damage":0.0,"enemies":"Gensokyo:3_Bats","floor":36.0,"turns":2.0},{"damage":0.0,"enemies":"Gensokyo:SeedOfUnknown","floor":38.0,"turns":2.0},{"damage":0.0,"enemies":"Nightmare","floor":41.0,"turns":4.0},{"damage":5.0,"enemies":"Gensokyo:4_Bats","floor":45.0,"turns":2.0},{"damage":0.0,"enemies":"Gensokyo:Dusk_and_Dawn","floor":48.0,"turns":3.0},{"damage":2.0,"enemies":"Gensokyo:Scarlet_Devils","floor":50.0,"turns":3.0},{"damage":0.0,"enemies":"Gensokyo:Gryphon","floor":52.0,"turns":1.0},{"damage":0.0,"enemies":"Gensokyo:Cirno","floor":58.0,"turns":5.0},{"damage":2.0,"enemies":"Gensokyo:2_Kodama","floor":59.0,"turns":2.0},{"damage":0.0,"enemies":"Gensokyo:Mamizou","floor":61.0,"turns":2.0},{"damage":0.0,"enemies":"Gensokyo:Python","floor":63.0,"turns":1.0},{"damage":0.0,"enemies":"Gensokyo:Kokoro","floor":67.0,"turns":2.0},{"damage":5.0,"enemies":"Gensokyo:CosmicMonolith","floor":69.0,"turns":2.0},{"damage":0.0,"enemies":"Gensokyo:Chomper","floor":71.0,"turns":1.0},{"damage":11.0,"enemies":"Gensokyo:Wraith","floor":73.0,"turns":2.0},{"damage":0.0,"enemies":"Nightmare","floor":75.0,"turns":2.0},{"damage":0.0,"enemies":"Gensokyo:Tenshi","floor":78.0,"turns":1.0},{"damage":0.0,"enemies":"Gensokyo:Monolith_and_Dog","floor":80.0,"turns":1.0},{"damage":0.0,"enemies":"Gensokyo:Reisen","floor":82.0,"turns":1.0},{"damage":0.0,"enemies":"Gensokyo:Eternal_Rivals","floor":84.0,"turns":3.0},{"damage":0.0,"enemies":"Gensokyo:3_Bats","floor":86.0,"turns":1.0},{"damage":0.0,"enemies":"Gensokyo:3_Boulders","floor":89.0,"turns":2.0},{"damage":0.0,"enemies":"Gensokyo:AtlasGolem","floor":90.0,"turns":1.0},{"damage":54.0,"enemies":"Gensokyo:Marisa","floor":91.0,"turns":2.0},{"damage":0.0,"enemies":"Gensokyo:SeedOfUnknown","floor":92.0,"turns":2.0},{"damage":0.0,"enemies":"Gensokyo:Kasen","floor":93.0,"turns":2.0},{"damage":0.0,"enemies":"Gensokyo:Doremy","floor":95.0,"turns":2.0},{"damage":0.0,"enemies":"Gensokyo:Rafflesia","floor":98.0,"turns":1.0},{"damage":0.0,"enemies":"Gensokyo:Doremy","floor":99.0,"turns":1.0},{"damage":15.0,"enemies":"Gensokyo:Shinki","floor":101.0,"turns":4.0},{"damage":8.0,"enemies":"2 Louse","floor":103.0,"turns":2.0},{"damage":0.0,"enemies":"Cultist","floor":106.0,"turns":2.0},{"damage":0.0,"enemies":"Gremlin Nob","floor":109.0,"turns":1.0},{"damage":12.0,"enemies":"Replay:BlueRogue","floor":112.0,"turns":2.0},{"damage":0.0,"enemies":"Jaw Worm","floor":113.0,"turns":2.0},{"damage":29.0,"enemies":"Nightmare","floor":114.0,"turns":4.0},{"damage":0.0,"enemies":"2 Fungi Beasts","floor":115.0,"turns":1.0},{"damage":0.0,"enemies":"Large Slime","floor":116.0,"turns":2.0},{"damage":0.0,"enemies":"Slime Boss","floor":118.0,"turns":3.0},{"damage":0.0,"enemies":"Spheric Guardian","floor":120.0,"turns":1.0},{"damage":0.0,"enemies":"Shell Parasite","floor":122.0,"turns":2.0},{"damage":0.0,"enemies":"3 Cultists","floor":124.0,"turns":1.0},{"damage":8.0,"enemies":"Replay:Snechameleon","floor":125.0,"turns":2.0},{"damage":0.0,"enemies":"Cultist and Chosen","floor":126.0,"turns":1.0},{"damage":0.0,"enemies":"theDuelist:KaibaA2","floor":127.0,"turns":1.0},{"damage":31.0,"enemies":"Book of Stabbing","floor":129.0,"turns":2.0},{"damage":0,"enemies":"Automaton","floor":135,"turns":2},{"damage":0,"enemies":"Hallownest:2_Littles","floor":137,"turns":1},{"damage":24,"enemies":"Nightmare_Alpha","floor":142,"turns":1}],"seed_played":"4369239190024259373","potions_obtained":[{"floor":1.0,"key":"jedi:mysterypotion"},{"floor":3.0,"key":"Swift Potion"},{"floor":13.0,"key":"Dexterity Potion"},{"floor":14.0,"key":"ColorlessPotion"},{"floor":33.0,"key":"jedi:StrikingPotion"},{"floor":38.0,"key":"Regen Potion"},{"floor":45.0,"key":"sneckomod:MuddlingPotion"},{"floor":48.0,"key":"GrandPatriotsElixir:ReiMu"},{"floor":58.0,"key":"Guardian:BlockOnCardUsePotion"},{"floor":63.0,"key":"Elixir"}],"is_trial":false,"path_per_floor":["M","?","M","?","?","R","M","?","T","M","M","R","E","M","R","B",null,"M","?","$","?","M","R","AVR","R","T","E","R","?","?","?","R","B",null,"M","M","?","M","?","R","NM","R","T","R","M","T","?","M","R","B",null,"M","?","$","?","$","R","E","M","T","E","R","M","?","$","R","B",null,"M","?","M","T","M","R","NM","R","T","E","AVR","M","R","E","R","B",null,"M","?","?","M","M","E","M","E","T","E","R","?","M","E","R","B",null,"M","?","$","M","?","R","E","R","T","E","M","NM","M","M","R","B",null,"M","?","M","?","M","E","M","E","T","E","?","R","?","?","R","B",null,"?","T","T","?","?","NM"],"character_chosen":"BARTENDER","items_purchased":["hubris:CuriousFeather","hubris:KleinBottle","Nunchaku","ClockworkSouvenir","jedi:arcanewood","jedi:shrinkray","Protect_Vest"],"campfire_rested":5,"item_purchase_floors":[20,54,56,56,65,105,139],"current_hp_per_floor":[74,74,73,73,73,73,72,72,72,72,65,65,55,44,67,62,77,50,50,50,50,41,64,64,64,64,64,64,64,64,64,64,64,77,77,77,77,77,57,57,69,69,69,69,64,64,64,64,64,62,77,77,77,58,43,43,66,66,64,64,64,64,64,58,58,58,58,58,53,53,53,53,42,42,42,42,42,42,42,42,42,42,42,47,58,58,58,58,58,58,16,30,32,32,25,42,42,44,46,46,33,58,50,50,50,52,52,52,54,54,54,43,45,30,32,39,55,55,55,55,55,55,55,55,47,49,51,58,41,41,59,59,59,59,60,60,61,61,61,61,68,0,0],"gold":230,"neow_bonus":"TEN_PERCENT_HP_BONUS","is_daily":false,"chose_seed":false,"campfire_upgraded":19,"win_rate":0.0,"timestamp":1610815944,"path_taken":["M","?","?","?","?","R","?","?","T","M","M","R","E","M","R","BOSS","M","?","$","?","?","R","AVR","R","T","E","R","?","?","?","R","BOSS","M","M","?","M","?","R","NM","R","T","R","M","?","?","M","R","BOSS","M","?","?","?","?","R","E","M","T","E","R","M","?","?","R","BOSS","M","?","M","?","M","R","NM","R","T","E","AVR","M","?","E","R","BOSS","M","?","?","M","M","E","M","E","T","E","R","?","M","E","R","BOSS","M","?","?","M","?","R","E","?","T","E","M","NM","M","M","R","BOSS","M","?","M","?","M","E","M","E","T","E","?","R","?","?","R","BOSS","?","?","T","?","?","NM"],"items_purchased_type":["Relic","Relic","Relic","Relic","Relic","Relic","Relic"],"build_version":"2020-12-22","purchased_purges":2,"victory":false,"max_hp_per_floor":[77,77,77,77,77,77,77,77,77,77,77,77,77,77,77,77,77,77,77,77,77,77,77,77,77,77,77,77,77,77,77,77,77,77,77,77,77,77,77,77,77,77,77,77,77,77,77,77,77,77,77,77,77,77,77,77,77,77,77,77,77,77,77,58,58,58,58,58,58,58,58,58,58,58,58,58,58,58,58,58,58,58,58,58,58,58,58,58,58,58,58,58,58,58,58,58,58,58,58,58,58,58,58,58,55,55,55,55,55,55,55,55,55,55,55,55,55,55,55,55,55,55,55,55,55,55,55,62,62,62,62,62,59,59,60,60,61,61,61,61,68,68,68],"card_choices":[{"not_picked":["Bloodbath_Bartender","Greased_Lightning"],"picked":"Scowl","floor":1.0},{"not_picked":["Bouncer","Torment"],"picked":"Dragonkick","floor":3.0},{"not_picked":["On_The_House","Sucker_Punch"],"picked":"Free_Pour","floor":7.0},{"not_picked":["Feint","On_The_Rocks"],"picked":"Hook+1","floor":10.0},{"not_picked":["Sucker_Punch+1","Scoop"],"picked":"Spirits_Within","floor":11.0},{"not_picked":["Dancing_Jab+1","Pony_Shot+1"],"picked":"Bloodbath_Bartender","floor":13.0},{"not_picked":["Center_Self","Alacrity"],"picked":"Mirage","floor":14.0},{"not_picked":["Form_Shift","Dolphin_Blow+1"],"picked":"Combo_Master","floor":16.0},{"not_picked":["Power_Up_Punch+1","Fading_Blow+1","Dragonkick+1"],"picked":"PowerUp","floor":18.0},{"not_picked":["Perfect_Balance","MysteriousBeam+1","Dancing_Jab+1"],"picked":"DeepEcoloBomb+1","floor":22.0},{"not_picked":["StarlightTyphoon","Sucker_Punch+1","Singularity+1"],"picked":"Form_Shift","floor":27.0},{"not_picked":["StarDustReverie","BigCrunch","MillisecondPulsars"],"picked":"Form_Shift","floor":33.0},{"not_picked":["On_The_Rocks","Snap_Punch+1","With_A_Twist"],"picked":"Vortex+","floor":35.0},{"not_picked":["DC+1","Ball_Of_Ice","Acceleration+1"],"picked":"AsteroidBelt+1","floor":36.0},{"not_picked":["WitchLeyline+1","Robbery+1","UnstableBomb+1"],"picked":"OortCloud","floor":38.0},{"not_picked":["infinitespire:Oblivion","infinitespire:UltimateForm"],"picked":"infinitespire:Gouge","floor":39.0},{"not_picked":["Scoop+1","On_The_Rocks+1","SporeBomb"],"picked":"PropBag+1","floor":41.0},{"not_picked":["ManaConvection","FairyDestructionRay+1","Foot_Thrust+1"],"picked":"Butterfly_Float","floor":45.0},{"not_picked":["Meteodrive+1","Pony_Shot+1","Hook+1"],"picked":"Elbow_Slash+1","floor":48.0},{"not_picked":["CasketOfStar","Breathe_Deep","Storage"],"picked":"Liquid_Armor","floor":50.0},{"not_picked":["Orbital","BlazeAway","Raptor_Form"],"picked":"Dancing_Jab+1","floor":52.0},{"not_picked":["infinitespire:Oblivion","infinitespire:Collect"],"picked":"infinitespire:NeuralNetwork","floor":54.0},{"not_picked":["RockBreaker+","SporeBomb","Acceleration"],"picked":"Phantom_Blow+1","floor":58.0},{"not_picked":["Cross+1","JA+1","Acceleration","Power_Up_Punch+1"],"picked":"Perfect_Balance","floor":59.0},{"not_picked":["BlazingStar+1","Spirits_Within","Liquid_Armor"],"picked":"UltimateShortwave","floor":61.0},{"not_picked":["Step_Of_The_Wind","Hook+1","PropBag","GravityBeat+1"],"picked":"Beat_Rush+1","floor":61.0},{"not_picked":["NonDirectionalLaser+1","Vortex+","WitchOfGreed","SporeBomb"],"picked":"SprinkleStarSeal","floor":63.0},{"not_picked":["JA+1","Combo_Master"],"picked":"Dolphin_Blow+1","floor":67.0},{"not_picked":["With_A_Twist","Foot_Thrust+1"],"picked":"Snap_Punch+1","floor":69.0},{"not_picked":["Snap_Punch+1","SporeBomb"],"picked":"Sucker_Punch+1","floor":71.0},{"not_picked":["StarBarrage+1","Surge"],"picked":"Sucker_Punch+1","floor":73.0},{"not_picked":["infinitespire:FinalStrike","ReplayTheSpireMod:Echoes of Time"],"picked":"infinitespire:UltimateForm","floor":75.0},{"not_picked":["Spirits_Within","MachineGunSpark+1"],"picked":"PulseMagic","floor":75.0},{"not_picked":["Step_Of_The_Wind","ThreeSidedStar+1"],"picked":"AsteroidBelt","floor":78.0},{"not_picked":["GravityBeat+1","OneTimeOff"],"picked":"Greased_Lightning","floor":80.0},{"not_picked":["DC+1","With_A_Twist+1"],"picked":"OrrerysSun","floor":82.0},{"not_picked":["infinitespire:Oblivion","infinitespire:SealOfDarkness+"],"picked":"infinitespire:Execution","floor":84.0},{"not_picked":["FinalSpark+1","Beat_Rush+1"],"picked":"Cold_Blooded","floor":84.0},{"not_picked":["RefractionSpark+1","Press_Forward"],"picked":"Power_Up_Punch+1","floor":86.0},{"not_picked":["With_A_Twist","Sucker_Punch+1"],"picked":"Waterkick+1","floor":89.0},{"not_picked":["AsteroidBelt+1","GalacticHalo"],"picked":"SatelliteIllusion","floor":90.0},{"not_picked":["Power_Up_Punch+1","DarkMatter"],"picked":"Bicycle_Kick+1","floor":91.0},{"not_picked":["AsteroidBelt","Raptor_Form","DoubleSpark+1"],"picked":"SKIP","floor":92.0},{"not_picked":["BlazingStar+1","Step_Of_The_Wind"],"picked":"Rope_A_Dope","floor":93.0},{"not_picked":["ManaConvection+1","Fading_Blow+1"],"picked":"Greased_Lightning","floor":98.0},{"not_picked":["UnstableBomb+1","NonDirectionalLaser+1"],"picked":"JA+1","floor":99.0},{"not_picked":["BigCrunch","FinalSpark+1"],"picked":"TreasureHunter+1","floor":101.0},{"not_picked":["Free_Pour","PropBag"],"picked":"Mirage","floor":103.0},{"not_picked":["PowerUp","Blizzard_Spikes"],"picked":"Greased_Lightning","floor":106.0},{"not_picked":["IllusionStar","6A+1"],"picked":"Dancing_Jab+1","floor":109.0},{"not_picked":["OpoOpo_Form","Glare"],"picked":"LuminesStrike+1","floor":112.0},{"not_picked":["OpenUniverse","BinaryStars"],"picked":"Dancing_Jab+1","floor":113.0},{"not_picked":["MilkyWay","Press_Forward"],"picked":"LuminesStrike+1","floor":114.0},{"not_picked":["Mirage","UltimateShortwave"],"picked":"Singularity","floor":115.0},{"not_picked":["Sucker_Punch+1","StarBarrage+1"],"picked":"Free_Pour","floor":116.0},{"not_picked":["Butterfly_Float","Form_Shift"],"picked":"CollectingQuirk+1","floor":118.0},{"not_picked":["Well_Drinks","Fight_Dirty+1"],"picked":"Greased_Lightning","floor":120.0},{"not_picked":["AsteroidBelt+1","Perfect_Balance"],"picked":"ShootTheMoon+1","floor":122.0},{"not_picked":["OpoOpo_Form","Insight_B"],"picked":"Fight_Dirty","floor":124.0},{"not_picked":["Pony_Shot+1","SuperPerseids"],"picked":"Liquid_Armor","floor":125.0},{"not_picked":["Press_Forward","Fading_Blow+1","With_A_Twist"],"picked":"SKIP","floor":126.0},{"not_picked":["AsteroidBelt","DoubleSpark+1"],"picked":"Center_Self","floor":127.0},{"not_picked":["Cross+1","DragonMeteor+1"],"picked":"Dancing_Jab+1","floor":129},{"not_picked":["Form_Shift","SatelliteIllusion"],"picked":"UltimateShortwave","floor":130},{"not_picked":["ShootingEcho+1","SprinkleStarSeal"],"picked":"Torment","floor":131},{"not_picked":["FinalSpark+1","CasketOfStar"],"picked":"Beat_Rush+1","floor":135},{"not_picked":["Training_Dummy+1","WitchOfGreed+1","6A+1"],"picked":"SKIP","floor":137}],"player_experience":235018,"relics_obtained":[{"floor":9.0,"key":"Bag of Marbles"},{"floor":13.0,"key":"Bromod:ArcaneNullifier"},{"floor":26.0,"key":"Juzu Bracelet"},{"floor":27.0,"key":"hubris:CrystalStatue"},{"floor":41.0,"key":"Pet Ghost"},{"floor":46.0,"key":"jedi:crownofsimplicity"},{"floor":58.0,"key":"Question Card"},{"floor":60.0,"key":"Toy Ornithopter"},{"floor":61.0,"key":"conspire:GiftBox"},{"floor":71.0,"key":"Gensokyo:ConquerorOfFear"},{"floor":72.0,"key":"Meat on the Bone"},{"floor":75.0,"key":"Torii"},{"floor":77.0,"key":"infinitespire:FocusingShard"},{"floor":78.0,"key":"infinitespire:Joker Card"},{"floor":82.0,"key":"hubris:SlimyHat"},{"floor":86.0,"key":"LetterFromLob"},{"floor":91.0,"key":"Blood Vial"},{"floor":93.0,"key":"conspire:BottledYoYo"},{"floor":94.0,"key":"aspiration:TomeofQuesting"},{"floor":99.0,"key":"TungstenRod"},{"floor":109.0,"key":"jedi:HeartOfTheCards"},{"floor":109.0,"key":"theSenshi:SailorFukuRelic"},{"floor":111.0,"key":"jedi:angrymask"},{"floor":112.0,"key":"War Paint"},{"floor":112.0,"key":"Incense Burner"},{"floor":114.0,"key":"Ice Cream"},{"floor":114.0,"key":"conspire:Flyswatter"},{"floor":121.0,"key":"ReplayFunnel"},{"floor":125.0,"key":"Dream Catcher"},{"floor":125.0,"key":"Blue Doll"},{"floor":127.0,"key":"infinitespire:ShieldingShard"},{"floor":127.0,"key":"infinitespire:Midas Blood"},{"floor":128.0,"key":"Strawberry"},{"floor":129,"key":"Replay:Baseball"},{"floor":129,"key":"Oddly Smooth Stone"}],"event_choices":[{"cards_removed":["Somersault"],"damage_healed":0.0,"max_hp_gain":0.0,"max_hp_loss":0.0,"gold_gain":0.0,"event_name":"NoteForYourself","player_choice":"Took Card","floor":2.0,"gold_loss":0.0,"damage_taken":0.0,"cards_obtained":["Pot Of Greed"]},{"damage_healed":0.0,"max_hp_gain":0.0,"max_hp_loss":0.0,"gold_gain":0.0,"event_name":"Match and Keep!","player_choice":"1 cards matched","floor":30.0,"gold_loss":0.0,"damage_taken":0.0,"cards_obtained":["Somersault"]},{"damage_healed":0.0,"max_hp_gain":0.0,"max_hp_loss":0.0,"gold_gain":0.0,"event_name":"Match and Keep!","player_choice":"1 cards matched","floor":30.0,"gold_loss":0.0,"damage_taken":0.0,"cards_obtained":["Somersault"]},{"cards_removed":["Injury"],"damage_healed":0.0,"max_hp_gain":0.0,"max_hp_loss":0.0,"gold_gain":0.0,"event_name":"Bonfire Elementals","player_choice":"Offered Curse","floor":31.0,"gold_loss":0.0,"damage_taken":0.0,"relics_obtained":["Spirit Poop"]},{"damage_healed":0.0,"max_hp_gain":0.0,"max_hp_loss":0.0,"gold_gain":0.0,"event_name":"conspire:Investor","player_choice":"Leave","floor":88.0,"gold_loss":0.0,"damage_taken":0.0},{"damage_healed":0.0,"max_hp_gain":0.0,"max_hp_loss":0.0,"gold_gain":0.0,"event_name":"Lab","player_choice":"Got Potions","floor":107.0,"gold_loss":0.0,"damage_taken":0.0},{"damage_healed":0,"gold_gain":0,"player_choice":"Trade","damage_taken":0,"relics_obtained":["FaceOfCleric"],"max_hp_gain":0,"max_hp_loss":0,"event_name":"FaceTrader","floor":132,"gold_loss":0},{"damage_healed":0,"gold_gain":0,"cards_transformed":["Parasite","Clumsy"],"player_choice":"Transformed Cards","damage_taken":0,"max_hp_gain":0,"max_hp_loss":0,"event_name":"Designer","floor":133,"gold_loss":60,"cards_obtained":["TheCursedMod:Dregs","Voices"]}],"is_beta":false,"boss_relics":[{"not_picked":["vexMod:EndlessSickness","Ring of Chaos"],"picked":"aspiration:MarisaSkillbook"},{"not_picked":["Tiny House","hubris:CrackedHourglass"],"picked":"hubris:Backtick"},{"not_picked":["conspire:SeveredTorchhead","jedi:hotpepper"],"picked":"aspiration:PoetsPen_weak"},{"not_picked":["ChewingGum","Replay:Ancient Bell"],"picked":"Sozu"},{"not_picked":["hubris:GrandSneckoEye","vexMod:TanglingVine"],"picked":"hubris:HollowSoul"},{"not_picked":["Runic Dome","infinitespire:Cupcake"],"picked":"Black Star"},{"not_picked":["conspire:SlowCooker","conspire:RunicOctahedron"],"picked":"hubris:ScarierMask"},{"not_picked":["hubris:VirtuousBlindfold","vexMod:EndlessSickness"],"picked":"Painkiller Herb"}],"items_purged_floors":[105,139],"is_endless":true,"potions_floor_spawned":[1,3,13,14,33,38,45,48,58,63,67,71,73,86,90,99,101,103,113,114,118,122,124,126,127,135],"killed_by":"Nightmare_Alpha","ascension_level":0}}