{"host":"h3vysik1bw5w0dm6","time":1610827898,"event":{"mods":["AchievementEnabler","Aspiration","BaseMod","Better Note","Better Sensory Stone","Better Vampires","BetterRewards","Colored Powertips","Conspire","Friendly Minions","Googly Eyes","Gremlin Skip","Halation","Infinite Spire","Minty Spire (QoL Compilation)","Quick Restart","Shop Mod","StSLib"],"gold_per_floor":[111,111,111,130,147,179,179,179,179,28,39,39,49,74,74,169,169,184,184,199,199,217,217,234,234,234,234,34,44,44,77,77,220,220,249,249,272,272,272,338,87,105,105],"floor_reached":42,"language":"ENG","playtime":2287,"items_purged":["Bash","conspire:SpireCoStock"],"score":667,"play_id":"cdad4415-eecb-44d9-b151-21f555b76ade","local_time":"20210116211138","is_ascension_mode":true,"campfire_choices":[{"data":"conspire:Banana","floor":7.0,"key":"SMITH"},{"data":"infinitespire:OneForAll","floor":12.0,"key":"SMITH"},{"floor":15.0,"key":"REST"},{"floor":23.0,"key":"REST"},{"floor":25.0,"key":"REST"},{"data":"RitualDagger","floor":30.0,"key":"SMITH"},{"data":"Havoc","floor":32,"key":"SMITH"}],"circlet_count":0,"master_deck":["Strike_R","Strike_R","Strike_R","Strike_R","Strike_R","Defend_R","Defend_R","Defend_R","Defend_R","Dropkick","conspire:Banana+1","infinitespire:OneForAll+1","RitualDagger+1","Metallicize+1","Shrug It Off+1","conspire:SpireCoStock","conspire:SpireCoStock","Infernal Blade+1","Havoc+1","Double Tap","Underhanded Strike","Bouncing Flask","Sentinel","Havoc+1"],"relics":["Burning Blood","infinitespire:Golems Mask","Bag of Marbles","FaceOfCleric","infinitespire:WardingShard","halation:PrussianBluePaint","halation:KoshaPiece","Toolbox","Strawberry","halation:Prosthetics","infinitespire:ShieldingShard","aspiration:RitualStick","aspiration:RitualDagger","Vajra","Darkstone Periapt","Bag of Preparation","Oddly Smooth Stone"],"acts_visited":["Exordium","TheCity","TheBeyond"],"potions_floor_usage":[31,33],"damage_taken":[{"damage":0.0,"enemies":"Cultist","floor":1.0,"turns":3.0},{"damage":8.0,"enemies":"2 Louse","floor":4.0,"turns":3.0},{"damage":7.0,"enemies":"Jaw Worm","floor":5.0,"turns":3.0},{"damage":42.0,"enemies":"3 Sentries","floor":6.0,"turns":10.0},{"damage":2.0,"enemies":"Red Slaver","floor":11.0,"turns":5.0},{"damage":4.0,"enemies":"Gremlin Gang","floor":13.0,"turns":5.0},{"damage":20.0,"enemies":"Gremlin Nob","floor":14.0,"turns":5.0},{"damage":87.0,"enemies":"The Guardian","floor":16.0,"turns":10.0},{"damage":24.0,"enemies":"Shell Parasite","floor":18.0,"turns":6.0},{"damage":26.0,"enemies":"Spheric Guardian","floor":20.0,"turns":4.0},{"damage":23.0,"enemies":"Snake Plant","floor":22.0,"turns":5.0},{"damage":18.0,"enemies":"Sentry and Sphere","floor":24.0,"turns":5.0},{"damage":0.0,"enemies":"Cultist and Chosen","floor":29.0,"turns":7.0},{"damage":11,"enemies":"Chosen and Byrds","floor":31,"turns":6},{"damage":42,"enemies":"Collector","floor":33,"turns":9},{"damage":16,"enemies":"Orb Walker","floor":35,"turns":3},{"damage":127,"enemies":"Giant Head","floor":40,"turns":9},{"damage":151,"enemies":"Nemesis","floor":42,"turns":12}],"seed_played":"-3777075971097292099","potions_obtained":[{"floor":1.0,"key":"Block Potion"},{"floor":5.0,"key":"Energy Potion"},{"floor":6.0,"key":"Fruit Juice"},{"floor":11.0,"key":"Block Potion"},{"floor":20.0,"key":"Weak Potion"},{"floor":29.0,"key":"BlessingOfTheForge"}],"is_trial":false,"path_per_floor":["M","?","?","M","M","E","R","T","T","$","M","R","M","E","R","B",null,"M","?","M","?","M","R","M","R","T","?","?","M","R","M","R","B",null,"M","?","T","?","AVR","E","$","E"],"character_chosen":"IRONCLAD","items_purchased":["Bag of Marbles","Dropkick","Toolbox","Oddly Smooth Stone"],"campfire_rested":3,"item_purchase_floors":[0,0,10,41],"current_hp_per_floor":[78,78,78,78,79,45,45,45,45,45,57,57,62,58,90,12,75,60,54,37,37,23,48,39,65,65,48,48,57,57,55,55,22,96,87,87,87,87,87,100,100,0,0],"gold":105,"neow_bonus":"","is_daily":false,"chose_seed":false,"campfire_upgraded":4,"win_rate":0.0,"timestamp":1610827898,"path_taken":["M","?","?","?","?","E","R","?","T","$","M","R","M","E","R","BOSS","M","?","M","?","?","R","M","R","T","?","?","M","R","M","R","BOSS","M","?","?","?","AVR","E","$","E"],"items_purchased_type":["Relic","Card","Relic","Relic"],"build_version":"2020-12-22","purchased_purges":2,"victory":false,"max_hp_per_floor":[80,80,80,82,84,86,86,86,86,86,94,94,97,107,107,110,75,78,78,81,81,84,84,87,87,87,87,87,90,90,93,93,96,96,97,97,97,97,97,100,100,102,102],"card_choices":[{"not_picked":["Power Through","Iron Wave","Ghostly Armor"],"picked":"SKIP","floor":1.0},{"not_picked":["Deep Breath","Good Instincts"],"picked":"conspire:Banana","floor":2.0},{"not_picked":["Sword Boomerang","Wild Strike","Havoc"],"picked":"SKIP","floor":4.0},{"not_picked":["True Grit","Reckless Charge","Cleave"],"picked":"SKIP","floor":5.0},{"not_picked":["Flex","Second Wind","Intimidate"],"picked":"SKIP","floor":6.0},{"not_picked":["conspire:Purge","Uppercut"],"picked":"infinitespire:OneForAll","floor":11.0},{"not_picked":["Feel No Pain","Warcry","Havoc"],"picked":"SKIP","floor":13.0},{"not_picked":["Clothesline","Rupture","Spot Weakness"],"picked":"SKIP","floor":14.0},{"not_picked":["Impervious","Barricade"],"picked":"Bludgeon","floor":16.0},{"not_picked":["Shrug It Off","Anger","Second Wind"],"picked":"SKIP","floor":18.0},{"not_picked":["Headbutt","Shrug It Off+1"],"picked":"Metallicize+1","floor":20.0},{"not_picked":["Body Slam","Iron Wave"],"picked":"Shrug It Off+1","floor":22.0},{"not_picked":["True Grit","Burning Pact+1","Spot Weakness"],"picked":"SKIP","floor":24.0},{"not_picked":["Sword Boomerang","Havoc"],"picked":"Infernal Blade+1","floor":29.0},{"not_picked":["Twin Strike","Shrug It Off"],"picked":"Havoc","floor":31},{"not_picked":["Immolate","Bludgeon"],"picked":"Double Tap","floor":33},{"not_picked":["Hemokinesis","Warcry","Combust"],"picked":"SKIP","floor":35},{"not_picked":["Body Slam","Metallicize+1"],"picked":"Havoc+1","floor":40}],"player_experience":345480,"relics_obtained":[{"floor":6.0,"key":"infinitespire:WardingShard"},{"floor":8.0,"key":"halation:PrussianBluePaint"},{"floor":9.0,"key":"halation:KoshaPiece"},{"floor":14.0,"key":"Strawberry"},{"floor":26.0,"key":"infinitespire:ShieldingShard"},{"floor":37,"key":"Vajra"},{"floor":40,"key":"Bag of Preparation"}],"event_choices":[{"damage_healed":0.0,"max_hp_gain":0.0,"max_hp_loss":0.0,"gold_gain":1.0,"event_name":"betterStone:BetterStone","player_choice":"1","floor":2.0,"gold_loss":0.0,"damage_taken":0.0},{"damage_healed":0.0,"max_hp_gain":0.0,"max_hp_loss":0.0,"gold_gain":0.0,"event_name":"FaceTrader","player_choice":"Trade","floor":3.0,"gold_loss":0.0,"damage_taken":0.0,"relics_obtained":["FaceOfCleric"]},{"damage_healed":0.0,"max_hp_gain":0.0,"max_hp_loss":0.0,"gold_gain":0.0,"event_name":"Nest","player_choice":"Joined the Cult","floor":19.0,"gold_loss":0.0,"damage_taken":6.0,"cards_obtained":["RitualDagger"]},{"damage_healed":0.0,"max_hp_gain":0.0,"max_hp_loss":0.0,"gold_gain":0.0,"event_name":"Match and Keep!","player_choice":"1 cards matched","floor":21.0,"gold_loss":0.0,"damage_taken":0.0,"cards_obtained":["Burning Pact"]},{"damage_healed":0.0,"max_hp_gain":0.0,"max_hp_loss":0.0,"gold_gain":0.0,"event_name":"conspire:Investor","player_choice":"Invest 4","floor":28.0,"gold_loss":0.0,"damage_taken":0.0},{"damage_healed":0,"gold_gain":0,"cards_transformed":["Malaise"],"player_choice":"Transformed","damage_taken":0,"max_hp_gain":0,"max_hp_loss":0,"event_name":"Transmorgrifier","floor":38,"gold_loss":0,"cards_obtained":["Sentinel"]}],"is_beta":false,"boss_relics":[{"not_picked":["aspiration:RunicSpoon","halation:MonkeysPaw"],"picked":"halation:Prosthetics"},{"not_picked":["halation:SmartPhone","aspiration:FutureDiary"],"picked":"aspiration:RitualDagger"}],"items_purged_floors":[0,41],"is_endless":false,"potions_floor_spawned":[1,5,6,11,20,29],"killed_by":"Nemesis","ascension_level":2}}