{"host":"f5gffvlv6a66yqkd","time":1610813640,"event":{"mods":["2.2 Compatiblity","Alarm Clock","BaseMod","Colored Map","Custom Start","DeckTracker","Keyboard Shortcuts","Minty Spire (QoL Compilation)","Permanent Neow","Quick Restart","Relic Stats","StSLib","SuperFastMode"],"gold_per_floor":[111,128,139,139,157,185,185,185,260,185,185,185,208,221,221,221,221],"floor_reached":16,"language":"KOR","playtime":325,"items_purged":["Strike_P"],"score":204,"play_id":"b9f9d011-0595-4019-b3e9-71b73b49422a","local_time":"20210117011400","is_ascension_mode":true,"campfire_choices":[{"data":"1","floor":7.0,"key":"LIFT"},{"data":"EmptyFist","floor":15,"key":"SMITH"}],"circlet_count":0,"master_deck":["AscendersBane","Strike_P","Strike_P","Strike_P","Defend_P","Defend_P","Defend_P","Eruption+1","Vigilance","EmptyFist+1","Halt","BowlingBash","CutThroughFate","Ragnarok+1"],"relics":["PureWater","Girya","Golden Idol","Molten Egg 2"],"acts_visited":["Exordium"],"potions_floor_usage":[],"damage_taken":[{"damage":1.0,"enemies":"Cultist","floor":1.0,"turns":4.0},{"damage":0.0,"enemies":"Small Slimes","floor":2.0,"turns":2.0},{"damage":7.0,"enemies":"2 Louse","floor":3.0,"turns":3.0},{"damage":3.0,"enemies":"Lots of Slimes","floor":5.0,"turns":4.0},{"damage":27.0,"enemies":"Lagavulin","floor":6.0,"turns":8.0},{"damage":0,"enemies":"2 Fungi Beasts","floor":13,"turns":2},{"damage":0,"enemies":"Blue Slaver","floor":14,"turns":1},{"damage":45,"enemies":"Slime Boss","floor":16,"turns":6}],"seed_played":"-3106054156458342060","potions_obtained":[{"floor":2.0,"key":"Block Potion"},{"floor":5.0,"key":"Regen Potion"}],"is_trial":false,"path_per_floor":["M","M","M","?","M","E","R","?","T","$","?","?","M","M","R","B"],"character_chosen":"WATCHER","items_purchased":[],"campfire_rested":0,"item_purchase_floors":[],"current_hp_per_floor":[60,60,53,53,50,38,38,38,38,38,43,43,43,43,43,0,0],"gold":221,"neow_bonus":"UPGRADE_CARD","is_daily":false,"chose_seed":false,"campfire_upgraded":1,"win_rate":0.0,"timestamp":1610813640,"path_taken":["M","M","M","?","M","E","R","?","T","$","?","?","?","M","R","BOSS"],"items_purchased_type":[],"build_version":"2020-12-22","purchased_purges":1,"victory":false,"max_hp_per_floor":[68,68,68,68,68,68,68,62,62,62,67,67,67,67,67,67,67],"relic_stats":{"counters":[8,30],"Golden Idol":8,"obtain_stats":[{"Girya":6,"Golden Idol":8,"Molten Egg 2":9,"PureWater":0},{"Girya":5,"Golden Idol":5,"Molten Egg 2":5,"PureWater":0},{"Girya":21,"Golden Idol":21,"Molten Egg 2":21,"PureWater":0}]},"card_choices":[{"not_picked":["ThirdEye","PathToVictory"],"picked":"EmptyFist","floor":1.0},{"not_picked":["PathToVictory","Evaluate"],"picked":"Halt","floor":2.0},{"not_picked":["EmptyBody","Protect"],"picked":"BowlingBash","floor":3.0},{"not_picked":["EmptyFist","LikeWater"],"picked":"CutThroughFate","floor":5.0},{"not_picked":["WindmillStrike","Nirvana","CutThroughFate"],"picked":"SKIP","floor":6.0},{"not_picked":["EmptyBody","Halt"],"picked":"Ragnarok+1","floor":13},{"not_picked":["Fasting2","CutThroughFate+1","Protect"],"picked":"SKIP","floor":14}],"player_experience":1569663,"relics_obtained":[{"floor":6.0,"key":"Girya"},{"floor":9.0,"key":"Molten Egg 2"}],"event_choices":[{"damage_healed":0.0,"max_hp_gain":0.0,"max_hp_loss":0.0,"gold_gain":0.0,"event_name":"Liars Game","player_choice":"Ignored","floor":4.0,"gold_loss":0.0,"damage_taken":0.0},{"damage_healed":0.0,"max_hp_gain":0.0,"max_hp_loss":6.0,"gold_gain":0.0,"event_name":"Golden Idol","player_choice":"Lose Max HP","floor":8.0,"gold_loss":0.0,"damage_taken":0.0,"relics_obtained":["Golden Idol"]},{"damage_healed":0.0,"max_hp_gain":5.0,"max_hp_loss":0.0,"gold_gain":0.0,"event_name":"Big Fish","player_choice":"Donut","floor":11.0,"gold_loss":0.0,"damage_taken":0.0},{"cards_removed":["Defend_P"],"damage_healed":0.0,"max_hp_gain":0.0,"max_hp_loss":0.0,"gold_gain":0.0,"event_name":"Wheel of Change","player_choice":"Card Removal","floor":12.0,"gold_loss":0.0,"damage_taken":0.0}],"is_beta":false,"boss_relics":[],"items_purged_floors":[10],"is_endless":false,"potions_floor_spawned":[2,5],"killed_by":"Slime Boss","ascension_level":20}}