{"host":"ocllwaoi18j60ltd","time":1610758194,"event":{"mods":["BaseMod","DeckTracker","Minty Spire (QoL Compilation)","Permanent Neow","Quick Restart","StSLib","SuperFastMode"],"gold_per_floor":[113,1,12,22,22,22,54,54,54,54,69,89,89,108,108,108,108],"floor_reached":16,"language":"KOR","playtime":326,"items_purged":["Defend_G"],"score":204,"play_id":"5fcf6428-b4ff-4415-9d51-8f367db56272","local_time":"20210116094954","is_ascension_mode":true,"campfire_choices":[{"data":"Tactician","floor":6,"key":"SMITH"},{"data":"Adrenaline","floor":8,"key":"SMITH"},{"data":"Predator","floor":13,"key":"SMITH"},{"floor":15,"key":"REST"}],"circlet_count":0,"master_deck":["AscendersBane","Strike_G","Strike_G","Strike_G","Strike_G","Defend_G","Defend_G","Defend_G","Defend_G","Survivor","Neutralize","Poisoned Stab+1","Prepared","Tactician+1","Tactician","Dagger Throw","Adrenaline+1","Predator+1","Backflip"],"relics":["Ring of the Snake","Dead Branch","Darkstone Periapt"],"acts_visited":["Exordium"],"potions_floor_usage":[12,16,16],"damage_taken":[{"damage":0,"enemies":"Cultist","floor":1,"turns":3},{"damage":0,"enemies":"2 Louse","floor":3,"turns":5},{"damage":0,"enemies":"Jaw Worm","floor":4,"turns":4},{"damage":38,"enemies":"3 Sentries","floor":7,"turns":12},{"damage":0,"enemies":"Blue Slaver","floor":11,"turns":2},{"damage":5,"enemies":"Large Slime","floor":12,"turns":3},{"damage":4,"enemies":"Lots of Slimes","floor":14,"turns":3},{"damage":29,"enemies":"The Guardian","floor":16,"turns":4}],"seed_played":"8062438263825848186","potions_obtained":[{"floor":3,"key":"SkillPotion"},{"floor":11,"key":"SteroidPotion"},{"floor":12,"key":"BlessingOfTheForge"}],"is_trial":false,"path_per_floor":["M","$","M","M","?","R","E","R","T","?","M","M","R","M","R","B"],"character_chosen":"THE_SILENT","items_purchased":["Tactician"],"campfire_rested":1,"item_purchase_floors":[2],"current_hp_per_floor":[59,59,59,59,59,59,21,21,21,17,17,12,12,8,27,0,0],"gold":108,"neow_bonus":"TRANSFORM_CARD","is_daily":false,"chose_seed":false,"campfire_upgraded":3,"win_rate":0.0,"timestamp":1610758194,"path_taken":["M","$","M","M","?","R","E","R","T","?","M","?","R","M","R","BOSS"],"items_purchased_type":["Card"],"build_version":"2020-12-22","purchased_purges":1,"victory":false,"max_hp_per_floor":[66,66,66,66,66,66,66,66,66,66,66,66,66,66,66,66,66],"card_choices":[{"not_picked":["Cloak And Dagger","Setup"],"picked":"Prepared","floor":1},{"not_picked":["Prepared","Terror"],"picked":"Tactician","floor":3},{"not_picked":["Riddle With Holes","Eviscerate"],"picked":"Dagger Throw","floor":4},{"not_picked":["Deadly Poison","Doppelganger"],"picked":"Adrenaline","floor":7},{"not_picked":["Caltrops","PiercingWail"],"picked":"Predator","floor":11},{"not_picked":["Deadly Poison","Outmaneuver"],"picked":"Backflip","floor":12},{"not_picked":["PiercingWail","Blur","Bane"],"picked":"SKIP","floor":14}],"player_experience":839180,"relics_obtained":[{"floor":7,"key":"Dead Branch"},{"floor":9,"key":"Darkstone Periapt"}],"event_choices":[{"damage_healed":0,"gold_gain":0,"player_choice":"Grow","damage_taken":0,"max_hp_gain":0,"max_hp_loss":0,"event_name":"Living Wall","floor":5,"gold_loss":0,"cards_upgraded":["Poisoned Stab"]},{"damage_healed":0,"gold_gain":0,"player_choice":"Bought 0 Potions","damage_taken":0,"max_hp_gain":0,"max_hp_loss":0,"event_name":"The Woman in Blue","floor":10,"gold_loss":0}],"is_beta":false,"boss_relics":[],"items_purged_floors":[2],"is_endless":false,"potions_floor_spawned":[3,11,12,14],"killed_by":"The Guardian","ascension_level":20}}