{"host":"5fpb1gzflhq9886n","time":1610776943,"event":{"mods":["AchievementEnabler","BaseMod","Colored Map","Colored Powertips","Minty Spire (QoL Compilation)","Permanent Neow"],"gold_per_floor":[113,128,16,33,44,44,61,90,163,175,175,175],"floor_reached":11,"language":"ENG","playtime":521,"items_purged":[],"score":122,"play_id":"76b0fd8f-105d-4e03-a8f7-8ac2f16c16af","local_time":"20210116010223","is_ascension_mode":true,"campfire_choices":[{"floor":6,"key":"REST"}],"circlet_count":0,"master_deck":["Strike_P","Strike_P","Strike_P","Strike_P","Defend_P","Defend_P","Defend_P","Defend_P","Eruption","Vigilance","EmptyFist","CrushJoints","LikeWater","Consecrate","CutThroughFate","InnerPeace","Prostrate","BowlingBash","Protect"],"relics":["SacredBark","Ice Cream","Pantograph"],"acts_visited":["Exordium"],"potions_floor_usage":[8],"damage_taken":[{"damage":12,"enemies":"Cultist","floor":1,"turns":3},{"damage":8,"enemies":"2 Louse","floor":2,"turns":2},{"damage":24,"enemies":"Jaw Worm","floor":4,"turns":2},{"damage":7,"enemies":"Looter","floor":5,"turns":4},{"damage":8,"enemies":"Large Slime","floor":7,"turns":5},{"damage":0,"enemies":"Gremlin Nob","floor":8,"turns":2},{"damage":24,"enemies":"Lots of Slimes","floor":10,"turns":2},{"damage":15,"enemies":"3 Sentries","floor":11,"turns":2}],"seed_played":"-7897331612271560161","potions_obtained":[{"floor":4,"key":"Ancient Potion"},{"floor":7,"key":"AttackPotion"},{"floor":10,"key":"LiquidBronze"}],"is_trial":false,"path_per_floor":["M","M","$","M","M","R","M","E","T","M","E"],"character_chosen":"WATCHER","items_purchased":["LikeWater","Consecrate"],"campfire_rested":1,"item_purchase_floors":[3,3],"current_hp_per_floor":[60,52,52,28,21,42,34,34,34,10,0,0],"gold":175,"neow_bonus":"BOSS_RELIC","is_daily":false,"chose_seed":false,"campfire_upgraded":0,"win_rate":0.0,"timestamp":1610776943,"path_taken":["M","M","?","?","?","R","M","E","T","M","E"],"items_purchased_type":["Card","Card"],"build_version":"2020-12-22","purchased_purges":0,"victory":false,"max_hp_per_floor":[72,72,72,72,72,72,72,72,72,72,72,72],"card_choices":[{"not_picked":["FlurryOfBlows","Vengeance"],"picked":"EmptyFist","floor":1},{"not_picked":["Evaluate","Collect"],"picked":"CrushJoints","floor":2},{"not_picked":["FlurryOfBlows","Fasting2"],"picked":"CutThroughFate","floor":4},{"not_picked":["FollowUp","MentalFortress"],"picked":"InnerPeace","floor":5},{"not_picked":["Nirvana","JustLucky"],"picked":"Prostrate","floor":7},{"not_picked":["EmptyFist","WreathOfFlame"],"picked":"BowlingBash","floor":8},{"not_picked":["Evaluate","JustLucky"],"picked":"Protect","floor":10}],"player_experience":693853,"relics_obtained":[{"floor":8,"key":"Ice Cream"},{"floor":9,"key":"Pantograph"}],"event_choices":[],"is_beta":false,"boss_relics":[],"items_purged_floors":[],"is_endless":false,"potions_floor_spawned":[4,7,10],"killed_by":"3 Sentries","ascension_level":4}}