{"host":"xm0tf1maiknh0fp9","time":1610774969,"event":{"mods":["BaseMod","Colored Map","Colored Powertips","Googly Eyes","Minty Spire (QoL Compilation)","Replay The Spire","StSLib"],"gold_per_floor":[114,46,46,60,60,60,60,75,75,25,25,25,50,70,70,172,172,189,189,189,114,128,128,28,28,28,48,65,65,83,99,99,202,202,218,93,111,111,0,0,30,94,94,48,84,84,125,176,176,204],"floor_reached":51,"language":"ENG","playtime":1395,"items_purged":["Writhe","Injury","Writhe"],"score":949,"play_id":"4602a3aa-f33e-4000-8bda-e18f1bdd0926","local_time":"20210116002929","is_ascension_mode":true,"campfire_choices":[{"data":"Blade Dance","floor":6.0,"key":"SMITH"},{"data":"Accuracy","floor":12,"key":"SMITH"},{"data":"Prepared","floor":15,"key":"SMITH"},{"data":"Phantasmal Killer","floor":23,"key":"SMITH"},{"data":"Cloak And Dagger","floor":25,"key":"SMITH"},{"floor":29,"key":"REST"},{"data":"Cloak And Dagger","floor":32,"key":"SMITH"},{"data":"Neutralize","floor":40,"key":"SMITH"},{"floor":49,"key":"REST"}],"circlet_count":0,"master_deck":["Defend_G","Survivor+1","Neutralize+1","Blade Dance+1","Accuracy+1","Cloak And Dagger+1","Prepared+1","Phantasmal Killer+1","Clumsy","Expertise+1","Blade Dance+1","Cloak And Dagger+1","Venomology","Injury","ReplayTheSpireMod:Scrap Shanks+1","Hidden Blade","Acrobatics","Blur"],"relics":["Empty Cage","White Beast Statue","Ice Cream","Replay:Ancient Bell","Bag of Preparation","Replay:Bottled Eggs","TungstenRod","Tiny Chest","Iron Hammer","Kintsugi","PreservedInsect","Red Mask","Anchor","Bag of Marbles","Replay:Bandana","ReplayTheSpireMod:Shallot","Vajra"],"acts_visited":["Exordium","TheCity","TheBeyond"],"potions_floor_usage":[13,13,16,22,33,33,35,37,41,41,45,45,47,48,48,50,50],"damage_taken":[{"damage":4.0,"enemies":"Jaw Worm","floor":1.0,"turns":6.0},{"damage":0.0,"enemies":"Cultist","floor":4.0,"turns":5.0},{"damage":0,"enemies":"Small Slimes","floor":8,"turns":1},{"damage":6,"enemies":"Gremlin Nob","floor":13,"turns":3},{"damage":1,"enemies":"3 Louse","floor":14,"turns":4},{"damage":0,"enemies":"Hexaghost","floor":16,"turns":7},{"damage":15,"enemies":"2 Thieves","floor":18,"turns":3},{"damage":0,"enemies":"Spheric Guardian","floor":22,"turns":2},{"damage":0,"enemies":"Snecko","floor":27,"turns":2},{"damage":9,"enemies":"Centurion and Healer","floor":28,"turns":3},{"damage":0,"enemies":"Cultist and Chosen","floor":30,"turns":2},{"damage":5,"enemies":"Snake Plant","floor":31,"turns":3},{"damage":8,"enemies":"Automaton","floor":33,"turns":3},{"damage":9,"enemies":"3 Darklings","floor":35,"turns":4},{"damage":0,"enemies":"Orb Walker","floor":37,"turns":2},{"damage":0,"enemies":"Reptomancer","floor":41,"turns":2},{"damage":6,"enemies":"3 Darklings","floor":45,"turns":3},{"damage":5,"enemies":"Sphere and 2 Shapes","floor":47,"turns":3},{"damage":35,"enemies":"R_Hoarder","floor":48,"turns":6},{"damage":65,"enemies":"Awakened One","floor":50,"turns":9}],"seed_played":"2841775534765446314","potions_obtained":[{"floor":1.0,"key":"DistilledChaos"},{"floor":4.0,"key":"FearPotion"},{"floor":13,"key":"Strength Potion"},{"floor":14,"key":"Fire Potion"},{"floor":16,"key":"DuplicationPotion"},{"floor":18,"key":"Dexterity Potion"},{"floor":22,"key":"Fruit Juice"},{"floor":27,"key":"FairyPotion"},{"floor":33,"key":"AttackPotion"},{"floor":35,"key":"AttackPotion"},{"floor":37,"key":"Strength Potion"},{"floor":41,"key":"Block Potion"},{"floor":42,"key":"Flashbang"},{"floor":42,"key":"DuplicationPotion"},{"floor":45,"key":"Venom Potion"},{"floor":48,"key":"AttackPotion"}],"is_trial":false,"path_per_floor":["M","$","?","M","?","R","?","M","T","?","$","R","E","M","R","B",null,"M","?","?","$","M","R","$","R","T","M","M","R","M","M","R","B",null,"M","$","M","T","?","R","E","?","T","$","M","T","M","E","R","B",null],"character_chosen":"THE_SILENT","items_purchased":["Accuracy","Acrobatics"],"campfire_rested":2,"item_purchase_floors":[2,44],"current_hp_per_floor":[66,66,66,66,52,52,52,52,52,52,52,52,46,45,45,45,70,55,55,55,55,60,60,60,60,60,60,51,73,73,68,68,60,75,66,66,66,66,66,66,66,66,66,66,60,60,55,20,42,3],"gold":204,"neow_bonus":"BOSS_RELIC","is_daily":false,"chose_seed":false,"campfire_upgraded":7,"win_rate":0.0,"timestamp":1610774969,"path_taken":["M","$","?","?","?","R","?","?","T","?","$","R","E","M","R","BOSS","M","?","?","$","M","R","$","R","T","?","M","R","M","M","R","BOSS","M","$","?","?","?","R","E","?","T","?","M","?","M","E","R","BOSS"],"items_purchased_type":["Card","Card"],"build_version":"2020-12-22","purchased_purges":3,"victory":true,"max_hp_per_floor":[70,70,70,70,70,70,70,70,70,70,70,70,70,70,70,70,70,70,70,70,70,75,75,75,75,75,75,75,75,75,75,75,75,75,75,75,75,75,75,75,75,75,75,75,75,75,75,75,75,75],"card_choices":[{"not_picked":["Accuracy","Hidden Blade"],"picked":"Blade Dance","floor":1.0},{"not_picked":["Bane","Dagger Spray","Poisoned Stab"],"picked":"SKIP","floor":4.0},{"not_picked":["Endless Agony","Well Laid Plans","Fluid Movement"],"picked":"SKIP","floor":8},{"not_picked":["Skewer","Toxin Wave"],"picked":"Cloak And Dagger","floor":13},{"not_picked":["Acrobatics","Calculated Gamble"],"picked":"Prepared","floor":14},{"not_picked":["Grand Finale","Doppelganger"],"picked":"Phantasmal Killer","floor":16},{"not_picked":["Writhe","Replay:Hysterical Blindness"],"picked":"Clumsy","floor":17},{"not_picked":["Decay","Overencumbered"],"picked":"Writhe","floor":17},{"not_picked":["Languid","Doubt"],"picked":"Injury","floor":17},{"not_picked":["Sucker Punch+1","Backstab"],"picked":"Expertise+1","floor":18},{"not_picked":["Calculated Gamble+1","Bullet Time","Bane"],"picked":"SKIP","floor":22},{"not_picked":["Poisoned Stab+1","Flying Knee","ReplayTheSpireMod:Tripwire"],"picked":"SKIP","floor":27},{"not_picked":["Flying Knee+1","Deadly Poison"],"picked":"Blade Dance","floor":28},{"not_picked":["Backflip","Bane"],"picked":"Cloak And Dagger","floor":30},{"not_picked":["Leg Sweep","Sucker Punch","ReplayTheSpireMod:Exploit Weakness"],"picked":"SKIP","floor":31},{"not_picked":["Bullet Time","A Thousand Cuts"],"picked":"Venomology","floor":33},{"not_picked":["Outmaneuver","ReplayTheSpireMod:The Works","Underhanded Strike"],"picked":"SKIP","floor":35},{"not_picked":["Dash+1","Sucker Punch+1","Terror+1"],"picked":"SKIP","floor":37},{"not_picked":["Deflect","ReplayTheSpireMod:From All Sides"],"picked":"ReplayTheSpireMod:Scrap Shanks+1","floor":41},{"not_picked":["ReplayTheSpireMod:Speed Training+1","Quick Slash+1"],"picked":"Hidden Blade","floor":42},{"not_picked":["Dagger Throw+1","Cloak And Dagger+1","Dodge and Roll+1"],"picked":"SKIP","floor":45},{"not_picked":["Poisoned Stab+1","PiercingWail+1","Footwork"],"picked":"SKIP","floor":47},{"not_picked":["Noxious Fumes","Backstab+1"],"picked":"Blur","floor":48}],"player_experience":128576,"relics_obtained":[{"floor":9,"key":"White Beast Statue"},{"floor":13,"key":"Ice Cream"},{"floor":26,"key":"Iron Hammer"},{"floor":38,"key":"PreservedInsect"},{"floor":41,"key":"Anchor"},{"floor":42,"key":"Bag of Marbles"},{"floor":43,"key":"Replay:Bandana"},{"floor":46,"key":"ReplayTheSpireMod:Shallot"},{"floor":48,"key":"Vajra"}],"event_choices":[{"cards_removed":["Strike_G"],"damage_healed":0.0,"max_hp_gain":0.0,"max_hp_loss":0.0,"gold_gain":0.0,"event_name":"Wheel of Change","player_choice":"Card Removal","floor":3.0,"gold_loss":0.0,"damage_taken":0.0},{"damage_healed":0.0,"max_hp_gain":0.0,"max_hp_loss":0.0,"gold_gain":0.0,"event_name":"Shining Light","player_choice":"Entered Light","floor":5.0,"gold_loss":0.0,"damage_taken":14.0,"cards_upgraded":["Strike_G","Survivor"]},{"cards_removed":["Strike_G"],"damage_healed":0,"gold_gain":0,"player_choice":"Purged","damage_taken":0,"max_hp_gain":0,"max_hp_loss":0,"event_name":"Purifier","floor":7,"gold_loss":0},{"cards_removed":["Defend_G"],"damage_healed":0,"gold_gain":0,"player_choice":"Card Removal","damage_taken":0,"max_hp_gain":0,"max_hp_loss":0,"event_name":"The Cleric","floor":10,"gold_loss":50},{"damage_healed":0,"gold_gain":0,"player_choice":"Stole Relic","damage_taken":0,"relics_obtained":["Tiny Chest"],"max_hp_gain":0,"max_hp_loss":0,"event_name":"Addict","floor":19,"gold_loss":0,"cards_obtained":["Shame"]},{"cards_removed":["Shame"],"damage_healed":0,"gold_gain":0,"player_choice":"Card Removal","damage_taken":0,"max_hp_gain":0,"max_hp_loss":0,"event_name":"Wheel of Change","floor":20,"gold_loss":0},{"damage_healed":0,"gold_gain":0,"player_choice":"Paid","damage_taken":0,"relics_obtained":["Red Mask"],"max_hp_gain":0,"max_hp_loss":0,"event_name":"Tomb of Lord Red Mask","floor":39,"gold_loss":111}],"is_beta":false,"boss_relics":[{"not_picked":["ChewingGum","Philosopher\u0027s Stone"],"picked":"Replay:Ancient Bell"},{"not_picked":["Pen Nib","Replay:Rubber Ducky"],"picked":"Bag of Preparation"},{"not_picked":["Mummified Hand","Gremlin Horn"],"picked":"Replay:Bottled Eggs"},{"not_picked":["Basket Of Snakes","Tingsha"],"picked":"TungstenRod"},{"not_picked":["Velvet Choker","Black Star"],"picked":"Kintsugi"}],"items_purged_floors":[21,24,36],"is_endless":false,"potions_floor_spawned":[1,4,13,14,16,18,22,27,28,30,31,33,35,37,41,45,47,48],"ascension_level":4}}