{"host":"baymyijz6sxaqj5s","time":1610784234,"event":{"mods":["AchievementEnabler","BaseMod","Colored Map","Colored Powertips","DeckTracker","Highlight Path","KOR Keyword Fix","Keyboard Shortcuts","Minty Spire (QoL Compilation)","Quick Restart","StSLib","SuperFastMode"],"gold_per_floor":[109,109,61,79,91,91,108,127,127,127,127,138,138,153,153,248,248,262,280,291,120,132,132,164,164,164,164,175,194,109,61,61,61,61],"floor_reached":33,"language":"KOR","playtime":968,"items_purged":[],"score":343,"play_id":"0929b234-35a7-4793-a985-575c1b81285c","local_time":"20210116170354","is_ascension_mode":true,"campfire_choices":[{"data":"Survivor","floor":6,"key":"SMITH"},{"data":"Tactician","floor":10,"key":"SMITH"},{"data":"Corpse Explosion","floor":13,"key":"SMITH"},{"floor":15,"key":"REST"},{"floor":23,"key":"REST"},{"data":"Dash","floor":27,"key":"SMITH"},{"data":"Backflip","floor":32,"key":"SMITH"}],"circlet_count":0,"master_deck":["Strike_G","Strike_G","Strike_G","Strike_G","Defend_G","Defend_G","Defend_G","Defend_G","Defend_G","Survivor+1","Neutralize","Deadly Poison","Poisoned Stab","Tactician+1","Deflect","Leg Sweep","Outmaneuver","Corpse Explosion+1","Die Die Die","Dash+1","Poisoned Stab+1","Poisoned Stab","Backflip+1","Acrobatics","Deadly Poison"],"relics":["Ring of the Snake","Mummified Hand","Sozu","Lee\u0027s Waffle","Paper Crane","Ginger","Dream Catcher"],"acts_visited":["Exordium","TheCity"],"potions_floor_usage":[12,16,24],"damage_taken":[{"damage":2,"enemies":"Small Slimes","floor":1,"turns":4},{"damage":0,"enemies":"Jaw Worm","floor":4,"turns":4},{"damage":0,"enemies":"Cultist","floor":5,"turns":4},{"damage":6,"enemies":"2 Fungi Beasts","floor":7,"turns":5},{"damage":8,"enemies":"Large Slime","floor":8,"turns":8},{"damage":10,"enemies":"Exordium Wildlife","floor":12,"turns":5},{"damage":2,"enemies":"Looter","floor":14,"turns":4},{"damage":13,"enemies":"The Guardian","floor":16,"turns":9},{"damage":19,"enemies":"Chosen","floor":18,"turns":5},{"damage":15,"enemies":"Shell Parasite","floor":19,"turns":6},{"damage":39,"enemies":"Sentry and Sphere","floor":20,"turns":7},{"damage":32,"enemies":"Shelled Parasite and Fungi","floor":22,"turns":4},{"damage":20,"enemies":"Gremlin Leader","floor":24,"turns":7},{"damage":6,"enemies":"Centurion and Healer","floor":28,"turns":5},{"damage":0,"enemies":"Snake Plant","floor":29,"turns":4},{"damage":81,"enemies":"Champ","floor":33,"turns":11}],"seed_played":"-6077446857541196200","potions_obtained":[{"floor":5,"key":"Ancient Potion"},{"floor":7,"key":"SkillPotion"},{"floor":16,"key":"Dexterity Potion"}],"is_trial":false,"path_per_floor":["M","?","$","M","M","R","M","M","T","R","?","M","R","M","R","B",null,"M","M","M","$","M","R","E","?","T","R","M","M","?","$","R","B"],"character_chosen":"THE_SILENT","items_purchased":["Poisoned Stab","Lee\u0027s Waffle","Poisoned Stab","Deadly Poison"],"campfire_rested":2,"item_purchase_floors":[3,21,21,31],"current_hp_per_floor":[75,75,75,75,75,75,69,61,61,61,61,51,51,49,72,59,77,58,43,4,84,52,77,57,84,84,84,78,78,78,78,78,0,0],"gold":61,"neow_bonus":"TEN_PERCENT_HP_BONUS","is_daily":false,"chose_seed":false,"campfire_upgraded":5,"win_rate":0.0,"timestamp":1610784234,"path_taken":["M","?","$","M","M","R","M","M","T","R","?","?","R","M","R","BOSS","M","M","M","$","M","R","E","?","T","R","M","M","?","?","R","BOSS"],"items_purchased_type":["Card","Relic","Card","Card"],"build_version":"2020-12-22","purchased_purges":0,"victory":false,"max_hp_per_floor":[77,77,77,77,77,77,77,77,77,77,77,77,77,77,77,77,77,77,77,77,84,84,84,84,84,84,84,84,84,84,84,84,84,84],"card_choices":[{"not_picked":["Backflip","Flying Knee"],"picked":"Deadly Poison","floor":1},{"not_picked":["Poisoned Stab","Prepared"],"picked":"Tactician","floor":4},{"not_picked":["Sucker Punch","Prepared"],"picked":"Deflect","floor":5},{"not_picked":["Dagger Throw","Bane"],"picked":"Leg Sweep","floor":7},{"not_picked":["Terror","Prepared"],"picked":"Outmaneuver","floor":8},{"not_picked":["Bane","Dagger Spray"],"picked":"Corpse Explosion","floor":12},{"not_picked":["Accuracy","Outmaneuver","Poisoned Stab"],"picked":"SKIP","floor":14},{"not_picked":["Doppelganger","Tools of the Trade"],"picked":"Die Die Die","floor":16},{"not_picked":["Dodge and Roll+1","Prepared"],"picked":"Dash","floor":18},{"not_picked":["Concentrate+1","Eviscerate"],"picked":"Poisoned Stab+1","floor":19},{"not_picked":["Skewer","Acrobatics","Prepared"],"picked":"SKIP","floor":20},{"not_picked":["Prepared+1","Flying Knee"],"picked":"Backflip","floor":22},{"not_picked":["Dodge and Roll","Flechettes","Outmaneuver"],"picked":"SKIP","floor":24},{"not_picked":["Eviscerate","Leg Sweep+1"],"picked":"Acrobatics","floor":28},{"not_picked":["Heel Hook","Outmaneuver+1","Cloak And Dagger"],"picked":"SKIP","floor":29}],"player_experience":89150,"relics_obtained":[{"floor":9,"key":"Mummified Hand"},{"floor":24,"key":"Paper Crane"},{"floor":26,"key":"Ginger"}],"event_choices":[{"damage_healed":0,"gold_gain":0,"player_choice":"Ignored","damage_taken":0,"max_hp_gain":0,"max_hp_loss":0,"event_name":"Golden Idol","floor":2,"gold_loss":0},{"cards_removed":["Strike_G"],"damage_healed":0,"gold_gain":0,"player_choice":"Purged","damage_taken":0,"max_hp_gain":0,"max_hp_loss":0,"event_name":"Purifier","floor":11,"gold_loss":0},{"damage_healed":28,"gold_gain":0,"player_choice":"Heal","damage_taken":0,"max_hp_gain":0,"max_hp_loss":0,"event_name":"The Library","floor":25,"gold_loss":0},{"damage_healed":0,"gold_gain":0,"player_choice":"Obtained Relic","damage_taken":0,"relics_obtained":["Dream Catcher"],"max_hp_gain":0,"max_hp_loss":0,"event_name":"Addict","floor":30,"gold_loss":85}],"is_beta":false,"boss_relics":[{"not_picked":["Fusion Hammer","Busted Crown"],"picked":"Sozu"}],"items_purged_floors":[],"is_endless":false,"potions_floor_spawned":[5,7,16,19,22],"killed_by":"Champ","ascension_level":4}}