{"host":"n4fty02wqqi95laq","time":1610783107,"event":{"mods":["BaseMod","Highlight Path","Minty Spire (QoL Compilation)","Quick Restart","Rare Cards Sparkle","StSLib"],"gold_per_floor":[117,117,117,117,128,163,163,196,196,196,209,243,168,180,180,254,254,266,266,283,295,331,331,331],"floor_reached":23,"language":"ZHS","playtime":463,"items_purged":[],"score":672,"play_id":"3b7de355-720d-412f-b8a6-9261f09db21e","local_time":"20210116154507","is_ascension_mode":true,"campfire_choices":[{"data":"Eruption","floor":7.0,"key":"SMITH"},{"data":"SignatureMove","floor":10.0,"key":"SMITH"},{"data":"Pray","floor":15.0,"key":"SMITH"}],"circlet_count":0,"master_deck":["AscendersBane","Strike_P","Strike_P","Defend_P","Defend_P","Defend_P","Eruption+1","Vigilance","Crescendo","SignatureMove+1","BowlingBash","Omniscience","TalkToTheHand","Adaptation","Pray+1","DeusExMachina","Prostrate+1","Wish"],"relics":["PureWater","NeowsBlessing","TeardropLocket","Lantern","Turnip","The Courier","Shuriken","VioletLotus"],"acts_visited":["Exordium","TheCity"],"potions_floor_usage":[23],"damage_taken":[{"damage":0.0,"enemies":"Jaw Worm","floor":1.0,"turns":1.0},{"damage":0.0,"enemies":"Small Slimes","floor":5.0,"turns":1.0},{"damage":0.0,"enemies":"Lagavulin","floor":6.0,"turns":1.0},{"damage":0.0,"enemies":"Gremlin Nob","floor":8.0,"turns":2.0},{"damage":0.0,"enemies":"Cultist","floor":11.0,"turns":2.0},{"damage":7.0,"enemies":"3 Sentries","floor":12.0,"turns":4.0},{"damage":8.0,"enemies":"3 Louse","floor":14.0,"turns":2.0},{"damage":0.0,"enemies":"Slime Boss","floor":16.0,"turns":5.0},{"damage":0.0,"enemies":"Chosen","floor":18.0,"turns":2.0},{"damage":16.0,"enemies":"Shell Parasite","floor":20.0,"turns":2.0},{"damage":9.0,"enemies":"Snecko","floor":21.0,"turns":3.0},{"damage":19.0,"enemies":"Cultist and Chosen","floor":22.0,"turns":5.0},{"damage":0,"enemies":"Slavers","floor":23,"turns":1}],"seed_played":"-7729619460387945450","potions_obtained":[{"floor":6.0,"key":"Ancient Potion"},{"floor":8.0,"key":"EssenceOfSteel"},{"floor":11.0,"key":"Explosive Potion"},{"floor":14.0,"key":"PowerPotion"}],"is_trial":false,"path_per_floor":["M","?","?","T","M","E","R","E","T","R","M","E","?","M","R","B",null,"M","?","M","M","M","E"],"character_chosen":"WATCHER","items_purchased":[],"campfire_rested":0,"item_purchase_floors":[],"current_hp_per_floor":[61,54,54,54,54,54,54,54,54,54,54,47,47,39,39,39,61,61,61,45,36,17,17,17],"gold":331,"neow_bonus":"THREE_ENEMY_KILL","is_daily":false,"chose_seed":false,"campfire_upgraded":3,"win_rate":0.0,"timestamp":1610783107,"path_taken":["M","?","?","?","M","E","R","E","T","R","?","E","?","M","R","BOSS","M","?","?","M","M","E"],"items_purchased_type":[],"build_version":"2020-12-22","purchased_purges":0,"victory":false,"max_hp_per_floor":[68,68,68,68,68,68,68,68,68,68,68,68,68,68,68,68,68,68,68,68,68,68,68,68],"card_choices":[{"not_picked":["SashWhip","Consecrate"],"picked":"Crescendo","floor":1.0},{"not_picked":["WaveOfTheHand","CrushJoints"],"picked":"BowlingBash","floor":5.0},{"not_picked":["EmptyMind","JustLucky"],"picked":"Omniscience","floor":6.0},{"not_picked":["DeceiveReality","BowlingBash","Conclude"],"picked":"SKIP","floor":8.0},{"not_picked":["CrushJoints","SandsOfTime"],"picked":"TalkToTheHand","floor":11.0},{"not_picked":["Study","Vault"],"picked":"Adaptation","floor":12.0},{"not_picked":["ReachHeaven","Wallop"],"picked":"Pray","floor":14.0},{"not_picked":["Omniscience","Alpha"],"picked":"DeusExMachina","floor":16.0},{"not_picked":["WreathOfFlame","Study"],"picked":"Prostrate+1","floor":18.0},{"not_picked":["BattleHymn","SashWhip","ThirdEye"],"picked":"SKIP","floor":20.0},{"not_picked":["Weave","Consecrate"],"picked":"Wish","floor":21.0},{"not_picked":["ThirdEye","Crescendo","PathToVictory+1"],"picked":"SKIP","floor":22.0}],"player_experience":669343,"relics_obtained":[{"floor":4.0,"key":"TeardropLocket"},{"floor":6.0,"key":"Lantern"},{"floor":8.0,"key":"Turnip"},{"floor":9.0,"key":"The Courier"},{"floor":12.0,"key":"Shuriken"}],"event_choices":[{"cards_removed":["Defend_P"],"damage_healed":0.0,"max_hp_gain":0.0,"max_hp_loss":0.0,"gold_gain":0.0,"event_name":"Golden Wing","player_choice":"Card Removal","floor":2.0,"gold_loss":0.0,"damage_taken":7.0},{"damage_healed":0.0,"max_hp_gain":0.0,"max_hp_loss":0.0,"gold_gain":0.0,"cards_transformed":["Strike_P"],"event_name":"Living Wall","player_choice":"Change","floor":3.0,"gold_loss":0.0,"damage_taken":0.0,"cards_obtained":["SignatureMove"]},{"cards_removed":["Strike_P"],"damage_healed":0.0,"max_hp_gain":0.0,"max_hp_loss":0.0,"gold_gain":0.0,"event_name":"The Cleric","player_choice":"Card Removal","floor":13.0,"gold_loss":75.0,"damage_taken":0.0},{"damage_healed":0.0,"max_hp_gain":0.0,"max_hp_loss":0.0,"gold_gain":0.0,"event_name":"N\u0027loth","player_choice":"Ignored","floor":19.0,"gold_loss":0.0,"damage_taken":0.0}],"is_beta":false,"boss_relics":[{"not_picked":["Runic Pyramid","Calling Bell"],"picked":"VioletLotus"}],"items_purged_floors":[],"is_endless":false,"potions_floor_spawned":[6,8,11,14,16,18,21],"killed_by":"Slavers","ascension_level":20}}