{"host":"yo9wwslrag05lh37","time":1610830569,"event":{"mods":["AchievementEnabler","BaseMod","Block Reminder","Colored Map","Colored Powertips","GifTheSpireLib","HexUI Lib","Highlight Path","Minty Spire (QoL Compilation)","Rare Cards Sparkle","Relic Stats","StSLib","everything is the same but u backflip on backflip"],"gold_per_floor":[110,125,125,145,163,195,195,230,255,255,255],"floor_reached":10,"language":"ENG","playtime":950,"items_purged":[],"score":156,"play_id":"0f994b09-733b-4e69-a8b2-23219616c167","local_time":"20210116215609","is_ascension_mode":true,"campfire_choices":[{"floor":7,"key":"REST"}],"circlet_count":0,"master_deck":["AscendersBane","Strike_R","Strike_R","Strike_R","Strike_R","Strike_R","Defend_R","Defend_R","Defend_R","Defend_R","Bash","Clothesline","Hemokinesis","Flame Barrier","Spot Weakness","Ghostly Armor"],"relics":["Burning Blood","Smiling Mask","Bottled Flame","Pen Nib","Ancient Tea Set"],"acts_visited":["Exordium"],"potions_floor_usage":[6,8],"damage_taken":[{"damage":19,"enemies":"Jaw Worm","floor":1,"turns":4},{"damage":7,"enemies":"Small Slimes","floor":2,"turns":4},{"damage":6,"enemies":"2 Louse","floor":4,"turns":4},{"damage":11,"enemies":"Looter","floor":5,"turns":4},{"damage":49,"enemies":"3 Sentries","floor":6,"turns":11},{"damage":29,"enemies":"Lagavulin","floor":8,"turns":5},{"damage":31,"enemies":"Gremlin Nob","floor":10,"turns":3}],"seed_played":"-8098436957329885354","potions_obtained":[{"floor":5,"key":"GamblersBrew"},{"floor":6,"key":"DistilledChaos"}],"is_trial":false,"path_per_floor":["M","M","?","M","M","E","R","E","T","E"],"character_chosen":"IRONCLAD","items_purchased":[],"campfire_rested":1,"item_purchase_floors":[],"current_hp_per_floor":[55,54,59,59,54,11,35,12,12,0,0],"gold":255,"neow_bonus":"RANDOM_COMMON_RELIC","is_daily":false,"chose_seed":false,"campfire_upgraded":0,"win_rate":0.0,"timestamp":1610830569,"path_taken":["M","M","?","M","M","E","R","E","T","E"],"items_purchased_type":[],"build_version":"2020-12-22","purchased_purges":0,"victory":false,"max_hp_per_floor":[75,75,80,80,80,80,80,80,80,80,80],"relic_stats":{"counters":[7,35],"Pen Nib":[0],"Smiling Mask":0,"obtain_stats":[{"Bottled Flame":6,"Pen Nib":8,"Smiling Mask":0,"Ancient Tea Set":9,"Burning Blood":0},{"Bottled Flame":5,"Pen Nib":6,"Smiling Mask":0,"Ancient Tea Set":6,"Burning Blood":0},{"Bottled Flame":27,"Pen Nib":32,"Smiling Mask":0,"Ancient Tea Set":32,"Burning Blood":0}],"Burning Blood":36},"card_choices":[{"not_picked":["Cleave","Warcry"],"picked":"Clothesline","floor":1},{"not_picked":["Body Slam","Clothesline","Armaments"],"picked":"SKIP","floor":2},{"not_picked":["Warcry","Disarm"],"picked":"Hemokinesis","floor":4},{"not_picked":["Sword Boomerang","Inflame"],"picked":"Flame Barrier","floor":5},{"not_picked":["Brutality","Armaments"],"picked":"Spot Weakness","floor":6},{"not_picked":["Sword Boomerang","Perfected Strike"],"picked":"Ghostly Armor","floor":8}],"player_experience":1503658,"relics_obtained":[{"floor":6,"key":"Bottled Flame"},{"floor":8,"key":"Pen Nib"},{"floor":9,"key":"Ancient Tea Set"}],"event_choices":[{"damage_healed":0,"gold_gain":0,"player_choice":"Donut","damage_taken":0,"max_hp_gain":5,"max_hp_loss":0,"event_name":"Big Fish","floor":3,"gold_loss":0}],"is_beta":false,"boss_relics":[],"items_purged_floors":[],"is_endless":false,"potions_floor_spawned":[5,6],"killed_by":"Gremlin Nob","ascension_level":20}}