{"host":"z42sc0n2dozsmk72","time":1610763778,"event":{"mods":["AchievementEnabler","BaseMod","Better Third Choice","Colored Map","Curses Come First","Highlight Path","Minty Spire (QoL Compilation)","Permanent Neow","Quick Restart","Relic Stats","Shop Mod","StSLib","egg","slay the spire mod where everything is the same but ironclad has a cowboy hat"],"gold_per_floor":[118,118,130,130,150,165,165,194,194,12,12,40,40,54,54,150,150,167,178,191,208,223,223,223],"floor_reached":23,"language":"ENG","playtime":1304,"items_purged":[],"score":242,"play_id":"235b1d42-a717-4de1-ac75-772a4e5f68d0","local_time":"20210116152258","is_ascension_mode":true,"campfire_choices":[{"data":"Ragnarok","floor":7,"key":"SMITH"},{"data":"Worship","floor":11,"key":"SMITH"},{"data":"Prostrate","floor":15,"key":"SMITH"}],"circlet_count":0,"master_deck":["Strike_P","Strike_P","Strike_P","Defend_P","Defend_P","Defend_P","Eruption","Vigilance","ClearTheMind","Ragnarok+1","EmptyBody","Worship+1","Prostrate+1","Tantrum","Consecrate","Devotion","WheelKick","Conclude+1","Tantrum+1","Devotion"],"relics":["VioletLotus","Singing Bowl","Torii","Happy Flower","Shovel","Sozu"],"acts_visited":["Exordium","TheCity"],"potions_floor_usage":[8,12],"damage_taken":[{"damage":0.0,"enemies":"Cultist","floor":1.0,"turns":2.0},{"damage":0,"enemies":"2 Louse","floor":3,"turns":4},{"damage":0,"enemies":"Jaw Worm","floor":5,"turns":5},{"damage":0,"enemies":"Large Slime","floor":6,"turns":5},{"damage":0,"enemies":"Gremlin Nob","floor":8,"turns":2},{"damage":10,"enemies":"3 Sentries","floor":12,"turns":6},{"damage":1,"enemies":"Lots of Slimes","floor":14,"turns":3},{"damage":13,"enemies":"Hexaghost","floor":16,"turns":8},{"damage":17,"enemies":"2 Thieves","floor":18,"turns":3},{"damage":0,"enemies":"3 Byrds","floor":19,"turns":5},{"damage":13,"enemies":"Centurion and Healer","floor":20,"turns":4},{"damage":29,"enemies":"Shelled Parasite and Fungi","floor":21,"turns":4},{"damage":8,"enemies":"Snecko","floor":22,"turns":4},{"damage":18,"enemies":"Gremlin Leader","floor":23,"turns":2}],"seed_played":"517594575318200439","potions_obtained":[{"floor":1.0,"key":"SteroidPotion"},{"floor":6,"key":"DistilledChaos"},{"floor":14,"key":"PowerPotion"}],"is_trial":false,"path_per_floor":["M","?","M","$","M","M","R","E","T","$","R","E","?","M","R","B",null,"M","M","M","M","M","E"],"character_chosen":"WATCHER","items_purchased":["Prostrate","Happy Flower"],"campfire_rested":0,"item_purchase_floors":[10,10],"current_hp_per_floor":[72,72,72,72,72,72,72,72,72,72,72,62,55,54,54,41,72,57,57,44,15,7,0,0],"gold":223,"neow_bonus":"BOSS_RELIC","is_daily":false,"chose_seed":false,"campfire_upgraded":3,"win_rate":0.0,"timestamp":1610763778,"path_taken":["M","?","M","?","M","M","R","E","T","$","R","E","?","M","R","BOSS","M","M","M","M","M","E"],"items_purchased_type":["Card","Relic"],"build_version":"2020-12-22","purchased_purges":0,"victory":false,"max_hp_per_floor":[72,72,72,72,72,72,72,72,72,72,72,72,72,72,72,72,72,74,74,74,74,74,74,74],"relic_stats":{"Sozu":3,"Shovel":0,"Singing Bowl":2,"Torii":29,"Happy Flower":[13],"counters":[14,57],"VioletLotus":[16],"obtain_stats":[{"Sozu":17,"Shovel":12,"Singing Bowl":8,"Torii":9,"Happy Flower":10,"VioletLotus":0,"PureWater":0},{"Sozu":8,"Shovel":6,"Singing Bowl":5,"Torii":5,"Happy Flower":5,"VioletLotus":0,"PureWater":0},{"Sozu":35,"Shovel":24,"Singing Bowl":18,"Torii":18,"Happy Flower":18,"VioletLotus":0,"PureWater":0}]},"card_choices":[{"not_picked":["Swivel","FollowUp"],"picked":"ClearTheMind","floor":1.0},{"not_picked":["BowlingBash","Scrawl"],"picked":"EmptyBody","floor":3},{"not_picked":["SignatureMove","DeceiveReality","Prostrate"],"picked":"SKIP","floor":5},{"not_picked":["CutThroughFate","Evaluate","PathToVictory"],"picked":"SKIP","floor":6},{"not_picked":["WreathOfFlame","SandsOfTime"],"picked":"Worship","floor":8},{"not_picked":["FollowUp","Protect"],"picked":"Tantrum","floor":12},{"not_picked":["Crescendo","FollowUp"],"picked":"Consecrate","floor":14},{"not_picked":["Wish","DeusExMachina"],"picked":"Devotion","floor":16},{"not_picked":["EmptyBody","LikeWater+1","Perseverance+1"],"picked":"Singing Bowl","floor":18},{"not_picked":["CrushJoints","FearNoEvil"],"picked":"WheelKick","floor":19},{"not_picked":["ForeignInfluence","ThirdEye"],"picked":"Conclude+1","floor":20},{"not_picked":["Consecrate","Conclude"],"picked":"Tantrum+1","floor":21},{"not_picked":["Halt+1","FollowUp+1"],"picked":"Devotion","floor":22}],"player_experience":836202,"relics_obtained":[{"floor":8,"key":"Singing Bowl"},{"floor":9,"key":"Torii"},{"floor":12,"key":"Shovel"}],"event_choices":[{"damage_healed":0.0,"max_hp_gain":0.0,"max_hp_loss":0.0,"gold_gain":0.0,"cards_transformed":["Strike_P"],"event_name":"Transmorgrifier","player_choice":"Transformed","floor":2.0,"gold_loss":0.0,"damage_taken":0.0,"cards_obtained":["Ragnarok"]},{"cards_removed":["Defend_P"],"damage_healed":0,"gold_gain":0,"player_choice":"Card Removal","damage_taken":7,"max_hp_gain":0,"max_hp_loss":0,"event_name":"Golden Wing","floor":13,"gold_loss":0}],"is_beta":false,"boss_relics":[{"not_picked":["Busted Crown","SacredBark"],"picked":"Sozu"}],"items_purged_floors":[],"is_endless":false,"potions_floor_spawned":[1,6,14,18,19,20],"killed_by":"Gremlin Leader","ascension_level":1}}