{"host":"6azrrw3tf7wb0f4b","time":1610807279,"event":{"mods":["BaseMod","DeckTracker","Minty Spire (QoL Compilation)","SuperFastMode"],"gold_per_floor":[111,72,72,82,58,91,91,102,128,138,149,159,184,201,201,306,306,321,291,291],"floor_reached":19,"language":"KOR","playtime":475,"items_purged":[],"score":330,"play_id":"9e09f0d5-8dfc-400c-9a90-0f4de4ea4a9e","local_time":"20210116232759","is_ascension_mode":true,"campfire_choices":[{"data":"Chaos","floor":7.0,"key":"SMITH"},{"data":"Echo Form","floor":15.0,"key":"SMITH"}],"circlet_count":0,"master_deck":["AscendersBane","Zap+1","Dualcast","Self Repair","Capacitor","Chaos+1","Turbo","Hologram","Ball Lightning","Barrage","Ball Lightning","Echo Form+1","Conserve Battery","Creative AI","Sunder","Stack","Rip and Tear","Amplify","Leap","Reprogram","Recycle","FTL","White Noise"],"relics":["Cracked Core","NeowsBlessing","Lantern","Dream Catcher","Bag of Marbles","Pandora\u0027s Box"],"acts_visited":["Exordium","TheCity"],"potions_floor_usage":[19],"damage_taken":[{"damage":0.0,"enemies":"2 Louse","floor":1.0,"turns":1.0},{"damage":0.0,"enemies":"Jaw Worm","floor":4.0,"turns":1.0},{"damage":0.0,"enemies":"3 Sentries","floor":6.0,"turns":2.0},{"damage":0.0,"enemies":"Small Slimes","floor":8.0,"turns":3.0},{"damage":21.0,"enemies":"3 Louse","floor":10.0,"turns":3.0},{"damage":0.0,"enemies":"Large Slime","floor":11.0,"turns":3.0},{"damage":0.0,"enemies":"Looter","floor":12.0,"turns":2.0},{"damage":23.0,"enemies":"Gremlin Nob","floor":13.0,"turns":4.0},{"damage":11.0,"enemies":"Blue Slaver","floor":14.0,"turns":3.0},{"damage":17.0,"enemies":"Hexaghost","floor":16.0,"turns":9.0},{"damage":53.0,"enemies":"Shell Parasite","floor":18.0,"turns":8.0},{"damage":17,"enemies":"2 Thieves","floor":19,"turns":1}],"seed_played":"1699306962398710364","potions_obtained":[{"floor":1.0,"key":"Strength Potion"},{"floor":6.0,"key":"Explosive Potion"},{"floor":8.0,"key":"DuplicationPotion"},{"floor":16.0,"key":"DistilledChaos"}],"is_trial":false,"path_per_floor":["M","$","?","M","$","E","R","M","T","M","M","M","E","M","R","B",null,"M","M"],"character_chosen":"DEFECT","items_purchased":["Capacitor","Turbo"],"campfire_rested":0,"item_purchase_floors":[2,5],"current_hp_per_floor":[68,68,53,53,53,60,60,67,67,46,46,46,30,26,26,16,60,14,0,0],"gold":291,"neow_bonus":"THREE_ENEMY_KILL","is_daily":false,"chose_seed":false,"campfire_upgraded":2,"win_rate":0.0,"timestamp":1610807279,"path_taken":["M","$","?","M","$","E","R","M","T","M","M","M","E","M","R","BOSS","M","M"],"items_purchased_type":["Card","Card"],"build_version":"2020-12-22","purchased_purges":0,"victory":false,"max_hp_per_floor":[75,75,75,75,75,75,75,75,75,75,75,75,75,75,75,75,75,75,75,75],"card_choices":[{"not_picked":["Streamline","Stack"],"picked":"Self Repair","floor":1.0},{"not_picked":["Hello World","Recycle"],"picked":"Chaos","floor":4.0},{"not_picked":["Darkness","Streamline"],"picked":"Hologram","floor":6.0},{"not_picked":["Turbo","Rip and Tear"],"picked":"Ball Lightning","floor":8.0},{"not_picked":["Leap","Static Discharge"],"picked":"Barrage","floor":10.0},{"not_picked":["Redo","Stack"],"picked":"Ball Lightning","floor":11.0},{"not_picked":["Streamline","Recycle"],"picked":"Echo Form","floor":12.0},{"not_picked":["Barrage","Compile Driver","Redo"],"picked":"SKIP","floor":13.0},{"not_picked":["Redo","Force Field"],"picked":"Conserve Battery","floor":14.0},{"not_picked":["Biased Cognition","Thunder Strike"],"picked":"Creative AI","floor":16.0},{"not_picked":["Steam","Beam Cell"],"picked":"White Noise","floor":18.0}],"player_experience":723266,"relics_obtained":[{"floor":6.0,"key":"Lantern"},{"floor":9.0,"key":"Dream Catcher"},{"floor":13.0,"key":"Bag of Marbles"}],"event_choices":[{"damage_healed":0.0,"max_hp_gain":0.0,"max_hp_loss":0.0,"gold_gain":0.0,"event_name":"Shining Light","player_choice":"Entered Light","floor":3.0,"gold_loss":0.0,"damage_taken":15.0,"cards_upgraded":["Defend_B","Zap"]}],"is_beta":false,"boss_relics":[{"not_picked":["FrozenCore","Nuclear Battery"],"picked":"Pandora\u0027s Box"}],"items_purged_floors":[],"is_endless":false,"potions_floor_spawned":[1,6,8,11,16],"killed_by":"2 Thieves","ascension_level":12}}