{"host":"f5gffvlv6a66yqkd","time":1610818758,"event":{"mods":["2.2 Compatiblity","Alarm Clock","BaseMod","Colored Map","Custom Start","DeckTracker","Keyboard Shortcuts","Minty Spire (QoL Compilation)","Permanent Neow","Quick Restart","Relic Stats","StSLib","SuperFastMode"],"gold_per_floor":[113,124,138,63,76,76,76,76,76,76,76,90,14,24,24,99,99,114,114,94,109,109,109,109,109],"floor_reached":24,"language":"KOR","playtime":731,"items_purged":["Defend_P"],"score":472,"play_id":"a3ff0b8c-e5fa-4e29-a938-f893e530dfa7","local_time":"20210117023918","is_ascension_mode":true,"campfire_choices":[{"data":"SandsOfTime","floor":6.0,"key":"SMITH"},{"data":"EmptyFist","floor":8.0,"key":"SMITH"},{"data":"FlurryOfBlows","floor":11,"key":"SMITH"},{"floor":15,"key":"REST"},{"floor":23,"key":"REST"}],"circlet_count":0,"master_deck":["AscendersBane","Strike_P","Strike_P","Strike_P","Defend_P","Defend_P","Defend_P","Eruption+1","Vigilance","SandsOfTime+1","FlurryOfBlows+1","BowlingBash","EmptyFist+1","DeceiveReality","FearNoEvil","CutThroughFate","LessonLearned","Indignation"],"relics":["PureWater","Turnip","VioletLotus"],"acts_visited":["Exordium","TheCity"],"potions_floor_usage":[16,24,24],"damage_taken":[{"damage":9.0,"enemies":"Jaw Worm","floor":1.0,"turns":6.0},{"damage":0.0,"enemies":"Small Slimes","floor":2.0,"turns":2.0},{"damage":1.0,"enemies":"Cultist","floor":3.0,"turns":3.0},{"damage":13.0,"enemies":"Red Slaver","floor":5.0,"turns":3.0},{"damage":9,"enemies":"Exordium Wildlife","floor":12,"turns":3},{"damage":7,"enemies":"3 Louse","floor":14,"turns":2},{"damage":0,"enemies":"Slime Boss","floor":16,"turns":4},{"damage":19,"enemies":"Shell Parasite","floor":18,"turns":5},{"damage":17,"enemies":"Spheric Guardian","floor":21,"turns":4},{"damage":58,"enemies":"Book of Stabbing","floor":24,"turns":4}],"seed_played":"4059698173269713281","potions_obtained":[{"floor":1.0,"key":"ColorlessPotion"},{"floor":2.0,"key":"ColorlessPotion"},{"floor":16,"key":"Regen Potion"},{"floor":18,"key":"LiquidBronze"}],"is_trial":false,"path_per_floor":["M","M","M","$","M","R","?","R","T","?","R","M","$","M","R","B",null,"M","?","?","M","?","R","E"],"character_chosen":"WATCHER","items_purchased":["FearNoEvil"],"campfire_rested":2,"item_purchase_floors":[13],"current_hp_per_floor":[52,52,51,51,38,38,31,31,31,31,31,22,22,15,35,35,60,41,41,41,24,5,26,0,0],"gold":109,"neow_bonus":"UPGRADE_CARD","is_daily":false,"chose_seed":false,"campfire_upgraded":3,"win_rate":0.0,"timestamp":1610818758,"path_taken":["M","M","M","$","M","R","?","R","T","?","R","?","?","M","R","BOSS","M","?","?","?","?","R","E"],"items_purchased_type":["Card"],"build_version":"2020-12-22","purchased_purges":1,"victory":false,"max_hp_per_floor":[68,68,68,68,68,68,68,68,68,68,68,68,68,68,68,68,68,68,68,68,68,73,73,73,73],"relic_stats":{"counters":[10,36],"Turnip":[8],"VioletLotus":[5],"obtain_stats":[{"Turnip":9,"VioletLotus":17,"PureWater":0},{"Turnip":4,"VioletLotus":7,"PureWater":0},{"Turnip":14,"VioletLotus":23,"PureWater":0}]},"card_choices":[{"not_picked":["Swivel","Consecrate"],"picked":"SandsOfTime","floor":1.0},{"not_picked":["FlyingSleeves","EmptyMind"],"picked":"FlurryOfBlows","floor":2.0},{"not_picked":["ThirdEye","FollowUp"],"picked":"BowlingBash","floor":3.0},{"not_picked":["Vengeance","ClearTheMind"],"picked":"EmptyFist","floor":5.0},{"not_picked":["Wireheading","Evaluate"],"picked":"DeceiveReality","floor":12},{"not_picked":["PathToVictory","Prostrate"],"picked":"CutThroughFate","floor":14},{"not_picked":["SpiritShield","Wish"],"picked":"LessonLearned","floor":16},{"not_picked":["SignatureMove","BowlingBash"],"picked":"Indignation","floor":18},{"not_picked":["Prostrate","BattleHymn","ClearTheMind"],"picked":"SKIP","floor":21}],"player_experience":1572934,"relics_obtained":[{"floor":9.0,"key":"Turnip"}],"event_choices":[{"cards_removed":["Strike_P"],"damage_healed":0.0,"max_hp_gain":0.0,"max_hp_loss":0.0,"gold_gain":0.0,"event_name":"Golden Wing","player_choice":"Card Removal","floor":7.0,"gold_loss":0.0,"damage_taken":7.0},{"damage_healed":0,"gold_gain":0,"player_choice":"0 cards matched","damage_taken":0,"max_hp_gain":0,"max_hp_loss":0,"event_name":"Match and Keep!","floor":10,"gold_loss":0,"cards_obtained":[]},{"damage_healed":0,"gold_gain":0,"player_choice":"Ignored","damage_taken":0,"max_hp_gain":0,"max_hp_loss":0,"event_name":"Ghosts","floor":19,"gold_loss":0},{"damage_healed":0,"gold_gain":0,"player_choice":"Bought 1 Potion","damage_taken":0,"max_hp_gain":0,"max_hp_loss":0,"event_name":"The Woman in Blue","floor":20,"gold_loss":0},{"damage_healed":0,"gold_gain":0,"player_choice":"Shed Blood","damage_taken":24,"max_hp_gain":5,"max_hp_loss":0,"event_name":"Forgotten Altar","floor":22,"gold_loss":0}],"is_beta":false,"boss_relics":[{"not_picked":["Astrolabe","Tiny House"],"picked":"VioletLotus"}],"items_purged_floors":[4],"is_endless":false,"potions_floor_spawned":[1,2,16,18],"killed_by":"Book of Stabbing","ascension_level":20}}