{"host":"4qkvkh7pd9qr2mca","time":1610756687,"event":{"mods":["AchievementEnabler","Act Like it!","BaseMod","Colored Map","Colored Powertips","Highlight Path","Minty Spire (QoL Compilation)","Pale of the Ancients","Permanent Neow","Quick Restart","Relic Stats","StSLib","SuperFastMode"],"gold_per_floor":[119,133,147,297,311,336,336,368,368,368,38,38,64,94,94,171,171,185,199,211,33,43,43,58,58,58,58,69,69,69],"floor_reached":29,"language":"ENG","playtime":1177,"items_purged":[],"score":580,"play_id":"bdee0acd-cb74-42f2-a27b-0368550eee67","local_time":"20210116012447","is_ascension_mode":true,"campfire_choices":[{"floor":7,"key":"REST"},{"floor":12,"key":"REST"},{"floor":15,"key":"REST"},{"floor":25,"key":"REST"},{"data":"Burst","floor":27,"key":"SMITH"}],"circlet_count":0,"master_deck":["AscendersBane","Strike_G","Strike_G","Strike_G","Strike_G","Strike_G","Defend_G","Defend_G","Defend_G","Defend_G+1","Defend_G","Survivor","Neutralize","Sadistic Nature+1","Deadly Poison","Noxious Fumes","Bane","Doubt","Sucker Punch","Burst+1","Deadly Poison","Corpse Explosion","Blade Dance","Dodge and Roll+1","Venomology","Crippling Poison","Backflip+1","Calculated Gamble"],"relics":["Ring of the Serpent","Question Card","Tough Bandages","Meat on the Bone","FossilizedHelix","InkBottle","Blue Candle"],"acts_visited":["Exordium","TheCity"],"potions_floor_usage":[13,13,20,23,23,24,29,29],"damage_taken":[{"damage":0,"enemies":"Small Slimes","floor":1,"turns":4},{"damage":1,"enemies":"2 Louse","floor":2,"turns":4},{"damage":4,"enemies":"Jaw Worm","floor":3,"turns":4},{"damage":6,"enemies":"Looter","floor":5,"turns":4},{"damage":17,"enemies":"3 Sentries","floor":6,"turns":6},{"damage":7,"enemies":"Lagavulin","floor":8,"turns":7},{"damage":21,"enemies":"3 Sentries","floor":13,"turns":7},{"damage":1,"enemies":"Slime Boss","floor":16,"turns":9},{"damage":0,"enemies":"Chosen","floor":18,"turns":3},{"damage":16,"enemies":"Shell Parasite","floor":19,"turns":5},{"damage":0,"enemies":"Cultist and Chosen","floor":20,"turns":3},{"damage":22,"enemies":"Chosen and Byrds","floor":22,"turns":6},{"damage":11,"enemies":"Gremlin Leader","floor":23,"turns":5},{"damage":28,"enemies":"Shelled Parasite and Fungi","floor":24,"turns":5},{"damage":0,"enemies":"3 Cultists","floor":28,"turns":2},{"damage":39,"enemies":"Book of Stabbing","floor":29,"turns":6}],"seed_played":"-9036546432121820500","potions_obtained":[{"floor":1,"key":"GhostInAJar"},{"floor":2,"key":"Energy Potion"},{"floor":8,"key":"AttackPotion"},{"floor":16,"key":"Regen Potion"},{"floor":22,"key":"SmokeBomb"},{"floor":28,"key":"BlessingOfTheForge"}],"is_trial":false,"path_per_floor":["M","M","M","?","M","E","R","E","T","?","$","R","E","?","R","B",null,"M","M","M","$","M","E","M","R","T","R","M","E"],"character_chosen":"THE_SILENT","items_purchased":["FossilizedHelix","Venomology"],"campfire_rested":4,"item_purchase_floors":[11,21],"current_hp_per_floor":[44,43,39,39,33,16,35,28,28,8,8,27,18,18,37,36,59,59,43,55,55,45,34,18,37,37,37,37,0,0],"gold":69,"neow_bonus":"RANDOM_COLORLESS_2","is_daily":false,"chose_seed":false,"campfire_upgraded":1,"win_rate":0.0,"timestamp":1610756687,"path_taken":["M","M","M","?","M","E","R","E","T","?","$","R","E","?","R","BOSS","M","M","M","$","M","E","M","R","T","R","M","E"],"items_purchased_type":["Relic","Card"],"build_version":"2020-12-22","purchased_purges":0,"victory":false,"max_hp_per_floor":[66,66,66,66,66,66,66,66,66,66,66,66,66,66,66,66,66,66,66,66,66,66,66,66,66,66,66,66,66,66],"relic_stats":{"Tough Bandages":[36],"counters":[16,80],"Blue Candle":[1],"Question Card":9,"obtain_stats":[{"Tough Bandages":8,"Blue Candle":26,"Question Card":6,"FossilizedHelix":11,"InkBottle":13,"Ring of the Serpent":17,"Ring of the Snake":0,"Meat on the Bone":9},{"Tough Bandages":6,"Blue Candle":14,"Question Card":5,"FossilizedHelix":6,"InkBottle":7,"Ring of the Serpent":8,"Ring of the Snake":0,"Meat on the Bone":6},{"Tough Bandages":29,"Blue Candle":72,"Question Card":22,"FossilizedHelix":29,"InkBottle":36,"Ring of the Serpent":45,"Ring of the Snake":0,"Meat on the Bone":29}],"InkBottle":[15],"Meat on the Bone":36},"card_choices":[{"not_picked":["Metamorphosis","HandOfGreed"],"picked":"Sadistic Nature","floor":0},{"not_picked":["Dagger Spray","Backflip"],"picked":"Deadly Poison","floor":1},{"not_picked":["Outmaneuver","Deadly Poison"],"picked":"Noxious Fumes","floor":2},{"not_picked":["Quick Slash","Prepared"],"picked":"Bane","floor":3},{"not_picked":["Predator","Outmaneuver"],"picked":"Sucker Punch","floor":5},{"not_picked":["Quick Slash","Bane","Dagger Spray"],"picked":"SKIP","floor":6},{"not_picked":["Catalyst","Bane","Backflip"],"picked":"Burst","floor":8},{"not_picked":["Outmaneuver","Prepared","All Out Attack"],"picked":"Deadly Poison","floor":13},{"not_picked":["Doppelganger","Die Die Die","Phantasmal Killer"],"picked":"Corpse Explosion","floor":16},{"not_picked":["Sucker Punch","Quick Slash","Dagger Throw"],"picked":"Blade Dance","floor":18},{"not_picked":["Dagger Spray","Distraction","Quick Slash","Underhanded Strike"],"picked":"SKIP","floor":19},{"not_picked":["Outmaneuver","Cloak And Dagger","Accuracy"],"picked":"Dodge and Roll+1","floor":20},{"not_picked":["Outmaneuver","Slice","PiercingWail"],"picked":"Crippling Poison","floor":22},{"not_picked":["Quick Slash+1","Blade Dance","Noxious Fumes"],"picked":"Backflip+1","floor":24},{"not_picked":["Flechettes","Choke+1","Noxious Fumes"],"picked":"Calculated Gamble","floor":28}],"player_experience":566503,"relics_obtained":[{"floor":6,"key":"Question Card"},{"floor":8,"key":"Tough Bandages"},{"floor":9,"key":"Meat on the Bone"},{"floor":13,"key":"InkBottle"},{"floor":26,"key":"Blue Candle"}],"event_choices":[{"damage_healed":0,"gold_gain":150,"player_choice":"AGREE","damage_taken":0,"max_hp_gain":0,"max_hp_loss":0,"event_name":"Liars Game","floor":4,"gold_loss":0,"cards_obtained":["Doubt"]},{"damage_healed":0,"gold_gain":0,"player_choice":"Entered Light","damage_taken":20,"max_hp_gain":0,"max_hp_loss":0,"event_name":"Shining Light","floor":10,"gold_loss":0,"cards_upgraded":["Sadistic Nature","Defend_G"]},{"damage_healed":0,"gold_gain":30,"player_choice":"Searched \u00271\u0027 times","damage_taken":0,"max_hp_gain":0,"max_hp_loss":0,"event_name":"Dead Adventurer","floor":14,"gold_loss":0}],"is_beta":false,"boss_relics":[{"not_picked":["Runic Pyramid","Tiny House"],"picked":"Ring of the Serpent"}],"items_purged_floors":[],"is_endless":false,"potions_floor_spawned":[1,2,8,16,22,23,28],"killed_by":"Book of Stabbing","ascension_level":20}}