{"host":"i7jfea87xc8lz16p","time":1610805131,"event":{"mods":["AchievementEnabler","BaseMod","Colored Powertips","Minty Spire (QoL Compilation)","Relic Stats"],"gold_per_floor":[109,109,109,109,52,52,65,65,111,147,147,167,198,216,216,305,305,328,328,343,361,361,399,399,76,76,76,86,101,101,117,117,194,194,211,211,229,229,229,229,240,240,240],"floor_reached":42,"language":"ENG","playtime":1694,"items_purged":["Strike_R"],"score":852,"play_id":"3b3f243b-99e1-4bb3-b4b9-47693595512b","local_time":"20210116145211","is_ascension_mode":true,"campfire_choices":[{"data":"Armaments","floor":6,"key":"SMITH"},{"data":"Bash","floor":8,"key":"SMITH"},{"floor":11,"key":"REST"},{"floor":15,"key":"REST"},{"floor":30,"key":"REST"},{"floor":32,"key":"REST"},{"data":"True Grit","floor":40,"key":"SMITH"}],"circlet_count":0,"master_deck":["AscendersBane","Strike_R","Strike_R","Defend_R","Defend_R","Defend_R","Defend_R","Bash+1","Armaments+1","Clothesline","Twin Strike","Flame Barrier","Warcry","Fiend Fire","True Grit","True Grit+1","J.A.X.","Rupture","Seeing Red","Reaper","Disarm"],"relics":["Runic Pyramid","Bloody Idol","Toy Ornithopter","Vajra","Self Forming Clay","Bronze Scales","Empty Cage","Omamori","Blood Vial","Darkstone Periapt","Sozu"],"acts_visited":["Exordium","TheCity","TheBeyond"],"potions_floor_usage":[14,16,29,33,33,41,42],"damage_taken":[{"damage":8,"enemies":"2 Louse","floor":1,"turns":4},{"damage":0,"enemies":"Small Slimes","floor":7,"turns":4},{"damage":19,"enemies":"3 Sentries","floor":10,"turns":7},{"damage":0,"enemies":"Cultist","floor":12,"turns":2},{"damage":16,"enemies":"Lagavulin","floor":13,"turns":6},{"damage":8,"enemies":"Looter","floor":14,"turns":2},{"damage":4,"enemies":"Slime Boss","floor":16,"turns":8},{"damage":0,"enemies":"Chosen","floor":18,"turns":4},{"damage":0,"enemies":"Spheric Guardian","floor":20,"turns":3},{"damage":18,"enemies":"Snake Plant","floor":21,"turns":3},{"damage":19,"enemies":"Book of Stabbing","floor":23,"turns":5},{"damage":3,"enemies":"Cultist and Chosen","floor":28,"turns":5},{"damage":13,"enemies":"Sentry and Sphere","floor":29,"turns":5},{"damage":16,"enemies":"Centurion and Healer","floor":31,"turns":4},{"damage":42,"enemies":"Champ","floor":33,"turns":11},{"damage":33,"enemies":"3 Shapes","floor":35,"turns":7},{"damage":2,"enemies":"Orb Walker","floor":37,"turns":3},{"damage":49,"enemies":"Jaw Worm Horde","floor":41,"turns":6},{"damage":90,"enemies":"Giant Head","floor":42,"turns":8}],"seed_played":"433234090244022249","potions_obtained":[{"floor":1,"key":"SpeedPotion"},{"floor":7,"key":"BloodPotion"},{"floor":14,"key":"EntropicBrew"},{"floor":20,"key":"SteroidPotion"},{"floor":31,"key":"DuplicationPotion"}],"is_trial":false,"path_per_floor":["M","?","?","?","$","R","M","R","T","E","R","M","E","M","R","B",null,"M","?","M","M","?","E","?","$","T","?","M","M","R","M","R","B",null,"M","?","M","?","?","R","M","E"],"character_chosen":"IRONCLAD","items_purchased":["Armaments","Seeing Red","Blood Vial"],"campfire_rested":4,"item_purchase_floors":[5,25,25],"current_hp_per_floor":[60,60,65,39,39,39,39,39,39,20,41,41,25,36,57,58,69,69,69,69,51,51,32,32,32,32,32,36,35,56,47,68,41,65,63,63,68,68,68,68,45,0,0],"gold":240,"neow_bonus":"BOSS_RELIC","is_daily":false,"chose_seed":false,"campfire_upgraded":3,"win_rate":0.0,"timestamp":1610805131,"path_taken":["M","?","?","?","$","R","M","R","T","E","R","M","E","M","R","BOSS","M","?","M","?","?","E","?","$","T","?","?","M","R","M","R","BOSS","M","?","M","?","?","R","?","E"],"items_purchased_type":["Card","Card","Relic"],"build_version":"2020-12-22","purchased_purges":1,"victory":false,"max_hp_per_floor":[75,68,73,73,73,73,73,73,73,73,73,73,73,73,73,73,73,73,73,73,73,73,73,73,73,73,73,73,73,73,73,73,73,73,73,73,73,73,73,73,73,73,73],"relic_stats":{"Blood Vial":16,"Darkstone Periapt":0,"Sozu":2,"counters":[19,97],"Self Forming Clay":[117],"Bloody Idol":35,"Bronze Scales":[141],"obtain_stats":[{"Darkstone Periapt":26,"Golden Idol":2,"Self Forming Clay":10,"Vajra":9,"Omamori":23,"Empty Cage":17,"Burning Blood":0,"Blood Vial":25,"Sozu":34,"Bronze Scales":13,"Bloody Idol":24,"Toy Ornithopter":4,"Runic Pyramid":0},{"Darkstone Periapt":11,"Golden Idol":1,"Self Forming Clay":3,"Vajra":2,"Omamori":11,"Empty Cage":7,"Burning Blood":0,"Blood Vial":11,"Sozu":15,"Bronze Scales":5,"Bloody Idol":11,"Toy Ornithopter":1,"Runic Pyramid":0},{"Darkstone Periapt":48,"Golden Idol":4,"Self Forming Clay":15,"Vajra":8,"Omamori":48,"Empty Cage":33,"Burning Blood":0,"Blood Vial":48,"Sozu":73,"Bronze Scales":23,"Bloody Idol":48,"Toy Ornithopter":4,"Runic Pyramid":0}],"Toy Ornithopter":33},"card_choices":[{"not_picked":["Second Wind","Iron Wave","Twin Strike"],"picked":"SKIP","floor":1},{"not_picked":["Thunderclap","Warcry"],"picked":"Carnage","floor":7},{"not_picked":["True Grit","Fire Breathing"],"picked":"Clothesline","floor":10},{"not_picked":["Clash","Pommel Strike"],"picked":"Twin Strike","floor":12},{"not_picked":["Perfected Strike","Pommel Strike"],"picked":"Flame Barrier","floor":13},{"not_picked":["Armaments","Sword Boomerang"],"picked":"Warcry","floor":14},{"not_picked":["Feed","Berserk"],"picked":"Fiend Fire","floor":16},{"not_picked":["Cleave","Perfected Strike"],"picked":"True Grit","floor":18},{"not_picked":["Iron Wave","Twin Strike","Headbutt+1"],"picked":"SKIP","floor":20},{"not_picked":["Anger","Heavy Blade"],"picked":"True Grit","floor":21},{"not_picked":["Whirlwind","Shrug It Off+1"],"picked":"Rupture","floor":23},{"not_picked":["Second Wind","Armaments","Sword Boomerang"],"picked":"SKIP","floor":28},{"not_picked":["Pommel Strike","Clash","Fire Breathing"],"picked":"SKIP","floor":29},{"not_picked":["Thunderclap","Dark Embrace","Ghostly Armor"],"picked":"SKIP","floor":31},{"not_picked":["Double Tap","Juggernaut"],"picked":"Reaper","floor":33},{"not_picked":["Seeing Red","Rampage","Armaments+1"],"picked":"SKIP","floor":35},{"not_picked":["Uppercut","Intimidate","Power Through+1"],"picked":"SKIP","floor":37},{"not_picked":["Cleave","Wild Strike"],"picked":"Disarm","floor":41}],"player_experience":1779059,"relics_obtained":[{"floor":9,"key":"Vajra"},{"floor":10,"key":"Self Forming Clay"},{"floor":13,"key":"Bronze Scales"},{"floor":23,"key":"Omamori"},{"floor":26,"key":"Darkstone Periapt"}],"event_choices":[{"damage_healed":0,"gold_gain":0,"player_choice":"Lose Max HP","damage_taken":0,"relics_obtained":["Golden Idol"],"max_hp_gain":0,"max_hp_loss":7,"event_name":"Golden Idol","floor":2,"gold_loss":0},{"damage_healed":0,"gold_gain":0,"player_choice":"Donut","damage_taken":0,"max_hp_gain":5,"max_hp_loss":0,"event_name":"Big Fish","floor":3,"gold_loss":0},{"damage_healed":0,"gold_gain":0,"player_choice":"Success","damage_taken":26,"relics_obtained":["Toy Ornithopter"],"max_hp_gain":0,"max_hp_loss":0,"event_name":"Scrap Ooze","floor":4,"gold_loss":0},{"damage_healed":0,"gold_gain":0,"player_choice":"Ignored","damage_taken":0,"max_hp_gain":0,"max_hp_loss":0,"event_name":"N\u0027loth","floor":19,"gold_loss":0},{"damage_healed":0,"gold_gain":0,"player_choice":"Obtain J.A.X.","damage_taken":0,"max_hp_gain":0,"max_hp_loss":0,"event_name":"Drug Dealer","floor":22,"gold_loss":0,"cards_obtained":["J.A.X."]},{"damage_healed":0,"gold_gain":0,"player_choice":"Gave Idol","damage_taken":0,"relics_obtained":["Bloody Idol"],"max_hp_gain":0,"max_hp_loss":0,"event_name":"Forgotten Altar","floor":24,"relics_lost":["Golden Idol"],"gold_loss":0},{"damage_healed":0,"gold_gain":0,"player_choice":"Got Potions","damage_taken":0,"max_hp_gain":0,"max_hp_loss":0,"event_name":"Lab","floor":27,"gold_loss":0},{"damage_healed":0,"gold_gain":0,"player_choice":"Ignored","damage_taken":0,"max_hp_gain":0,"max_hp_loss":0,"event_name":"Tomb of Lord Red Mask","floor":36,"gold_loss":0},{"cards_removed":["Carnage"],"damage_healed":0,"gold_gain":0,"player_choice":"Removed Attack","damage_taken":0,"max_hp_gain":0,"max_hp_loss":0,"event_name":"Falling","floor":38,"gold_loss":0},{"damage_healed":0,"gold_gain":0,"player_choice":"Ignored","damage_taken":0,"max_hp_gain":0,"max_hp_loss":0,"event_name":"SecretPortal","floor":39,"gold_loss":0}],"is_beta":false,"boss_relics":[{"not_picked":["Coffee Dripper","Runic Cube"],"picked":"Empty Cage"},{"not_picked":["Astrolabe","Calling Bell"],"picked":"Sozu"}],"items_purged_floors":[25],"is_endless":false,"potions_floor_spawned":[1,7,14,20,28,31,33,35,37],"killed_by":"Giant Head","ascension_level":20}}