{"host":"8lgo2trwv2o0qyml","time":1610836955,"event":{"mods":["BaseMod","Colored Map","Colored Powertips","DeckTracker","Highlight Path","Hubris","Infinite Spire","Minty Spire (QoL Compilation)","Quick Restart","Random Character Button","Relic Sorter","Replay The Spire","StSLib","SuperFastMode","Synergy Search"],"gold_per_floor":[110,110,110,130,28,58,58,75,101,116,16,16,29,58,58,158,158,176,176,189,189,189,189,216,216,216],"floor_reached":25,"playtime":1195,"items_purged":["Regret","ReplayTheSpireMod:Splinters","Sickly"],"score":254,"play_id":"aabe883a-33a8-4264-93a9-795ad37c65f1","local_time":"20210116174235","is_ascension_mode":false,"campfire_choices":[{"data":"infinitespire:Collect","floor":7,"key":"SMITH"},{"floor":15,"key":"REST"},{"data":"Echo Form","floor":23,"key":"SMITH"}],"circlet_count":0,"master_deck":["Strike_B","Strike_B+1","Strike_B+1","Strike_B","Defend_B","Defend_B","Defend_B","Defend_B","Zap","Dualcast","Fusion","infinitespire:Collect+1","Hologram","Ball Lightning","Gash","Defragment","White Noise","Force Field","Rip and Tear","Echo Form+1","Skim","Hello World","Hologram","Hologram"],"relics":["Cracked Core","NeowsBlessing","Replay:Mystery Machine","infinitespire:PuzzleCube","ReplayTheSpireMod:Lightbulb","Vajra","Bottled Tornado","Runic Pyramid","Black Star","hubris:Potato","Whetstone"],"acts_visited":["Exordium","TheCity"],"potions_floor_usage":[16,24,24,24,25],"damage_taken":[{"damage":0,"enemies":"Jaw Worm","floor":1,"turns":1},{"damage":0,"enemies":"2 Louse","floor":4,"turns":1},{"damage":0,"enemies":"Gremlin Nob","floor":6,"turns":1},{"damage":0,"enemies":"Small Slimes","floor":8,"turns":2},{"damage":8,"enemies":"Looter","floor":10,"turns":3},{"damage":0,"enemies":"3 Louse","floor":13,"turns":3},{"damage":16,"enemies":"Replay:BlueRogue","floor":14,"turns":3},{"damage":31,"enemies":"The Guardian","floor":16,"turns":9},{"damage":9,"enemies":"Spheric Guardian","floor":18,"turns":4},{"damage":12,"enemies":"Shell Parasite","floor":20,"turns":5},{"damage":49,"enemies":"Gremlin Leader","floor":24,"turns":8},{"damage":7,"enemies":"Centurion and Healer","floor":25,"turns":1}],"seed_played":"8499112963427710831","potions_obtained":[{"floor":1,"key":"Explosive Potion"},{"floor":8,"key":"Adrenaline Potion"},{"floor":10,"key":"ColorlessPotion"},{"floor":16,"key":"Energy Potion"},{"floor":24,"key":"LiquidBronze"}],"is_trial":false,"path_per_floor":["M","?","?","M","$","E","R","M","T","M","$","?","M","E","R","B",null,"M","?","M","AVR","?","R","E","M"],"character_chosen":"DEFECT","items_purchased":["Ball Lightning"],"campfire_rested":1,"item_purchase_floors":[5],"current_hp_per_floor":[75,75,75,75,75,75,75,75,75,67,67,55,55,39,61,30,75,66,66,54,54,54,54,5,0,0],"gold":216,"neow_bonus":"THREE_ENEMY_KILL","is_daily":false,"chose_seed":false,"campfire_upgraded":2,"win_rate":0.0,"timestamp":1610836955,"path_taken":["M","?","?","M","$","E","R","M","T","M","$","?","M","E","R","BOSS","M","?","M","AVR","?","R","E","M"],"items_purchased_type":["Card"],"build_version":"2020-12-22","purchased_purges":3,"victory":false,"max_hp_per_floor":[75,75,75,75,75,75,75,75,75,75,75,75,75,75,75,75,75,75,75,75,75,75,75,75,75,75],"card_choices":[{"not_picked":["Conserve Battery","Hologram"],"picked":"Fusion","floor":1},{"not_picked":["ReplayTheSpireMod:??????????????????????","infinitespire:Oblivion"],"picked":"infinitespire:Collect","floor":3},{"not_picked":["FIFO Queue","Self Repair"],"picked":"Hologram","floor":4},{"not_picked":["Redo","Sweeping Beam"],"picked":"Gash","floor":6},{"not_picked":["ReplayTheSpireMod:GoodbyeWorld","Recycle"],"picked":"Defragment","floor":8},{"not_picked":["Hello World","Crystallizer"],"picked":"White Noise","floor":10},{"not_picked":["Leap","FTL"],"picked":"Force Field","floor":13},{"not_picked":["Cold Snap","Coolheaded"],"picked":"Rip and Tear","floor":14},{"not_picked":["Multi-Cast","Thunder Strike"],"picked":"Echo Form","floor":16},{"not_picked":["Barrage","ReplayTheSpireMod:System Scan"],"picked":"Skim","floor":18},{"not_picked":["Double Energy","Leap"],"picked":"Hologram","floor":20},{"not_picked":["Recycle","Blizzard"],"picked":"Hologram","floor":24}],"player_experience":73385,"relics_obtained":[{"floor":6,"key":"infinitespire:PuzzleCube"},{"floor":9,"key":"ReplayTheSpireMod:Lightbulb"},{"floor":14,"key":"Bottled Tornado"},{"floor":24,"key":"hubris:Potato"},{"floor":24,"key":"Whetstone"}],"event_choices":[{"damage_healed":0,"gold_gain":0,"player_choice":"Box","damage_taken":0,"relics_obtained":["Replay:Mystery Machine"],"max_hp_gain":0,"max_hp_loss":0,"event_name":"Big Fish","floor":2,"gold_loss":0,"cards_obtained":["Regret"]},{"damage_healed":0,"gold_gain":0,"player_choice":"Success","damage_taken":12,"relics_obtained":["Vajra"],"max_hp_gain":0,"max_hp_loss":0,"event_name":"Scrap Ooze","floor":12,"gold_loss":0},{"damage_healed":0,"gold_gain":0,"player_choice":"Read","damage_taken":0,"max_hp_gain":0,"max_hp_loss":0,"event_name":"The Library","floor":19,"gold_loss":0,"cards_obtained":["Hello World"]},{"damage_healed":0,"gold_gain":0,"player_choice":"Ignored","damage_taken":0,"max_hp_gain":0,"max_hp_loss":0,"event_name":"Ghosts","floor":22,"gold_loss":0}],"is_beta":false,"boss_relics":[{"not_picked":["Replay:Drink Me","Astrolabe"],"picked":"Runic Pyramid"}],"items_purged_floors":[5,11,21],"is_endless":false,"potions_floor_spawned":[1,8,10,13,16,18,24],"killed_by":"Centurion and Healer","ascension_level":0}}