{"host":"fjaupvxe7fzqrf4j","time":1610761504,"event":{"mods":["ATMod(°¢èªMod)","BaseMod","Minty Spire (QoL Compilation)","StSLib"],"gold_per_floor":[115,115,133,133,47,78,106,137,189,224,224,255,279,304,304,375,375,389,314,314,143,193,222,257,257,281,316,347,375,409,439,439,517,517,533,587,278,278,278,308,334,334,334,368,138,170,202,231,231,231,231,231,231,30,58,58],"floor_reached":57,"language":"ZHS","playtime":1541,"items_purged":["Consecrate+1","CarveReality+1"],"score":4446,"play_id":"dc72d436-f83a-4de8-9a2e-9f87c2982e87","local_time":"20210116094504","daily_mods":["SealedDeck","Heirloom","Time Dilation","Flight","Elite Swarm"],"is_ascension_mode":true,"campfire_choices":[{"data":"Adaptation","floor":11.0,"key":"SMITH"},{"data":"Tantrum","floor":15.0,"key":"SMITH"},{"floor":25.0,"key":"DIG"},{"floor":32.0,"key":"DIG"},{"floor":42.0,"key":"RECALL"},{"data":"1","floor":49.0,"key":"LIFT"},{"data":"2","floor":53.0,"key":"LIFT"}],"circlet_count":0,"master_deck":["AscendersBane","FollowUp+1","Adaptation+1","InnerPeace+1","ClearTheMind+1","Wallop+1","Tantrum+1","Adaptation+1","WheelKick+1","Ragnarok+1","Brilliance+1","LessonLearned+1","SpiritShield+1","Scrawl+1","Omniscience+1","Scrawl+1","Omniscience+1","DeusExMachina+1","DevaForm+1","Fasting2+1","FearNoEvil+1","Purity+1","Omniscience+1","Fasting2","AT_ChampionStep+1"],"relics":["PureWater","AT_ATBox","Shovel","White Beast Statue","Whetstone","Bag of Preparation","Juzu Bracelet","Torii","Odd Mushroom","MealTicket","Fusion Hammer","MutagenicStrength","Anchor","Toxic Egg 2","Nunchaku","AT_RabadonDeathcap","AT_EbonyIvory","Strawberry","The Courier","Unceasing Top","Mango","Shuriken","Girya","Runic Pyramid","Bird Faced Urn","Orrery","Pen Nib","Omamori","Incense Burner","AT_RedNoBalance","Prayer Wheel","Pear","AT_ArchangelStaff","Bottled Flame","Kunai"],"acts_visited":["Exordium","TheCity","TheBeyond","TheEnding"],"potions_floor_usage":[56,56],"damage_taken":[{"damage":0.0,"enemies":"Small Slimes","floor":1.0,"turns":2.0},{"damage":0.0,"enemies":"Cultist","floor":3.0,"turns":2.0},{"damage":0.0,"enemies":"Lagavulin","floor":6.0,"turns":2.0},{"damage":0.0,"enemies":"Gremlin Nob","floor":7.0,"turns":1.0},{"damage":2.0,"enemies":"3 Sentries","floor":8.0,"turns":3.0},{"damage":0.0,"enemies":"Lagavulin","floor":10.0,"turns":2.0},{"damage":0.0,"enemies":"3 Sentries","floor":12.0,"turns":1.0},{"damage":0.0,"enemies":"The Mushroom Lair","floor":13.0,"turns":1.0},{"damage":0.0,"enemies":"Gremlin Nob","floor":14.0,"turns":2.0},{"damage":13.0,"enemies":"Hexaghost","floor":16.0,"turns":3.0},{"damage":0.0,"enemies":"Chosen","floor":18.0,"turns":2.0},{"damage":0.0,"enemies":"Slavers","floor":23.0,"turns":2.0},{"damage":0.0,"enemies":"Book of Stabbing","floor":24.0,"turns":1.0},{"damage":0.0,"enemies":"Slavers","floor":27.0,"turns":1.0},{"damage":0.0,"enemies":"Book of Stabbing","floor":28.0,"turns":1.0},{"damage":7.0,"enemies":"Gremlin Leader","floor":29.0,"turns":2.0},{"damage":0.0,"enemies":"Slavers","floor":30.0,"turns":2.0},{"damage":0.0,"enemies":"Book of Stabbing","floor":31.0,"turns":2.0},{"damage":0.0,"enemies":"Champ","floor":33.0,"turns":1.0},{"damage":0.0,"enemies":"Orb Walker","floor":35.0,"turns":1.0},{"damage":0.0,"enemies":"2 Orb Walkers","floor":36.0,"turns":1.0},{"damage":0.0,"enemies":"Reptomancer","floor":40.0,"turns":1.0},{"damage":0.0,"enemies":"Giant Head","floor":41.0,"turns":2.0},{"damage":0.0,"enemies":"Reptomancer","floor":44.0,"turns":3.0},{"damage":0.0,"enemies":"Giant Head","floor":46.0,"turns":1.0},{"damage":0.0,"enemies":"Nemesis","floor":47.0,"turns":1.0},{"damage":0.0,"enemies":"Reptomancer","floor":48.0,"turns":2.0},{"damage":0.0,"enemies":"Time Eater","floor":50.0,"turns":1.0},{"damage":13.0,"enemies":"Donu and Deca","floor":51.0,"turns":2.0},{"damage":0.0,"enemies":"Shield and Spear","floor":55.0,"turns":1.0},{"damage":60,"enemies":"The Heart","floor":56,"turns":5}],"seed_played":"6394186272890085842","potions_obtained":[{"floor":3.0,"key":"EssenceOfSteel"},{"floor":7.0,"key":"BlessingOfTheForge"},{"floor":12.0,"key":"SteroidPotion"},{"floor":18.0,"key":"GamblersBrew"},{"floor":23.0,"key":"LiquidMemories"},{"floor":30.0,"key":"AttackPotion"},{"floor":31.0,"key":"Energy Potion"},{"floor":33.0,"key":"LiquidMemories"},{"floor":36.0,"key":"Ancient Potion"},{"floor":41.0,"key":"DuplicationPotion"}],"is_trial":true,"path_per_floor":["M","?","M","?","$","E","E","E","T","E","R","E","?","E","R","B",null,"M","?","?","$","?","E","E","R","T","E","E","E","E","E","R","B",null,"M","?","$","?","?","E","E","R","T","E","$","E","E","E","R","B","B",null,"R","$","E","B",null],"character_chosen":"WATCHER","items_purchased":["WheelKick","Anchor","Orrery","Pen Nib","Pear","Fasting2","AT_ChampionStep"],"campfire_rested":0,"item_purchase_floors":[5,21,37,37,45,54,54],"current_hp_per_floor":[61,61,61,66,66,66,66,64,64,64,64,64,64,64,64,51,64,64,64,64,68,68,68,68,68,68,75,75,68,82,82,82,82,87,87,87,89,79,79,87,89,89,89,56,81,57,61,75,75,77,74,93,93,99,99,43],"gold":58,"neow_bonus":"","is_daily":false,"chose_seed":false,"campfire_upgraded":2,"win_rate":0.0,"timestamp":1610761504,"path_taken":["M","?","?","?","$","E","E","E","T","E","R","E","?","E","R","BOSS","M","?","?","?","?","E","E","R","T","E","E","E","E","E","R","BOSS","M","?","$","?","?","E","E","R","T","E","$","E","E","E","R","BOSS","BOSS","R","$","E","BOSS"],"items_purchased_type":["Card","Relic","Relic","Relic","Relic","Card","Card"],"build_version":"2020-12-22","purchased_purges":2,"victory":true,"max_hp_per_floor":[68,68,68,68,68,68,68,68,68,68,68,68,68,68,68,68,68,68,68,68,68,68,68,68,68,68,75,75,75,89,89,89,89,89,89,89,89,89,89,89,89,89,89,89,99,99,99,99,99,99,99,99,99,99,99,99],"card_choices":[{"not_picked":["Wallop","PathToVictory"],"picked":"Consecrate","floor":1.0},{"not_picked":["AT_RealFormLess","Prostrate","Wireheading"],"picked":"SKIP","floor":3.0},{"not_picked":["SpiritShield","DeusExMachina"],"picked":"Ragnarok","floor":6.0},{"not_picked":["Blasphemy","Alpha","Judgement"],"picked":"SKIP","floor":7.0},{"not_picked":["Blasphemy","Alpha","Judgement"],"picked":"SKIP","floor":7.0},{"not_picked":["Vault","Ragnarok"],"picked":"Brilliance","floor":8.0},{"not_picked":["Brilliance","Judgement","ConjureBlade"],"picked":"SKIP","floor":10.0},{"not_picked":["Brilliance","Wish","Establishment"],"picked":"SKIP","floor":12.0},{"not_picked":["Judgement","ConjureBlade","AT_ChampionKick"],"picked":"SKIP","floor":14.0},{"not_picked":["Blasphemy","Alpha"],"picked":"LessonLearned","floor":16.0},{"not_picked":["Vengeance","Halt","Protect"],"picked":"SKIP","floor":18.0},{"not_picked":["Alpha+1","AT_RealColorLess"],"picked":"SpiritShield+1","floor":23.0},{"not_picked":["Alpha+1","AT_IrregularMenstruation+1"],"picked":"Scrawl+1","floor":24.0},{"not_picked":["Wish+1","MasterReality","AT_IrregularMenstruation+1"],"picked":"SKIP","floor":27.0},{"not_picked":["Alpha+1","SpiritShield+1"],"picked":"Omniscience+1","floor":28.0},{"not_picked":["Blasphemy+1","ConjureBlade+1"],"picked":"Scrawl+1","floor":29.0},{"not_picked":["SpiritShield+1","Judgement+1"],"picked":"Omniscience+1","floor":30.0},{"not_picked":["Blasphemy+1","Judgement+1"],"picked":"DeusExMachina+1","floor":31.0},{"not_picked":["AT_IrregularMenstruation+1","Brilliance"],"picked":"DevaForm","floor":33.0},{"not_picked":["SashWhip","Meditate+1","CutThroughFate"],"picked":"SKIP","floor":35.0},{"not_picked":["Prostrate+1","FlyingSleeves+1"],"picked":"Fasting2","floor":36.0},{"not_picked":["Evaluate+1","Crescendo+1"],"picked":"FearNoEvil","floor":37.0},{"not_picked":["Dark Shackles+1","Flash of Steel"],"picked":"Purity+1","floor":38.0},{"not_picked":["Ragnarok","Blasphemy+1","MasterReality"],"picked":"SKIP","floor":40.0},{"not_picked":["Scrawl+1","AT_MachinaRedman+1","Judgement+1"],"picked":"SKIP","floor":41.0},{"not_picked":["Wish+1","Alpha+1","Establishment"],"picked":"SKIP","floor":44.0},{"not_picked":["Vault+1","AT_RealColorLess","AT_IrregularMenstruation+1"],"picked":"SKIP","floor":46.0},{"not_picked":["DeusExMachina+1","Vault+1"],"picked":"Omniscience+1","floor":47.0},{"not_picked":["Alpha+1","Omniscience+1","AT_IrregularMenstruation+1"],"picked":"SKIP","floor":48.0},{"not_picked":["DeusExMachina+1","Brilliance","Wish+1"],"picked":"SKIP","floor":55.0}],"player_experience":452684,"relics_obtained":[{"floor":6.0,"key":"White Beast Statue"},{"floor":7.0,"key":"Whetstone"},{"floor":8.0,"key":"Bag of Preparation"},{"floor":10.0,"key":"Juzu Bracelet"},{"floor":12.0,"key":"Torii"},{"floor":13.0,"key":"Odd Mushroom"},{"floor":14.0,"key":"MealTicket"},{"floor":23.0,"key":"Toxic Egg 2"},{"floor":24.0,"key":"Nunchaku"},{"floor":25.0,"key":"AT_RabadonDeathcap"},{"floor":26.0,"key":"AT_EbonyIvory"},{"floor":27.0,"key":"Strawberry"},{"floor":28.0,"key":"The Courier"},{"floor":29.0,"key":"Unceasing Top"},{"floor":30.0,"key":"Mango"},{"floor":31.0,"key":"Shuriken"},{"floor":32.0,"key":"Girya"},{"floor":36.0,"key":"Bird Faced Urn"},{"floor":40.0,"key":"Omamori"},{"floor":41.0,"key":"Incense Burner"},{"floor":43.0,"key":"AT_SilverBalance"},{"floor":44.0,"key":"Prayer Wheel"},{"floor":47.0,"key":"AT_ArchangelStaff"},{"floor":48.0,"key":"Bottled Flame"},{"floor":55.0,"key":"Kunai"}],"event_choices":[{"damage_healed":0.0,"max_hp_gain":0.0,"max_hp_loss":0.0,"gold_gain":0.0,"event_name":"Upgrade Shrine","player_choice":"Upgraded","floor":2.0,"gold_loss":0.0,"damage_taken":0.0,"cards_upgraded":["Adaptation"]},{"cards_removed":["CutThroughFate"],"damage_healed":5.0,"max_hp_gain":0.0,"max_hp_loss":0.0,"gold_gain":0.0,"event_name":"Bonfire Elementals","player_choice":"Offered Common","floor":4.0,"gold_loss":0.0,"damage_taken":0.0},{"cards_removed":["CutThroughFate"],"damage_healed":5.0,"max_hp_gain":0.0,"max_hp_loss":0.0,"gold_gain":0.0,"event_name":"Bonfire Elementals","player_choice":"Offered Special","floor":4.0,"gold_loss":0.0,"damage_taken":0.0},{"damage_healed":0.0,"max_hp_gain":0.0,"max_hp_loss":0.0,"gold_gain":0.0,"event_name":"Mushrooms","player_choice":"Fought Mushrooms","floor":13.0,"gold_loss":0.0,"damage_taken":0.0},{"cards_removed":["FlyingSleeves"],"damage_healed":0.0,"max_hp_gain":0.0,"max_hp_loss":0.0,"gold_gain":0.0,"event_name":"Beggar","player_choice":"Gave Gold","floor":19.0,"gold_loss":75.0,"damage_taken":0.0},{"damage_healed":0.0,"max_hp_gain":0.0,"max_hp_loss":0.0,"gold_gain":0.0,"event_name":"Drug Dealer","player_choice":"Inject Mutagens","floor":20.0,"gold_loss":0.0,"damage_taken":0.0,"relics_obtained":["MutagenicStrength"]},{"damage_healed":0.0,"max_hp_gain":0.0,"max_hp_loss":0.0,"gold_gain":50.0,"event_name":"Nest","player_choice":"Stole From Cult","floor":22.0,"gold_loss":0.0,"damage_taken":0.0},{"damage_healed":0.0,"max_hp_gain":0.0,"max_hp_loss":0.0,"gold_gain":0.0,"event_name":"Mysterious Sphere","player_choice":"Fight","floor":36.0,"gold_loss":0.0,"damage_taken":0.0},{"damage_healed":0.0,"max_hp_gain":0.0,"max_hp_loss":0.0,"gold_gain":0.0,"event_name":"SensoryStone","player_choice":"Memory 3","floor":38.0,"gold_loss":0.0,"damage_taken":10.0},{"damage_healed":0.0,"max_hp_gain":0.0,"max_hp_loss":0.0,"gold_gain":0.0,"event_name":"Tomb of Lord Red Mask","player_choice":"Ignored","floor":39.0,"gold_loss":0.0,"damage_taken":0.0}],"is_beta":false,"boss_relics":[{"not_picked":["HolyWater","Coffee Dripper"],"picked":"Fusion Hammer"},{"not_picked":["VioletLotus","SacredBark"],"picked":"Runic Pyramid"}],"items_purged_floors":[37,54],"is_endless":false,"potions_floor_spawned":[3,7,8,10,12,13,14,16,18,23,24,27,28,29,30,31,33,35,36,40,41,44,46,47,48,55],"ascension_level":20}}