{"host":"5trcja4hacd149zc","time":1610774429,"event":{"mods":["BaseMod","Colored Map","GifTheSpireLib","Minty Spire (QoL Compilation)","Relic Stats","StSLib"],"gold_per_floor":[113,263,27,27,27,27,27,27],"floor_reached":7,"language":"ENG","playtime":103,"items_purged":["Doubt"],"score":74,"play_id":"58b596bf-f452-4736-aac2-0c50ab835f39","local_time":"20210115232029","is_ascension_mode":true,"campfire_choices":[{"data":"Eruption","floor":6,"key":"SMITH"}],"circlet_count":0,"master_deck":["AscendersBane","Strike_P","Strike_P","Strike_P","Defend_P","Defend_P","Eruption+1","Vigilance","WheelKick"],"relics":["Empty Cage","Pen Nib","Lantern"],"acts_visited":["Exordium"],"potions_floor_usage":[],"damage_taken":[{"damage":6,"enemies":"2 Louse","floor":1,"turns":3},{"damage":80,"enemies":"Lagavulin","floor":7,"turns":3}],"seed_played":"-7793735335798122575","potions_obtained":[{"floor":1,"key":"EssenceOfSteel"}],"is_trial":false,"path_per_floor":["M","?","$","?","?","R","E"],"character_chosen":"WATCHER","items_purchased":["Pen Nib"],"campfire_rested":0,"item_purchase_floors":[3],"current_hp_per_floor":[55,55,55,48,48,48,0,0],"gold":27,"neow_bonus":"BOSS_RELIC","is_daily":false,"chose_seed":false,"campfire_upgraded":1,"win_rate":0.0,"timestamp":1610774429,"path_taken":["M","?","$","?","?","R","E"],"items_purchased_type":["Relic"],"build_version":"2020-12-22","purchased_purges":1,"victory":false,"max_hp_per_floor":[68,68,68,68,68,68,68,68],"relic_stats":{"counters":[2,6],"Pen Nib":[0],"obtain_stats":[{"Lantern":5,"Pen Nib":3,"PureWater":0,"Empty Cage":0},{"Lantern":1,"Pen Nib":1,"PureWater":0,"Empty Cage":0},{"Lantern":3,"Pen Nib":3,"PureWater":0,"Empty Cage":0}]},"card_choices":[{"not_picked":["LikeWater","FlyingSleeves"],"picked":"WheelKick","floor":1}],"player_experience":766978,"relics_obtained":[],"event_choices":[{"damage_healed":0,"gold_gain":150,"player_choice":"AGREE","damage_taken":0,"max_hp_gain":0,"max_hp_loss":0,"event_name":"Liars Game","floor":2,"gold_loss":0,"cards_obtained":["Doubt"]},{"cards_removed":["Strike_P"],"damage_healed":0,"gold_gain":0,"player_choice":"Card Removal","damage_taken":7,"max_hp_gain":0,"max_hp_loss":0,"event_name":"Golden Wing","floor":4,"gold_loss":0},{"damage_healed":0,"gold_gain":0,"player_choice":"Gave Potion","damage_taken":0,"relics_obtained":["Lantern"],"max_hp_gain":0,"max_hp_loss":0,"event_name":"WeMeetAgain","floor":5,"gold_loss":0}],"is_beta":false,"boss_relics":[],"items_purged_floors":[3],"is_endless":false,"potions_floor_spawned":[1],"killed_by":"Lagavulin","ascension_level":20}}