{"host":"a5lz0e76zb3fcwkm","time":1610778509,"event":{"mods":["AchievementEnabler","BaseMod","Colored Map","Colored Powertips","Minty Spire (QoL Compilation)","StSLib","SuperFastMode"],"gold_per_floor":[114,133,133,133,58,89,89,122,122,134,147,147,161,176,176,248,248,261,261,536,507,99,99,127,142,195,195,208,223,223,148,148,222,222,235,235,235,260,260,288,288,319,319,345,359,259,286,306,306,306,306,306,306,41,74,74,74],"floor_reached":56,"language":"KOR","playtime":2738,"items_purged":["Regret","Strike_B","Defend_B"],"score":2511,"play_id":"2ee62b01-425f-4091-910b-ab780c2a2b64","local_time":"20210116152829","is_ascension_mode":true,"campfire_choices":[{"data":"White Noise","floor":12.0,"key":"SMITH"},{"data":"Buffer","floor":15.0,"key":"SMITH"},{"data":"Consume","floor":23.0,"key":"SMITH"},{"data":"Recycle","floor":27.0,"key":"SMITH"},{"data":"Chaos","floor":30.0,"key":"SMITH"},{"data":"Turbo","floor":32.0,"key":"SMITH"},{"floor":41.0,"key":"RECALL"},{"floor":49.0,"key":"REST"},{"floor":53.0,"key":"REST"}],"circlet_count":0,"master_deck":["AscendersBane","Defend_B","Defend_B","Zap","Dualcast","Beam Cell","Sunder","Machine Learning","Ball Lightning","White Noise+1","Force Field","Turbo+1","Buffer+1","Chaos+1","Core Surge","Coolheaded","Compile Driver+1","Cold Snap","Self Repair","Consume+1","Defragment+1","Coolheaded","Recycle+1","Force Field","Amplify","Glacier","Storm","Secret Technique","Deep Breath","Self Repair+1","Capacitor","Barrage"],"relics":["Cracked Core","NeowsBlessing","Oddly Smooth Stone","Matryoshka","Centennial Puzzle","FossilizedHelix","Inserter","Orrery","Bag of Preparation","Vajra","Blood Vial","Ancient Tea Set","Fusion Hammer","Gambling Chip","Toy Ornithopter","Ornamental Fan","InkBottle","PreservedInsect","Symbiotic Virus","Bronze Scales"],"acts_visited":["Exordium","TheCity","TheBeyond","TheEnding"],"potions_floor_usage":[],"damage_taken":[{"damage":0.0,"enemies":"Cultist","floor":1.0,"turns":1.0},{"damage":0.0,"enemies":"Jaw Worm","floor":2.0,"turns":1.0},{"damage":0.0,"enemies":"Gremlin Nob","floor":6.0,"turns":1.0},{"damage":10.0,"enemies":"3 Sentries","floor":8.0,"turns":4.0},{"damage":0.0,"enemies":"Small Slimes","floor":10.0,"turns":2.0},{"damage":0.0,"enemies":"Blue Slaver","floor":11.0,"turns":3.0},{"damage":7.0,"enemies":"Exordium Wildlife","floor":13.0,"turns":3.0},{"damage":0.0,"enemies":"Red Slaver","floor":14.0,"turns":4.0},{"damage":0.0,"enemies":"Slime Boss","floor":16.0,"turns":8.0},{"damage":0.0,"enemies":"Spheric Guardian","floor":18.0,"turns":5.0},{"damage":19.0,"enemies":"2 Thieves","floor":21.0,"turns":4.0},{"damage":12.0,"enemies":"Slavers","floor":24.0,"turns":4.0},{"damage":0.0,"enemies":"Snecko","floor":25.0,"turns":6.0},{"damage":8.0,"enemies":"Snake Plant","floor":28.0,"turns":4.0},{"damage":3.0,"enemies":"Cultist and Chosen","floor":29.0,"turns":8.0},{"damage":0.0,"enemies":"Collector","floor":33.0,"turns":9.0},{"damage":10.0,"enemies":"3 Darklings","floor":35.0,"turns":4.0},{"damage":0.0,"enemies":"Mind Bloom Boss Battle","floor":38.0,"turns":8.0},{"damage":0.0,"enemies":"Giant Head","floor":40.0,"turns":11.0},{"damage":17.0,"enemies":"Reptomancer","floor":42.0,"turns":7.0},{"damage":0.0,"enemies":"Giant Head","floor":44.0,"turns":10.0},{"damage":0.0,"enemies":"Orb Walker","floor":45.0,"turns":3.0},{"damage":40.0,"enemies":"Reptomancer","floor":47.0,"turns":8.0},{"damage":0.0,"enemies":"Maw","floor":48.0,"turns":6.0},{"damage":0.0,"enemies":"Donu and Deca","floor":50.0,"turns":18.0},{"damage":42.0,"enemies":"Awakened One","floor":51.0,"turns":20.0},{"damage":15.0,"enemies":"Shield and Spear","floor":55.0,"turns":7.0},{"damage":77,"enemies":"The Heart","floor":56,"turns":3}],"seed_played":"-20522302928334797","potions_obtained":[{"floor":2.0,"key":"EntropicBrew"},{"floor":6.0,"key":"DistilledChaos"},{"floor":8.0,"key":"DistilledChaos"},{"floor":24.0,"key":"Regen Potion"},{"floor":25.0,"key":"SmokeBomb"},{"floor":28.0,"key":"GamblersBrew"},{"floor":29.0,"key":"Swift Potion"},{"floor":38.0,"key":"GamblersBrew"},{"floor":48.0,"key":"GamblersBrew"}],"is_trial":false,"path_per_floor":["M","M","?","T","?","E","?","E","T","M","M","R","M","M","R","B",null,"M","?","?","M","$","R","E","M","T","R","M","M","R","?","R","B",null,"M","?","?","?","?","E","R","E","T","E","M","$","E","M","R","B","B",null,"R","$","E","B"],"character_chosen":"DEFECT","items_purchased":["Orrery","Bag of Preparation","Capacitor","SkillPotion"],"campfire_rested":2,"item_purchase_floors":[22,22,54,54],"current_hp_per_floor":[64,64,64,64,64,64,64,54,54,54,54,54,47,47,47,47,65,65,65,65,46,46,46,41,48,48,48,61,67,67,67,67,71,71,68,68,68,71,61,70,70,54,54,63,71,71,43,62,71,71,51,66,71,71,66,0,0],"gold":74,"neow_bonus":"THREE_ENEMY_KILL","is_daily":false,"chose_seed":false,"campfire_upgraded":6,"win_rate":0.0,"timestamp":1610778509,"path_taken":["M","?","?","?","?","E","?","E","T","?","M","R","M","M","R","BOSS","M","?","?","M","$","R","E","M","T","R","?","M","R","?","R","BOSS","M","?","?","?","?","E","R","E","T","E","M","$","E","?","R","BOSS","BOSS","R","$","E","BOSS"],"items_purchased_type":["Relic","Relic","Card","Potion"],"build_version":"2020-12-22","purchased_purges":3,"victory":false,"max_hp_per_floor":[71,71,71,71,71,71,71,71,71,71,71,71,71,71,71,71,71,71,71,71,71,71,71,71,71,71,71,71,71,71,71,71,71,71,71,71,71,71,71,71,71,71,71,71,71,71,71,71,71,71,71,71,71,71,71,71,71],"card_choices":[{"not_picked":["Steam","Stack"],"picked":"Beam Cell","floor":1.0},{"not_picked":["Genetic Algorithm","Loop"],"picked":"Sunder","floor":2.0},{"not_picked":["Turbo","Streamline"],"picked":"Ball Lightning","floor":6.0},{"not_picked":["Beam Cell","Stack"],"picked":"White Noise","floor":8.0},{"not_picked":["Scrape","Rip and Tear"],"picked":"Force Field","floor":10.0},{"not_picked":["Leap","Force Field"],"picked":"Turbo","floor":11.0},{"not_picked":["Heatsinks","Hologram"],"picked":"Buffer","floor":13.0},{"not_picked":["Compile Driver","Melter"],"picked":"Chaos","floor":14.0},{"not_picked":["Multi-Cast","Seek"],"picked":"Core Surge","floor":16.0},{"not_picked":["Ball Lightning+1","Conserve Battery"],"picked":"Coolheaded","floor":18.0},{"not_picked":["Go for the Eyes+1","Streamline"],"picked":"Compile Driver+1","floor":21.0},{"not_picked":["Hello World","Scrape"],"picked":"Cold Snap","floor":22.0},{"not_picked":["Machine Learning","Doom and Gloom"],"picked":"Self Repair","floor":22.0},{"not_picked":["Hologram+1","Chill"],"picked":"Consume","floor":22.0},{"not_picked":["Compile Driver","Redo"],"picked":"Defragment+1","floor":22.0},{"not_picked":["Cold Snap","Reinforced Body"],"picked":"Coolheaded","floor":24.0},{"not_picked":["Undo","Stack"],"picked":"Recycle","floor":25.0},{"not_picked":["Lockon+1","Rebound"],"picked":"Force Field","floor":28.0},{"not_picked":["Sunder","Redo","Turbo"],"picked":"SKIP","floor":29.0},{"not_picked":["Multi-Cast","Buffer"],"picked":"Amplify","floor":33.0},{"not_picked":["Leap+1","Barrage"],"picked":"Glacier","floor":35.0},{"not_picked":["Cold Snap+1","Barrage"],"picked":"Storm","floor":38.0},{"not_picked":["Trip","Jack Of All Trades"],"picked":"Secret Technique","floor":39.0},{"not_picked":["Secret Weapon","The Bomb"],"picked":"Deep Breath","floor":39.0},{"not_picked":["Amplify","Chill","Force Field"],"picked":"SKIP","floor":40.0},{"not_picked":["Cold Snap","Amplify","Conserve Battery+1"],"picked":"SKIP","floor":42.0},{"not_picked":["Redo","Coolheaded+1","Stack"],"picked":"SKIP","floor":44.0},{"not_picked":["Cold Snap","Gash","Stack"],"picked":"SKIP","floor":45.0},{"not_picked":["Reinforced Body","Undo+1"],"picked":"Self Repair+1","floor":47.0},{"not_picked":["Tempest","Undo","Turbo"],"picked":"SKIP","floor":48.0},{"not_picked":["Electrodynamics","Glacier"],"picked":"Barrage","floor":55.0}],"player_experience":1747723,"relics_obtained":[{"floor":6.0,"key":"Oddly Smooth Stone"},{"floor":8.0,"key":"Matryoshka"},{"floor":9.0,"key":"Centennial Puzzle"},{"floor":9.0,"key":"FossilizedHelix"},{"floor":24.0,"key":"Vajra"},{"floor":26.0,"key":"Blood Vial"},{"floor":26.0,"key":"Ancient Tea Set"},{"floor":38.0,"key":"Gambling Chip"},{"floor":40.0,"key":"Toy Ornithopter"},{"floor":42.0,"key":"Ornamental Fan"},{"floor":43.0,"key":"InkBottle"},{"floor":44.0,"key":"PreservedInsect"},{"floor":47.0,"key":"Symbiotic Virus"},{"floor":55.0,"key":"Bronze Scales"}],"event_choices":[{"damage_healed":0.0,"max_hp_gain":0.0,"max_hp_loss":0.0,"gold_gain":0.0,"cards_transformed":["Strike_B"],"event_name":"Living Wall","player_choice":"Change","floor":3.0,"gold_loss":0.0,"damage_taken":0.0,"cards_obtained":["Machine Learning"]},{"cards_removed":["Defend_B"],"damage_healed":0.0,"max_hp_gain":0.0,"max_hp_loss":0.0,"gold_gain":0.0,"event_name":"The Cleric","player_choice":"Card Removal","floor":5.0,"gold_loss":75.0,"damage_taken":0.0},{"damage_healed":0.0,"max_hp_gain":0.0,"max_hp_loss":0.0,"gold_gain":0.0,"cards_transformed":["Strike_B"],"event_name":"Transmorgrifier","player_choice":"Transformed","floor":7.0,"gold_loss":0.0,"damage_taken":0.0,"cards_obtained":["Hyperbeam"]},{"cards_removed":["Hyperbeam"],"damage_healed":0.0,"max_hp_gain":0.0,"max_hp_loss":0.0,"gold_gain":0.0,"event_name":"Back to Basics","player_choice":"Elegance","floor":19.0,"gold_loss":0.0,"damage_taken":0.0},{"damage_healed":0.0,"max_hp_gain":0.0,"max_hp_loss":0.0,"gold_gain":275.0,"event_name":"Golden Shrine","player_choice":"Desecrate","floor":20.0,"gold_loss":0.0,"damage_taken":0.0,"cards_obtained":["Regret"]},{"cards_removed":["Strike_B"],"damage_healed":0.0,"max_hp_gain":0.0,"max_hp_loss":0.0,"gold_gain":0.0,"event_name":"Beggar","player_choice":"Gave Gold","floor":31.0,"gold_loss":75.0,"damage_taken":0.0},{"damage_healed":0.0,"max_hp_gain":0.0,"max_hp_loss":0.0,"gold_gain":0.0,"event_name":"Tomb of Lord Red Mask","player_choice":"Ignored","floor":36.0,"gold_loss":0.0,"damage_taken":0.0},{"damage_healed":0.0,"max_hp_gain":0.0,"max_hp_loss":0.0,"gold_gain":0.0,"event_name":"Mysterious Sphere","player_choice":"Ignored","floor":37.0,"gold_loss":0.0,"damage_taken":0.0},{"damage_healed":0.0,"max_hp_gain":0.0,"max_hp_loss":0.0,"gold_gain":0.0,"event_name":"MindBloom","player_choice":"Fight","floor":38.0,"gold_loss":0.0,"damage_taken":0.0},{"damage_healed":0.0,"max_hp_gain":0.0,"max_hp_loss":0.0,"gold_gain":0.0,"event_name":"SensoryStone","player_choice":"Memory 3","floor":39.0,"gold_loss":0.0,"damage_taken":10.0}],"is_beta":false,"boss_relics":[{"not_picked":["SacredBark","Pandora\u0027s Box"],"picked":"Inserter"},{"not_picked":["Empty Cage","Tiny House"],"picked":"Fusion Hammer"}],"items_purged_floors":[22,46,54],"is_endless":false,"potions_floor_spawned":[2,6,8,13,14,24,25,28,29,38,44,45,48],"killed_by":"The Heart","ascension_level":20}}