{"host":"q9szs7qndgdlcq24","time":1610813896,"event":{"mods":["2.2 Compatiblity","AchievementEnabler","BaseMod","Bestiary","Colored Map","Colored Powertips","Dark Map","DeckTracker","Displayed Cursed Tome","Highlight Path","Minty Spire (QoL Compilation)","Random Character Button","StSLib","Unknown Chances"],"gold_per_floor":[110,127,52,65,83,83,83,83,83,83,119,134,177,190,190,320,320,339,339,38,54,81,81,1,1,1,26,42,42,73,172,172,172,172],"floor_reached":33,"language":"ENG","playtime":2616,"items_purged":["Defend_R","Decay"],"score":275,"play_id":"4bf68d42-d4cc-44f6-af30-d4c232c506b4","local_time":"20210116191816","is_ascension_mode":false,"campfire_choices":[{"data":"Flex","floor":6,"key":"SMITH"},{"floor":8,"key":"REST"},{"data":"Heavy Blade","floor":15,"key":"SMITH"},{"data":"Limit Break","floor":23,"key":"SMITH"},{"data":"Juggernaut","floor":25,"key":"SMITH"},{"floor":29,"key":"REST"},{"data":"Rage","floor":32,"key":"SMITH"}],"circlet_count":0,"master_deck":["Strike_R","Strike_R","Strike_R","Strike_R","Defend_R","Defend_R","Defend_R","Bash","Clash","Rage+1","Flex+1","Clothesline","Heavy Blade+1","Flame Barrier","Limit Break+1","Anger","Juggernaut+1","Armaments+1","Iron Wave","Clash","Carnage","Flex","Clash","Cleave"],"relics":["Burning Blood","Golden Idol","Sundial","PreservedInsect","Tiny Chest","Philosopher\u0027s Stone","Bronze Scales","Regal Pillow","Ornamental Fan","Happy Flower"],"acts_visited":["Exordium","TheCity"],"potions_floor_usage":[11,13,16,30,30],"damage_taken":[{"damage":6.0,"enemies":"Jaw Worm","floor":1.0,"turns":5.0},{"damage":1,"enemies":"2 Louse","floor":2,"turns":2},{"damage":1,"enemies":"Cultist","floor":4,"turns":3},{"damage":16,"enemies":"Exordium Thugs","floor":5,"turns":5},{"damage":10,"enemies":"Lagavulin","floor":11,"turns":5},{"damage":7,"enemies":"3 Louse","floor":12,"turns":3},{"damage":5,"enemies":"3 Sentries","floor":13,"turns":7},{"damage":13,"enemies":"Exordium Wildlife","floor":14,"turns":6},{"damage":62,"enemies":"The Guardian","floor":16,"turns":15},{"damage":2,"enemies":"Spheric Guardian","floor":18,"turns":3},{"damage":10,"enemies":"Shell Parasite","floor":21,"turns":5},{"damage":19,"enemies":"Shelled Parasite and Fungi","floor":27,"turns":3},{"damage":50,"enemies":"Snecko","floor":28,"turns":7},{"damage":13,"enemies":"Book of Stabbing","floor":30,"turns":3},{"damage":64,"enemies":"Automaton","floor":33,"turns":6}],"seed_played":"6899304053446500890","potions_obtained":[{"floor":2,"key":"LiquidMemories"},{"floor":11,"key":"FearPotion"},{"floor":12,"key":"Fire Potion"},{"floor":13,"key":"Dexterity Potion"},{"floor":16,"key":"Swift Potion"},{"floor":18,"key":"EssenceOfSteel"},{"floor":27,"key":"EssenceOfSteel"}],"is_trial":false,"path_per_floor":["M","M","$","M","M","R","?","R","T","?","E","M","E","M","R","B",null,"M","?","$","M","T","R","$","R","T","M","M","R","E","?","R","B"],"character_chosen":"IRONCLAD","items_purchased":["Bronze Scales","Iron Wave","Carnage"],"campfire_rested":2,"item_purchase_floors":[20,20,24],"current_hp_per_floor":[88,88,88,88,78,78,56,82,82,82,78,77,78,71,71,15,88,88,88,88,84,84,84,84,84,84,71,27,68,61,61,61,0,0],"gold":172,"neow_bonus":"TEN_PERCENT_HP_BONUS","is_daily":false,"chose_seed":false,"campfire_upgraded":5,"win_rate":0.0,"timestamp":1610813896,"path_taken":["M","M","$","M","M","R","?","R","T","?","E","M","E","?","R","BOSS","M","?","?","M","?","R","$","R","T","M","?","R","E","?","R","BOSS"],"items_purchased_type":["Relic","Card","Card"],"build_version":"2020-12-22","purchased_purges":2,"victory":false,"max_hp_per_floor":[88,88,88,88,88,88,88,88,88,88,88,88,88,88,88,88,88,88,88,88,88,88,88,88,88,88,88,88,88,88,88,88,88,88],"card_choices":[{"not_picked":["Shrug It Off","Perfected Strike"],"picked":"Clash","floor":1},{"not_picked":["Anger","Shockwave"],"picked":"Rage","floor":2},{"not_picked":["True Grit","Twin Strike"],"picked":"Flex","floor":4},{"not_picked":["Power Through","Iron Wave"],"picked":"Clothesline","floor":5},{"not_picked":["Anger","Hemokinesis"],"picked":"Heavy Blade","floor":11},{"not_picked":["Sword Boomerang","True Grit"],"picked":"Flame Barrier","floor":12},{"not_picked":["Searing Blow","Combust"],"picked":"Limit Break","floor":13},{"not_picked":["Second Wind","Clothesline"],"picked":"Anger","floor":14},{"not_picked":["Impervious","Barricade"],"picked":"Juggernaut","floor":16},{"not_picked":["True Grit","Anger"],"picked":"Armaments+1","floor":18},{"not_picked":["Entrench+1","Bloodletting+1"],"picked":"Clash","floor":21},{"not_picked":["Heavy Blade","Dual Wield"],"picked":"Flex","floor":27},{"not_picked":["Heavy Blade","Headbutt"],"picked":"Clash","floor":28},{"not_picked":["Fiend Fire","Limit Break"],"picked":"Cleave","floor":30}],"player_experience":57145,"relics_obtained":[{"floor":9,"key":"Sundial"},{"floor":11,"key":"PreservedInsect"},{"floor":13,"key":"Tiny Chest"},{"floor":22,"key":"Regal Pillow"},{"floor":26,"key":"Ornamental Fan"},{"floor":30,"key":"Happy Flower"}],"event_choices":[{"damage_healed":0,"gold_gain":0,"player_choice":"Take Damage","damage_taken":22,"relics_obtained":["Golden Idol"],"max_hp_gain":0,"max_hp_loss":0,"event_name":"Golden Idol","floor":7,"gold_loss":0},{"cards_removed":["Strike_R"],"damage_healed":0,"gold_gain":0,"player_choice":"Offered Basic","damage_taken":0,"max_hp_gain":0,"max_hp_loss":0,"event_name":"Bonfire Elementals","floor":10,"gold_loss":0},{"damage_healed":0,"gold_gain":0,"player_choice":"Cursed","damage_taken":0,"max_hp_gain":0,"max_hp_loss":0,"event_name":"Wheel of Change","floor":19,"gold_loss":0,"cards_obtained":["Decay"]},{"damage_healed":0,"gold_gain":99,"player_choice":"Stole From Cult","damage_taken":0,"max_hp_gain":0,"max_hp_loss":0,"event_name":"Nest","floor":31,"gold_loss":0}],"is_beta":false,"boss_relics":[{"not_picked":["Coffee Dripper","Ectoplasm"],"picked":"Philosopher\u0027s Stone"}],"items_purged_floors":[3,20],"is_endless":false,"potions_floor_spawned":[2,11,12,13,16,18,27],"killed_by":"Automaton","ascension_level":0}}