{"host":"lf8w6lk2ipwfzeol","time":1610820171,"event":{"mods":["ATMod(°¢èªMod)","Act Like it!","BaseMod","Downfall","Hermit","Minty Spire (QoL Compilation)","Quick Restart","Robot Space Explorer","StSLib","The Cursed","The Hierophant","The Runesmith"],"gold_per_floor":[111,111,186,186,200,200,230,230,281,281,300,300,318,383,383,479,479,496,496,514,439,222,222,240,173,199,43,71,94,94,107,107,206,206,221,221,0,352,452,477,477,496,520,520,520],"floor_reached":44,"language":"ZHS","playtime":3109,"items_purged":[],"score":625,"play_id":"d052a530-5aee-42a2-b844-2ba63d81d69b","local_time":"20210117020251","is_ascension_mode":false,"campfire_choices":[{"data":"TheCursedMod:CircleOfCorruption","floor":6.0,"key":"SMITH"},{"data":"TheCursedMod:CursedBlade","floor":8.0,"key":"SMITH"},{"data":"TheCursedMod:DoubleShield","floor":10.0,"key":"SMITH"},{"data":"TheCursedMod:CursedWand","floor":12.0,"key":"SMITH"},{"data":"TheCursedMod:CleanUpWorkshop","floor":15.0,"key":"SMITH"},{"data":"TheCursedMod:CursedRelics","floor":30.0,"key":"SMITH"},{"data":"TheCursedMod:StunningStrike","floor":32.0,"key":"SMITH"},{"floor":41,"key":"REST"}],"circlet_count":0,"master_deck":["TheCursedMod:CursedWand+1","TheCursedMod:CleanUpWorkshop+1","TheCursedMod:Dregs","TheCursedMod:DoubleShield+1","TheCursedMod:CircleOfCorruption+1","TheCursedMod:CursedBlade+1","TheCursedMod:HellfireBreathing","TheCursedMod:SpitefulPray","TheCursedMod:TroublousMinions","TheCursedMod:StunningStrike+1","TheCursedMod:SurpriseAttack","TheCursedMod:RapidMovement","TheCursedMod:CircleOfCorruption","TheCursedMod:AntiAging","TheCursedMod:StingEye","TheCursedMod:Evocation","Necronomicurse","TheCursedMod:CircleOfAmplification+1","TheCursedMod:CursedRelics+1","Writhe","TheCursedMod:CursedAmulet","TheCursedMod:LuckyCharm","TheCursedMod:NeowsMight","TheCursedMod:SpitefulStrike","TheCursedMod:VoidForm","TheCursedMod:Hemoplague","TheCursedMod:ManaBullet","downfall:Haunted","downfall:Aged","Regret","Injury","Injury","Regret","Parasite","TheCursedMod:StunningStrike","TheCursedMod:DemonSword","Clumsy"],"relics":["TheCursedMod:BlackMagic101","AT_ATBox","TheCursedMod:Tack","Juzu Bracelet","AT_RedTearstoneRing","Regal Pillow","Pandora\u0027s Box","Necronomicon","Centennial Puzzle","Lantern","MealTicket","Anchor","Toy Ornithopter","AT_EbonyIvory","TheCursedMod:OminousMark","AT_BellDemon","Pocketwatch","Old Coin","Cursed Key","Art of War","Bag of Preparation","AT_SpeedBoots","Nunchaku"],"acts_visited":["Exordium","TheCity","TheBeyond"],"potions_floor_usage":[],"damage_taken":[{"damage":5.0,"enemies":"Jaw Worm","floor":1.0,"turns":4.0},{"damage":1.0,"enemies":"Small Slimes","floor":5.0,"turns":4.0},{"damage":25.0,"enemies":"Gremlin Nob","floor":7.0,"turns":5.0},{"damage":0.0,"enemies":"2 Louse","floor":11.0,"turns":1.0},{"damage":0.0,"enemies":"Exordium Wildlife","floor":13.0,"turns":3.0},{"damage":6.0,"enemies":"Gremlin Nob","floor":14.0,"turns":4.0},{"damage":10.0,"enemies":"The Guardian","floor":16.0,"turns":6.0},{"damage":0.0,"enemies":"3 Byrds","floor":18.0,"turns":3.0},{"damage":10.0,"enemies":"Spheric Guardian","floor":20.0,"turns":5.0},{"damage":4.0,"enemies":"3 Cultists","floor":24.0,"turns":4.0},{"damage":29.0,"enemies":"Gremlin Leader","floor":28.0,"turns":5.0},{"damage":0.0,"enemies":"Snake Plant","floor":31.0,"turns":2.0},{"damage":1.0,"enemies":"Champ","floor":33.0,"turns":7.0},{"damage":16.0,"enemies":"3 Shapes","floor":35.0,"turns":3.0},{"damage":16.0,"enemies":"2 Orb Walkers","floor":38.0,"turns":2.0},{"damage":80,"enemies":"Nemesis","floor":40,"turns":3},{"damage":14,"enemies":"Orb Walker","floor":42,"turns":3},{"damage":35,"enemies":"Jaw Worm Horde","floor":44,"turns":1}],"seed_played":"-285869605087691977","potions_obtained":[{"floor":1.0,"key":"Guardian:BlockOnCardUsePotion"},{"floor":7.0,"key":"Fire Potion"},{"floor":13.0,"key":"Weak Potion"},{"floor":16.0,"key":"Fire Potion"},{"floor":18.0,"key":"SneckoOil"},{"floor":20.0,"key":"Fire Potion"},{"floor":31.0,"key":"Strength Potion"},{"floor":40,"key":"ColorlessPotion"},{"floor":42,"key":"SmokeBomb"}],"is_trial":false,"path_per_floor":["M","?","?","?","M","R","E","R","T","R","M","R","M","?","R","B",null,"M","?","M","?","$","?","M","$","T","$","E","T","R","M","R","B",null,"M","?","$","?","?","E","R","M","T","M"],"character_chosen":"THE_CURSED","items_purchased":["TheCursedMod:CursedRelics","Centennial Puzzle","TheCursedMod:LuckyCharm","Anchor","TheCursedMod:ManaBullet","AT_BellDemon"],"campfire_rested":1,"item_purchase_floors":[22,22,25,27,37,37],"current_hp_per_floor":[77,74,63,56,55,55,30,30,30,30,30,30,30,24,24,14,82,82,66,58,58,58,58,56,56,56,71,42,42,42,44,44,45,90,74,74,89,78,83,3,46,32,32,0,0],"gold":520,"neow_bonus":"TEN_PERCENT_HP_BONUS","is_daily":false,"chose_seed":false,"campfire_upgraded":7,"win_rate":0.0,"timestamp":1610820171,"path_taken":["M","?","?","?","M","R","E","R","T","R","M","R","M","?","R","BOSS","M","?","M","?","?","?","M","$","T","$","E","?","R","M","R","BOSS","M","?","$","?","?","E","R","M","T","M"],"items_purchased_type":["Card","Relic","Card","Relic","Card","Relic"],"build_version":"2020-12-22","purchased_purges":0,"victory":false,"max_hp_per_floor":[82,82,82,82,82,82,82,82,82,82,82,82,82,82,82,82,82,82,82,84,84,84,84,86,86,86,86,86,86,86,88,88,90,90,90,90,90,90,95,95,95,95,95,95,95],"card_choices":[{"not_picked":["TheCursedMod:PrepareRite","TheCursedMod:Torture"],"picked":"TheCursedMod:DoubleShield","floor":1.0},{"not_picked":["TheCursedMod:SaltUponWound","TheCursedMod:SpreadPlague"],"picked":"TheCursedMod:CircleOfCorruption","floor":5.0},{"not_picked":["TheCursedMod:CircleOfFlame","TheCursedMod:CursedBoomerang"],"picked":"TheCursedMod:CursedBlade","floor":7.0},{"not_picked":["TheCursedMod:Torture","TheCursedMod:CircleOfAmplification"],"picked":"TheCursedMod:HellfireBreathing","floor":11.0},{"not_picked":["TheCursedMod:VitalStrike","TheCursedMod:SurpriseAttack"],"picked":"TheCursedMod:SpitefulPray","floor":13.0},{"not_picked":["TheCursedMod:CircleOfBlood","TheCursedMod:FleshFromBone"],"picked":"TheCursedMod:TroublousMinions","floor":14.0},{"not_picked":["TheCursedMod:ParallelWorld","TheCursedMod:DarkBarrier"],"picked":"TheCursedMod:StunningStrike","floor":16.0},{"not_picked":["TheCursedMod:Mangle","TheCursedMod:RavingStaff"],"picked":"TheCursedMod:Evocation","floor":18.0},{"not_picked":["TheCursedMod:VitalStrike","TheCursedMod:EmpowerCircles"],"picked":"TheCursedMod:CircleOfAmplification+1","floor":20.0},{"not_picked":["TheCursedMod:AshesToAshes","TheCursedMod:FleshFromBone"],"picked":"TheCursedMod:CursedAmulet","floor":24.0},{"not_picked":["TheCursedMod:FleshFromBone","TheCursedMod:CursedAmulet"],"picked":"TheCursedMod:NeowsMight","floor":28.0},{"not_picked":["TheCursedMod:FleshFromBone","TheCursedMod:ReleasedStrength"],"picked":"TheCursedMod:SpitefulStrike","floor":31.0},{"not_picked":["TheCursedMod:ShockAndAwe","TheCursedMod:DemonicPact"],"picked":"TheCursedMod:VoidForm","floor":33.0},{"not_picked":["TheCursedMod:Torture+1","TheCursedMod:VitalStrike"],"picked":"TheCursedMod:Hemoplague","floor":35.0},{"not_picked":["TheCursedMod:Obscuration+1","TheCursedMod:CursedMace+1"],"picked":"TheCursedMod:DemonSword","floor":40},{"not_picked":["TheCursedMod:CircleOfAmplification+1","TheCursedMod:CursedBlade+1","TheCursedMod:Obscuration"],"picked":"SKIP","floor":42}],"player_experience":110208,"relics_obtained":[{"floor":7.0,"key":"Juzu Bracelet"},{"floor":9.0,"key":"AT_RedTearstoneRing"},{"floor":14.0,"key":"Regal Pillow"},{"floor":19.0,"key":"Necronomicon"},{"floor":26.0,"key":"MealTicket"},{"floor":28.0,"key":"Toy Ornithopter"},{"floor":29.0,"key":"AT_EbonyIvory"},{"floor":38.0,"key":"Pocketwatch"},{"floor":38.0,"key":"Old Coin"},{"floor":40,"key":"Art of War"},{"floor":40,"key":"Bag of Preparation"},{"floor":42,"key":"AT_SpeedBoots"},{"floor":43,"key":"Nunchaku"}],"event_choices":[{"damage_healed":0.0,"max_hp_gain":0.0,"max_hp_loss":0.0,"gold_gain":0.0,"event_name":"Scrap Ooze","player_choice":"Success","floor":2.0,"gold_loss":0.0,"damage_taken":3.0,"relics_obtained":["TheCursedMod:Tack"]},{"damage_healed":0.0,"max_hp_gain":0.0,"max_hp_loss":0.0,"gold_gain":75.0,"event_name":"World of Goop","player_choice":"Gather Gold","floor":3.0,"gold_loss":0.0,"damage_taken":11.0},{"cards_removed":["TheCursedMod:Strike_TheCursed"],"damage_healed":0.0,"max_hp_gain":0.0,"max_hp_loss":0.0,"gold_gain":0.0,"event_name":"Golden Wing","player_choice":"Card Removal","floor":4.0,"gold_loss":0.0,"damage_taken":7.0},{"damage_healed":0.0,"max_hp_gain":0.0,"max_hp_loss":0.0,"gold_gain":0.0,"event_name":"Dead Adventurer","player_choice":"Searched \u00271\u0027 times","floor":14.0,"gold_loss":0.0,"damage_taken":0.0},{"damage_healed":0.0,"max_hp_gain":0.0,"max_hp_loss":0.0,"gold_gain":0.0,"event_name":"Cursed Tome","player_choice":"Obtained Book","floor":19.0,"gold_loss":0.0,"damage_taken":16.0},{"cards_removed":["TheCursedMod:CircleOfCorruption"],"damage_healed":0.0,"max_hp_gain":0.0,"max_hp_loss":0.0,"gold_gain":0.0,"event_name":"Beggar","player_choice":"Gave Gold","floor":21.0,"gold_loss":75.0,"damage_taken":0.0},{"damage_healed":0.0,"max_hp_gain":0.0,"max_hp_loss":0.0,"gold_gain":0.0,"event_name":"The Mausoleum","player_choice":"Opened","floor":23.0,"gold_loss":0.0,"damage_taken":0.0,"relics_obtained":["Lantern"],"cards_obtained":["Writhe"]},{"cards_removed":["TheCursedMod:RapidMovement"],"damage_healed":0.0,"max_hp_gain":0.0,"max_hp_loss":0.0,"gold_gain":0.0,"event_name":"Falling","player_choice":"Removed Skill","floor":36.0,"gold_loss":0.0,"damage_taken":0.0},{"damage_healed":0.0,"max_hp_gain":0.0,"max_hp_loss":0.0,"gold_gain":0.0,"event_name":"Mysterious Sphere","player_choice":"Fight","floor":38.0,"gold_loss":0.0,"damage_taken":0.0}],"is_beta":false,"boss_relics":[{"not_picked":["Astrolabe","Empty Cage"],"picked":"Pandora\u0027s Box"},{"not_picked":["Philosopher\u0027s Stone","bronze:MakeshiftBattery"],"picked":"TheCursedMod:OminousMark"}],"items_purged_floors":[],"is_endless":false,"potions_floor_spawned":[1,7,13,16,18,20,31,40,42],"killed_by":"Jaw Worm Horde","ascension_level":0}}