{"host":"fjnjuohsz43l8o15","time":1610810934,"event":{"mods":["2.2 Compatiblity","Act Like it!","BaseMod","Downfall","Friendly Minions","Minty Spire (QoL Compilation)","StSLib"],"gold_per_floor":[0,12,112,104,63,63,112,137,169,199,229,268,180,217,257,381,393,405,441,453,487,492,504,516,528,540,540],"floor_reached":26,"language":"ENG","playtime":2086,"items_purged":[],"score":200,"play_id":"4974d694-a1bc-4b89-ba6a-3dbc850ef246","local_time":"20210116152854","is_ascension_mode":false,"campfire_choices":[{"data":"hexamod:Float","floor":1.0,"key":"SMITH"},{"floor":6.0,"key":"RECALL"},{"data":"hexamod:EtherealExpedition","floor":13.0,"key":"SMITH"},{"data":"hexamod:VolcanoVisage","floor":18,"key":"SMITH"},{"floor":23,"key":"REST"}],"circlet_count":0,"master_deck":["hexamod:Strike","hexamod:Strike","hexamod:Strike","hexamod:Defend","hexamod:Defend","hexamod:Defend","hexamod:Sear","hexamod:Float+1","hexamod:EtherealExpedition+1","hexamod:FourthSeal","hexamod:FirstSeal","hexamod:SecondSeal","hexamod:ShieldOfDarkness","hexamod:GhostShield","hexamod:CatchUp","hexamod:NecessarySacrifice","hexamod:SpectersWail","hexamod:BurningTouch","hexamod:RadiantFlame","hexamod:GhostOfSpirePresent","hexamod:Again","hexamod:VolcanoVisage+1","hexamod:BacktrackSmack+1","hexamod:FlamesFromBeyond+1","hexamod:AdvancingGuard+1"],"relics":["hexamod:SpiritBrand","hexamod:SoulConsumer","MawBank","downfall:HeartBlessingRed","Empty Cage","Enchiridion"],"acts_visited":["Exordium","TheCity"],"potions_floor_usage":[16,19,26,26],"damage_taken":[{"damage":1.0,"enemies":"Jaw Worm","floor":2.0,"turns":4.0},{"damage":0.0,"enemies":"downfall:FleeingMerchant","floor":5.0,"turns":4.0},{"damage":0.0,"enemies":"Small Slimes","floor":8.0,"turns":4.0},{"damage":7.0,"enemies":"2 Louse","floor":9.0,"turns":4.0},{"damage":11.0,"enemies":"Exordium Wildlife","floor":10.0,"turns":5.0},{"damage":0.0,"enemies":"Exordium Thugs","floor":11.0,"turns":6.0},{"damage":0.0,"enemies":"Red Slaver","floor":12.0,"turns":4.0},{"damage":7.0,"enemies":"Exordium Thugs","floor":14.0,"turns":5.0},{"damage":7,"enemies":"3 Louse","floor":15,"turns":4},{"damage":23,"enemies":"DF_ARCHETYPE_STREAMLINE","floor":16,"turns":12},{"damage":16,"enemies":"Chosen","floor":19,"turns":6},{"damage":10,"enemies":"3 Byrds","floor":21,"turns":4},{"damage":0,"enemies":"downfall:FleeingMerchant","floor":22,"turns":4},{"damage":74,"enemies":"Gremlin Leader","floor":26,"turns":7}],"seed_played":"-3737904766275283517","potions_obtained":[{"floor":2.0,"key":"Energy Potion"},{"floor":5.0,"key":"Slimebound:ThreeZeroPotion"},{"floor":8.0,"key":"Energy Potion"},{"floor":9.0,"key":"Fire Potion"},{"floor":11.0,"key":"AttackPotion"},{"floor":16,"key":"Strength Potion"},{"floor":19,"key":"SmokeBomb"}],"is_trial":false,"path_per_floor":["R","M","?","?","$","R","T","M","M","M","M","M","R","M","M","B",null,"R","M","?","M","$","R","T","?","E"],"character_chosen":"THE_SPIRIT","items_purchased":["hexamod:GhostShield"],"campfire_rested":1,"item_purchase_floors":[5],"current_hp_per_floor":[70,70,70,63,70,70,70,70,70,63,70,70,70,70,70,58,70,70,65,49,43,54,70,70,70,0,0,0],"gold":540,"neow_bonus":"ONE_RARE_RELIC","is_daily":false,"chose_seed":false,"campfire_upgraded":3,"win_rate":0.0,"timestamp":1610810934,"path_taken":["R","M","?","?","?","R","T","M","M","M","?","M","R","M","M","BOSS","R","M","?","M","$","R","T","?","E"],"items_purchased_type":["Card"],"build_version":"2020-12-22","purchased_purges":0,"victory":false,"max_hp_per_floor":[70,70,70,70,70,70,70,70,70,70,70,70,70,70,70,70,70,70,70,70,70,70,70,70,70,70,70,70],"card_choices":[{"not_picked":["hexamod:GhostOfSpireFuture","hexamod:FastForward"],"picked":"hexamod:EtherealExpedition","floor":2.0},{"not_picked":["hexamod:NightmareStrike","hexamod:AdvancingGuard"],"picked":"hexamod:ShieldOfDarkness","floor":5.0},{"not_picked":["hexamod:Haunt","hexamod:GhostLash"],"picked":"hexamod:CatchUp","floor":8.0},{"not_picked":["hexamod:Incineration","hexamod:GhostShield"],"picked":"hexamod:NecessarySacrifice","floor":9.0},{"not_picked":["hexamod:GhostLash","hexamod:SoulSteal"],"picked":"hexamod:SpectersWail","floor":10.0},{"not_picked":["hexamod:GhostOfSpirePast","hexamod:SpectersWail"],"picked":"hexamod:BurningTouch","floor":11.0},{"not_picked":["hexamod:SwordOfDarkness","hexamod:BurningTouch"],"picked":"hexamod:RadiantFlame","floor":12.0},{"not_picked":["hexamod:FlamesFromBeyond","hexamod:Firestarter"],"picked":"hexamod:GhostOfSpirePresent","floor":14.0},{"not_picked":["hexamod:SwordOfDarkness","hexamod:FourthSeal"],"picked":"hexamod:Again","floor":15},{"not_picked":["hexamod:HexaLevel","hexamod:FlameSwitch"],"picked":"hexamod:VolcanoVisage","floor":16},{"not_picked":["hexamod:DynamicBlow","hexamod:FirstSeal"],"picked":"hexamod:BacktrackSmack+1","floor":19},{"not_picked":["hexamod:HeatMetal","hexamod:ThermalTransfer"],"picked":"hexamod:FlamesFromBeyond+1","floor":21},{"not_picked":["hexamod:BacktrackSmack+1","hexamod:Haunt"],"picked":"hexamod:AdvancingGuard+1","floor":22}],"player_experience":130466,"relics_obtained":[{"floor":7.0,"key":"MawBank"},{"floor":20,"key":"Enchiridion"}],"event_choices":[],"is_beta":false,"boss_relics":[{"not_picked":["Tiny House","hexamod:UnbrokenSoul"],"picked":"Empty Cage"}],"items_purged_floors":[],"is_endless":false,"potions_floor_spawned":[2,9,11,12,16,21],"killed_by":"Gremlin Leader","ascension_level":0}}