{"host":"bplbr8uekuotory4","time":1610803341,"event":{"mods":["Act Like it!","BaseMod","Custom Start","Gensokyo","GungeonMod","Hermit","KinomotoSakuraMod(木之本樱)","Koishi","Marisa（F雨　魔理沙）","Minty Spire (QoL Compilation)","Prisma Mod","Quick Restart","Reimu（博丽灵梦）","SOS（斯巴达之子）","Spicy Shops","StSLib","TestMod","The Alterego","The Blackbeard","The Cursed","The Marked","The Mystic","The Runesmith","The Saiyan","The Servant 0.9.4","Yuri Mod","[IsaacMod]以撒尖塔","vexMod"],"gold_per_floor":[117,127,183,202,202,236,236,281,305,351,379,402,444,466,466,613,538,560,4,27,200,251,319,319,394,394,112,142,211,211,247,247,412,412,463,613,275,275,44,111,111,169,269,320,352,352,416,113,113,147,193,269,269,316,316,369,67,90,90,90,139,139,197,197,231,231,231,19,81,129],"floor_reached":56,"language":"ZHS","playtime":1772,"items_purged":["blackbeard:BlackbeardDefend","blackbeard:BlackbeardStrike","blackbeard:BlackbeardDefend","blackbeard:BlackbeardStrike","blackbeard:BlackbeardStrike","blackbeard:CannonballSupply","blackbeard:BlackbeardDefend","blackbeard:Spear","blackbeard:Spear+1","blackbeard:BlackbeardStrike","blackbeard:GoldenGuillotine"],"score":2388,"play_id":"36dbb400-b6f7-4aeb-983e-b57a1da06d19","local_time":"20210116212221","is_ascension_mode":true,"campfire_choices":[{"data":"blackbeard:Bandana","floor":7,"key":"SMITH"},{"data":"blackbeard:CaptainsHat","floor":15,"key":"SMITH"},{"data":"blackbeard:PowerHungry","floor":30,"key":"SMITH"},{"data":"blackbeard:Toast","floor":32,"key":"SMITH"},{"data":"blackbeard:Halberd","floor":49,"key":"SMITH"},{"data":"blackbeard:PirateStrength","floor":40,"key":"SMITH"},{"data":"blackbeard:GoldenCannonball","floor":44,"key":"SMITH"},{"floor":49,"key":"RECALL"},{"data":"blackbeard:BrownPants","floor":52,"key":"SMITH"}],"circlet_count":0,"master_deck":["blackbeard:Cutlass+1","blackbeard:Boarding","blackbeard:Bandana+1","blackbeard:CaptainsHat+1","blackbeard:Toast+1","CurseOfTheBell","blackbeard:GoldenCannonball+1","blackbeard:BrownPants+1","blackbeard:PowerHungry+1","blackbeard:PiratesWill+1","blackbeard:BeatUp+1","blackbeard:CannonBarrage","blackbeard:PirateStrength+1","blackbeard:Halberd+1","blackbeard:Rum+1","blackbeard:DoubleBottom+1","blackbeard:GoldenGuillotine+1","blackbeard:TacticalRetreat+1","blackbeard:CaptainsHat+1"],"relics":["blackbeard:LoadTheCannons","testmod-TestBox","HushsDoor","Chaos","testmod-DeterminationOfClimber","testmod-RealStoneCalender","Akabeko","Calling Bell","MoneyPower","DemoMod:WhiteGuonStone","GuppysHairball","Incense Burner","vexMod:Dragonfruit","Blue Candle","Orrery","SalivaCoin","Membership Card","DemoMod:GlassGuonStoneRelic","The Courier","Void","blackbeard:PoorMathSkills","blackbeard:Spearhead","Bottled Lightning","FossilizedHelix","GuppysCollar","DemoMod:GundromedaStrain","blackbeard:BloodOrange","Toolbox","testmod-ConstraintPeriapt","testmod-Maize","Tiny House","DeathBook","DemoMod:MonsterBlood","TungstenRod","Lantern","Runesmith:AutoHammer","blackbeard:PowderCan","CaptainsWheel","testmod-Hope","DemoMod:AgedBell","vexMod:BarristanHead","Astrolabe","Bag of Marbles","yuri:PortableGlitches"],"acts_visited":["Exordium","TheCity","TheBeyond","TheEnding"],"potions_floor_usage":[16,22,55],"damage_taken":[{"damage":0,"enemies":"2 Louse","floor":1,"turns":1},{"damage":0,"enemies":"Cultist","floor":2,"turns":1},{"damage":0,"enemies":"Jaw Worm","floor":4,"turns":1},{"damage":0,"enemies":"Gremlin Nob","floor":6,"turns":1},{"damage":0,"enemies":"Large Slime","floor":8,"turns":2},{"damage":0,"enemies":"Red Slaver","floor":10,"turns":1},{"damage":0,"enemies":"3 Sentries","floor":11,"turns":1},{"damage":0,"enemies":"2 Fungi Beasts","floor":12,"turns":2},{"damage":0,"enemies":"Gremlin Nob","floor":13,"turns":2},{"damage":0,"enemies":"Blue Slaver","floor":14,"turns":1},{"damage":0,"enemies":"The Guardian","floor":16,"turns":4},{"damage":0,"enemies":"3 Byrds","floor":18,"turns":2},{"damage":0,"enemies":"Spheric Guardian","floor":20,"turns":1},{"damage":8,"enemies":"Hiden Room Battle","floor":21,"turns":3},{"damage":17,"enemies":"Snake Plant","floor":22,"turns":2},{"damage":0,"enemies":"Gremlin Leader","floor":23,"turns":1},{"damage":0,"enemies":"Book of Stabbing","floor":25,"turns":1},{"damage":0,"enemies":"Snecko","floor":28,"turns":1},{"damage":0,"enemies":"Gremlin Leader","floor":29,"turns":1},{"damage":0,"enemies":"Sentry and Sphere","floor":31,"turns":1},{"damage":2,"enemies":"Champ","floor":33,"turns":3},{"damage":0,"enemies":"3 Shapes","floor":35,"turns":1},{"damage":0,"enemies":"Reptomancer","floor":40,"turns":1},{"damage":0,"enemies":"Giant Head","floor":42,"turns":1},{"damage":0,"enemies":"Nemesis","floor":44,"turns":1},{"damage":0,"enemies":"Orb Walker","floor":45,"turns":1},{"damage":0,"enemies":"Reptomancer","floor":47,"turns":1},{"damage":0,"enemies":"Orb Walker","floor":35,"turns":1},{"damage":0,"enemies":"3 Darklings","floor":36,"turns":1},{"damage":0,"enemies":"2 Orb Walkers","floor":37,"turns":1},{"damage":0,"enemies":"Jaw Worm Horde","floor":39,"turns":1},{"damage":0,"enemies":"Reptomancer","floor":41,"turns":1},{"damage":0,"enemies":"Spire Growth","floor":46,"turns":1},{"damage":0,"enemies":"Giant Head","floor":48,"turns":1},{"damage":0,"enemies":"Time Eater","floor":50,"turns":2},{"damage":0,"enemies":"Shield and Spear","floor":54,"turns":1},{"damage":0,"enemies":"The Heart","floor":55,"turns":4}],"seed_played":"-4522739886772102167","potions_obtained":[{"floor":1,"key":"Ancient Potion"},{"floor":4,"key":"Regen Potion"},{"floor":8,"key":"FearPotion"},{"floor":22,"key":"GrandPatriotsElixir:ReiMu"},{"floor":43,"key":"testmod-TestPotion"}],"is_trial":false,"path_per_floor":["M","M","?","M","?","E","R","M","T","M","E","M","E","M","R","B",null,"M","$","M","?","M","E","T","E","T","$","M","E","R","M","R","B",null,"M","?","$","?","$","E","?","E","T","E","M","?","E","$","R","M","M","?","?","M","R","E","$","T","R","?","M","T","E","R","B",null,"R","$","E","B",null],"character_chosen":"BLACKBEARD_CLASS","items_purchased":["GuppysHairball","blackbeard:GoldenCannonball","blackbeard:BrownPants","Incense Burner","vexMod:Dragonfruit","Void","blackbeard:PoorMathSkills","blackbeard:Spearhead","GuppysCollar","blackbeard:PirateStrength","ForgetMeNow","DemoMod:GundromedaStrain","blackbeard:BloodOrange","Toolbox","TungstenRod","Lantern","CaptainsWheel","testmod-Hope","Bag of Marbles"],"campfire_rested":0,"item_purchase_floors":[17,17,17,19,19,27,27,27,34,34,37,37,39,39,48,48,42,42,53],"current_hp_per_floor":[75,75,60,60,60,63,63,68,68,72,75,75,75,75,75,75,60,60,65,65,51,43,56,56,65,65,65,65,65,65,65,65,65,43,43,43,43,43,43,43,43,43,48,48,48,48,55,55,55,55,55,55,55,55,55,55,55,55,55,52,52,52,52,52,52,52,52,52,52,52],"gold":129,"neow_bonus":"THREE_ENEMY_KILL","is_daily":false,"chose_seed":false,"campfire_upgraded":8,"win_rate":0.0,"timestamp":1610803341,"path_taken":["M","M","?","?","?","E","R","M","T","M","E","?","E","M","R","BOSS","M","$","M","?","M","E","?","E","T","$","M","E","R","M","R","BOSS","M","?","$","?","?","E","?","E","T","E","M","?","E","$","R","M","M","?","?","M","R","E","$","T","R","?","M","?","E","R","BOSS","R","$","E","BOSS"],"items_purchased_type":["Relic","Card","Card","Relic","Relic","Card","Relic","Relic","Relic","Card","Relic","Relic","Relic","Relic","Relic","Relic","Relic","Relic","Relic"],"build_version":"2020-12-22","purchased_purges":11,"victory":true,"max_hp_per_floor":[75,75,75,75,75,75,75,75,75,75,75,75,75,75,75,75,60,60,65,65,65,65,65,65,65,65,65,65,65,65,65,65,65,43,43,43,43,43,43,43,43,43,48,48,48,48,55,55,55,55,55,55,55,55,55,55,55,55,55,52,52,52,52,52,52,52,52,52,52,52],"card_choices":[{"not_picked":[],"picked":"ChaosCard","floor":0},{"not_picked":["blackbeard:Spear","blackbeard:GoldenStrike"],"picked":"Bomb","floor":1},{"not_picked":["blackbeard:FieryDefense","blackbeard:BlindAttacks"],"picked":"blackbeard:Boarding","floor":2},{"not_picked":["blackbeard:Dagger","blackbeard:Shrapnel"],"picked":"blackbeard:Spear","floor":4},{"not_picked":["blackbeard:Intoxication","blackbeard:TacticalRetreat"],"picked":"blackbeard:Bandana","floor":6},{"not_picked":["blackbeard:WiseDefense","blackbeard:Fencing"],"picked":"blackbeard:CatONineTails","floor":8},{"not_picked":["blackbeard:Shrapnel","blackbeard:DoubleBottom"],"picked":"blackbeard:CannonballSupply","floor":10},{"not_picked":["blackbeard:GoldenStrike","blackbeard:CannonBarrage"],"picked":"blackbeard:CaptainsHat","floor":11},{"not_picked":["blackbeard:GoldenStrike","blackbeard:Shrapnel","blackbeard:PiratesWill"],"picked":"SKIP","floor":12},{"not_picked":["blackbeard:FishingNets","blackbeard:WiseDefense"],"picked":"blackbeard:Toast","floor":13},{"not_picked":["blackbeard:TacticalRetreat","blackbeard:CatONineTails","blackbeard:CloakAndCannonball"],"picked":"SKIP","floor":14},{"not_picked":["blackbeard:UndeadForm","blackbeard:Salvager"],"picked":"blackbeard:Parrot","floor":16},{"not_picked":["blackbeard:VengefulSpirit+1","blackbeard:AgileStrike","blackbeard:FishingNets+1"],"picked":"SKIP","floor":18},{"not_picked":["blackbeard:SwordDance","blackbeard:Shrapnel","blackbeard:Recklessness+1"],"picked":"SKIP","floor":20},{"not_picked":["blackbeard:CloakAndCannonball","blackbeard:Fencing+1"],"picked":"blackbeard:Spear+1","floor":21},{"not_picked":["blackbeard:RearmingStrike+1","blackbeard:BrownPants"],"picked":"blackbeard:PowerHungry","floor":21},{"not_picked":["blackbeard:CloakAndCannonball","blackbeard:WiseDefense"],"picked":"blackbeard:PiratesWill+1","floor":21},{"not_picked":["blackbeard:PiratesWill","blackbeard:GoldenDefense","blackbeard:Sword+1"],"picked":"SKIP","floor":22},{"not_picked":["blackbeard:InfiniteBarrage+1","blackbeard:Parrot"],"picked":"blackbeard:BeatUp+1","floor":23},{"not_picked":["blackbeard:GoldenDefense","blackbeard:Fencing","blackbeard:PiratesWill"],"picked":"SKIP","floor":25},{"not_picked":["blackbeard:DoubleCannonball","blackbeard:RearmingStrike"],"picked":"blackbeard:CannonBarrage","floor":28},{"not_picked":["blackbeard:Fencing","blackbeard:PiratesWill+1","blackbeard:DangerousBlow"],"picked":"SKIP","floor":29},{"not_picked":["blackbeard:CaptainsCabin","blackbeard:Eyepatch","blackbeard:WiseDefense"],"picked":"SKIP","floor":31},{"not_picked":["blackbeard:Parrot","blackbeard:Lifeboat"],"picked":"blackbeard:GoldenGuillotine","floor":33},{"not_picked":["blackbeard:GhostInTheRum","blackbeard:RearmingStrike","blackbeard:Sharpening"],"picked":"SKIP","floor":35},{"not_picked":["blackbeard:Toast+1","blackbeard:Dagger","blackbeard:VengefulSpirit+1"],"picked":"SKIP","floor":40},{"not_picked":["blackbeard:Spear","blackbeard:Revenge","blackbeard:BlindAttacks"],"picked":"SKIP","floor":42},{"not_picked":["blackbeard:FishingNets","blackbeard:Toast+1"],"picked":"blackbeard:Anchor","floor":44},{"not_picked":["blackbeard:BeatUp","blackbeard:Toast+1"],"picked":"blackbeard:Halberd","floor":45},{"not_picked":["blackbeard:GoldenDefense","blackbeard:Shrapnel+1","blackbeard:Toast+1"],"picked":"SKIP","floor":47},{"not_picked":["blackbeard:BlindAttacks","blackbeard:Toast","blackbeard:BeatUp"],"picked":"SKIP","floor":35},{"not_picked":["blackbeard:Fencing+1","blackbeard:PowerHungry","blackbeard:Shrapnel+1"],"picked":"SKIP","floor":36},{"not_picked":["blackbeard:InfiniteBarrage+1","blackbeard:CannonballSupply"],"picked":"blackbeard:Rum+1","floor":37},{"not_picked":["blackbeard:Fencing+1","blackbeard:PirateHook"],"picked":"blackbeard:DoubleBottom+1","floor":39},{"not_picked":["blackbeard:PirateStrength","blackbeard:Upgrade","blackbeard:ChaoticDefense+1"],"picked":"SKIP","floor":41},{"not_picked":["blackbeard:FishingNets+1","blackbeard:DoubleCannonball+1","blackbeard:VengefulSpirit"],"picked":"SKIP","floor":46},{"not_picked":["blackbeard:BlindAttacks","blackbeard:SmithingHammer","blackbeard:Eyepatch"],"picked":"SKIP","floor":48},{"not_picked":["blackbeard:TacticalRetreat","blackbeard:CatONineTails","blackbeard:PiratesWill"],"picked":"SKIP","floor":54}],"player_experience":1210585,"relics_obtained":[{"floor":6,"key":"testmod-RealStoneCalender"},{"floor":11,"key":"D6"},{"floor":13,"key":"Akabeko"},{"floor":17,"key":"MoneyPower"},{"floor":17,"key":"DemoMod:WhiteGuonStone"},{"floor":21,"key":"Blue Candle"},{"floor":21,"key":"Orrery"},{"floor":23,"key":"SalivaCoin"},{"floor":24,"key":"Membership Card"},{"floor":25,"key":"vexMod:TimeEaterHat"},{"floor":26,"key":"The Courier"},{"floor":29,"key":"Bottled Lightning"},{"floor":40,"key":"testmod-ConstraintPeriapt"},{"floor":42,"key":"testmod-Maize"},{"floor":43,"key":"Tiny House"},{"floor":44,"key":"DeathBook"},{"floor":47,"key":"DemoMod:MonsterBlood"},{"floor":37,"key":"Runesmith:AutoHammer"},{"floor":41,"key":"blackbeard:PowderCan"},{"floor":43,"key":"DemoMod:AgedBell"},{"floor":47,"key":"vexMod:BarristanHead"},{"floor":48,"key":"Astrolabe"},{"floor":54,"key":"yuri:PortableGlitches"}],"event_choices":[{"damage_healed":0,"gold_gain":0,"player_choice":"Grow","damage_taken":0,"max_hp_gain":0,"max_hp_loss":0,"event_name":"Living Wall","floor":5,"gold_loss":0,"cards_upgraded":["blackbeard:Cutlass"]},{"damage_healed":0,"gold_gain":0,"player_choice":"Fight","damage_taken":0,"max_hp_gain":0,"max_hp_loss":0,"event_name":"HidenRoomEvent","floor":21,"gold_loss":0},{"damage_healed":0,"gold_gain":150,"player_choice":"Sell","damage_taken":0,"max_hp_gain":0,"max_hp_loss":0,"event_name":"恩洛斯的盘子","floor":36,"relics_lost":["vexMod:TimeEaterHat"],"gold_loss":0},{"damage_healed":0,"gold_gain":0,"player_choice":"Ignored","damage_taken":0,"max_hp_gain":0,"max_hp_loss":0,"event_name":"SecretPortal","floor":38,"gold_loss":0},{"damage_healed":0,"gold_gain":0,"player_choice":"0 cards matched","damage_taken":0,"max_hp_gain":0,"max_hp_loss":0,"event_name":"Match and Keep!","floor":41,"gold_loss":0,"cards_obtained":[]},{"cards_removed":["blackbeard:Parrot"],"damage_healed":0,"gold_gain":0,"player_choice":"Removed Power","damage_taken":0,"max_hp_gain":0,"max_hp_loss":0,"event_name":"Falling","floor":46,"gold_loss":0},{"damage_healed":0,"gold_gain":0,"player_choice":"Fight","damage_taken":0,"max_hp_gain":0,"max_hp_loss":0,"event_name":"Mysterious Sphere","floor":37,"gold_loss":0},{"damage_healed":0,"gold_gain":0,"player_choice":"Max HP","damage_taken":0,"max_hp_gain":0,"max_hp_loss":3,"event_name":"Winding Halls","floor":45,"gold_loss":0}],"is_beta":false,"boss_relics":[{"not_picked":["CrazyTorch:ReiMu","Velvet Choker"],"picked":"Calling Bell"},{"not_picked":[]},{"not_picked":["Pen Nib","Art of War"],"picked":"FossilizedHelix"},{"not_picked":[]}],"items_purged_floors":[17,19,19,27,27,34,37,39,48,42,53],"is_endless":false,"potions_floor_spawned":[1,4,8,10,12,18,22,25,31,35,40,36,46,48],"ascension_level":4}}