{"host":"cwd5s03r1oaxs6mx","time":1610809499,"event":{"mods":["Act Like it!","BaseMod","Better Third Choice","BetterRewards","CapriCore","Card Filter","Colored Map","Custom Start","DeckTracker","Friendly Minions","Hubris","Infinite Spire","Marisa£¨Ùöéë¡¡Øª×âÞÞ£©","Minty Spire (QoL Compilation)","Quick Restart","Relic Stats","Shop Mod","Spicy Shops","StSLib","SuperFastMode"],"gold_per_floor":[113,133,147,166,176,205,205,231,257,282,282,300,321,321,321,422,422,439,450,450,460,14,41,41,371,371,371,371,384,384,396,396,496,496,507,19,32,32,45,76,95,122,122,122,157,170,185,198,198,198,198,198,47,76,76],"floor_reached":56,"language":"KOR","playtime":2841,"items_purged":["Strike_MRS","Strike_MRS","Strike_MRS","Strike_MRS","Defend_MRS"],"score":2614,"play_id":"6b821cff-d5f6-4ad4-82d0-cbdd74cb837c","local_time":"20210117000459","is_ascension_mode":true,"campfire_choices":[{"data":"MillisecondPulsars","floor":11.0,"key":"SMITH"},{"data":"CollectingQuirk","floor":15.0,"key":"SMITH"},{"data":"CollectingQuirk","floor":24.0,"key":"SMITH"},{"data":"AbsoluteMagnitude","floor":27.0,"key":"SMITH"},{"data":"MachineGunSpark","floor":30.0,"key":"SMITH"},{"data":"MasterSpark","floor":32.0,"key":"SMITH"},{"floor":49,"key":"RECALL"},{"data":"AlicesGift","floor":52,"key":"SMITH"}],"circlet_count":0,"master_deck":["AscendersBane","Defend_MRS","Defend_MRS","MasterSpark+1","UpSweep","CollectingQuirk+1","MilkyWay+1","OneTimeOff+1","SporeBomb+1","MilkyWay+1","MilkyWay+1","AlicesGift","PropBag+1","hubris:Rewind+1","Parasite","Parasite","MillisecondPulsars+1","PulseMagic+1","OrrerysSun","CollectingQuirk+1","AbsoluteMagnitude+1","PropBag+1","MachineGunSpark+1","PowerUp+1","Deep Breath+1","MagicAbsorber+1","AlicesGift+1","OneTimeOff+1","PropBag+1","AsteroidBelt+1","UltimateShortwave+1","MilkyWay+1","OortCloud+1","OortCloud+1","AsteroidBelt+1"],"relics":["MiniHakkero","Toxic Egg 2","SimpleLauncher","Lantern","Pen Nib","Medical Kit","infinitespire:Satchel","infinitespire:Golems Mask","Prayer Wheel","Centennial Puzzle","BigShroomBag","Sozu","Matryoshka","hubris:MobiusCoin","Old Coin","Bag of Preparation","hubris:TinFlute","Art of War","hubris:ScarierMask","TungstenRod","HornCleat","Vajra","infinitespire:EmpoweringShard","PreservedInsect","Shuriken","infinitespire:PuzzleCube","Blood Vial"],"acts_visited":[],"potions_floor_usage":[],"damage_taken":[{"damage":0.0,"enemies":"Cultist","floor":1.0,"turns":4.0},{"damage":2.0,"enemies":"Jaw Worm","floor":2.0,"turns":4.0},{"damage":0.0,"enemies":"2 Louse","floor":3.0,"turns":2.0},{"damage":1.0,"enemies":"Blue Slaver","floor":4.0,"turns":3.0},{"damage":0.0,"enemies":"Exordium Wildlife","floor":5.0,"turns":3.0},{"damage":0.0,"enemies":"Lagavulin","floor":6.0,"turns":4.0},{"damage":13.0,"enemies":"Gremlin Nob","floor":8.0,"turns":3.0},{"damage":0.0,"enemies":"Lagavulin","floor":10.0,"turns":4.0},{"damage":7.0,"enemies":"Red Slaver","floor":12.0,"turns":3.0},{"damage":0.0,"enemies":"The Mushroom Lair","floor":13.0,"turns":2.0},{"damage":24.0,"enemies":"Slime Boss","floor":16.0,"turns":5.0},{"damage":3.0,"enemies":"Shell Parasite","floor":18.0,"turns":2.0},{"damage":0.0,"enemies":"Spheric Guardian","floor":19.0,"turns":3.0},{"damage":5.0,"enemies":"Centurion and Healer","floor":21.0,"turns":3.0},{"damage":0.0,"enemies":"Book of Stabbing","floor":23.0,"turns":2.0},{"damage":18.0,"enemies":"Gremlin Leader","floor":25.0,"turns":2.0},{"damage":0.0,"enemies":"Snake Plant","floor":29.0,"turns":2.0},{"damage":3.0,"enemies":"3 Cultists","floor":31.0,"turns":2.0},{"damage":0.0,"enemies":"Automaton","floor":33.0,"turns":3.0},{"damage":0.0,"enemies":"Orb Walker","floor":35.0,"turns":2.0},{"damage":0.0,"enemies":"3 Shapes","floor":37.0,"turns":3.0},{"damage":0.0,"enemies":"Spire Growth","floor":39.0,"turns":1.0},{"damage":0.0,"enemies":"Nemesis","floor":40.0,"turns":3.0},{"damage":0.0,"enemies":"Maw","floor":41.0,"turns":3.0},{"damage":0.0,"enemies":"Nightmare","floor":42.0,"turns":3.0},{"damage":0.0,"enemies":"Nemesis","floor":45.0,"turns":3.0},{"damage":1.0,"enemies":"Writhing Mass","floor":46.0,"turns":2.0},{"damage":10.0,"enemies":"Jaw Worm Horde","floor":47.0,"turns":2.0},{"damage":0.0,"enemies":"Maw","floor":48.0,"turns":2.0},{"damage":34,"enemies":"infinitespire:MassOfShapes","floor":50,"turns":3},{"damage":0,"enemies":"Shield and Spear","floor":54,"turns":2},{"damage":32,"enemies":"The Heart","floor":55,"turns":5}],"seed_played":"6409070258831325879","potions_obtained":[{"floor":3.0,"key":"SteroidPotion"},{"floor":4.0,"key":"AttackPotion"},{"floor":5.0,"key":"EssenceOfSteel"}],"is_trial":false,"path_per_floor":["M","M","M","M","M","E","?","E","T","E","R","M","?","?","R","B",null,"M","M","?","M","$","E","R","E","T","R","T","M","R","M","R","B",null,"M","$","M","AVR","M","E","M","NM","T","?","E","M","M","M","R","B",null,"R","$","E","B",null],"character_chosen":"MARISA","items_purchased":["Toxic Egg 2","CollectingQuirk","MilkyWay+1","OneTimeOff+1","SimpleLauncher","Lantern","Pen Nib","SporeBomb+1","MilkyWay+1","Medical Kit","infinitespire:Satchel","MilkyWay+1","AlicesGift","Deep Breath+1","Matryoshka","TungstenRod","HornCleat","infinitespire:PuzzleCube"],"campfire_rested":0,"item_purchase_floors":[0,0,0,0,0,0,0,0,0,0,0,0,0,22,22,36,36,53],"current_hp_per_floor":[68,66,66,65,65,65,46,33,33,37,37,34,38,38,38,26,63,66,72,72,73,73,73,73,61,61,61,61,67,67,70,70,75,75,75,75,75,75,75,75,75,75,75,75,75,74,64,70,70,42,67,67,67,73,43],"gold":76,"neow_bonus":"","is_daily":false,"chose_seed":false,"campfire_upgraded":7,"win_rate":0.0,"timestamp":1610809499,"path_taken":["M","?","M","M","M","E","?","E","T","E","R","M","?","?","R","BOSS","M","M","?","M","$","E","R","E","T","R","?","M","R","M","R","BOSS","M","$","M","AVR","M","E","M","NM","T","?","E","M","?","M","R","BOSS","R","$","E","BOSS"],"items_purchased_type":["Relic","Card","Card","Card","Relic","Relic","Relic","Card","Card","Relic","Relic","Card","Card","Card","Relic","Relic","Relic","Relic"],"build_version":"2020-12-22","purchased_purges":5,"victory":true,"max_hp_per_floor":[75,75,75,75,75,75,75,75,75,75,75,75,75,75,75,75,75,75,75,75,75,75,75,75,75,75,75,75,75,75,75,75,75,75,75,75,75,75,75,75,75,75,75,75,75,75,75,75,75,75,75,75,75,75,75],"relic_stats":{"counters":[57,159],"Pen Nib":[10],"PreservedInsect":127,"Bag of Preparation":[41],"Medical Kit":[11],"Sozu":8,"Blood Vial":2,"Centennial Puzzle":[30],"Shuriken":[3],"Prayer Wheel":14,"Art of War":[15],"obtain_stats":[{"hubris:CrystalStatue":41,"Gremlin Horn":12,"Vajra":26,"hubris:MysteriousPyramids":3,"Old Coin":25,"Sozu":17,"Blood Vial":54,"Centennial Puzzle":53,"HornCleat":36,"DollysMirror":14,"Sundial":35,"hubris:DeckOfHolding":54,"infinitespire:Golems Mask":6,"Prayer Wheel":8,"Kunai":33,"Toxic Egg 2":0,"hubris:TinFlute":28,"hubris:MobiusCoin":23,"Blue Candle":18,"BreadOfAWashokuLover":54,"Pen Nib":30,"Letter Opener":10,"Akabeko":54,"SlaversCollar":17,"Bottled Flame":0,"hubris:BottledHeart":28,"Shuriken":21,"BigShroomBag":13,"infinitespire:EmpoweringShard":23,"hubris:TenFootPole":25,"Black Star":34,"MiniHakkero":0,"infinitespire:PuzzleCube":53,"hubris:Reverence":14,"Meat on the Bone":33,"AmplifyWand":6,"Lantern":0,"Mango":41,"Incense Burner":20,"Juzu Bracelet":41,"Bag of Preparation":46,"Frozen Eye":44,"hubris:Icosahedron":42,"Matryoshka":22,"Mummified Hand":8,"Pantograph":12,"hubris:ScarierMask":34,"SimpleLauncher":0,"The Courier":6,"infinitespire:FocusingShard":46,"PreservedInsect":43,"hubris:Towel":8,"Medical Kit":0,"Mercury Hourglass":13,"ShroomBag":9,"Ornamental Fan":16,"infinitespire:Satchel":0,"Turnip":14,"Art of War":53,"Membership Card":0,"hubris:OldNail":14,"TungstenRod":36},{"hubris:CrystalStatue":20,"Gremlin Horn":34,"Vajra":13,"hubris:MysteriousPyramids":2,"Old Coin":41,"Sozu":36,"Blood Vial":56,"Centennial Puzzle":23,"HornCleat":45,"DollysMirror":7,"Sundial":45,"hubris:DeckOfHolding":24,"infinitespire:Golems Mask":31,"Prayer Wheel":32,"Kunai":44,"Toxic Egg 2":25,"hubris:TinFlute":41,"hubris:MobiusCoin":40,"Blue Candle":37,"BreadOfAWashokuLover":24,"Pen Nib":14,"Letter Opener":33,"Akabeko":24,"SlaversCollar":8,"Bottled Flame":0,"hubris:BottledHeart":13,"Shuriken":39,"BigShroomBag":35,"infinitespire:EmpoweringShard":13,"hubris:TenFootPole":13,"Black Star":16,"MiniHakkero":0,"infinitespire:PuzzleCube":23,"hubris:Reverence":7,"Meat on the Bone":44,"AmplifyWand":31,"Lantern":0,"Mango":20,"Incense Burner":10,"Juzu Bracelet":20,"Bag of Preparation":21,"Frozen Eye":20,"hubris:Icosahedron":20,"Matryoshka":39,"Mummified Hand":32,"Pantograph":6,"hubris:ScarierMask":44,"SimpleLauncher":25,"The Courier":5,"infinitespire:FocusingShard":21,"PreservedInsect":50,"hubris:Towel":5,"Medical Kit":0,"Mercury Hourglass":35,"ShroomBag":5,"Ornamental Fan":36,"infinitespire:Satchel":25,"Turnip":7,"Art of War":23,"Membership Card":0,"hubris:OldNail":7,"TungstenRod":45},{"hubris:CrystalStatue":59,"Gremlin Horn":97,"Vajra":41,"hubris:MysteriousPyramids":5,"Old Coin":118,"Sozu":106,"Blood Vial":154,"Centennial Puzzle":64,"HornCleat":127,"DollysMirror":23,"Sundial":126,"hubris:DeckOfHolding":65,"infinitespire:Golems Mask":89,"Prayer Wheel":92,"Kunai":123,"Toxic Egg 2":69,"hubris:TinFlute":118,"hubris:MobiusCoin":116,"Blue Candle":107,"BreadOfAWashokuLover":65,"Pen Nib":43,"Letter Opener":93,"Akabeko":65,"SlaversCollar":26,"Bottled Flame":0,"hubris:BottledHeart":41,"Shuriken":112,"BigShroomBag":101,"infinitespire:EmpoweringShard":41,"hubris:TenFootPole":41,"Black Star":49,"MiniHakkero":0,"infinitespire:PuzzleCube":64,"hubris:Reverence":23,"Meat on the Bone":123,"AmplifyWand":86,"Lantern":0,"Mango":59,"Incense Burner":31,"Juzu Bracelet":59,"Bag of Preparation":60,"Frozen Eye":59,"hubris:Icosahedron":59,"Matryoshka":114,"Mummified Hand":90,"Pantograph":22,"hubris:ScarierMask":125,"SimpleLauncher":69,"The Courier":15,"infinitespire:FocusingShard":60,"PreservedInsect":140,"hubris:Towel":15,"Medical Kit":0,"Mercury Hourglass":100,"ShroomBag":15,"Ornamental Fan":102,"infinitespire:Satchel":69,"Turnip":23,"Art of War":64,"Membership Card":0,"hubris:OldNail":23,"TungstenRod":127}],"TungstenRod":25},"card_choices":[{"not_picked":["AsteroidBelt+1","Acceleration+1","ManaConvection+1"],"picked":"SKIP","floor":1.0},{"not_picked":["Acceleration+1","Singularity","ShootTheMoon"],"picked":"SKIP","floor":2.0},{"not_picked":["WitchOfGreed","AsteroidBelt+1","NonDirectionalLaser"],"picked":"SKIP","floor":3.0},{"not_picked":["MysteriousBeam","WitchLeyline","GalacticHalo+1"],"picked":"SKIP","floor":4.0},{"not_picked":["6A","GravityBeat"],"picked":"PropBag+1","floor":5.0},{"not_picked":["Orbital+1","SatelliteIllusion","GravityBeat"],"picked":"SKIP","floor":6.0},{"not_picked":["infinitespire:Execution","infinitespire:UltimateForm"],"picked":"hubris:Rewind","floor":7.0},{"not_picked":["DarkSpark","ShootTheMoon","SporeBomb+1"],"picked":"SKIP","floor":8.0},{"not_picked":["EarthLightRay+1","GrandCross"],"picked":"MillisecondPulsars","floor":10.0},{"not_picked":["SprinkleStarSeal+1","BlazeAway+1"],"picked":"PulseMagic+1","floor":12.0},{"not_picked":["MysteriousBeam","ShootingEcho","WitchOfGreed"],"picked":"SKIP","floor":12.0},{"not_picked":["PowerUp+1","OortCloud"],"picked":"OrrerysSun","floor":13.0},{"not_picked":["SatelliteIllusion","CasketOfStar"],"picked":"CollectingQuirk","floor":16.0},{"not_picked":["GrandCross","GalacticHalo+1","ShootingEcho+1"],"picked":"SKIP","floor":18.0},{"not_picked":["GrandCross","6A","DoubleSpark"],"picked":"SKIP","floor":18.0},{"not_picked":["DoubleSpark","SporeBomb+1"],"picked":"AbsoluteMagnitude","floor":19.0},{"not_picked":["MysteriousBeam","RefractionSpark+1"],"picked":"PropBag+1","floor":19.0},{"not_picked":["CasketOfStar","ShootTheMoon"],"picked":"PowerUp+1","floor":21.0},{"not_picked":["WitchLeyline","MysteriousBeam","BlazeAway+1"],"picked":"SKIP","floor":21.0},{"not_picked":["MagicChant+1","FairyDestructionRay+1","Singularity"],"picked":"SKIP","floor":23.0},{"not_picked":["GravityBeat","StarlightTyphoon+1","GasGiant+1"],"picked":"SKIP","floor":25.0},{"not_picked":["EventHorizon","OrrerysSun","DarkSpark"],"picked":"SKIP","floor":29.0},{"not_picked":["EventHorizon","DC","NonDirectionalLaser+1"],"picked":"SKIP","floor":29.0},{"not_picked":["Occultation+1","Acceleration+1"],"picked":"MagicAbsorber+1","floor":31.0},{"not_picked":["DarkSpark","GravityBeat+1","BlazingStar"],"picked":"SKIP","floor":31.0},{"not_picked":["MysteriousBeam+1","PowerUp+1"],"picked":"AlicesGift","floor":35.0},{"not_picked":["PowerUp+1","AsteroidBelt+1","StarBarrage+1"],"picked":"SKIP","floor":35.0},{"not_picked":["WitchOfGreed+1","Acceleration+1"],"picked":"OneTimeOff+1","floor":37.0},{"not_picked":["AsteroidBelt+1","MagicAbsorber+1","LuminesStrike+1"],"picked":"SKIP","floor":37.0},{"not_picked":["6A+1","JA"],"picked":"PropBag+1","floor":39.0},{"not_picked":["MysteriousBeam","DarkMatter+1","UnstableBomb"],"picked":"SKIP","floor":39.0},{"not_picked":["PowerUp+1","Robbery"],"picked":"AsteroidBelt+1","floor":40.0},{"not_picked":["MysteriousBeam+1","Acceleration+1","GravityBeat"],"picked":"SKIP","floor":41.0},{"not_picked":["PulseMagic+1","DarkMatter+1","SporeBomb+1"],"picked":"SKIP","floor":41.0},{"not_picked":["NonDirectionalLaser+1","ChargingUp+1"],"picked":"UltimateShortwave+1","floor":42.0},{"not_picked":["UnstableBomb+1","StarlightTyphoon+1","NonDirectionalLaser+1"],"picked":"SKIP","floor":45.0},{"not_picked":["SprinkleStarSeal+1","NonDirectionalLaser+1"],"picked":"MilkyWay+1","floor":46.0},{"not_picked":["EnergyRecoil+1","SporeBomb+1","MeteoricShower+1"],"picked":"SKIP","floor":46.0},{"not_picked":["PowerUp+1","MagicChant+1"],"picked":"OortCloud+1","floor":47.0},{"not_picked":["OortCloud","FairyDestructionRay","MysteriousBeam+1"],"picked":"SKIP","floor":47.0},{"not_picked":["NonDirectionalLaser","MysteriousBeam"],"picked":"OortCloud+1","floor":48.0},{"not_picked":["Acceleration+1","IllusionStar+1","UnstableBomb"],"picked":"SKIP","floor":48.0},{"not_picked":["GrandCross","Acceleration+1"],"picked":"AsteroidBelt+1","floor":54}],"player_experience":1044920,"relics_obtained":[{"floor":6.0,"key":"infinitespire:Golems Mask"},{"floor":8.0,"key":"Prayer Wheel"},{"floor":9.0,"key":"ShroomBag"},{"floor":10.0,"key":"Centennial Puzzle"},{"floor":13.0,"key":"BigShroomBag"},{"floor":23.0,"key":"hubris:MobiusCoin"},{"floor":25.0,"key":"Old Coin"},{"floor":26.0,"key":"Bag of Preparation"},{"floor":28.0,"key":"hubris:TinFlute"},{"floor":28.0,"key":"Art of War"},{"floor":40.0,"key":"Vajra"},{"floor":42.0,"key":"infinitespire:EmpoweringShard"},{"floor":43.0,"key":"PreservedInsect"},{"floor":45.0,"key":"Shuriken"},{"floor":54,"key":"Blood Vial"}],"event_choices":[{"damage_healed":0.0,"max_hp_gain":0.0,"max_hp_loss":0.0,"gold_gain":0.0,"event_name":"Mushrooms_MRS","player_choice":"Fought Mushrooms","floor":13.0,"gold_loss":0.0,"damage_taken":0.0},{"damage_healed":0.0,"max_hp_gain":0.0,"max_hp_loss":0.0,"gold_gain":1.0,"event_name":"betterThird:BetterScrap","player_choice":"LEAVE","floor":14.0,"gold_loss":0.0,"damage_taken":0.0,"cards_obtained":["Auto Shields"]},{"damage_healed":0.0,"max_hp_gain":0.0,"max_hp_loss":0.0,"gold_gain":0.0,"event_name":"The Library","player_choice":"Read","floor":20.0,"gold_loss":0.0,"damage_taken":0.0,"cards_obtained":["MachineGunSpark"]},{"cards_removed":["Defend_MRS"],"damage_healed":0.0,"max_hp_gain":0.0,"max_hp_loss":0.0,"gold_gain":0.0,"event_name":"Purifier","player_choice":"Purged","floor":44.0,"gold_loss":0.0,"damage_taken":0.0}],"is_beta":false,"boss_relics":[{"not_picked":["Busted Crown","SlaversCollar"],"picked":"Sozu"},{"not_picked":["hubris:VirtuousBlindfold","Coffee Dripper"],"picked":"hubris:ScarierMask"}],"items_purged_floors":[0,0,22,36,38],"is_endless":false,"potions_floor_spawned":[3,4,5,12,16,18,19,29,39,40,41,45,46,47,48,54],"ascension_level":10}}