{"host":"11728qvdvolffudn","time":1610813955,"event":{"mods":["BaseMod","Block Reminder","Colored Powertips","Curses Come First","Custom Start","Displayed Cursed Tome","Highlight Path","Minty Spire (QoL Compilation)","Permanent Neow","Quick Restart","Rare Cards Sparkle","Relic Stats","StSLib"],"gold_per_floor":[117,117,67,142,159,159,79,79,79,90,21,32,207,217,217,320,320,338,263,277,297,297,297,243,275,275,375,387,387,387,387,387],"floor_reached":31,"language":"ENG","playtime":1517,"items_purged":["Doubt"],"score":248,"play_id":"0038f867-af44-42fd-86ba-948506f18b96","local_time":"20210116161915","is_ascension_mode":false,"campfire_choices":[{"data":"Capacitor","floor":6,"key":"SMITH"},{"floor":15,"key":"REST"},{"data":"Chill","floor":23,"key":"SMITH"},{"floor":29,"key":"REST"}],"circlet_count":0,"master_deck":["Strike_B","Defend_B","Defend_B","Defend_B","Zap+1","Dualcast+1","Capacitor+1","Beam Cell","Reboot","Capacitor","Lockon","Cold Snap","Biased Cognition","Chill+1","BootSequence","Cold Snap","BootSequence","Ghostly","Ghostly","Ghostly","Ghostly","Ghostly"],"relics":["Cracked Core","Calipers","Velvet Choker","Red Mask","Eternal Feather"],"acts_visited":["Exordium","TheCity"],"potions_floor_usage":[5,20,28],"damage_taken":[{"damage":2,"enemies":"Small Slimes","floor":1,"turns":4},{"damage":0,"enemies":"2 Louse","floor":5,"turns":2},{"damage":6,"enemies":"Jaw Worm","floor":10,"turns":4},{"damage":18,"enemies":"Large Slime","floor":12,"turns":6},{"damage":6,"enemies":"Exordium Wildlife","floor":14,"turns":3},{"damage":22,"enemies":"Hexaghost","floor":16,"turns":11},{"damage":29,"enemies":"2 Thieves","floor":18,"turns":4},{"damage":7,"enemies":"Shell Parasite","floor":20,"turns":5},{"damage":6,"enemies":"Snecko","floor":21,"turns":6},{"damage":6,"enemies":"Masked Bandits","floor":25,"turns":7},{"damage":20,"enemies":"Sentry and Sphere","floor":28,"turns":12},{"damage":1,"enemies":"Centurion and Healer","floor":31,"turns":5}],"seed_played":"2910886893593079518","potions_obtained":[{"floor":5,"key":"Fruit Juice"},{"floor":14,"key":"SteroidPotion"},{"floor":16,"key":"LiquidBronze"},{"floor":20,"key":"LiquidMemories"}],"is_trial":false,"path_per_floor":["M","?","?","?","M","R","$","?","T","M","$","M","?","M","R","B",null,"M","$","M","M","?","R","$","?","T","?","M","R","?","M"],"character_chosen":"DEFECT","items_purchased":["Reboot","Capacitor","Cold Snap"],"campfire_rested":2,"item_purchase_floors":[7,11,24],"current_hp_per_floor":[73,66,66,55,60,60,60,44,44,38,38,20,20,14,38,16,80,51,51,44,38,38,38,38,32,32,32,12,45,40,39,39],"gold":387,"neow_bonus":"TRANSFORM_CARD","is_daily":false,"chose_seed":false,"campfire_upgraded":2,"win_rate":0.0,"timestamp":1610813955,"path_taken":["M","?","?","?","?","R","$","?","T","M","?","M","?","M","R","BOSS","M","$","M","M","?","R","?","?","T","?","?","R","?","M"],"items_purchased_type":["Card","Card","Card"],"build_version":"2020-12-22","purchased_purges":1,"victory":false,"max_hp_per_floor":[75,75,75,75,80,80,80,80,80,80,80,80,80,80,80,80,80,80,80,80,80,80,80,80,80,80,80,80,80,40,40,40],"relic_stats":{"counters":[12,69],"Eternal Feather":9,"obtain_stats":[{"Calipers":9,"Velvet Choker":17,"Eternal Feather":26,"Red Mask":25,"Cracked Core":0},{"Calipers":2,"Velvet Choker":6,"Eternal Feather":10,"Red Mask":10,"Cracked Core":0},{"Calipers":6,"Velvet Choker":30,"Eternal Feather":52,"Red Mask":52,"Cracked Core":0}]},"card_choices":[{"not_picked":["Stack","Ball Lightning","Gash"],"picked":"SKIP","floor":1},{"not_picked":["Cold Snap","Hologram"],"picked":"Beam Cell","floor":5},{"not_picked":["Ball Lightning","Coolheaded","Leap"],"picked":"SKIP","floor":10},{"not_picked":["Loop","Tempest"],"picked":"Lockon","floor":12},{"not_picked":["Sweeping Beam","Barrage"],"picked":"Cold Snap","floor":14},{"not_picked":["Fission","Electrodynamics"],"picked":"Biased Cognition","floor":16},{"not_picked":["Skim","Rip and Tear"],"picked":"Chill","floor":18},{"not_picked":["Sweeping Beam","Self Repair","Aggregate"],"picked":"SKIP","floor":20},{"not_picked":["FTL","Hologram+1"],"picked":"BootSequence","floor":21},{"not_picked":["Recycle","Beam Cell"],"picked":"BootSequence","floor":25},{"not_picked":["Steam","Compile Driver","Tempest"],"picked":"SKIP","floor":28}],"player_experience":122763,"relics_obtained":[{"floor":9,"key":"Calipers"},{"floor":25,"key":"Red Mask"},{"floor":26,"key":"Eternal Feather"}],"event_choices":[{"cards_removed":["Strike_B"],"damage_healed":0,"gold_gain":0,"player_choice":"Card Removal","damage_taken":7,"max_hp_gain":0,"max_hp_loss":0,"event_name":"Golden Wing","floor":2,"gold_loss":0},{"cards_removed":["Strike_B"],"damage_healed":0,"gold_gain":0,"player_choice":"Card Removal","damage_taken":0,"max_hp_gain":0,"max_hp_loss":0,"event_name":"The Cleric","floor":3,"gold_loss":50},{"damage_healed":0,"gold_gain":75,"player_choice":"Gather Gold","damage_taken":11,"max_hp_gain":0,"max_hp_loss":0,"event_name":"World of Goop","floor":4,"gold_loss":0},{"damage_healed":0,"gold_gain":0,"player_choice":"Entered Light","damage_taken":16,"max_hp_gain":0,"max_hp_loss":0,"event_name":"Shining Light","floor":8,"gold_loss":0,"cards_upgraded":["Zap","Dualcast"]},{"damage_healed":0,"gold_gain":175,"player_choice":"AGREE","damage_taken":0,"max_hp_gain":0,"max_hp_loss":0,"event_name":"Liars Game","floor":13,"gold_loss":0,"cards_obtained":["Doubt"]},{"cards_removed":["Defend_B"],"damage_healed":0,"gold_gain":0,"player_choice":"Offered Basic","damage_taken":0,"max_hp_gain":0,"max_hp_loss":0,"event_name":"Bonfire Elementals","floor":22,"gold_loss":0},{"damage_healed":0,"gold_gain":0,"player_choice":"Fought Bandits","damage_taken":0,"max_hp_gain":0,"max_hp_loss":0,"event_name":"Masked Bandits","floor":25,"gold_loss":0},{"damage_healed":0,"gold_gain":100,"player_choice":"Pray","damage_taken":0,"max_hp_gain":0,"max_hp_loss":0,"event_name":"Golden Shrine","floor":27,"gold_loss":0},{"damage_healed":0,"gold_gain":0,"player_choice":"Became a Ghost","damage_taken":0,"max_hp_gain":0,"max_hp_loss":40,"event_name":"Ghosts","floor":30,"gold_loss":0,"cards_obtained":["Ghostly","Ghostly","Ghostly","Ghostly","Ghostly"]}],"is_beta":false,"boss_relics":[{"not_picked":["Calling Bell","Runic Pyramid"],"picked":"Velvet Choker"}],"items_purged_floors":[19],"is_endless":false,"potions_floor_spawned":[5,14,16,20],"killed_by":"Centurion and Healer","ascension_level":0}}