{"host":"9cgbyp2ufcg2zrdm","time":1610767860,"event":{"mods":["BaseMod","BetterRewards","Colored Map","Downfall","Highlight Path","Minty Spire (QoL Compilation)","Quick Restart","StSLib"],"gold_per_floor":[99,117,130,185,185,185,185,214,232,232,249,267,267,290,310,411,411,411,429,253,253,253],"floor_reached":21,"language":"ENG","playtime":1949,"items_purged":[],"score":179,"play_id":"d8decfc9-cb7e-403a-af36-ed3d68995018","local_time":"20210116113100","is_ascension_mode":false,"campfire_choices":[{"floor":1.0,"key":"RECALL"},{"data":"sneckomod:SnekBite","floor":6.0,"key":"SMITH"}],"circlet_count":0,"master_deck":["sneckomod:Strike+1","sneckomod:Strike","sneckomod:Strike","sneckomod:Defend","sneckomod:Defend","sneckomod:Defend","sneckomod:TailWhip+1","sneckomod:SnekBite+1","sneckomod:UnknownUncommonPower","sneckomod:ImprovisedGuard","Strike_P","sneckomod:SlitherStrike","sneckomod:UnendingSupply","Madness","sneckomod:Unknown2Cost","sneckomod:Mudshield","sneckomod:DefensiveFlair","sneckomod:UnknownRarePower","CurseOfTheBell","BattleHymn","sneckomod:SerpentIdol","sneckomod:DiceBoulder","sneckomod:UnknownRarePower"],"relics":["sneckomod:SneckoSoul","Whetstone","Lizard Tail","Anchor","Odd Mushroom","Calling Bell","Vajra","Question Card","Incense Burner"],"acts_visited":["Exordium","TheCity"],"potions_floor_usage":[12,14],"damage_taken":[{"damage":3.0,"enemies":"2 Louse","floor":2.0,"turns":2.0},{"damage":1.0,"enemies":"Cultist","floor":3.0,"turns":3.0},{"damage":16.0,"enemies":"Gremlin Nob","floor":4.0,"turns":4.0},{"damage":34.0,"enemies":"Lagavulin","floor":8.0,"turns":8.0},{"damage":10.0,"enemies":"Jaw Worm","floor":9.0,"turns":3.0},{"damage":4.0,"enemies":"2 Fungi Beasts","floor":11.0,"turns":4.0},{"damage":9,"enemies":"Exordium Thugs","floor":12,"turns":4},{"damage":8,"enemies":"The Mushroom Lair","floor":14,"turns":5},{"damage":0,"enemies":"Red Slaver","floor":15,"turns":3},{"damage":67,"enemies":"IC_STATUS_ARCHETYPE","floor":16,"turns":13},{"damage":43,"enemies":"Shell Parasite","floor":19,"turns":8},{"damage":10,"enemies":"downfall:FleeingMerchant","floor":20,"turns":4},{"damage":52,"enemies":"Spheric Guardian","floor":21,"turns":5}],"seed_played":"-3579319208124517713","potions_obtained":[{"floor":2.0,"key":"Block Potion"},{"floor":8.0,"key":"Slimebound:ThreeZeroPotion"},{"floor":11.0,"key":"Dexterity Potion"},{"floor":12,"key":"Weak Potion"},{"floor":16,"key":"DistilledChaos"}],"is_trial":false,"path_per_floor":["R","M","M","?","?","R","T","E","M","R","M","M","?","?","M","B",null,"R","M","$","M"],"character_chosen":"THE_SNECKO","items_purchased":["sneckomod:UnknownRarePower"],"campfire_rested":0,"item_purchase_floors":[20],"current_hp_per_floor":[99,97,100,84,84,84,84,52,42,42,38,29,26,18,18,13,104,104,61,51,0,0],"gold":253,"neow_bonus":"TEN_PERCENT_HP_BONUS","is_daily":false,"chose_seed":false,"campfire_upgraded":1,"win_rate":0.0,"timestamp":1610767860,"path_taken":["R","M","M","?","?","R","T","E","M","R","M","?","?","?","M","BOSS","R","M","$","M"],"items_purchased_type":["Card"],"build_version":"2020-12-22","purchased_purges":0,"victory":false,"max_hp_per_floor":[99,100,104,104,104,104,104,104,104,104,104,104,104,104,104,104,104,104,104,104,104,104],"card_choices":[{"not_picked":["sneckomod:UnknownStrike","sneckomod:WideSting"],"picked":"sneckomod:UnknownUncommonPower","floor":2.0},{"not_picked":["sneckomod:Nope","sneckomod:Unknown1Cost"],"picked":"sneckomod:UnknownClassPURPLE","floor":3.0},{"not_picked":["sneckomod:UnknownCommonSkill","sneckomod:SlitherStrike"],"picked":"sneckomod:ImprovisedGuard","floor":4.0},{"not_picked":["sneckomod:RainOfDice","sneckomod:UnknownStrike"],"picked":"sneckomod:SlitherStrike","floor":8.0},{"not_picked":["sneckomod:SoulRoll","sneckomod:ImprovisedAttack"],"picked":"sneckomod:UnendingSupply","floor":9.0},{"not_picked":["sneckomod:DiceCrush","sneckomod:WideSting"],"picked":"sneckomod:Unknown2Cost","floor":11.0},{"not_picked":["sneckomod:UnknownUncommonAttack","sneckomod:RainOfDice"],"picked":"sneckomod:Mudshield","floor":12},{"not_picked":["sneckomod:SoulDraw","sneckomod:ImprovisedGuard"],"picked":"sneckomod:DefensiveFlair","floor":14},{"not_picked":["sneckomod:SoulDraw","sneckomod:SlitherStrike","sneckomod:DiceBlock"],"picked":"SKIP","floor":15},{"not_picked":["sneckomod:UnknownBoss","sneckomod:UnlimitedRolls"],"picked":"sneckomod:UnknownRarePower","floor":16},{"not_picked":["sneckomod:UnknownUncommonPower","sneckomod:RainOfDice+1","sneckomod:DiceBlock"],"picked":"sneckomod:SerpentIdol","floor":19},{"not_picked":["sneckomod:QuickBite","sneckomod:UnknownUncommonAttack","sneckomod:MasterEye"],"picked":"sneckomod:DiceBoulder","floor":20}],"player_experience":772827,"relics_obtained":[{"floor":4.0,"key":"Whetstone"},{"floor":8.0,"key":"Lizard Tail"},{"floor":14,"key":"Odd Mushroom"},{"floor":17,"key":"Vajra"},{"floor":17,"key":"Question Card"},{"floor":17,"key":"Incense Burner"}],"event_choices":[{"cards_removed":["sneckomod:Unknown"],"damage_healed":0.0,"max_hp_gain":0.0,"max_hp_loss":0.0,"gold_gain":0.0,"event_name":"NoteForYourself","player_choice":"Took Card","floor":5.0,"gold_loss":0.0,"damage_taken":0.0,"cards_obtained":["Strike_P"]},{"damage_healed":0,"gold_gain":0,"player_choice":"Success","damage_taken":3,"relics_obtained":["Anchor"],"max_hp_gain":0,"max_hp_loss":0,"event_name":"Scrap Ooze","floor":13,"gold_loss":0},{"damage_healed":0,"gold_gain":0,"player_choice":"Fought Mushrooms","damage_taken":0,"max_hp_gain":0,"max_hp_loss":0,"event_name":"Mushrooms","floor":14,"gold_loss":0}],"is_beta":false,"boss_relics":[{"not_picked":["Fusion Hammer","Runic Pyramid"],"picked":"Calling Bell"}],"items_purged_floors":[],"is_endless":false,"potions_floor_spawned":[2,8,11,12,16],"killed_by":"Spheric Guardian","ascension_level":0}}