{"host":"oc9z8cublggqyfxu","time":1610807967,"event":{"mods":["AchievementEnabler","Act Like it!","Aspiration","BaseMod","Colored Map","Colored Powertips","Friendly Minions","Gensokyo","Hallownest","Hermit","Highlight Path","Infinite Spire","KinomotoSakuraMod(木之本樱)","Koishi","Lobotomy","LobotomyExtend","Marisa（F雨　魔理沙）","Minty Spire (QoL Compilation)","Quick Restart","Reimu（博丽灵梦）","Relic Stats","Remilia（蕾米莉亚）","Replay The Spire","RumiaBox-露米娅的神秘盒子","StSLib","The Administrix","The Animator","The Blackbeard","The Bug Knight","The Cursed","The Hierophant","The Mystic","The Runesmith","The Servant 0.9.4","Youmu（魂魄妖梦）","Yuyuko","vexMod","【功能Mod】混沌之环修复补丁","【功能Mod】聪明的最终Boss"],"gold_per_floor":[119,134,59,78,93,93,119,119,119,148,4,15,15,15],"floor_reached":13,"language":"ZHS","playtime":1016,"items_purged":[],"score":99,"play_id":"b83212c2-d31e-48e7-ab41-03081a279574","local_time":"20210116223927","is_ascension_mode":true,"campfire_choices":[{"data":"Genetic Algorithm","floor":6,"key":"SMITH"}],"circlet_count":0,"master_deck":["Strike_B","Strike_B","Strike_B","Strike_B","Defend_B","Defend_B","Defend_B","Defend_B","Zap","Dualcast","Tempest","Mercenary","Sunder","MHz","Hallownest:skillGreenpathMap","LaLuna","ReplayGash","Genetic Algorithm+1","BigBird","Rudolta","Core Surge","Sickly","Defragment","LongBird"],"relics":["Cracked Core","CogitoBucket","LetterFromLob","Potion Belt","Ring of Fury","Ring of Hypnosis","Runesmith:Locket","Blue Doll","vexMod:BarristanHead","FleshIdol"],"acts_visited":["Hallownest:Greenpath"],"potions_floor_usage":[10,12,13],"damage_taken":[{"damage":9,"enemies":"Hallownest:monsterHuskWarrior","floor":1,"turns":3},{"damage":2,"enemies":"Hallownest:2_Tiktiks_and_1_Crawlid","floor":2,"turns":4},{"damage":7,"enemies":"Hallownest:monsterHuskGuard","floor":4,"turns":3},{"damage":1,"enemies":"Hallownest:monsterAspidMother","floor":5,"turns":4},{"damage":25,"enemies":"Hallownest:eliteCrystalGuardian","floor":7,"turns":5},{"damage":10,"enemies":"Hallownest:eliteMossKnight","floor":10,"turns":3},{"damage":11,"enemies":"Hallownest:monsterMossCharger","floor":12,"turns":3},{"damage":14,"enemies":"Hallownest:eliteCrystalGuardian","floor":13,"turns":3}],"seed_played":"-5458889789486579372","potions_obtained":[{"floor":5,"key":"SmokeBomb"},{"floor":7,"key":"SkillPotion"},{"floor":10,"key":"SpeedPotion"},{"floor":12,"key":"ZuzhouPotion:ReiMu"}],"is_trial":false,"path_per_floor":["M","M","?","M","M","R","E","?","T","E","$","M","E"],"character_chosen":"DEFECT","items_purchased":["vexMod:BarristanHead"],"campfire_rested":0,"item_purchase_floors":[11],"current_hp_per_floor":[66,64,64,57,56,56,31,31,31,21,21,10,0,0],"gold":15,"neow_bonus":"","is_daily":false,"chose_seed":false,"campfire_upgraded":1,"win_rate":0.0,"timestamp":1610807967,"path_taken":["M","?","?","M","M","R","E","?","T","E","$","M","E"],"items_purchased_type":["Relic"],"build_version":"2020-12-22","purchased_purges":0,"victory":false,"max_hp_per_floor":[75,75,75,75,75,75,75,75,75,75,75,75,75,75],"relic_stats":{"counters":[9,29],"obtain_stats":[{"Potion Belt":7,"CogitoBucket":0,"vexMod:BarristanHead":11,"Ring of Hypnosis":8,"Runesmith:Locket":9,"Ring of Fury":8,"Blue Doll":10,"FleshIdol":12,"LetterFromLob":1,"Cracked Core":0},{"Potion Belt":5,"CogitoBucket":0,"vexMod:BarristanHead":6,"Ring of Hypnosis":5,"Runesmith:Locket":5,"Ring of Fury":5,"Blue Doll":6,"FleshIdol":8,"LetterFromLob":1,"Cracked Core":0},{"Potion Belt":19,"CogitoBucket":0,"vexMod:BarristanHead":22,"Ring of Hypnosis":19,"Runesmith:Locket":19,"Ring of Fury":19,"Blue Doll":22,"FleshIdol":26,"LetterFromLob":3,"Cracked Core":0}]},"card_choices":[{"not_picked":["Leap","Stack"],"picked":"Tempest","floor":1},{"not_picked":["ShyLook","CherryBlossoms","FairyFestival"],"picked":"Singing Bowl","floor":1},{"not_picked":["Murderer","Scarecrow"],"picked":"Mercenary","floor":1},{"not_picked":["Ball Lightning","Compile Driver"],"picked":"Sunder","floor":2},{"not_picked":["UniverseFragment","HeroicMonk","CherryBlossoms"],"picked":"Singing Bowl","floor":2},{"not_picked":["CherryBlossoms","Murderer"],"picked":"MHz","floor":2},{"not_picked":["FairyFestival","MeatLantern","CherryBlossoms"],"picked":"Singing Bowl","floor":4},{"not_picked":["OldLady","FieryBird"],"picked":"LaLuna","floor":4},{"not_picked":["Defragment","ReplaySort"],"picked":"ReplayGash","floor":4},{"not_picked":["Barrage","BootSequence"],"picked":"Genetic Algorithm","floor":5},{"not_picked":["MeatLantern","Variant","Bloodbath"],"picked":"Singing Bowl","floor":5},{"not_picked":["CherryBlossoms","PunishingBird"],"picked":"BigBird","floor":5},{"not_picked":["FairyFestival","CherryBlossoms"],"picked":"Rudolta","floor":7},{"not_picked":["ReplayTheSpireMod:GoodbyeWorld","Gash"],"picked":"Core Surge","floor":7},{"not_picked":["SpiderBud","FairyFestival","Murderer"],"picked":"Singing Bowl","floor":10},{"not_picked":["Streamline","Compile Driver","ReplayTheSpireMod:GoodbyeWorld"],"picked":"SKIP","floor":10},{"not_picked":["Blizzard","Hologram"],"picked":"Defragment","floor":12},{"not_picked":["CherryBlossoms","CrumblingArmor","OldLady"],"picked":"Singing Bowl","floor":12},{"not_picked":["VoidDream","ShyLook"],"picked":"LongBird","floor":12}],"player_experience":273204,"relics_obtained":[{"floor":1,"key":"LetterFromLob"},{"floor":7,"key":"Potion Belt"},{"floor":8,"key":"Ring of Fury"},{"floor":8,"key":"Ring of Hypnosis"},{"floor":9,"key":"Runesmith:Locket"},{"floor":10,"key":"Blue Doll"}],"event_choices":[],"is_beta":false,"boss_relics":[],"items_purged_floors":[],"is_endless":false,"potions_floor_spawned":[5,7,10,12],"killed_by":"Hallownest:eliteCrystalGuardian","ascension_level":1}}