{"host":"22s5scuj7mu87reg","time":1610832093,"event":{"mods":["BaseMod","Better Third Choice","Colored Powertips","Dota2Spire","Downfall","Duelist Mod","GungeonMod","Halation","Hubris","Infinite Spire","Koishi","KomeijiMod","Minty Spire (QoL Compilation)","Quick Restart","Replay The Spire","Shop Mod","StSLib","SuperFastMode","The Jungle","The Mystic","The Necromancer","Wandering Minibosses"],"gold_per_floor":[113,113,66,66,76,102,102,114,191,204,174,174,208,218,218,319,319,333,408,428,428,443,468,468,481,550,550,560,560,595,701,701,806,806,820,820,831,841,841,875,875,888,938,969,969,969,969,980,980,980],"floor_reached":51,"language":"POL","playtime":2080,"items_purged":["Strike_B","Defend_B"],"score":1076,"play_id":"2124e6be-a03d-4aba-af93-6c8ac657b29a","local_time":"20210116222133","is_ascension_mode":true,"campfire_choices":[{"data":"Coolheaded","floor":7.0,"key":"SMITH"},{"data":"Electrodynamics","floor":12.0,"key":"SMITH"},{"data":"Barrage","floor":15.0,"key":"SMITH"},{"floor":32.0,"key":"REST"},{"data":"Amplify","floor":45.0,"key":"SMITH"},{"data":"Lockon","floor":47.0,"key":"SMITH"},{"data":"Rainbow","floor":49,"key":"SMITH"}],"circlet_count":0,"master_deck":["Defend_B+1","Defend_B+1","Zap","Dualcast","Turbo","Barrage","Coolheaded+1","Barrage+1","Coolheaded","Electrodynamics+1","Ball Lightning","Self Repair","Core Surge","Hologram+1","Rainbow+1","Turbo+1","Hologram+1","Conserve Battery","Defragment","Lockon+1","Buffer+1","Storm+1","Time Bomb+1","White Noise+1","Panic Button+1","Defragment+1","Parasite","Amplify+1","Confused","ReplayTheSpireMod:Calculation Training+1","Hologram"],"relics":["Cracked Core","NeowsBlessing","hubris:Towel","halation:PinkSoulGem","DemoMod:GundromedaStrain","DemoMod:ChaffGrenade","Smiling Mask","Replay:Bronze Core","Simple Rune","Dota2Spire:Mjollnir","SlaversCollar","hubris:CrystalStatue","Dota2Spire:EchoSabre","Astrolabe","Lee\u0027s Waffle","infinitespire:Lucky Rock","Lantern","DemoMod:ClearGuonStone"],"acts_visited":["Exordium","TheCity","TheBeyond"],"potions_floor_usage":[],"damage_taken":[{"damage":0.0,"enemies":"Jaw Worm","floor":1.0,"turns":1.0},{"damage":0.0,"enemies":"2 Louse","floor":5.0,"turns":1.0},{"damage":0.0,"enemies":"Gremlin Nob","floor":6.0,"turns":1.0},{"damage":0.0,"enemies":"Cultist","floor":8.0,"turns":2.0},{"damage":0.0,"enemies":"Blue Slaver","floor":10.0,"turns":2.0},{"damage":5.0,"enemies":"3 Sentries","floor":13.0,"turns":5.0},{"damage":3.0,"enemies":"Lots of Slimes","floor":14.0,"turns":2.0},{"damage":51.0,"enemies":"Hexaghost","floor":16.0,"turns":9.0},{"damage":9.0,"enemies":"Shell Parasite","floor":18.0,"turns":8.0},{"damage":6.0,"enemies":"Chosen","floor":20.0,"turns":3.0},{"damage":9.0,"enemies":"Centurion and Healer","floor":22.0,"turns":4.0},{"damage":25.0,"enemies":"Gremlin Leader","floor":23.0,"turns":5.0},{"damage":11.0,"enemies":"Snake Plant","floor":25.0,"turns":4.0},{"damage":0.0,"enemies":"Snecko","floor":28.0,"turns":3.0},{"damage":0.0,"enemies":"Slavers","floor":30.0,"turns":2.0},{"damage":0.0,"enemies":"Automaton","floor":33.0,"turns":3.0},{"damage":0.0,"enemies":"3 Shapes","floor":35.0,"turns":2.0},{"damage":0.0,"enemies":"3 Darklings","floor":37.0,"turns":2.0},{"damage":15.0,"enemies":"Writhing Mass","floor":38.0,"turns":3.0},{"damage":20.0,"enemies":"R_Hoarder","floor":40.0,"turns":4.0},{"damage":21.0,"enemies":"Maw","floor":42.0,"turns":4.0},{"damage":0.0,"enemies":"Giant Head","floor":44.0,"turns":5.0},{"damage":0,"enemies":"4 Shapes","floor":48,"turns":4},{"damage":46,"enemies":"Awakened One","floor":50,"turns":8}],"seed_played":"3575833699897384245","potions_obtained":[{"floor":5.0,"key":"Elixir"},{"floor":8.0,"key":"PowerPotion"},{"floor":10.0,"key":"Weak Potion"},{"floor":11.0,"key":"DemoMod:BlankPotion"},{"floor":30.0,"key":"LiquidBronze"},{"floor":38.0,"key":"Elixir"}],"is_trial":false,"path_per_floor":["M","?","$","?","M","E","R","M","T","M","?","R","E","M","R","B",null,"M","?","M","?","M","E","AVR","M","T","?","M","?","E","?","R","B",null,"M","AVR","M","M","?","E","?","M","T","E","R","?","R","M","R","B",null],"character_chosen":"DEFECT","items_purchased":["Barrage"],"campfire_rested":1,"item_purchase_floors":[3],"current_hp_per_floor":[75,75,75,75,75,75,75,75,75,75,75,75,70,67,67,16,75,73,66,60,60,58,40,40,36,36,36,43,43,43,25,47,47,75,75,82,82,74,74,61,61,47,47,54,54,54,54,54,54,8],"gold":980,"neow_bonus":"THREE_ENEMY_KILL","is_daily":false,"chose_seed":false,"campfire_upgraded":6,"win_rate":0.0,"timestamp":1610832093,"path_taken":["M","?","$","?","M","E","R","M","T","M","?","R","E","?","R","BOSS","M","?","?","?","M","E","AVR","M","T","?","?","?","E","?","R","BOSS","M","AVR","M","M","?","E","?","M","T","E","R","?","R","M","R","BOSS"],"items_purchased_type":["Card"],"build_version":"2020-12-13","purchased_purges":2,"victory":true,"max_hp_per_floor":[75,75,75,75,75,75,75,75,75,75,75,75,75,75,75,75,75,75,75,75,75,75,75,75,75,75,75,75,75,75,75,75,75,75,75,82,82,82,82,82,82,82,82,82,82,82,82,82,82,82],"card_choices":[{"not_picked":["Sweeping Beam","Melter"],"picked":"Turbo","floor":1.0},{"not_picked":["Beam Cell","Double Energy"],"picked":"Coolheaded","floor":5.0},{"not_picked":["Stack","BootSequence"],"picked":"Barrage","floor":6.0},{"not_picked":["Gash","Steam"],"picked":"Coolheaded","floor":8.0},{"not_picked":["ReplayGash","Defragment"],"picked":"Electrodynamics","floor":10.0},{"not_picked":["Steam","Go for the Eyes"],"picked":"Ball Lightning","floor":13.0},{"not_picked":["Double Energy","Turbo"],"picked":"Self Repair","floor":14.0},{"not_picked":["Electrodynamics","Hyperbeam"],"picked":"Core Surge","floor":16.0},{"not_picked":["Ball Lightning","Cold Snap"],"picked":"Hologram","floor":18.0},{"not_picked":["Beam Cell","Gash+1"],"picked":"Rainbow","floor":20.0},{"not_picked":["Beam Cell","Leap"],"picked":"Turbo+1","floor":22.0},{"not_picked":["Consume","BasicCrystalCard"],"picked":"Hologram+1","floor":23.0},{"not_picked":["Melter","Turbo","Force Field"],"picked":"SKIP","floor":25.0},{"not_picked":["Streamline","Aggregate+1","Steam"],"picked":"SKIP","floor":28.0},{"not_picked":["Biased Cognition","FTL+1"],"picked":"Conserve Battery","floor":30.0},{"not_picked":["Ball Lightning+1","Stack"],"picked":"Defragment","floor":31.0},{"not_picked":["Rebound","Panic Button"],"picked":"Lockon","floor":31.0},{"not_picked":["Seek","Multi-Cast"],"picked":"Buffer","floor":33.0},{"not_picked":["ReplaySort+1","Beam Cell"],"picked":"Panic Button+1","floor":35.0},{"not_picked":["Go for the Eyes+1","Steam"],"picked":"Defragment+1","floor":37.0},{"not_picked":["Compile Driver+1","Steam"],"picked":"Amplify","floor":38.0},{"not_picked":["Rebound+1","Gash"],"picked":"ReplayTheSpireMod:Calculation Training+1","floor":40.0},{"not_picked":["Beam Cell","Go for the Eyes","Double Energy"],"picked":"SKIP","floor":42.0},{"not_picked":["Rebound","Sweeping Beam"],"picked":"Hologram","floor":44.0},{"not_picked":["Sweeping Beam+1","Auto Shields+1","Panic Button"],"picked":"SKIP","floor":48}],"player_experience":152320,"relics_obtained":[{"floor":6.0,"key":"DemoMod:GundromedaStrain"},{"floor":9.0,"key":"DemoMod:ChaffGrenade"},{"floor":13.0,"key":"Smiling Mask"},{"floor":23.0,"key":"Simple Rune"},{"floor":26.0,"key":"hubris:CrystalStatue"},{"floor":30.0,"key":"Dota2Spire:EchoSabre"},{"floor":40.0,"key":"infinitespire:Lucky Rock"},{"floor":43.0,"key":"Lantern"},{"floor":44.0,"key":"DemoMod:ClearGuonStone"}],"event_choices":[{"damage_healed":0.0,"max_hp_gain":0.0,"max_hp_loss":0.0,"gold_gain":0.0,"event_name":"The Woman in Blue","player_choice":"Bought 2 Potions","floor":11.0,"gold_loss":0.0,"damage_taken":0.0},{"damage_healed":0.0,"max_hp_gain":0.0,"max_hp_loss":0.0,"gold_gain":75.0,"event_name":"FaceTrader","player_choice":"Touch","floor":19.0,"gold_loss":0.0,"damage_taken":7.0},{"cards_removed":["Strike_B"],"damage_healed":0.0,"max_hp_gain":0.0,"max_hp_loss":0.0,"gold_gain":0.0,"event_name":"Purifier","player_choice":"Purged","floor":27.0,"gold_loss":0.0,"damage_taken":0.0},{"damage_healed":0.0,"max_hp_gain":0.0,"max_hp_loss":0.0,"gold_gain":0.0,"event_name":"Vampires","player_choice":"Ignored","floor":29.0,"gold_loss":0.0,"damage_taken":0.0},{"damage_healed":0.0,"max_hp_gain":0.0,"max_hp_loss":0.0,"gold_gain":0.0,"event_name":"Accursed Blacksmith","player_choice":"Forge","floor":46.0,"gold_loss":0.0,"damage_taken":0.0,"cards_upgraded":["Buffer"]}],"is_beta":false,"boss_relics":[{"not_picked":["ReplayTheSpireMod:SealedPack","Dota2Spire:Bloodstone"],"picked":"Replay:Bronze Core"},{"not_picked":["halation:MonkeysPaw","halation:SmartPhone"],"picked":"Astrolabe"}],"items_purged_floors":[24,36],"is_endless":false,"potions_floor_spawned":[5,8,10,14,20,22,25,30,38,44],"ascension_level":4}}