{"host":"8fup84v061vi31le","time":1610780197,"event":{"mods":["Aspiration","BaseMod","Better Match","Better Third Choice","Minty Spire (QoL Compilation)","Replay The Spire","StSLib"],"gold_per_floor":[217,182,182,182,132,132,144,144,168,168,197,197,77,77,77,77,77],"floor_reached":16,"language":"ZHS","playtime":462,"items_purged":[],"score":141,"play_id":"211e6985-9210-4079-a54a-a9720e3dc92c","local_time":"20210116145637","is_ascension_mode":true,"campfire_choices":[{"data":"Spot Weakness","floor":6,"key":"SMITH"},{"data":"Shrug It Off","floor":8,"key":"SMITH"},{"data":"Bash","floor":10,"key":"SMITH"},{"floor":15,"key":"REST"}],"circlet_count":0,"master_deck":["AscendersBane","Strike_R","Strike_R","Strike_R","Strike_R","Strike_R","Defend_R","Defend_R","Defend_R","Defend_R","Bash+1","Spot Weakness+1","Burn","Shrug It Off+1","Apotheosis","Discovery","Metamorphosis"],"relics":["Burning Blood","betterThird:SlimedRelic","Lantern","Replay:Rubber Ducky","ReplayTheSpireMod:Lightbulb","Golden Idol","ReplayTheSpireMod:ShopPack"],"acts_visited":["Exordium"],"potions_floor_usage":[11],"damage_taken":[{"damage":7,"enemies":"Small Slimes","floor":1,"turns":5},{"damage":13,"enemies":"Jaw Worm","floor":7,"turns":4},{"damage":29,"enemies":"Lagavulin","floor":11,"turns":9},{"damage":59,"enemies":"The Guardian","floor":16,"turns":4}],"seed_played":"2150388142738604993","potions_obtained":[{"floor":1,"key":"BlessingOfTheForge"},{"floor":7,"key":"AttackPotion"}],"is_trial":false,"path_per_floor":["M","?","?","?","?","R","M","R","T","R","E","?","$","?","R","B"],"character_chosen":"IRONCLAD","items_purchased":["ReplayTheSpireMod:ShopPack"],"campfire_rested":1,"item_purchase_floors":[13],"current_hp_per_floor":[71,60,60,60,60,60,53,53,53,53,30,30,30,30,54,0,0],"gold":77,"neow_bonus":"HUNDRED_GOLD","is_daily":false,"chose_seed":false,"campfire_upgraded":3,"win_rate":0.0,"timestamp":1610780197,"path_taken":["M","?","?","?","?","R","?","R","T","R","E","?","$","?","R","BOSS"],"items_purchased_type":["Relic"],"build_version":"2020-12-22","purchased_purges":0,"victory":false,"max_hp_per_floor":[80,80,80,80,80,80,80,80,80,80,80,80,80,80,80,80,80],"card_choices":[{"not_picked":["Abandon","Armaments"],"picked":"Spot Weakness","floor":1},{"not_picked":["Dual Wield","Run Through"],"picked":"Shrug It Off","floor":7},{"not_picked":["Flame Barrier","Fiend Fire","Dark Embrace"],"picked":"SKIP","floor":11},{"not_picked":["Crow Ritual","Mayhem"],"picked":"Apotheosis","floor":13},{"not_picked":["Flash of Steel","Madness"],"picked":"Discovery","floor":13},{"not_picked":["Apotheosis","Good Instincts"],"picked":"Metamorphosis","floor":13}],"player_experience":164853,"relics_obtained":[{"floor":9,"key":"Replay:Rubber Ducky"},{"floor":11,"key":"ReplayTheSpireMod:Lightbulb"}],"event_choices":[{"damage_healed":0,"gold_gain":0,"player_choice":"Slimed","damage_taken":11,"max_hp_gain":0,"max_hp_loss":0,"event_name":"betterThird:BetterGoop","floor":2,"gold_loss":35},{"damage_healed":0,"gold_gain":0,"player_choice":"Box","damage_taken":0,"relics_obtained":["Lantern"],"max_hp_gain":0,"max_hp_loss":0,"event_name":"Big Fish","floor":3,"gold_loss":0,"cards_obtained":["Regret"]},{"damage_healed":60,"gold_gain":0,"player_choice":"Embrace Burn","damage_taken":0,"max_hp_gain":0,"max_hp_loss":80,"event_name":"betterThird:BetterShining","floor":4,"gold_loss":0},{"cards_removed":["Regret"],"damage_healed":0,"gold_gain":0,"player_choice":"Card Removal","damage_taken":0,"max_hp_gain":0,"max_hp_loss":0,"event_name":"The Cleric","floor":5,"gold_loss":50},{"damage_healed":0,"gold_gain":0,"player_choice":"Take Wound","damage_taken":0,"relics_obtained":["Golden Idol"],"max_hp_gain":0,"max_hp_loss":0,"event_name":"Golden Idol","floor":12,"gold_loss":0,"cards_obtained":["Injury"]},{"cards_removed":["Injury"],"damage_healed":0,"gold_gain":0,"player_choice":"Removed Curses","damage_taken":0,"max_hp_gain":0,"max_hp_loss":0,"event_name":"Fountain of Cleansing","floor":14,"gold_loss":0}],"is_beta":false,"boss_relics":[],"items_purged_floors":[],"is_endless":false,"potions_floor_spawned":[1,7],"killed_by":"The Guardian","ascension_level":10}}