{"host":"o7j6aatxjwpw1421","time":1610801453,"event":{"mods":["2.2 Compatiblity","AchievementEnabler","BaseMod","Colored Map","DeckTracker","Highlight Path","Keyboard Shortcuts","Minty Spire (QoL Compilation)","Permanent Neow","Quick Restart","StSLib","SuperFastMode","everything is the same but u backflip on backflip"],"gold_per_floor":[117,133,133,58,69,69,69,113,113,157,57,77,77,77,77,208,208,229,154,179,109,125,125,0,31,84,84,98,134,134,150,150,278,278,302,316,379,402,402,402,96,96,96,22,56,56,90,104,104,104,104,104,12,51,51],"floor_reached":56,"language":"KOR","playtime":4153,"items_purged":["Defend_P","Strike_P","Defend_P","Sanctity+1"],"score":1489,"play_id":"14cb1f28-fd52-42ea-bc62-3ae90bc74328","local_time":"20210116215053","is_ascension_mode":true,"campfire_choices":[{"data":"Eruption","floor":6.0,"key":"SMITH"},{"data":"Scrawl","floor":13.0,"key":"SMITH"},{"data":"Devotion","floor":15.0,"key":"SMITH"},{"data":"DeusExMachina","floor":23.0,"key":"SMITH"},{"data":"Vigilance","floor":32.0,"key":"SMITH"},{"data":"Madness","floor":40.0,"key":"SMITH"},{"data":"SandsOfTime","floor":42.0,"key":"SMITH"},{"floor":46.0,"key":"RECALL"},{"floor":49.0,"key":"REST"},{"floor":52.0,"key":"REST"}],"circlet_count":0,"master_deck":["Eruption+1","Vigilance+1","Scrawl+1","DeusExMachina+1","MentalFortress+1","Adaptation+1","SandsOfTime+1","DevaForm+1","FlurryOfBlows+1","FlurryOfBlows+1","InnerPeace+1","Madness+1","Adaptation+1","MentalFortress+1","Trip"],"relics":["PureWater","Golden Idol","InkBottle","PreservedInsect","Frozen Egg 2","Question Card","Shuriken","Astrolabe","TungstenRod","DollysMirror","Molten Egg 2","MealTicket","Vajra"],"acts_visited":["Exordium","TheCity","TheBeyond","TheEnding"],"potions_floor_usage":[55,55],"damage_taken":[{"damage":0.0,"enemies":"2 Louse","floor":1.0,"turns":2.0},{"damage":2.0,"enemies":"Small Slimes","floor":2.0,"turns":3.0},{"damage":0.0,"enemies":"Cultist","floor":5.0,"turns":3.0},{"damage":0.0,"enemies":"Lagavulin","floor":8.0,"turns":3.0},{"damage":18.0,"enemies":"3 Sentries","floor":10.0,"turns":5.0},{"damage":0.0,"enemies":"3 Louse","floor":12.0,"turns":2.0},{"damage":33.0,"enemies":"Slime Boss","floor":16.0,"turns":10.0},{"damage":3.0,"enemies":"Shell Parasite","floor":18.0,"turns":5.0},{"damage":3.0,"enemies":"2 Thieves","floor":20.0,"turns":4.0},{"damage":4.0,"enemies":"Snake Plant","floor":22.0,"turns":3.0},{"damage":0.0,"enemies":"Book of Stabbing","floor":25.0,"turns":3.0},{"damage":0.0,"enemies":"Chosen and Byrds","floor":28.0,"turns":4.0},{"damage":28.0,"enemies":"Gremlin Leader","floor":29.0,"turns":4.0},{"damage":0.0,"enemies":"Centurion and Healer","floor":31.0,"turns":4.0},{"damage":12.0,"enemies":"Champ","floor":33.0,"turns":6.0},{"damage":4.0,"enemies":"Orb Walker","floor":35.0,"turns":2.0},{"damage":2.0,"enemies":"3 Shapes","floor":36.0,"turns":3.0},{"damage":0.0,"enemies":"Mind Bloom Boss Battle","floor":37.0,"turns":3.0},{"damage":0.0,"enemies":"Transient","floor":38.0,"turns":5.0},{"damage":5.0,"enemies":"Reptomancer","floor":45.0,"turns":2.0},{"damage":0.0,"enemies":"Nemesis","floor":47.0,"turns":3.0},{"damage":0.0,"enemies":"Jaw Worm Horde","floor":48.0,"turns":1.0},{"damage":0.0,"enemies":"Awakened One","floor":50.0,"turns":3.0},{"damage":8.0,"enemies":"Shield and Spear","floor":54.0,"turns":2.0},{"damage":0,"enemies":"The Heart","floor":55,"turns":4}],"seed_played":"3293426571802048922","potions_obtained":[{"floor":1.0,"key":"AttackPotion"},{"floor":8.0,"key":"AttackPotion"},{"floor":12.0,"key":"Block Potion"},{"floor":16.0,"key":"BlessingOfTheForge"},{"floor":18.0,"key":"Fire Potion"},{"floor":20.0,"key":"LiquidMemories"},{"floor":28.0,"key":"SkillPotion"},{"floor":29.0,"key":"DuplicationPotion"},{"floor":33.0,"key":"Block Potion"},{"floor":36.0,"key":"Block Potion"}],"is_trial":false,"path_per_floor":["M","M","?","$","M","R","?","E","T","E","$","M","R","?","R","B",null,"M","?","M","$","M","R","$","E","T","?","M","E","?","M","R","B",null,"M","M","?","M","?","R","$","R","T","$","E","R","E","M","R","B",null,"R","$","E","B",null],"character_chosen":"WATCHER","items_purchased":["Adaptation+1","DollysMirror","MentalFortress+1","Trip"],"campfire_rested":2,"item_purchase_floors":[21,41,44,53],"current_hp_per_floor":[51,49,54,54,54,54,54,54,54,36,36,36,36,36,36,3,71,68,68,65,65,61,61,61,61,61,61,61,33,33,33,33,21,71,67,65,65,65,65,65,65,65,65,65,60,60,60,60,71,71,71,71,71,63,63],"gold":51,"neow_bonus":"THREE_RARE_CARDS","is_daily":false,"chose_seed":false,"campfire_upgraded":7,"win_rate":0.0,"timestamp":1610801453,"path_taken":["M","M","?","$","M","R","?","E","T","E","$","M","R","?","R","BOSS","M","?","M","$","M","R","$","E","T","?","M","E","?","?","R","BOSS","M","M","?","M","?","R","$","R","T","$","E","R","E","M","R","BOSS","R","$","E","BOSS"],"items_purchased_type":["Card","Relic","Card","Card"],"build_version":"2020-12-22","purchased_purges":4,"victory":true,"max_hp_per_floor":[72,72,77,77,77,77,71,71,71,71,71,71,71,71,71,71,71,71,71,71,71,71,71,71,71,71,71,71,71,71,71,71,71,71,71,71,71,71,71,71,71,71,71,71,71,71,71,71,71,71,71,71,71,71,71],"card_choices":[{"not_picked":["Vault","SpiritShield"],"picked":"Devotion","floor":0.0},{"not_picked":["WheelKick","FlurryOfBlows","Prostrate"],"picked":"SKIP","floor":1.0},{"not_picked":["PathToVictory","Perseverance","Wallop"],"picked":"SKIP","floor":2.0},{"not_picked":["EmptyBody","ThirdEye","Sanctity"],"picked":"SKIP","floor":5.0},{"not_picked":["Sanctity","WheelKick"],"picked":"Scrawl","floor":8.0},{"not_picked":["EmptyMind","FollowUp","Wireheading+1"],"picked":"SKIP","floor":10.0},{"not_picked":["SignatureMove","ThirdEye","WreathOfFlame"],"picked":"SKIP","floor":12.0},{"not_picked":["Establishment+1","Judgement"],"picked":"DeusExMachina","floor":16.0},{"not_picked":["Conclude+1","SashWhip"],"picked":"MentalFortress+1","floor":18.0},{"not_picked":["Protect","BowlingBash","Perseverance"],"picked":"SKIP","floor":20.0},{"not_picked":["Halt","FlurryOfBlows+1","Pray"],"picked":"SKIP","floor":22.0},{"not_picked":["EmptyBody","JustLucky","Consecrate"],"picked":"SKIP","floor":25.0},{"not_picked":["EmptyBody","Consecrate","Protect","TalkToTheHand"],"picked":"SKIP","floor":28.0},{"not_picked":["Conclude","BowlingBash","CutThroughFate","Collect"],"picked":"SKIP","floor":29.0},{"not_picked":["Conclude","BowlingBash","CutThroughFate","Collect"],"picked":"SKIP","floor":29.0},{"not_picked":["Wallop","SashWhip","EmptyFist"],"picked":"DevaForm+1","floor":31.0},{"not_picked":["CrushJoints+1","Fasting2+1","BattleHymn+1","SashWhip+1"],"picked":"SKIP","floor":35.0},{"not_picked":["Crescendo","WreathOfFlame","Pray+1"],"picked":"InnerPeace+1","floor":36.0},{"not_picked":["ThirdEye","SashWhip","Conclude+1","PathToVictory"],"picked":"SKIP","floor":38.0},{"not_picked":["ThirdEye","SashWhip","Conclude+1","PathToVictory"],"picked":"SKIP","floor":38.0},{"not_picked":["Apotheosis","Secret Weapon","Magnetism+1"],"picked":"Madness","floor":39.0},{"not_picked":["ThirdEye","Swivel","PathToVictory","EmptyMind"],"picked":"SKIP","floor":45.0},{"not_picked":["SpiritShield","PathToVictory+1","WindmillStrike+1","Perseverance+1"],"picked":"SKIP","floor":47.0},{"not_picked":["Protect+1","Indignation+1","Collect","EmptyBody"],"picked":"SKIP","floor":48.0},{"not_picked":["Swivel","Collect","Crescendo+1","BowlingBash+1"],"picked":"SKIP","floor":54.0}],"player_experience":523035,"relics_obtained":[{"floor":8.0,"key":"InkBottle"},{"floor":9.0,"key":"PreservedInsect"},{"floor":10.0,"key":"Frozen Egg 2"},{"floor":25.0,"key":"Question Card"},{"floor":29.0,"key":"Shuriken"},{"floor":37.0,"key":"TungstenRod"},{"floor":43.0,"key":"Molten Egg 2"},{"floor":47.0,"key":"MealTicket"},{"floor":54.0,"key":"Vajra"}],"event_choices":[{"damage_healed":0.0,"max_hp_gain":5.0,"max_hp_loss":0.0,"gold_gain":0.0,"event_name":"Big Fish","player_choice":"Donut","floor":3.0,"gold_loss":0.0,"damage_taken":0.0},{"damage_healed":0.0,"max_hp_gain":0.0,"max_hp_loss":6.0,"gold_gain":0.0,"event_name":"Golden Idol","player_choice":"Lose Max HP","floor":7.0,"gold_loss":0.0,"damage_taken":0.0,"relics_obtained":["Golden Idol"]},{"damage_healed":0.0,"max_hp_gain":0.0,"max_hp_loss":0.0,"gold_gain":0.0,"event_name":"Liars Game","player_choice":"Ignored","floor":14.0,"gold_loss":0.0,"damage_taken":0.0},{"cards_removed":["Defend_P"],"damage_healed":0.0,"max_hp_gain":0.0,"max_hp_loss":0.0,"gold_gain":0.0,"event_name":"Beggar","player_choice":"Gave Gold","floor":19.0,"gold_loss":75.0,"damage_taken":0.0},{"damage_healed":0.0,"max_hp_gain":0.0,"max_hp_loss":0.0,"gold_gain":0.0,"cards_transformed":["Strike_P","Strike_P"],"event_name":"Drug Dealer","player_choice":"Became Test Subject","floor":27.0,"gold_loss":0.0,"damage_taken":0.0,"cards_obtained":["SandsOfTime","WheelKick"]},{"cards_removed":["Defend_P"],"damage_healed":0.0,"max_hp_gain":0.0,"max_hp_loss":0.0,"gold_gain":0.0,"event_name":"Wheel of Change","player_choice":"Card Removal","floor":30.0,"gold_loss":0.0,"damage_taken":0.0},{"damage_healed":0.0,"max_hp_gain":0.0,"max_hp_loss":0.0,"gold_gain":0.0,"event_name":"MindBloom","player_choice":"Fight","floor":37.0,"gold_loss":0.0,"damage_taken":0.0},{"damage_healed":0.0,"max_hp_gain":0.0,"max_hp_loss":0.0,"gold_gain":0.0,"event_name":"SensoryStone","player_choice":"Memory 1","floor":39.0,"gold_loss":0.0,"damage_taken":0.0}],"is_beta":false,"boss_relics":[{"not_picked":["Philosopher\u0027s Stone","Fusion Hammer","Velvet Choker"]},{"not_picked":["Busted Crown","Runic Dome"],"picked":"Astrolabe"}],"items_purged_floors":[4,11,24,41],"is_endless":false,"potions_floor_spawned":[1,8,12,16,18,20,28,29,33,36,37,48],"ascension_level":2}}