{"host":"ct28ocsd8g8yr2ah","time":1610796197,"event":{"mods":["BaseMod","Better Third Choice","Hermit","KinomotoSakuraMod(????)","Koishi","Marisa????????","Minty Spire (QoL Compilation)","Reimu??????","Remilia??????","StSLib","The Animator","The Gatherer","The Servant 0.9.4","Waifu the Spire"],"gold_per_floor":[109,54,67,29,42,83,93,93,93,93,93,18,0,23,23,23,23],"floor_reached":16,"language":"RUS","playtime":558,"items_purged":["Poor:ReiMu"],"score":100,"play_id":"8ba0d631-b8c1-492b-a6c0-d32d560dd47a","local_time":"20210116162317","is_ascension_mode":false,"campfire_choices":[{"floor":8,"key":"REST"},{"data":"animator:ElricAlphonse","floor":11,"key":"SMITH"},{"floor":15,"key":"REST"}],"circlet_count":0,"master_deck":["animator:Strike_FullmetalAlchemist","animator:Defend_FullmetalAlchemist","animator:Strike","animator:Strike","animator:Defend","animator:Defend","animator:Defend","animator:ElricEdward","animator:ElricAlphonse+1","animator:SakuraMatou","animator:SakuraMatou","animator:Tet","animator:Pride","Enlightenment","animator:Ain"],"relics":["animator:LivingPicture","animator:TheMissingPiece","RuthlessExorcism:ReiMu","White Beast Statue","Mummified Hand","YidongShenshe:ReiMu"],"acts_visited":["Exordium"],"potions_floor_usage":[6,16,16],"damage_taken":[{"damage":2,"enemies":"Small Slimes","floor":1,"turns":4},{"damage":7,"enemies":"Cultist","floor":3,"turns":5},{"damage":0,"enemies":"2 Louse","floor":5,"turns":2},{"damage":39,"enemies":"Gremlin Nob","floor":6,"turns":5},{"damage":11,"enemies":"Large Slime","floor":7,"turns":5},{"damage":15,"enemies":"Exordium Thugs","floor":14,"turns":5},{"damage":41,"enemies":"The Guardian","floor":16,"turns":6}],"seed_played":"2500866107994587014","potions_obtained":[{"floor":1,"key":"LiquidMemories"},{"floor":6,"key":"CultistPotion"},{"floor":7,"key":"Dexterity Potion"},{"floor":14,"key":"Explosive Potion"}],"is_trial":false,"path_per_floor":["M","?","M","$","M","E","M","R","T","?","R","$","?","M","R","B"],"character_chosen":"THE_ANIMATOR","items_purchased":["animator:Tet"],"campfire_rested":2,"item_purchase_floors":[4],"current_hp_per_floor":[64,64,57,57,57,18,7,26,26,26,26,26,32,17,38,0,0],"gold":23,"neow_bonus":"REMOVE_CARD","is_daily":false,"chose_seed":false,"campfire_upgraded":1,"win_rate":0.0,"timestamp":1610796197,"path_taken":["M","?","M","$","M","E","?","R","T","?","R","$","?","M","R","BOSS"],"items_purchased_type":["Card"],"build_version":"2020-12-22","purchased_purges":1,"victory":false,"max_hp_per_floor":[66,66,66,66,66,66,66,66,66,66,66,66,72,72,72,72,72],"card_choices":[{"not_picked":["animator:Yuuichirou","animator:Aisha"],"picked":"animator:SakuraMatou","floor":1},{"not_picked":["animator:Yoichi","animator:Verdia"],"picked":"animator:SakuraMatou","floor":3},{"not_picked":["animator:DolaCouronne","animator:Rider","animator:Assassin"],"picked":"SKIP","floor":5},{"not_picked":["animator:Sloth","animator:ElricEdward"],"picked":"animator:Pride","floor":6},{"not_picked":["animator:Laby","animator:Chung","animator:SuzuneAmano"],"picked":"SKIP","floor":7},{"not_picked":["animator:Ara","animator:Vanir"],"picked":"animator:Ain","floor":14}],"player_experience":543009,"relics_obtained":[{"floor":6,"key":"White Beast Statue"},{"floor":9,"key":"Mummified Hand"}],"event_choices":[{"damage_healed":0,"gold_gain":0,"player_choice":"Paid Gold","damage_taken":0,"relics_obtained":["RuthlessExorcism:ReiMu"],"max_hp_gain":0,"max_hp_loss":0,"event_name":"WeMeetAgain","floor":2,"gold_loss":55},{"damage_healed":0,"gold_gain":0,"player_choice":"Take Tiny Shrine away","damage_taken":0,"relics_obtained":["YidongShenshe:ReiMu"],"max_hp_gain":0,"max_hp_loss":0,"event_name":"yidonshenshe","floor":10,"gold_loss":0,"cards_obtained":["Poor:ReiMu"]},{"damage_healed":0,"gold_gain":0,"player_choice":"RENOUNCE","damage_taken":18,"max_hp_gain":0,"max_hp_loss":0,"event_name":"betterThird:BetterSerpent","floor":13,"gold_loss":18,"cards_obtained":["Enlightenment"]}],"is_beta":false,"boss_relics":[],"items_purged_floors":[12],"is_endless":false,"potions_floor_spawned":[1,6,7,14],"killed_by":"The Guardian","ascension_level":0}}