{"host":"56d873i5r3uhle0q","time":1610776776,"event":{"mods":["100% Spire Juice","Act Like it!","Aspiration","BaseMod","Block Reminder","Conspire","Gensokyo","Hermit","Jedi Mod","Marisa????????","Marked Mod","Minty Spire (QoL Compilation)","Replay The Spire","StSLib","The Animator","The Bug Knight","The Cursed","The Jungle","The Marked","The Servant 0.9.4","everything is the same but u backflip on backflip","vexMod","??????REMEMod"],"gold_per_floor":[109,64,82,101,119,119,119,153,180,84,84,84,97,115,115,212,212,227,147,158,158,158],"floor_reached":21,"language":"ENG","playtime":1037,"items_purged":[],"score":181,"play_id":"28e84cb7-2d5e-4da0-a232-1073f419dc47","local_time":"20210115225936","is_ascension_mode":false,"campfire_choices":[{"data":"REME_ForAll","floor":6.0,"key":"SMITH"},{"floor":12.0,"key":"REST"},{"floor":15,"key":"REST"}],"circlet_count":0,"master_deck":["Strike_B","Strike_B","Strike_B","Strike_B","Defend_B","Defend_B","Defend_B","Defend_B","Zap","Dualcast","REME_ForAll+1","Gash","Gash+1","jedi:harder","Melter","REME_SelfUpgrade","All For One","Gensokyo:TarnishedGold","Gensokyo:Shovel"],"relics":["Cracked Core","REME_ComplimentaryCards","Bronze Scales","Oddly Smooth Stone","vexMod:BerryBomb"],"acts_visited":["Gensokyo:Gensokyo","Gensokyo:Gensokyoer"],"potions_floor_usage":[16],"damage_taken":[{"damage":1.0,"enemies":"Gensokyo:Python","floor":1.0,"turns":3.0},{"damage":1.0,"enemies":"Gensokyo:2_Kodama","floor":3.0,"turns":3.0},{"damage":0.0,"enemies":"Gensokyo:3_Fairies","floor":4.0,"turns":3.0},{"damage":13.0,"enemies":"Gensokyo:3_Kodama","floor":5.0,"turns":5.0},{"damage":16.0,"enemies":"Gensokyo:Cirno","floor":8.0,"turns":6.0},{"damage":12,"enemies":"Gensokyo:Kitsune","floor":13,"turns":3},{"damage":1,"enemies":"Gensokyo:2_Rabbits","floor":14,"turns":2},{"damage":21,"enemies":"Gensokyo:Yukari","floor":16,"turns":8},{"damage":12,"enemies":"Gensokyo:2_Gloops","floor":18,"turns":5},{"damage":27,"enemies":"Gensokyo:CosmicMonolith","floor":20,"turns":6},{"damage":42,"enemies":"Gensokyo:Chomper_and_Gloop","floor":21,"turns":5}],"seed_played":"-1994192441526740274","potions_obtained":[{"floor":1.0,"key":"Weak Potion"},{"floor":4.0,"key":"Energy Potion"},{"floor":5.0,"key":"SkillPotion"},{"floor":18,"key":"Elixir"}],"is_trial":false,"path_per_floor":["M","$","M","M","M","R","?","E","T","COS","?","R","M","M","R","B",null,"M","COS","M","M"],"character_chosen":"DEFECT","items_purchased":["Gash"],"campfire_rested":2,"item_purchase_floors":[2],"current_hp_per_floor":[74,74,73,73,60,60,60,44,44,44,44,66,54,53,75,54,75,69,69,42,0,0],"gold":158,"neow_bonus":"ONE_RANDOM_RARE_CARD","is_daily":false,"chose_seed":false,"campfire_upgraded":1,"win_rate":0.0,"timestamp":1610776776,"path_taken":["M","$","M","?","M","R","?","E","T","COS","?","R","M","M","R","BOSS","M","COS","M","M"],"items_purchased_type":["Card"],"build_version":"2020-12-22","purchased_purges":0,"victory":false,"max_hp_per_floor":[75,75,75,75,75,75,75,75,75,75,75,75,75,75,75,75,75,81,81,81,81,81],"card_choices":[{"not_picked":["jedi:locknload","Panic Button","Skim"],"picked":"SKIP","floor":1.0},{"not_picked":["Leap","jedi:blockon","jedi:BurstLightning"],"picked":"SKIP","floor":3.0},{"not_picked":["BasicCrystalCard","Conserve Battery","Time Bomb"],"picked":"SKIP","floor":4.0},{"not_picked":["Crystallizer","Consume","Barrage"],"picked":"SKIP","floor":5.0},{"not_picked":["Beam Cell","Leap"],"picked":"Melter","floor":8.0},{"not_picked":["Undo","ReplayTheSpireMod:Calculation Training","Conserve Battery"],"picked":"SKIP","floor":13},{"not_picked":["REME_DataAnalysis","BasicCrystalCard"],"picked":"REME_SelfUpgrade","floor":14},{"not_picked":["jedi:darknesscall","REME_Shoggoth","jedi:meditation"],"picked":"All For One","floor":16},{"not_picked":["Panic Button","ReplaySort","jedi:BurstLightning+1","Redo"],"picked":"SKIP","floor":18},{"not_picked":["Panic Button","ReplaySort","jedi:BurstLightning+1","Redo"],"picked":"SKIP","floor":18},{"not_picked":["Ball Lightning","Sweeping Beam","Barrage","REME_DataAnalysis"],"picked":"SKIP","floor":20}],"player_experience":531155,"relics_obtained":[{"floor":8.0,"key":"Bronze Scales"},{"floor":9.0,"key":"Oddly Smooth Stone"}],"event_choices":[{"damage_healed":0.0,"max_hp_gain":0.0,"max_hp_loss":0.0,"gold_gain":0.0,"event_name":"conspire:Investor","player_choice":"Leave","floor":11.0,"gold_loss":0.0,"damage_taken":0.0}],"is_beta":false,"boss_relics":[{"not_picked":["Replay:Bronze Core","ReplayTheSpireMod:DimensionalGlitch","Runic Dome"]}],"items_purged_floors":[],"is_endless":false,"potions_floor_spawned":[1,4,5,18],"killed_by":"Gensokyo:Chomper_and_Gloop","ascension_level":0}}