{"host":"qxeepl7ydvsgmfdb","time":1610770975,"event":{"mods":["AchievementEnabler","BaseMod","Colored Powertips","Minty Spire (QoL Compilation)","Quick Restart","slay the spire mod where everything is the same but ironclad has a cowboy hat"],"gold_per_floor":[117,417,492,510,25,58,58,90,90,42,60,60,60,88,88,88,88],"floor_reached":16,"language":"ENG","playtime":479,"items_purged":["Strike_G"],"score":190,"play_id":"3feaf691-9316-4ca8-9390-b0f30da0b79f","local_time":"20210115232255","is_ascension_mode":true,"campfire_choices":[{"floor":7.0,"key":"REST"},{"floor":13.0,"key":"REST"},{"floor":15.0,"key":"REST"}],"circlet_count":0,"master_deck":["Strike_G","Strike_G","Strike_G","Strike_G","Defend_G","Defend_G","Defend_G","Defend_G","Defend_G","Survivor","Neutralize","Distraction","Poisoned Stab","Poisoned Stab"],"relics":["Ring of the Snake","NeowsBlessing","Old Coin","Ninja Scroll","Pen Nib","Kunai","Ancient Tea Set","Blue Candle","Strawberry"],"acts_visited":["Exordium"],"potions_floor_usage":[],"damage_taken":[{"damage":0.0,"enemies":"2 Louse","floor":1.0,"turns":1.0},{"damage":0.0,"enemies":"Small Slimes","floor":4.0,"turns":1.0},{"damage":0.0,"enemies":"Gremlin Nob","floor":6.0,"turns":1.0},{"damage":54.0,"enemies":"3 Sentries","floor":8.0,"turns":17.0},{"damage":6.0,"enemies":"Jaw Worm","floor":11.0,"turns":2.0},{"damage":19.0,"enemies":"Lagavulin","floor":14.0,"turns":7.0},{"damage":30,"enemies":"Slime Boss","floor":16,"turns":7}],"seed_played":"-541799735133909488","potions_obtained":[{"floor":1.0,"key":"SpeedPotion"},{"floor":8.0,"key":"FairyPotion"}],"is_trial":false,"path_per_floor":["M","?","?","M","$","E","R","E","T","$","M","$","R","E","R","B"],"character_chosen":"THE_SILENT","items_purchased":["Ninja Scroll","Pen Nib","Poisoned Stab"],"campfire_rested":3,"item_purchase_floors":[5,5,10],"current_hp_per_floor":[63,51,40,40,40,40,61,7,7,7,1,1,22,10,33,3,3],"gold":88,"neow_bonus":"THREE_ENEMY_KILL","is_daily":false,"chose_seed":false,"campfire_upgraded":0,"win_rate":0.0,"timestamp":1610770975,"path_taken":["M","?","?","M","$","E","R","E","T","?","M","$","R","E","R","BOSS"],"items_purchased_type":["Relic","Relic","Card"],"build_version":"2020-12-22","purchased_purges":1,"victory":false,"max_hp_per_floor":[70,70,70,70,70,70,70,70,70,70,70,70,70,77,77,77,77],"card_choices":[{"not_picked":["Flying Knee","Sucker Punch","Heel Hook"],"picked":"SKIP","floor":1.0},{"not_picked":["Endless Agony","Setup","Acrobatics"],"picked":"SKIP","floor":4.0},{"not_picked":["Dodge and Roll","Setup"],"picked":"Distraction","floor":6.0},{"not_picked":["Prepared","Grand Finale"],"picked":"Poisoned Stab","floor":8.0},{"not_picked":["Dagger Throw","PiercingWail","Dagger Spray"],"picked":"SKIP","floor":11.0},{"not_picked":["Prepared","Crippling Poison","Quick Slash"],"picked":"SKIP","floor":14.0}],"player_experience":146486,"relics_obtained":[{"floor":6.0,"key":"Kunai"},{"floor":8.0,"key":"Ancient Tea Set"},{"floor":9.0,"key":"Blue Candle"},{"floor":14.0,"key":"Strawberry"}],"event_choices":[{"damage_healed":0.0,"max_hp_gain":0.0,"max_hp_loss":0.0,"gold_gain":0.0,"event_name":"Scrap Ooze","player_choice":"Success","floor":2.0,"gold_loss":0.0,"damage_taken":12.0,"relics_obtained":["Old Coin"]},{"damage_healed":0.0,"max_hp_gain":0.0,"max_hp_loss":0.0,"gold_gain":75.0,"event_name":"World of Goop","player_choice":"Gather Gold","floor":3.0,"gold_loss":0.0,"damage_taken":11.0}],"is_beta":false,"boss_relics":[],"items_purged_floors":[5],"is_endless":false,"potions_floor_spawned":[1,8],"killed_by":"Slime Boss","ascension_level":7}}