{"host":"r2b8ojg4o4pyvjvq","time":1610814713,"event":{"mods":["Arknights The Spire","BaseMod","Colored Map","Highlight Path","Hubris","Minty Spire (QoL Compilation)","Quick Restart","Replay The Spire","StSLib","SuperFastMode"],"gold_per_floor":[119,43,43,63,63,63,96,96,148,148,148,72,97,121,121,121,121],"floor_reached":16,"language":"ENG","playtime":355,"items_purged":[],"score":123,"play_id":"c3911aa4-a7c7-4b02-af3c-9deef3abf2d2","local_time":"20210116173153","is_ascension_mode":false,"campfire_choices":[{"data":"ats:Hammer On","floor":6,"key":"SMITH"},{"data":"ats:Magnetic Hammer","floor":8,"key":"SMITH"},{"data":"ats:Song Of Battle","floor":10,"key":"SMITH"},{"data":"ats:Demon Strength","floor":15,"key":"SMITH"}],"circlet_count":0,"master_deck":["ats:Strike C","ats:Strike G","ats:Strike S","ats:Strike V","ats:Armor Crushing Shot","ats:Defend","ats:Defend","ats:Defend","ats:Defend","ats:Emotion Absorption","ats:Hammer On+1","ats:Song Of Battle+1","ats:Very Hot Blade","ats:Magnetic Hammer+1","ats:Demon Strength+1","ats:Consecutive Shot Auto","ats:Defend Order"],"relics":["ats:Sanity","NeowsBlessing","ats:Originium","HornCleat","Golden Idol"],"acts_visited":["Exordium"],"potions_floor_usage":[],"damage_taken":[{"damage":0,"enemies":"2 Louse","floor":1,"turns":1},{"damage":0,"enemies":"Small Slimes","floor":4,"turns":1},{"damage":0,"enemies":"Lagavulin","floor":7,"turns":1},{"damage":0,"enemies":"Jaw Worm","floor":13,"turns":3},{"damage":0,"enemies":"Looter","floor":14,"turns":3},{"damage":36,"enemies":"The Guardian","floor":16,"turns":10}],"seed_played":"6039046545594467359","potions_obtained":[{"floor":13,"key":"BlessingOfTheForge"},{"floor":14,"key":"Reflective Coating"}],"is_trial":false,"path_per_floor":["M","$","?","M","?","R","E","R","T","R","?","$","M","M","R","B"],"character_chosen":"DOCTOR_CLASS","items_purchased":["ats:Song Of Battle","ats:Demon Strength"],"campfire_rested":0,"item_purchase_floors":[2,12],"current_hp_per_floor":[72,72,72,72,77,77,77,77,77,77,58,58,58,58,58,22,22],"gold":121,"neow_bonus":"THREE_ENEMY_KILL","is_daily":false,"chose_seed":false,"campfire_upgraded":4,"win_rate":0.0,"timestamp":1610814713,"path_taken":["M","$","?","M","?","R","E","R","T","R","?","$","?","M","R","BOSS"],"items_purchased_type":["Card","Card"],"build_version":"2020-12-22","purchased_purges":0,"victory":false,"max_hp_per_floor":[72,72,72,72,77,77,77,77,77,77,77,77,77,77,77,77,77],"card_choices":[{"not_picked":["ats:Curse Doll","ats:Thorns"],"picked":"ats:Hammer On","floor":1},{"not_picked":["ats:Powerful Strike","ats:Healing Strengthening"],"picked":"ats:Very Hot Blade","floor":4},{"not_picked":["ats:Apocalypse","ats:Powerful Strike"],"picked":"ats:Magnetic Hammer","floor":7},{"not_picked":["ats:Automatic Cover","ats:Curse Doll"],"picked":"ats:Consecutive Shot Auto","floor":13},{"not_picked":["ats:Leaping Hammer","ats:Flexible Camouflage"],"picked":"ats:Defend Order","floor":14}],"player_experience":380591,"relics_obtained":[{"floor":7,"key":"ats:Originium"},{"floor":7,"key":"HornCleat"}],"event_choices":[{"damage_healed":0,"gold_gain":0,"player_choice":"Leave","damage_taken":0,"max_hp_gain":0,"max_hp_loss":0,"event_name":"The Cleric","floor":3,"gold_loss":0},{"damage_healed":0,"gold_gain":0,"player_choice":"Donut","damage_taken":0,"max_hp_gain":5,"max_hp_loss":0,"event_name":"Big Fish","floor":5,"gold_loss":0},{"damage_healed":0,"gold_gain":0,"player_choice":"Take Damage","damage_taken":19,"relics_obtained":["Golden Idol"],"max_hp_gain":0,"max_hp_loss":0,"event_name":"Golden Idol","floor":11,"gold_loss":0}],"is_beta":false,"boss_relics":[],"items_purged_floors":[],"is_endless":false,"potions_floor_spawned":[13,14],"killed_by":"The Guardian","ascension_level":0}}