{"host":"t1puqh5lxz8sp6fn","time":1610822696,"event":{"mods":["AchievementEnabler","BaseMod","Colored Powertips","Minty Spire (QoL Compilation)","Rare Cards Sparkle","StSLib"],"gold_per_floor":[117,117,117,117,135,170,170,198,245,301,311,311,8,27,27,122,122,141,141,21,21,21,21,21,32,32,18,18,18],"floor_reached":28,"playtime":695,"items_purged":["Bouncing Flask"],"score":383,"play_id":"6b2ad55f-536e-48a9-b08b-5b00f9d15e89","local_time":"20210116154456","is_ascension_mode":true,"campfire_choices":[{"data":"All Out Attack","floor":7.0,"key":"SMITH"},{"floor":12.0,"key":"REST"},{"data":"Cloak And Dagger","floor":15.0,"key":"SMITH"},{"data":"Panacea","floor":24.0,"key":"SMITH"}],"circlet_count":0,"master_deck":["AscendersBane","Strike_G+1","Strike_G+1","Defend_G+1","Defend_G","Survivor","Neutralize","Finisher","PiercingWail+1","All Out Attack+1","All Out Attack","Bouncing Flask","Dash","Cloak And Dagger+1","Burst","Envenom+1","Dodge and Roll+1","Choke+1","Calculated Gamble+1","Bane","Panacea+1","Noxious Fumes","Cloak And Dagger","Distraction+1","Dagger Spray"],"relics":["Ring of the Snake","NeowsBlessing","Art of War","Snake Skull","War Paint","Whetstone","Membership Card","Shuriken","Astrolabe","StoneCalendar"],"acts_visited":["Exordium","TheCity"],"potions_floor_usage":[],"damage_taken":[{"damage":0.0,"enemies":"Small Slimes","floor":1.0,"turns":1.0},{"damage":0.0,"enemies":"Cultist","floor":5.0,"turns":1.0},{"damage":0.0,"enemies":"Gremlin Nob","floor":6.0,"turns":1.0},{"damage":25.0,"enemies":"3 Sentries","floor":8.0,"turns":5.0},{"damage":3.0,"enemies":"2 Louse","floor":11.0,"turns":3.0},{"damage":0.0,"enemies":"Blue Slaver","floor":14.0,"turns":4.0},{"damage":6.0,"enemies":"Slime Boss","floor":16.0,"turns":5.0},{"damage":2.0,"enemies":"Chosen","floor":18.0,"turns":4.0},{"damage":29,"enemies":"3 Byrds","floor":25,"turns":4},{"damage":34,"enemies":"Book of Stabbing","floor":28,"turns":4}],"seed_played":"-1160821975425857305","potions_obtained":[{"floor":6.0,"key":"SkillPotion"},{"floor":8.0,"key":"AttackPotion"},{"floor":16.0,"key":"Poison Potion"},{"floor":25,"key":"AttackPotion"}],"is_trial":false,"path_per_floor":["M","?","?","?","M","E","R","E","T","?","M","R","$","M","R","B",null,"M","?","$","?","$","?","R","M","T","$","E"],"character_chosen":"THE_SILENT","items_purchased":["Membership Card","Shuriken","Dash","Panacea","Noxious Fumes","Dagger Spray"],"campfire_rested":1,"item_purchase_floors":[13,13,13,20,20,27],"current_hp_per_floor":[63,63,56,56,56,56,56,31,31,31,28,49,49,49,49,43,63,61,61,61,61,61,61,61,32,32,32,0,0],"gold":18,"neow_bonus":"THREE_ENEMY_KILL","is_daily":false,"chose_seed":false,"campfire_upgraded":3,"win_rate":0.0,"timestamp":1610822696,"path_taken":["M","?","?","?","?","E","R","E","T","?","M","R","?","M","R","BOSS","M","?","$","?","?","?","R","M","T","?","E"],"items_purchased_type":["Relic","Relic","Card","Card","Card","Card"],"build_version":"2020-12-13","purchased_purges":1,"victory":false,"max_hp_per_floor":[70,70,70,70,70,70,70,70,70,70,70,70,70,70,70,70,70,70,70,70,70,70,70,70,70,70,70,70,70],"card_choices":[{"not_picked":["Sucker Punch","Prepared"],"picked":"Finisher","floor":1.0},{"not_picked":["Outmaneuver","Masterful Stab"],"picked":"PiercingWail","floor":5.0},{"not_picked":["Expertise","Outmaneuver"],"picked":"All Out Attack","floor":6.0},{"not_picked":["Choke","Slice"],"picked":"All Out Attack","floor":8.0},{"not_picked":["Prepared","Caltrops"],"picked":"Bouncing Flask","floor":11.0},{"not_picked":["Dagger Throw","Tactician"],"picked":"Cloak And Dagger","floor":14.0},{"not_picked":["Wraith Form v2","Night Terror"],"picked":"Burst","floor":16.0},{"not_picked":["Deflect","Poisoned Stab"],"picked":"Calculated Gamble+1","floor":18.0},{"not_picked":["Setup+1","Tactician"],"picked":"Distraction+1","floor":25}],"player_experience":433716,"relics_obtained":[{"floor":6.0,"key":"Snake Skull"},{"floor":8.0,"key":"War Paint"},{"floor":9.0,"key":"Whetstone"},{"floor":26,"key":"StoneCalendar"}],"event_choices":[{"damage_healed":0.0,"max_hp_gain":0.0,"max_hp_loss":0.0,"gold_gain":0.0,"event_name":"Liars Game","player_choice":"Ignored","floor":2.0,"gold_loss":0.0,"damage_taken":0.0},{"damage_healed":0.0,"max_hp_gain":0.0,"max_hp_loss":0.0,"gold_gain":0.0,"event_name":"Scrap Ooze","player_choice":"Success","floor":3.0,"gold_loss":0.0,"damage_taken":7.0,"relics_obtained":["Art of War"]},{"cards_removed":["Strike_G"],"damage_healed":0.0,"max_hp_gain":0.0,"max_hp_loss":0.0,"gold_gain":0.0,"event_name":"Wheel of Change","player_choice":"Card Removal","floor":4.0,"gold_loss":0.0,"damage_taken":0.0},{"damage_healed":0.0,"max_hp_gain":0.0,"max_hp_loss":0.0,"gold_gain":56.0,"event_name":"Golden Wing","player_choice":"Gained Gold","floor":10.0,"gold_loss":0.0,"damage_taken":0.0},{"damage_healed":0.0,"max_hp_gain":0.0,"max_hp_loss":0.0,"gold_gain":0.0,"cards_transformed":["Defend_G","Defend_G"],"event_name":"Drug Dealer","player_choice":"Became Test Subject","floor":19.0,"gold_loss":0.0,"damage_taken":0.0,"cards_obtained":["Bouncing Flask","Bane"]},{"damage_healed":0.0,"max_hp_gain":0.0,"max_hp_loss":0.0,"gold_gain":0.0,"event_name":"Ghosts","player_choice":"Ignored","floor":21.0,"gold_loss":0.0,"damage_taken":0.0},{"damage_healed":0.0,"max_hp_gain":0.0,"max_hp_loss":0.0,"gold_gain":0.0,"event_name":"The Library","player_choice":"Read","floor":23.0,"gold_loss":0.0,"damage_taken":0.0,"cards_obtained":["Cloak And Dagger"]}],"is_beta":false,"boss_relics":[{"not_picked":["HoveringKite","Ring of the Serpent"],"picked":"Astrolabe"}],"items_purged_floors":[20],"is_endless":false,"potions_floor_spawned":[6,8,14,16,25],"killed_by":"Book of Stabbing","ascension_level":11}}