{"host":"h4qgcirtxz6qax9j","time":1610818592,"event":{"mods":["AchievementEnabler","Astrologer","BaseMod","Colored Powertips","Minty Spire (QoL Compilation)","StSLib","SuperFastMode"],"gold_per_floor":[117,192,208,222,240,240,271,285,285,285,285,285,298,312,312,417,467,439,212,212,229,72,98,98,114,114,114,132,59,73,73,73,171,171,188,27,47,47,47,47,47,47],"floor_reached":41,"language":"KOR","playtime":1660,"items_purged":[],"score":463,"play_id":"4471ffc8-11d2-4375-9a3e-8d7e4478cdf2","local_time":"20210117023632","is_ascension_mode":false,"campfire_choices":[{"data":"astrologer:TheFool","floor":6.0,"key":"SMITH"},{"floor":10.0,"key":"REST"},{"floor":12.0,"key":"REST"},{"floor":15.0,"key":"REST"},{"data":"astrologer:Alignment","floor":24.0,"key":"SMITH"},{"floor":27.0,"key":"REST"},{"floor":32.0,"key":"REST"},{"floor":40.0,"key":"REST"}],"circlet_count":0,"master_deck":["astrologer:Strike","astrologer:Strike","astrologer:Strike","astrologer:Defend","astrologer:Defend","astrologer:Defend+1","astrologer:Defend","astrologer:NorthStar","astrologer:TheFool+1","astrologer:Eclipse","astrologer:TheMoon","astrologer:StarOfMisfortune","astrologer:SolarFlare","astrologer:SpaceDust","astrologer:Alignment+1","astrologer:Moonlight","astrologer:Fate","astrologer:MeteorShower+1","astrologer:MeteorShower","astrologer:Opposition","astrologer:SpaceDust","astrologer:Stardust+1","astrologer:Stardust","astrologer:CosmicExpanse","astrologer:StarOfRegret+1","astrologer:NorthStar","astrologer:TheWorld","astrologer:Nova","astrologer:MeteorShower","astrologer:TheMagician"],"relics":["astrologer:SkyMirror","NeowsBlessing","Dead Branch","Akabeko","Tiny House","Potion Belt","Chemical X","Omamori","HornCleat","Sozu"],"acts_visited":["Exordium","TheCity","TheBeyond"],"potions_floor_usage":[],"damage_taken":[{"damage":0.0,"enemies":"2 Louse","floor":1.0,"turns":1.0},{"damage":0.0,"enemies":"Small Slimes","floor":3.0,"turns":1.0},{"damage":0.0,"enemies":"Cultist","floor":4.0,"turns":1.0},{"damage":9.0,"enemies":"Exordium Wildlife","floor":5.0,"turns":5.0},{"damage":27.0,"enemies":"3 Sentries","floor":7.0,"turns":12.0},{"damage":9.0,"enemies":"Exordium Thugs","floor":8.0,"turns":4.0},{"damage":0.0,"enemies":"Blue Slaver","floor":13.0,"turns":3.0},{"damage":6.0,"enemies":"Lots of Slimes","floor":14.0,"turns":3.0},{"damage":14.0,"enemies":"The Guardian","floor":16.0,"turns":12.0},{"damage":28.0,"enemies":"2 Thieves","floor":18.0,"turns":5.0},{"damage":7.0,"enemies":"Spheric Guardian","floor":21.0,"turns":4.0},{"damage":7.0,"enemies":"Book of Stabbing","floor":23.0,"turns":5.0},{"damage":22.0,"enemies":"Shelled Parasite and Fungi","floor":25.0,"turns":8.0},{"damage":0.0,"enemies":"Cultist and Chosen","floor":28.0,"turns":7.0},{"damage":10.0,"enemies":"Centurion and Healer","floor":30.0,"turns":9.0},{"damage":33.0,"enemies":"Collector","floor":33.0,"turns":10.0},{"damage":23.0,"enemies":"3 Darklings","floor":35.0,"turns":9.0},{"damage":37.0,"enemies":"3 Shapes","floor":37.0,"turns":4.0},{"damage":48,"enemies":"Giant Head","floor":41,"turns":7}],"seed_played":"7058834079395078194","potions_obtained":[{"floor":5.0,"key":"Ancient Potion"},{"floor":7.0,"key":"Fire Potion"},{"floor":8.0,"key":"ColorlessPotion"},{"floor":21.0,"key":"DuplicationPotion"},{"floor":30.0,"key":"LiquidMemories"}],"is_trial":false,"path_per_floor":["M","?","M","M","M","R","E","M","T","R","?","R","M","M","R","B",null,"M","$","?","M","$","E","R","M","T","R","M","$","M","?","R","B",null,"M","$","M","$","?","R","E"],"character_chosen":"ASTROLOGER","items_purchased":["astrologer:MeteorShower","Potion Belt","Block Potion","Chemical X","astrologer:CosmicExpanse","astrologer:TheMagician"],"campfire_rested":6,"item_purchase_floors":[19,19,19,22,29,36],"current_hp_per_floor":[70,59,59,59,50,50,23,14,14,35,35,56,56,50,70,56,75,47,47,47,40,40,33,33,11,11,33,33,33,23,23,45,12,75,52,52,15,15,15,37,0,0],"gold":47,"neow_bonus":"THREE_ENEMY_KILL","is_daily":false,"chose_seed":false,"campfire_upgraded":2,"win_rate":0.0,"timestamp":1610818592,"path_taken":["M","?","M","M","M","R","E","M","T","R","?","R","?","M","R","BOSS","M","$","?","M","?","E","R","M","T","R","M","?","?","?","R","BOSS","M","$","M","?","?","R","E"],"items_purchased_type":["Card","Relic","Potion","Relic","Card","Card"],"build_version":"2020-12-22","purchased_purges":0,"victory":false,"max_hp_per_floor":[70,70,70,70,70,70,70,70,70,70,70,70,70,70,70,70,75,75,75,75,75,75,75,75,75,75,75,75,75,75,75,75,75,75,75,75,75,75,75,75,75,75],"card_choices":[{"not_picked":["astrologer:ReadTheStars","astrologer:CometStrike"],"picked":"astrologer:Eclipse","floor":1.0},{"not_picked":["astrologer:Conjunction","astrologer:Eclipse"],"picked":"astrologer:TheMoon","floor":3.0},{"not_picked":["astrologer:Opposition","astrologer:Fireball"],"picked":"astrologer:SpaceDust","floor":4.0},{"not_picked":["astrologer:SpaceDust","astrologer:Eclipse"],"picked":"astrologer:StarOfMisfortune","floor":5.0},{"not_picked":["astrologer:GlassStar","astrologer:CrystalBall"],"picked":"astrologer:SolarFlare","floor":7.0},{"not_picked":["astrologer:TheHermit","astrologer:MeteorShower"],"picked":"astrologer:SpaceDust","floor":8.0},{"not_picked":["astrologer:Radiance","astrologer:Stardust"],"picked":"astrologer:Alignment","floor":13.0},{"not_picked":["astrologer:TheDevil","astrologer:MeteorShower"],"picked":"astrologer:Moonlight","floor":14.0},{"not_picked":["astrologer:RejectReality","astrologer:TheChariot"],"picked":"astrologer:Fate","floor":16.0},{"not_picked":["astrologer:Opposition+1","astrologer:Eclipse"],"picked":"astrologer:MeteorShower+1","floor":18.0},{"not_picked":["astrologer:Conjunction","astrologer:Opposition","astrologer:TheEmpress"],"picked":"SKIP","floor":21.0},{"not_picked":["astrologer:TheChariot","astrologer:Prestidigitation"],"picked":"astrologer:SpaceDust","floor":23.0},{"not_picked":["astrologer:CometStrike","astrologer:NeutronStar"],"picked":"astrologer:Stardust+1","floor":25.0},{"not_picked":["astrologer:ReadTheStars+1","astrologer:Stardust","astrologer:Conjunction"],"picked":"SKIP","floor":28.0},{"not_picked":["astrologer:ReadTheStars+1","astrologer:Conjunction"],"picked":"astrologer:Stardust","floor":28.0},{"not_picked":["astrologer:Temperance","astrologer:StarOfChange"],"picked":"astrologer:StarOfRegret+1","floor":30.0},{"not_picked":["astrologer:Death","astrologer:Wish"],"picked":"astrologer:Nova","floor":33.0},{"not_picked":["astrologer:ReadTheStars+1","astrologer:SpaceDust"],"picked":"astrologer:MeteorShower","floor":35.0},{"not_picked":["astrologer:CometStrike+1","astrologer:ReadTheStars+1","astrologer:Opposition+1"],"picked":"SKIP","floor":37.0}],"player_experience":53406,"relics_obtained":[{"floor":7.0,"key":"Dead Branch"},{"floor":9.0,"key":"Akabeko"},{"floor":23.0,"key":"Omamori"},{"floor":26.0,"key":"HornCleat"}],"event_choices":[{"damage_healed":0.0,"max_hp_gain":0.0,"max_hp_loss":0.0,"gold_gain":75.0,"event_name":"World of Goop","player_choice":"Gather Gold","floor":2.0,"gold_loss":0.0,"damage_taken":11.0},{"damage_healed":0.0,"max_hp_gain":0.0,"max_hp_loss":0.0,"gold_gain":0.0,"event_name":"The Woman in Blue","player_choice":"Bought 0 Potions","floor":11.0,"gold_loss":0.0,"damage_taken":0.0},{"damage_healed":0.0,"max_hp_gain":0.0,"max_hp_loss":0.0,"gold_gain":0.0,"cards_transformed":["astrologer:Strike"],"event_name":"Transmorgrifier","player_choice":"Transformed","floor":20.0,"gold_loss":0.0,"damage_taken":0.0,"cards_obtained":["astrologer:Opposition"]},{"damage_healed":0.0,"max_hp_gain":0.0,"max_hp_loss":0.0,"gold_gain":0.0,"event_name":"Match and Keep!","player_choice":"2 cards matched","floor":31.0,"gold_loss":0.0,"damage_taken":0.0,"cards_obtained":["astrologer:NorthStar","astrologer:TheWorld"]},{"cards_removed":["astrologer:SpaceDust"],"damage_healed":0.0,"max_hp_gain":0.0,"max_hp_loss":0.0,"gold_gain":0.0,"event_name":"Falling","player_choice":"Removed Skill","floor":39.0,"gold_loss":0.0,"damage_taken":0.0}],"is_beta":false,"boss_relics":[{"not_picked":["Coffee Dripper","Astrolabe"],"picked":"Tiny House"},{"not_picked":["Runic Dome","Calling Bell"],"picked":"Sozu"}],"items_purged_floors":[],"is_endless":false,"potions_floor_spawned":[5,7,8,16,21,30,35],"killed_by":"Giant Head","ascension_level":0}}