{"host":"w9yruvs4bqht6bhw","time":1610829735,"event":{"mods":["BaseMod","Colored Powertips","Minty Spire (QoL Compilation)"],"gold_per_floor":[115,115,115,115,28,28,71,84,84,110,10,30,48,66,66,195,195,209,134,216,186,207,207,248,121,121,121,137,137,137],"floor_reached":29,"language":"ENG","playtime":719,"items_purged":["Strike_R"],"score":386,"play_id":"5213d86a-50f4-444b-9a10-858a7d2a35ca","local_time":"20210116154215","is_ascension_mode":true,"campfire_choices":[{"floor":6,"key":"REST"},{"floor":15,"key":"REST"},{"floor":23,"key":"REST"},{"floor":27,"key":"REST"}],"circlet_count":0,"master_deck":["AscendersBane","Strike_R","Strike_R","Strike_R","Strike_R","Defend_R","Defend_R","Defend_R","Defend_R","Bash","Uppercut","Pommel Strike+1","Cleave+1","Shockwave","Ghostly Armor","Feed+1","Whirlwind+1","Seeing Red","Spot Weakness","Pummel+1"],"relics":["Burning Blood","Golden Idol","PreservedInsect","Molten Egg 2","Matryoshka","Omamori","Akabeko","Art of War"],"acts_visited":["Exordium","TheCity"],"potions_floor_usage":[7,16,16,24,28,28],"damage_taken":[{"damage":12,"enemies":"Small Slimes","floor":1,"turns":3},{"damage":35,"enemies":"Lagavulin","floor":7,"turns":5},{"damage":6,"enemies":"Jaw Worm","floor":8,"turns":3},{"damage":0,"enemies":"2 Louse","floor":12,"turns":2},{"damage":11,"enemies":"Exordium Wildlife","floor":13,"turns":3},{"damage":23,"enemies":"Large Slime","floor":14,"turns":5},{"damage":22,"enemies":"Slime Boss","floor":16,"turns":9},{"damage":32,"enemies":"Spheric Guardian","floor":18,"turns":5},{"damage":23,"enemies":"3 Byrds","floor":22,"turns":4},{"damage":48,"enemies":"Book of Stabbing","floor":24,"turns":5},{"damage":12,"enemies":"Centurion and Healer","floor":28,"turns":5},{"damage":45,"enemies":"Cultist and Chosen","floor":29,"turns":6}],"seed_played":"-6316484184357500371","potions_obtained":[{"floor":1,"key":"FearPotion"},{"floor":21,"key":"LiquidBronze"},{"floor":21,"key":"EssenceOfSteel"},{"floor":28,"key":"Ancient Potion"}],"is_trial":false,"path_per_floor":["M","?","$","?","$","R","E","M","T","T","$","M","M","M","R","B",null,"M","?","T","?","M","R","E","$","T","R","M","M"],"character_chosen":"IRONCLAD","items_purchased":["Uppercut","PowerPotion","Pommel Strike+1","PowerPotion","PowerPotion"],"campfire_rested":4,"item_purchase_floors":[5,5,11,11,25],"current_hp_per_floor":[74,52,52,52,52,78,49,49,49,49,49,55,50,33,59,43,77,51,51,51,51,34,60,18,18,18,44,38,0,0],"gold":137,"neow_bonus":"TEN_PERCENT_HP_BONUS","is_daily":false,"chose_seed":false,"campfire_upgraded":0,"win_rate":0.0,"timestamp":1610829735,"path_taken":["M","?","$","?","$","R","E","M","T","?","?","?","M","M","R","BOSS","M","?","?","?","M","R","E","$","T","R","?","M"],"items_purchased_type":["Card","Potion","Card","Potion","Potion"],"build_version":"2020-12-22","purchased_purges":1,"victory":false,"max_hp_per_floor":[88,88,88,88,88,88,88,88,88,88,88,88,88,88,88,88,88,88,88,88,88,88,88,88,88,88,88,88,88,88],"card_choices":[{"not_picked":["Rage","Havoc"],"picked":"Anger","floor":1},{"not_picked":["Iron Wave","Havoc","Heavy Blade"],"picked":"SKIP","floor":7},{"not_picked":["Combust","Thunderclap","Heavy Blade"],"picked":"SKIP","floor":8},{"not_picked":["Twin Strike+1","Exhume"],"picked":"Cleave+1","floor":12},{"not_picked":["Flame Barrier","Iron Wave+1"],"picked":"Shockwave","floor":13},{"not_picked":["Inflame","Rupture"],"picked":"Ghostly Armor","floor":14},{"not_picked":["Barricade","Offering"],"picked":"Feed+1","floor":16},{"not_picked":["Perfected Strike+1","Anger+1"],"picked":"Whirlwind+1","floor":18},{"not_picked":["Warcry","Anger+1"],"picked":"Seeing Red","floor":22},{"not_picked":["Flex","Armaments"],"picked":"Spot Weakness","floor":24},{"not_picked":["Rupture","Infernal Blade"],"picked":"Pummel+1","floor":28}],"player_experience":408654,"relics_obtained":[{"floor":7,"key":"PreservedInsect"},{"floor":9,"key":"Molten Egg 2"},{"floor":20,"key":"Matryoshka"},{"floor":24,"key":"Omamori"},{"floor":26,"key":"Akabeko"},{"floor":26,"key":"Art of War"}],"event_choices":[{"damage_healed":0,"gold_gain":0,"player_choice":"Take Damage","damage_taken":22,"relics_obtained":["Golden Idol"],"max_hp_gain":0,"max_hp_loss":0,"event_name":"Golden Idol","floor":2,"gold_loss":0},{"damage_healed":0,"gold_gain":0,"player_choice":"Ignored","damage_taken":0,"max_hp_gain":0,"max_hp_loss":0,"event_name":"Golden Wing","floor":4,"gold_loss":0},{"cards_removed":["Anger"],"damage_healed":0,"gold_gain":0,"player_choice":"Gave Gold","damage_taken":0,"max_hp_gain":0,"max_hp_loss":0,"event_name":"Beggar","floor":19,"gold_loss":75},{"damage_healed":0,"gold_gain":0,"player_choice":"Bought 2 Potions","damage_taken":0,"max_hp_gain":0,"max_hp_loss":0,"event_name":"The Woman in Blue","floor":21,"gold_loss":0}],"is_beta":false,"boss_relics":[{"not_picked":["Pandora\u0027s Box","Runic Dome","Runic Cube"]}],"items_purged_floors":[25],"is_endless":false,"potions_floor_spawned":[1,14,28],"killed_by":"Cultist and Chosen","ascension_level":12}}