{"host":"6hzrz31j95f2y1pa","time":1610769692,"event":{"mods":["BaseMod","Colored Map","Downfall","Minty Spire (QoL Compilation)","StSLib"],"gold_per_floor":[99,113,130,150,250,277,277,177,197,197,197,222,237,237,253,253,253,253],"floor_reached":16,"language":"ENG","playtime":1739,"items_purged":[],"score":140,"play_id":"f72e19d2-0515-424b-a4d8-84c5e79ef824","local_time":"20210115230132","is_ascension_mode":true,"campfire_choices":[{"data":"Guardian:CurlUp","floor":1,"key":"SMITH"},{"floor":8,"key":"REST"},{"data":"Guardian:DecasProtection","floor":11,"key":"SMITH"}],"circlet_count":0,"master_deck":["Guardian:Strike_Guardian","Guardian:Strike_Guardian","Guardian:Strike_Guardian","Guardian:Strike_Guardian","Guardian:Defend_Guardian","Guardian:Defend_Guardian","Guardian:Defend_Guardian","Guardian:Defend_Guardian","Guardian:CurlUp+1","Guardian:TwinSlam","Guardian:DecasProtection+1","Guardian:ChargeCore","Guardian:TemporalStrike","Guardian:Reroute","Guardian:FuturePlans","Guardian:GemFinder","Guardian:TemporalShield","Guardian:Gem_Red","Guardian:CompilePackage","Guardian:Gem_Cyan"],"relics":["Guardian:ModeShifter","Torii","InkBottle","downfall:HeartBlessingGreen","Matryoshka","downfall:BrokenWingStatue"],"acts_visited":["Exordium"],"potions_floor_usage":[13,15,16,16],"damage_taken":[{"damage":9,"enemies":"Jaw Worm","floor":2,"turns":5},{"damage":4,"enemies":"Small Slimes","floor":3,"turns":4},{"damage":0,"enemies":"Cultist","floor":4,"turns":4},{"damage":48,"enemies":"3 Sentries","floor":6,"turns":14},{"damage":2,"enemies":"Blue Slaver","floor":9,"turns":4},{"damage":7,"enemies":"Lagavulin","floor":12,"turns":8},{"damage":13,"enemies":"Exordium Thugs","floor":13,"turns":8},{"damage":2,"enemies":"Large Slime","floor":15,"turns":7},{"damage":78,"enemies":"DF_ARCHETYPE_STREAMLINE","floor":16,"turns":14}],"seed_played":"-2912481053307646953","potions_obtained":[{"floor":2,"key":"Guardian:BlockOnCardUsePotion"},{"floor":10,"key":"SkillPotion"},{"floor":10,"key":"FearPotion"},{"floor":12,"key":"Block Potion"},{"floor":15,"key":"Swift Potion"}],"is_trial":false,"path_per_floor":["R","M","M","M","?","E","T","R","M","?","R","E","M","?","M","B"],"character_chosen":"GUARDIAN","items_purchased":[],"campfire_rested":1,"item_purchase_floors":[],"current_hp_per_floor":[88,79,75,75,75,27,27,53,51,51,51,44,31,31,29,0,0,0],"gold":253,"neow_bonus":"TEN_PERCENT_HP_BONUS","is_daily":false,"chose_seed":false,"campfire_upgraded":2,"win_rate":0.0,"timestamp":1610769692,"path_taken":["R","M","M","M","?","E","T","R","M","?","R","E","?","?","M","BOSS"],"items_purchased_type":[],"build_version":"2020-12-22","purchased_purges":0,"victory":false,"max_hp_per_floor":[88,88,88,88,88,88,88,88,88,88,88,88,88,88,88,88,88,88],"card_choices":[{"not_picked":["Guardian:Gem_Lightblue","Guardian:Suspension"],"picked":"Guardian:DecasProtection","floor":2},{"not_picked":["Guardian:Suspension","Guardian:DecasProtection"],"picked":"Guardian:ChargeCore","floor":3},{"not_picked":["Guardian:PolyBeam","Guardian:Clone"],"picked":"Guardian:TemporalStrike","floor":4},{"not_picked":["Guardian:BodySlam","Guardian:FuturePlans"],"picked":"Guardian:Reroute","floor":6},{"not_picked":["Guardian:Harden","Guardian:CrystalBeam"],"picked":"Guardian:FuturePlans","floor":9},{"not_picked":["Guardian:Harden","Guardian:Gem_Red"],"picked":"Guardian:GemFinder","floor":12},{"not_picked":["Guardian:Suspension","Guardian:Gem_Crimson"],"picked":"Guardian:TemporalShield","floor":13},{"not_picked":["Guardian:Gem_Cyan","Guardian:Gem_Green"],"picked":"Guardian:Gem_Red","floor":13},{"not_picked":["Guardian:RollAttack","Guardian:Gem_Fragmented"],"picked":"Guardian:CompilePackage","floor":15},{"not_picked":["Guardian:Gem_Red","Guardian:Gem_Green"],"picked":"Guardian:Gem_Cyan","floor":15}],"player_experience":1334886,"relics_obtained":[{"floor":6,"key":"Torii"},{"floor":7,"key":"InkBottle"},{"floor":12,"key":"Matryoshka"}],"event_choices":[{"damage_healed":0,"gold_gain":0,"player_choice":"Got Potions","damage_taken":0,"max_hp_gain":0,"max_hp_loss":0,"event_name":"Lab","floor":10,"gold_loss":0}],"is_beta":false,"boss_relics":[],"items_purged_floors":[],"is_endless":false,"potions_floor_spawned":[2,12,15],"killed_by":"DF_ARCHETYPE_STREAMLINE","ascension_level":5}}