{"host":"ir6vojma30jz6tvk","time":1610788097,"event":{"mods":["AchievementEnabler","BaseMod","Colored Map","Minty Spire (QoL Compilation)","StSLib","SuperFastMode"],"gold_per_floor":[111,119,136,16,33,33,63,63,63,63,77,77,104,120,120,220,220,205,130,158,58,76,101,118,118,199,219,230,257,182,40,40,140,140,152,95,1094,1113,866,919,919,919,919,919,931,945,945,945],"floor_reached":47,"language":"KOR","playtime":27646,"items_purged":["Strike_B","Strike_B","Rebound+1","Defragment"],"score":548,"play_id":"a510bccc-c7ac-4b99-bb55-d2cd5b603965","local_time":"20210116180817","is_ascension_mode":false,"campfire_choices":[{"data":"Recycle","floor":6.0,"key":"SMITH"},{"data":"Coolheaded","floor":8.0,"key":"SMITH"},{"data":"Coolheaded","floor":10.0,"key":"SMITH"},{"data":"Madness","floor":12.0,"key":"SMITH"},{"data":"Seek","floor":15.0,"key":"SMITH"},{"floor":25.0,"key":"REST"},{"data":"Hologram","floor":32.0,"key":"SMITH"},{"floor":41,"key":"REST"},{"data":"Redo","floor":44,"key":"SMITH"}],"circlet_count":0,"master_deck":["Dualcast","Meteor Strike","Gash","Coolheaded+1","Gash","Madness+1","Recycle+1","Sunder","Coolheaded+1","Seek+1","Multi-Cast","Compile Driver+1","Redo+1","Loop+1","Hologram+1","Skim","Buffer","Sweeping Beam+1","FTL+1","Loop","Multi-Cast","Scrape+1","Flash of Steel+1","Beam Cell+1","Impatience","Self Repair+1"],"relics":["Cracked Core","Incense Burner","Molten Egg 2","Empty Cage","Red Mask","StrikeDummy","Mercury Hourglass","Emotion Chip","Pandora\u0027s Box","TheAbacus","Omamori","Ice Cream"],"acts_visited":["Exordium","TheCity","TheBeyond"],"potions_floor_usage":[33,33,33,47],"damage_taken":[{"damage":0.0,"enemies":"2 Louse","floor":1.0,"turns":3.0},{"damage":15.0,"enemies":"Jaw Worm","floor":3.0,"turns":4.0},{"damage":1.0,"enemies":"Cultist","floor":5.0,"turns":3.0},{"damage":20.0,"enemies":"Gremlin Nob","floor":7.0,"turns":4.0},{"damage":0.0,"enemies":"Large Slime","floor":11.0,"turns":3.0},{"damage":0.0,"enemies":"Lagavulin","floor":13.0,"turns":6.0},{"damage":9.0,"enemies":"Blue Slaver","floor":14.0,"turns":3.0},{"damage":4.0,"enemies":"Hexaghost","floor":16.0,"turns":7.0},{"damage":16.0,"enemies":"2 Thieves","floor":18.0,"turns":4.0},{"damage":5.0,"enemies":"Masked Bandits","floor":20.0,"turns":3.0},{"damage":1.0,"enemies":"Shell Parasite","floor":22.0,"turns":3.0},{"damage":44.0,"enemies":"Gremlin Leader","floor":23.0,"turns":5.0},{"damage":23.0,"enemies":"Cultist and Chosen","floor":24.0,"turns":7.0},{"damage":19.0,"enemies":"Centurion and Healer","floor":27.0,"turns":7.0},{"damage":11.0,"enemies":"Shelled Parasite and Fungi","floor":28.0,"turns":5.0},{"damage":8.0,"enemies":"Slavers","floor":29.0,"turns":4.0},{"damage":21,"enemies":"Champ","floor":33,"turns":8},{"damage":0,"enemies":"3 Shapes","floor":35,"turns":2},{"damage":0,"enemies":"3 Darklings","floor":38,"turns":3},{"damage":49,"enemies":"2 Orb Walkers","floor":40,"turns":6},{"damage":0,"enemies":"Spire Growth","floor":45,"turns":2},{"damage":2,"enemies":"Jaw Worm Horde","floor":46,"turns":2},{"damage":46,"enemies":"Reptomancer","floor":47,"turns":2}],"seed_played":"9184465640596694878","potions_obtained":[{"floor":11.0,"key":"Block Potion"},{"floor":13.0,"key":"AttackPotion"},{"floor":14.0,"key":"EntropicBrew"},{"floor":16.0,"key":"AttackPotion"},{"floor":24.0,"key":"FocusPotion"},{"floor":27.0,"key":"Weak Potion"},{"floor":28.0,"key":"Explosive Potion"},{"floor":38,"key":"ColorlessPotion"},{"floor":45,"key":"PotionOfCapacity"}],"is_trial":false,"path_per_floor":["M","$","M","$","M","R","E","R","T","R","M","R","E","M","R","B",null,"M","$","?","$","M","E","M","R","T","M","M","E","?","$","R","B",null,"M","$","?","M","$","?","R","?","T","R","M","M","E"],"character_chosen":"DEFECT","items_purchased":["Defragment","Gash","Gash","Madness","Recycle","Skim","Regen Potion","TheAbacus","Scrape+1","Flash of Steel+1"],"campfire_rested":2,"item_purchase_floors":[2,2,4,4,4,31,31,36,36,39],"current_hp_per_floor":[54,54,39,39,38,38,18,18,18,18,18,18,18,9,9,5,75,59,59,54,54,53,9,11,33,33,14,27,19,19,19,19,13,75,75,75,75,75,75,26,48,38,38,38,38,46,0,0],"gold":945,"neow_bonus":"THREE_RARE_CARDS","is_daily":false,"chose_seed":false,"campfire_upgraded":7,"win_rate":0.0,"timestamp":1610788097,"path_taken":["M","$","M","$","M","R","E","R","T","R","M","R","E","M","R","BOSS","M","$","?","$","M","E","M","R","T","M","M","E","?","?","R","BOSS","M","$","?","M","$","?","R","?","T","R","M","M","E"],"items_purchased_type":["Card","Card","Card","Card","Card","Card","Potion","Relic","Card","Card"],"build_version":"2020-12-22","purchased_purges":4,"victory":false,"max_hp_per_floor":[75,75,75,75,75,75,75,75,75,75,75,75,75,75,75,75,75,75,75,75,75,75,75,75,75,75,75,75,75,75,75,75,75,75,75,75,75,75,75,75,75,75,75,75,75,75,75,75],"card_choices":[{"not_picked":["Multi-Cast","Buffer"],"picked":"Meteor Strike","floor":0.0},{"not_picked":["Beam Cell","Undo"],"picked":"Redo","floor":1.0},{"not_picked":["White Noise","Glacier"],"picked":"Coolheaded","floor":3.0},{"not_picked":["Cold Snap","Stack"],"picked":"Sunder","floor":5.0},{"not_picked":["Go for the Eyes","Barrage"],"picked":"Coolheaded","floor":7.0},{"not_picked":["Leap","Stack","Barrage"],"picked":"SKIP","floor":11.0},{"not_picked":["Reboot","Cold Snap+1"],"picked":"Seek","floor":13.0},{"not_picked":["Go for the Eyes+1","Leap","Turbo"],"picked":"SKIP","floor":14.0},{"not_picked":["Machine Learning","Fission"],"picked":"Multi-Cast","floor":16.0},{"not_picked":["Beam Cell+1","Steam+1"],"picked":"Compile Driver+1","floor":18.0},{"not_picked":["Leap","Aggregate"],"picked":"Redo","floor":22.0},{"not_picked":["Beam Cell+1","Cold Snap+1"],"picked":"Loop+1","floor":23.0},{"not_picked":["Gash+1","Sweeping Beam+1","Conserve Battery"],"picked":"SKIP","floor":24.0},{"not_picked":["Chaos","Barrage+1"],"picked":"Rebound+1","floor":27.0},{"not_picked":["Conserve Battery","Tempest+1","Thunder Strike+1"],"picked":"SKIP","floor":28.0},{"not_picked":["Conserve Battery","Rebound+1"],"picked":"Hologram","floor":29.0},{"not_picked":["Biased Cognition","Meteor Strike+1"],"picked":"Buffer","floor":33},{"not_picked":["BootSequence","Steam+1","Ball Lightning+1"],"picked":"SKIP","floor":35},{"not_picked":["White Noise+1","Conserve Battery","Leap+1"],"picked":"SKIP","floor":38},{"not_picked":["Rebound+1","Force Field"],"picked":"Beam Cell+1","floor":40},{"not_picked":["Panacea","Dramatic Entrance+1"],"picked":"Impatience","floor":42},{"not_picked":["Leap","Coolheaded+1"],"picked":"Self Repair+1","floor":45},{"not_picked":["Undo+1","Steam","Recycle+1"],"picked":"SKIP","floor":46}],"player_experience":636103,"relics_obtained":[{"floor":7.0,"key":"Incense Burner"},{"floor":13.0,"key":"Molten Egg 2"},{"floor":20.0,"key":"Red Mask"},{"floor":23.0,"key":"StrikeDummy"},{"floor":26.0,"key":"Mercury Hourglass"},{"floor":29.0,"key":"Emotion Chip"},{"floor":40,"key":"Ice Cream"}],"event_choices":[{"damage_healed":0.0,"max_hp_gain":0.0,"max_hp_loss":0.0,"gold_gain":0.0,"event_name":"Masked Bandits","player_choice":"Fought Bandits","floor":20.0,"gold_loss":0.0,"damage_taken":0.0},{"cards_removed":["Zap"],"damage_healed":0.0,"max_hp_gain":0.0,"max_hp_loss":0.0,"gold_gain":0.0,"event_name":"Beggar","player_choice":"Gave Gold","floor":30.0,"gold_loss":75.0,"damage_taken":0.0},{"damage_healed":0,"gold_gain":999,"player_choice":"Gold","damage_taken":0,"max_hp_gain":0,"max_hp_loss":0,"event_name":"MindBloom","floor":37,"gold_loss":0,"cards_obtained":["Normality","Normality"]},{"damage_healed":0,"gold_gain":0,"player_choice":"Fight","damage_taken":0,"max_hp_gain":0,"max_hp_loss":0,"event_name":"Mysterious Sphere","floor":40,"gold_loss":0},{"damage_healed":0,"gold_gain":0,"player_choice":"Memory 3","damage_taken":10,"max_hp_gain":0,"max_hp_loss":0,"event_name":"SensoryStone","floor":42,"gold_loss":0}],"is_beta":false,"boss_relics":[{"not_picked":["Black Star","Ectoplasm"],"picked":"Empty Cage"},{"not_picked":["Runic Pyramid","Busted Crown"],"picked":"Pandora\u0027s Box"}],"items_purged_floors":[19,21,36,39],"is_endless":false,"potions_floor_spawned":[11,13,14,16,24,27,28,38,45],"killed_by":"Reptomancer","ascension_level":0}}