{"host":"slngz8sobihb8iwl","time":1610767523,"event":{"mods":["2.2 Compatiblity","Act Like it!","BaseMod","Colored Powertips","Elementarium","Gensokyo","GifTheSpireLib","Hallownest","Hermit","Marisa????????","Menagerie","Minty Spire (QoL Compilation)","Permanent Neow","Random Character Button","Rare Cards Sparkle","Relic Filter","Robot Space Explorer","StSLib","SuperFastMode","Td1madao Mod","The Bug Knight","The Cursed","The Disciple","The Gatherer","The Hierophant","The Judge","The Marked","The Runesmith","The Senshi","TheVelvet","Unceasing Turn Reminder"],"gold_per_floor":[110,110,110,110,125,125,138,162,162,188,188,8,25,25,25,129,129,139,139,154,154,154,186,186,212,239,251,263,185,117,139,151,266,278,300,41,41,52,70,70,103,114,163,190,190,204,204,216,216,216],"floor_reached":51,"language":"ENG","playtime":4369,"items_purged":[],"score":770,"play_id":"878c79fd-7e0f-4d56-bb3a-0ae19226113d","local_time":"20210115222523","is_ascension_mode":true,"campfire_choices":[{"data":"RobotSpaceExplorer:Pulsar","floor":6.0,"key":"SMITH"},{"floor":15.0,"key":"REST"},{"data":"RobotSpaceExplorer:ChargingLaser","floor":32.0,"key":"SMITH"},{"data":"RobotSpaceExplorer:Accelerator","floor":40,"key":"SMITH"},{"data":"RobotSpaceExplorer:MiniDrones","floor":49,"key":"SMITH"}],"circlet_count":0,"master_deck":["RobotSpaceExplorer:Defend","RobotSpaceExplorer:Defend","RobotSpaceExplorer:Defend","RobotSpaceExplorer:Defend+1","RobotSpaceExplorer:Scan","RobotSpaceExplorer:MiniLasers","RobotSpaceExplorer:ShovelStrike","RobotSpaceExplorer:Pulsar+1","RobotSpaceExplorer:ShovelStrike","RobotSpaceExplorer:Probe","RobotSpaceExplorer:DoubleFind","RobotSpaceExplorer:Pulsar+1","RobotSpaceExplorer:ChargingLaser+1","RobotSpaceExplorer:MiniBoosters+1","RobotSpaceExplorer:Probe+1","RobotSpaceExplorer:PowerCollector+1","RobotSpaceExplorer:Pulsar+1","RobotSpaceExplorer:Autoloader","RobotSpaceExplorer:Accelerator+1","Secret Weapon+1","RobotSpaceExplorer:Fix+1","RobotSpaceExplorer:StunGrenade+1","RobotSpaceExplorer:PowerCollector","Mayhem","RobotSpaceExplorer:MiniDrones+1","RobotSpaceExplorer:ScrapMissile+1","RobotSpaceExplorer:MiniBoosters+1","RobotSpaceExplorer:Pulsar+1","RobotSpaceExplorer:ScrapMissile+1"],"relics":["RobotSpaceExplorer:RoboCore","Juzu Bracelet","Omamori","White Beast Statue","Hallownest:DreamNailRelic","Akabeko","Unceasing Top","Blue Candle","Oddly Smooth Stone","RobotSpaceExplorer:SearchSpecs","Red Mask","Du-Vu Doll","War Paint","MawBank","Hallownest:StagBellRelic1","RobotSpaceExplorer:FoglandsKnife","Astrolabe","Happy Flower","Strawberry","Bottled Tornado"],"acts_visited":["Exordium","Hallownest:Greenpath","Hallownest:CityofTears"],"potions_floor_usage":[38,41,44,44,44,46,46,48,50,50,50],"damage_taken":[{"damage":0.0,"enemies":"2_ Uuma","floor":1.0,"turns":4.0},{"damage":0.0,"enemies":"Hallownest:2_Baldur","floor":5.0,"turns":4.0},{"damage":0.0,"enemies":"Hallownest:monsterHuskWarrior","floor":7.0,"turns":5.0},{"damage":8.0,"enemies":"Hallownest:eliteMossKnight","floor":10.0,"turns":6.0},{"damage":1.0,"enemies":"Hallownest:monsterFoolEater","floor":13.0,"turns":3.0},{"damage":28.0,"enemies":"Hallownest:BossHornet","floor":16.0,"turns":17.0},{"damage":0.0,"enemies":"Hallownest:3_Youths","floor":18.0,"turns":5.0},{"damage":4.0,"enemies":"Hallownest:Guard_and_Sentry","floor":20.0,"turns":5.0},{"damage":6.0,"enemies":"Hallownest:Nosk","floor":23.0,"turns":6.0},{"damage":13.0,"enemies":"Hallownest:eliteWatcherKnight","floor":25.0,"turns":9.0},{"damage":2.0,"enemies":"Hallownest:Master_and_Novice","floor":31.0,"turns":4.0},{"damage":9.0,"enemies":"Hallownest:BossMantisLord","floor":33.0,"turns":7.0},{"damage":2.0,"enemies":"Hallownest:2_Littles","floor":35.0,"turns":4.0},{"damage":0,"enemies":"Hallownest:3_Siblings","floor":38,"turns":4},{"damage":23,"enemies":"Hallownest:Slobbering_and_Violent","floor":39,"turns":7},{"damage":9,"enemies":"Hallownest:eliteCollector","floor":41,"turns":6},{"damage":0,"enemies":"Hallownest:2_Wandering_and_1_Horned","floor":42,"turns":4},{"damage":4,"enemies":"Hallownest:StalkingDevout","floor":44,"turns":5},{"damage":11,"enemies":"Hallownest:2_Wing_and_1_Kings","floor":46,"turns":5},{"damage":0,"enemies":"Hallownest:Xero_Hu_Marmu","floor":48,"turns":4},{"damage":51,"enemies":"Hallownest:BossHollowKnight","floor":50,"turns":8}],"seed_played":"-2476710145569414335","potions_obtained":[{"floor":5.0,"key":"LiquidBronze"},{"floor":7.0,"key":"Energy Potion"},{"floor":10.0,"key":"Block Potion"},{"floor":13.0,"key":"Fruit Juice"},{"floor":16.0,"key":"PowerPotion"},{"floor":23.0,"key":"RobotSpaceExplorer:RecyclePotion"},{"floor":25.0,"key":"RobotSpaceExplorer:PlasmaFlask"},{"floor":31.0,"key":"SneckoOil"},{"floor":33.0,"key":"RobotSpaceExplorer:RecyclePotion"},{"floor":35.0,"key":"EntropicBrew"},{"floor":38,"key":"SteroidPotion"},{"floor":39,"key":"EntropicBrew"},{"floor":41,"key":"ColorlessPotion"},{"floor":44,"key":"Fire Potion"},{"floor":46,"key":"LiquidMemories"},{"floor":48,"key":"Strength Potion"}],"is_trial":false,"path_per_floor":["M","?","?","?","M","R","M","T","T","E","?","$","M","$","R","B",null,"M","?","M","?","?","E","?","E","T","$","$","?","?","M","R","B",null,"M","$","?","M","M","R","E","M","T","E","?","M","?","M","R","B",null],"character_chosen":"RobotSpaceExplorer","items_purchased":["Oddly Smooth Stone","RobotSpaceExplorer:DoubleFind","RobotSpaceExplorer:PowerCollector","Mayhem"],"campfire_rested":1,"item_purchase_floors":[12,12,36,36],"current_hp_per_floor":[75,47,47,47,47,47,47,47,47,39,30,30,34,34,58,30,80,80,80,76,76,76,70,70,57,57,57,57,57,57,55,55,46,80,80,80,80,80,63,63,60,66,73,75,75,70,70,76,76,31],"gold":216,"neow_bonus":"RANDOM_COMMON_RELIC","is_daily":false,"chose_seed":false,"campfire_upgraded":4,"win_rate":0.0,"timestamp":1610767523,"path_taken":["M","?","?","?","M","R","M","?","T","E","?","?","M","$","R","BOSS","M","?","M","?","?","E","?","E","T","?","$","?","?","M","R","BOSS","M","?","?","M","M","R","E","M","T","E","?","M","?","M","R","BOSS"],"items_purchased_type":["Relic","Card","Card","Card"],"build_version":"2020-12-22","purchased_purges":0,"victory":true,"max_hp_per_floor":[75,75,75,75,75,75,75,75,75,75,75,75,80,80,80,80,80,80,80,80,80,80,80,80,80,80,80,80,80,80,80,80,80,80,80,80,80,80,80,80,80,80,87,87,87,87,87,87,87,87],"card_choices":[{"not_picked":["RobotSpaceExplorer:DualCore","RobotSpaceExplorer:Probe"],"picked":"RobotSpaceExplorer:ShovelStrike","floor":1.0},{"not_picked":["RobotSpaceExplorer:BigMissile","RobotSpaceExplorer:SwiftStep"],"picked":"RobotSpaceExplorer:Pulsar","floor":5.0},{"not_picked":["RobotSpaceExplorer:DualCore","RobotSpaceExplorer:Discharger"],"picked":"RobotSpaceExplorer:ShovelStrike","floor":7.0},{"not_picked":["RobotSpaceExplorer:FranticSearch","RobotSpaceExplorer:Electroshield"],"picked":"RobotSpaceExplorer:Probe","floor":10.0},{"not_picked":["RobotSpaceExplorer:FranticSearch","RobotSpaceExplorer:ImprovisedAttack"],"picked":"RobotSpaceExplorer:Pulsar","floor":13.0},{"not_picked":["RobotSpaceExplorer:Multitool","RobotSpaceExplorer:Arsenal"],"picked":"RobotSpaceExplorer:ChargingLaser","floor":16.0},{"not_picked":["RobotSpaceExplorer:ScrapMissile","RobotSpaceExplorer:ShovelStrike"],"picked":"RobotSpaceExplorer:MiniBoosters+1","floor":18.0},{"not_picked":["RobotSpaceExplorer:Ammunition","RobotSpaceExplorer:ToxicBomb"],"picked":"RobotSpaceExplorer:Probe+1","floor":20.0},{"not_picked":["RobotSpaceExplorer:FreezingShield","RobotSpaceExplorer:JunkDive"],"picked":"RobotSpaceExplorer:PowerCollector+1","floor":23.0},{"not_picked":["RobotSpaceExplorer:ScrapToss","RobotSpaceExplorer:SlimeMissile+1"],"picked":"RobotSpaceExplorer:Pulsar+1","floor":24.0},{"not_picked":["RobotSpaceExplorer:ScrapMissile+1","RobotSpaceExplorer:Smokescreen+1"],"picked":"RobotSpaceExplorer:Autoloader","floor":24.0},{"not_picked":["RobotSpaceExplorer:Probe","RobotSpaceExplorer:FrostMissile"],"picked":"RobotSpaceExplorer:Exploration","floor":25.0},{"not_picked":["RobotSpaceExplorer:ToxicBomb","RobotSpaceExplorer:GlueShot","RobotSpaceExplorer:Discharger"],"picked":"SKIP","floor":31.0},{"not_picked":["RobotSpaceExplorer:Explosion","RobotSpaceExplorer:Autoloader"],"picked":"RobotSpaceExplorer:Accelerator","floor":33.0},{"not_picked":["RobotSpaceExplorer:SwiftStep","RobotSpaceExplorer:ShockKick","RobotSpaceExplorer:MetalStrike"],"picked":"SKIP","floor":35.0},{"not_picked":["RobotSpaceExplorer:SlimeMissile+1","RobotSpaceExplorer:FranticSearch+1"],"picked":"RobotSpaceExplorer:MiniDrones","floor":38},{"not_picked":["RobotSpaceExplorer:Autoloader","RobotSpaceExplorer:Ammunition+1","RobotSpaceExplorer:PowerGlove"],"picked":"SKIP","floor":39},{"not_picked":["RobotSpaceExplorer:Probe","RobotSpaceExplorer:SwiftStep"],"picked":"RobotSpaceExplorer:ScrapMissile+1","floor":41},{"not_picked":["RobotSpaceExplorer:ScrapShield","RobotSpaceExplorer:Ammunition"],"picked":"RobotSpaceExplorer:MiniBoosters+1","floor":42},{"not_picked":["RobotSpaceExplorer:GlueSpray+1","RobotSpaceExplorer:StunGrenade+1"],"picked":"RobotSpaceExplorer:Pulsar+1","floor":44},{"not_picked":["RobotSpaceExplorer:FreezingShield","RobotSpaceExplorer:SlimeMissile+1","RobotSpaceExplorer:Blitz"],"picked":"SKIP","floor":46},{"not_picked":["RobotSpaceExplorer:Counterblock","RobotSpaceExplorer:Ammunition"],"picked":"RobotSpaceExplorer:ScrapMissile+1","floor":48}],"player_experience":409900,"relics_obtained":[{"floor":8.0,"key":"Akabeko"},{"floor":9.0,"key":"Unceasing Top"},{"floor":10.0,"key":"Blue Candle"},{"floor":23.0,"key":"Du-Vu Doll"},{"floor":25.0,"key":"War Paint"},{"floor":26.0,"key":"MawBank"},{"floor":31.0,"key":"RobotSpaceExplorer:FoglandsKnife"},{"floor":41,"key":"Happy Flower"},{"floor":43,"key":"Strawberry"},{"floor":44,"key":"Bottled Tornado"}],"event_choices":[],"is_beta":false,"boss_relics":[{"not_picked":["RobotSpaceExplorer:TurboCore","Black Star"],"picked":"RobotSpaceExplorer:SearchSpecs"},{"not_picked":["Velvet Choker","Runic Pyramid"],"picked":"Astrolabe"}],"items_purged_floors":[],"is_endless":false,"potions_floor_spawned":[5,7,10,13,16,18,20,23,25,31,33,35,38,39,41,42,44,46,48],"ascension_level":1}}