{"host":"mai03x2ekbjy4059","time":1610839950,"event":{"mods":["2.2 Compatiblity","BaseMod","DeckTracker","Keyboard Shortcuts","Minty Spire (QoL Compilation)","Permanent Neow","Quick Restart","SuperFastMode","everything is the same but u backflip on backflip"],"gold_per_floor":[14,14,26,26,26,66,66,107,154,154,172,27,58,58,58,178,178,201,201,219,234,309,343,343,343,343],"floor_reached":25,"language":"KOR","playtime":874,"items_purged":[],"score":328,"play_id":"f17ccca6-25fb-4d18-96e4-4d03d8cf5cbc","local_time":"20210117083230","is_ascension_mode":true,"campfire_choices":[{"data":"Sadistic Nature","floor":7.0,"key":"SMITH"},{"data":"Malaise","floor":10.0,"key":"SMITH"},{"data":"Leg Sweep","floor":15.0,"key":"SMITH"},{"data":"Bouncing Flask","floor":24.0,"key":"SMITH"}],"circlet_count":0,"master_deck":["Strike_G","Strike_G","Strike_G","Defend_G","Defend_G","Defend_G","Defend_G","Defend_G","Survivor","Neutralize+1","Sadistic Nature+1","Malaise+1","Leg Sweep+1","Bouncing Flask+1","Deflect","Poisoned Stab","Night Terror"],"relics":["Ring of the Serpent","Golden Idol","Blood Vial","Shuriken","Lantern","Orichalcum","Pen Nib"],"acts_visited":["Exordium","TheCity"],"potions_floor_usage":[25],"damage_taken":[{"damage":5.0,"enemies":"Jaw Worm","floor":1.0,"turns":6.0},{"damage":1.0,"enemies":"2 Louse","floor":3.0,"turns":2.0},{"damage":31.0,"enemies":"3 Sentries","floor":6.0,"turns":18.0},{"damage":16.0,"enemies":"Gremlin Nob","floor":8.0,"turns":5.0},{"damage":1.0,"enemies":"Cultist","floor":11.0,"turns":4.0},{"damage":9.0,"enemies":"Lagavulin","floor":13.0,"turns":8.0},{"damage":0.0,"enemies":"Hexaghost","floor":16.0,"turns":11.0},{"damage":10.0,"enemies":"Spheric Guardian","floor":18.0,"turns":12.0},{"damage":0.0,"enemies":"Shell Parasite","floor":20.0,"turns":4.0},{"damage":25.0,"enemies":"Cultist and Chosen","floor":21.0,"turns":7.0},{"damage":0.0,"enemies":"Book of Stabbing","floor":23.0,"turns":7.0},{"damage":34,"enemies":"Slavers","floor":25,"turns":4}],"seed_played":"3541031154869565560","potions_obtained":[{"floor":1.0,"key":"BlessingOfTheForge"},{"floor":3.0,"key":"Block Potion"},{"floor":8.0,"key":"ColorlessPotion"},{"floor":16.0,"key":"EssenceOfSteel"},{"floor":20.0,"key":"Block Potion"},{"floor":21.0,"key":"Swift Potion"}],"is_trial":false,"path_per_floor":["M","$","M","?","?","E","R","E","T","R","M","$","E","?","R","B",null,"M","?","M","M","?","E","R","E"],"character_chosen":"THE_SILENT","items_purchased":["Lantern"],"campfire_rested":0,"item_purchase_floors":[12],"current_hp_per_floor":[65,65,64,64,64,33,33,19,19,19,20,20,13,13,13,15,65,55,55,57,34,28,30,30,0,0],"gold":343,"neow_bonus":"RANDOM_COLORLESS_2","is_daily":false,"chose_seed":false,"campfire_upgraded":4,"win_rate":0.0,"timestamp":1610839950,"path_taken":["M","$","M","?","?","E","R","E","T","R","M","?","E","?","R","BOSS","M","?","M","M","?","E","R","E"],"items_purchased_type":["Relic"],"build_version":"2020-12-22","purchased_purges":0,"victory":false,"max_hp_per_floor":[70,70,70,65,65,65,65,65,65,65,65,65,65,65,65,65,65,65,65,65,65,65,65,65,65,65],"card_choices":[{"not_picked":["Metamorphosis","Apotheosis"],"picked":"Sadistic Nature","floor":0.0},{"not_picked":["Terror","Concentrate","Dash"],"picked":"SKIP","floor":1.0},{"not_picked":["Caltrops","Bane","Slice"],"picked":"SKIP","floor":3.0},{"not_picked":["A Thousand Cuts","Tactician"],"picked":"Malaise","floor":6.0},{"not_picked":["Concentrate","Outmaneuver","Backstab"],"picked":"SKIP","floor":8.0},{"not_picked":["Underhanded Strike","Cloak And Dagger","Reflex"],"picked":"SKIP","floor":11.0},{"not_picked":["Deflect","Acrobatics"],"picked":"Leg Sweep","floor":13.0},{"not_picked":["Flying Knee+1","Distraction"],"picked":"Bouncing Flask","floor":18.0},{"not_picked":["Expertise","Masterful Stab+1","Prepared"],"picked":"SKIP","floor":20.0},{"not_picked":["Dagger Spray","Distraction","Prepared+1"],"picked":"SKIP","floor":21.0},{"not_picked":["Deflect+1","Outmaneuver"],"picked":"Night Terror","floor":23.0}],"player_experience":1058624,"relics_obtained":[{"floor":6.0,"key":"Blood Vial"},{"floor":8.0,"key":"Shuriken"},{"floor":13.0,"key":"Orichalcum"},{"floor":23.0,"key":"Pen Nib"}],"event_choices":[{"damage_healed":0.0,"max_hp_gain":0.0,"max_hp_loss":5.0,"gold_gain":0.0,"event_name":"Golden Idol","player_choice":"Lose Max HP","floor":4.0,"gold_loss":0.0,"damage_taken":0.0,"relics_obtained":["Golden Idol"]},{"damage_healed":0.0,"max_hp_gain":0.0,"max_hp_loss":0.0,"gold_gain":0.0,"event_name":"Living Wall","player_choice":"Grow","floor":5.0,"gold_loss":0.0,"damage_taken":0.0,"cards_upgraded":["Neutralize"]},{"damage_healed":0.0,"max_hp_gain":0.0,"max_hp_loss":0.0,"gold_gain":0.0,"event_name":"Liars Game","player_choice":"Ignored","floor":14.0,"gold_loss":0.0,"damage_taken":0.0},{"damage_healed":0.0,"max_hp_gain":0.0,"max_hp_loss":0.0,"gold_gain":0.0,"cards_transformed":["Strike_G","Strike_G"],"event_name":"Drug Dealer","player_choice":"Became Test Subject","floor":19.0,"gold_loss":0.0,"damage_taken":0.0,"cards_obtained":["Deflect","Poisoned Stab"]},{"damage_healed":0.0,"max_hp_gain":0.0,"max_hp_loss":0.0,"gold_gain":75.0,"event_name":"FaceTrader","player_choice":"Touch","floor":22.0,"gold_loss":0.0,"damage_taken":6.0}],"is_beta":false,"boss_relics":[{"not_picked":["Ectoplasm","HoveringKite"],"picked":"Ring of the Serpent"}],"items_purged_floors":[],"is_endless":false,"potions_floor_spawned":[1,3,8,16,20,21],"killed_by":"Slavers","ascension_level":1}}