{"host":"l60rmjjsfi0fipmi","time":1610759734,"event":{"mods":["BaseMod","Colored Map","DeckTracker","Highlight Path","Minty Spire (QoL Compilation)","StSLib","The Cursed"],"gold_per_floor":[18,37,0,12,30,30,56,56,83,109,121,133,180,116,116,116,116],"floor_reached":16,"language":"ENG","playtime":585,"items_purged":[],"score":130,"play_id":"eb911b29-5c7a-4952-b176-b446f530a200","local_time":"20210115201534","is_ascension_mode":true,"campfire_choices":[{"data":"Immolate","floor":6,"key":"SMITH"},{"data":"Wild Strike","floor":11,"key":"SMITH"},{"data":"Shockwave","floor":15,"key":"SMITH"}],"circlet_count":0,"master_deck":["Strike_R","Strike_R","Strike_R","Strike_R","Strike_R","Defend_R","Defend_R","Defend_R","Defend_R","Bash","Immolate+1","Disarm","Wild Strike+1","Rampage","Power Through","Shockwave+1","Ghostly Armor","Feel No Pain"],"relics":["Burning Blood","Ancient Tea Set","Lantern","MawBank","Golden Idol","HornCleat"],"acts_visited":["Exordium"],"potions_floor_usage":[13],"damage_taken":[{"damage":0,"enemies":"Small Slimes","floor":1,"turns":3},{"damage":0,"enemies":"2 Louse","floor":2,"turns":1},{"damage":2,"enemies":"Jaw Worm","floor":4,"turns":3},{"damage":6,"enemies":"Blue Slaver","floor":5,"turns":3},{"damage":45,"enemies":"Lagavulin","floor":7,"turns":6},{"damage":9,"enemies":"3 Sentries","floor":10,"turns":6},{"damage":12,"enemies":"Gremlin Nob","floor":13,"turns":3},{"damage":38,"enemies":"Slime Boss","floor":16,"turns":5}],"seed_played":"8345213222323303371","potions_obtained":[{"floor":1,"key":"SkillPotion"},{"floor":4,"key":"FearPotion"},{"floor":10,"key":"Fire Potion"}],"is_trial":false,"path_per_floor":["M","M","?","M","M","R","E","$","T","E","R","?","E","$","R","B"],"character_chosen":"IRONCLAD","items_purchased":["Feel No Pain"],"campfire_rested":0,"item_purchase_floors":[14],"current_hp_per_floor":[80,80,80,80,80,80,41,41,41,38,38,38,32,32,32,0,0],"gold":116,"neow_bonus":"THREE_RARE_CARDS","is_daily":false,"chose_seed":false,"campfire_upgraded":3,"win_rate":0.0,"timestamp":1610759734,"path_taken":["M","M","?","M","M","R","E","$","T","E","R","?","E","$","R","BOSS"],"items_purchased_type":["Card"],"build_version":"2020-12-22","purchased_purges":0,"victory":false,"max_hp_per_floor":[80,80,80,80,80,80,80,80,80,80,80,74,74,74,74,74,74],"card_choices":[{"not_picked":["Bludgeon","Impervious"],"picked":"Immolate","floor":0},{"not_picked":["Havoc","Ghostly Armor"],"picked":"Disarm","floor":1},{"not_picked":["Entrench","Sword Boomerang"],"picked":"Wild Strike","floor":2},{"not_picked":["Flex","Shrug It Off"],"picked":"Rampage","floor":4},{"not_picked":["Clash","Clothesline","Body Slam"],"picked":"SKIP","floor":5},{"not_picked":["Sword Boomerang","Battle Trance"],"picked":"Power Through","floor":7},{"not_picked":["Demon Form","Perfected Strike"],"picked":"Shockwave","floor":10},{"not_picked":["True Grit","Flex"],"picked":"Ghostly Armor","floor":13}],"player_experience":416895,"relics_obtained":[{"floor":7,"key":"Ancient Tea Set"},{"floor":9,"key":"Lantern"},{"floor":10,"key":"MawBank"},{"floor":13,"key":"HornCleat"}],"event_choices":[{"damage_healed":0,"gold_gain":0,"player_choice":"Left Gold","damage_taken":0,"max_hp_gain":0,"max_hp_loss":0,"event_name":"World of Goop","floor":3,"gold_loss":37},{"damage_healed":0,"gold_gain":0,"player_choice":"Lose Max HP","damage_taken":0,"relics_obtained":["Golden Idol"],"max_hp_gain":0,"max_hp_loss":6,"event_name":"Golden Idol","floor":12,"gold_loss":0}],"is_beta":false,"boss_relics":[],"items_purged_floors":[],"is_endless":false,"potions_floor_spawned":[1,4,10],"killed_by":"Slime Boss","ascension_level":2}}