{"host":"6hzrz31j95f2y1pa","time":1610785602,"event":{"mods":["BaseMod","Colored Map","Downfall","Minty Spire (QoL Compilation)","StSLib"],"gold_per_floor":[99,162,182,200,212,237,237,237,249,269,286,286,319,84,96,96,96,96],"floor_reached":16,"language":"ENG","playtime":753,"items_purged":["Guardian:Defend_Guardian"],"score":148,"play_id":"1027aad4-9fad-4c99-aad6-760d03fea4df","local_time":"20210116032642","is_ascension_mode":true,"campfire_choices":[{"data":"Guardian:CurlUp","floor":1,"key":"SMITH"},{"data":"Guardian:ChargeCore","floor":8,"key":"SMITH"},{"floor":12,"key":"REST"}],"circlet_count":0,"master_deck":["Guardian:Strike_Guardian","Guardian:Strike_Guardian","Guardian:Strike_Guardian","Guardian:Strike_Guardian","Guardian:Defend_Guardian","Guardian:Defend_Guardian","Guardian:Defend_Guardian","Guardian:CurlUp+1","Guardian:TwinSlam","Guardian:Incinerate","Guardian:ChargeCore+1","Guardian:RevengeProtocol","Guardian:GuardianWhirl","Guardian:ShieldCharger","Guardian:BronzeArmor","Guardian:FloatingOrbs","Guardian:Suspension","Guardian:AncientConstruct","Guardian:DecasProtection"],"relics":["Guardian:ModeShifter","Orichalcum","White Beast Statue","MealTicket","Oddly Smooth Stone","Guardian:PickAxe"],"acts_visited":["Exordium"],"potions_floor_usage":[6,11],"damage_taken":[{"damage":37,"enemies":"3 Sentries","floor":2,"turns":14},{"damage":2,"enemies":"Jaw Worm","floor":3,"turns":4},{"damage":3,"enemies":"2 Louse","floor":4,"turns":3},{"damage":1,"enemies":"Cultist","floor":5,"turns":3},{"damage":14,"enemies":"3 Sentries","floor":6,"turns":7},{"damage":0,"enemies":"3 Louse","floor":9,"turns":4},{"damage":2,"enemies":"Red Slaver","floor":10,"turns":3},{"damage":12,"enemies":"Lots of Slimes","floor":11,"turns":4},{"damage":10,"enemies":"Gremlin Nob","floor":13,"turns":4},{"damage":4,"enemies":"downfall:FleeingMerchant","floor":14,"turns":4},{"damage":12,"enemies":"Large Slime","floor":15,"turns":3},{"damage":30,"enemies":"WA_ARCHETYPE_RETAIN","floor":16,"turns":7}],"seed_played":"-3159908862980697253","potions_obtained":[{"floor":3,"key":"Regen Potion"},{"floor":4,"key":"SteroidPotion"},{"floor":5,"key":"BlessingOfTheForge"},{"floor":6,"key":"DistilledChaos"},{"floor":11,"key":"SteroidPotion"}],"is_trial":false,"path_per_floor":["R","?","M","M","M","E","T","R","M","M","M","R","E","$","M","B"],"character_chosen":"GUARDIAN","items_purchased":["Guardian:AncientConstruct"],"campfire_rested":1,"item_purchase_floors":[14],"current_hp_per_floor":[72,35,33,30,29,30,30,30,30,28,16,40,30,41,29,0,0,0],"gold":96,"neow_bonus":"RANDOM_COMMON_RELIC","is_daily":false,"chose_seed":false,"campfire_upgraded":2,"win_rate":0.0,"timestamp":1610785602,"path_taken":["R","?","M","M","M","E","T","R","M","M","M","R","E","$","M","BOSS"],"items_purchased_type":["Card"],"build_version":"2020-12-22","purchased_purges":1,"victory":false,"max_hp_per_floor":[80,80,80,80,80,80,80,80,80,80,80,80,80,80,80,80,80,80],"card_choices":[{"not_picked":["Guardian:RollAttack","Guardian:Gem_Fragmented"],"picked":"Guardian:Incinerate","floor":2},{"not_picked":["Guardian:Gem_Lightblue","Guardian:TemporalShield"],"picked":"Guardian:ChargeCore","floor":3},{"not_picked":["Guardian:Harden","Guardian:Gem_Lightblue"],"picked":"Guardian:RevengeProtocol","floor":4},{"not_picked":["Guardian:Preprogram","Guardian:Gem_Lightblue"],"picked":"Guardian:GuardianWhirl","floor":5},{"not_picked":["Guardian:Suspension","Guardian:Incinerate"],"picked":"Guardian:ShieldCharger","floor":6},{"not_picked":["Guardian:Gem_Fragmented","Guardian:TemporalStrike"],"picked":"Guardian:Gem_White","floor":9},{"not_picked":["Guardian:ShieldCharger","Guardian:ShieldSpikes"],"picked":"Guardian:BronzeArmor","floor":10},{"not_picked":["Guardian:ChargeUp","Guardian:WalkerClaw"],"picked":"Guardian:FloatingOrbs","floor":11},{"not_picked":["Guardian:ShieldCharger","Guardian:Repulse"],"picked":"Guardian:Suspension","floor":13},{"not_picked":["Guardian:Recover","Guardian:BodySlam","Guardian:FuturePlans"],"picked":"SKIP","floor":14},{"not_picked":["Guardian:PrimingBeam","Guardian:VentSteam"],"picked":"Guardian:DecasProtection","floor":15}],"player_experience":1343948,"relics_obtained":[{"floor":2,"key":"White Beast Statue"},{"floor":6,"key":"MealTicket"},{"floor":7,"key":"Oddly Smooth Stone"},{"floor":13,"key":"Guardian:PickAxe"}],"event_choices":[],"is_beta":false,"boss_relics":[],"items_purged_floors":[14],"is_endless":false,"potions_floor_spawned":[3,4,5,6,9,10,11,13,14,15],"killed_by":"WA_ARCHETYPE_RETAIN","ascension_level":6}}