{"host":"e4wnmsyty9uvvtwf","time":1610803882,"event":{"mods":["BaseMod","Colored Map","Colored Powertips","Downfall","Minty Spire (QoL Compilation)","Rare Cards Sparkle","StSLib"],"gold_per_floor":[99,118,118,134,144,319,319,319,339,15,15,15,31,42,57,57,57],"floor_reached":16,"language":"ZHS","playtime":513,"items_purged":["Regret"],"score":94,"play_id":"ea110a2c-7e5e-4b7d-ac5e-135d174850aa","local_time":"20210116213122","is_ascension_mode":false,"campfire_choices":[{"data":"bronze:Goto","floor":1,"key":"SMITH"},{"data":"bronze:OilSpill","floor":8,"key":"SMITH"},{"data":"expansioncontent:QuickStudy","floor":12,"key":"SMITH"}],"circlet_count":0,"master_deck":["bronze:Strike","bronze:Strike+1","bronze:Strike+1","bronze:Defend","bronze:Defend","bronze:Defend","bronze:Defend","bronze:Replicate+1","bronze:Goto+1","bronze:OilSpill+1","bronze:BuggyMess","bronze:Repulsor","Doubt","bronze:Break","bronze:HyperBeam","bronze:Optimize","expansioncontent:QuickStudy+1","bronze:WhirlingStrike","bronze:Philosophize","bronze:FineTuning","bronze:ChosenStrike"],"relics":["bronze:BronzeCore","Pantograph","Whetstone"],"acts_visited":["Exordium"],"potions_floor_usage":[16,16],"damage_taken":[{"damage":1,"enemies":"Cultist","floor":2,"turns":3},{"damage":9,"enemies":"2 Louse","floor":4,"turns":2},{"damage":6,"enemies":"Jaw Worm","floor":5,"turns":3},{"damage":16,"enemies":"Exordium Wildlife","floor":9,"turns":4},{"damage":8,"enemies":"downfall:FleeingMerchant","floor":10,"turns":4},{"damage":4,"enemies":"Blue Slaver","floor":13,"turns":3},{"damage":11,"enemies":"3 Louse","floor":14,"turns":2},{"damage":13,"enemies":"2 Fungi Beasts","floor":15,"turns":3},{"damage":60,"enemies":"WA_ARCHETYPE_RETAIN","floor":16,"turns":4}],"seed_played":"6673011624223247990","potions_obtained":[{"floor":9,"key":"Fire Potion"},{"floor":13,"key":"bronze:BurnAndBuffPotion"},{"floor":14,"key":"Dexterity Potion"}],"is_trial":false,"path_per_floor":["R","M","?","M","M","?","T","R","M","$","?","R","M","M","M","B"],"character_chosen":"THE_AUTOMATON","items_purchased":["bronze:Optimize","expansioncontent:QuickStudy"],"campfire_rested":0,"item_purchase_floors":[10,10],"current_hp_per_floor":[70,69,69,60,54,54,54,54,38,30,30,30,26,15,2,0,0],"gold":57,"neow_bonus":"UPGRADE_CARD","is_daily":false,"chose_seed":false,"campfire_upgraded":3,"win_rate":0.0,"timestamp":1610803882,"path_taken":["R","M","?","M","M","?","T","R","M","?","?","R","M","?","M","BOSS"],"items_purchased_type":["Card","Card"],"build_version":"2020-12-22","purchased_purges":1,"victory":false,"max_hp_per_floor":[70,70,70,70,70,70,70,70,70,70,70,70,70,70,70,70,70],"card_choices":[{"not_picked":["bronze:BitShift","bronze:BugBarrage"],"picked":"bronze:OilSpill","floor":2},{"not_picked":["bronze:BugBarrage","bronze:ItsAFeature"],"picked":"bronze:BuggyMess","floor":4},{"not_picked":["bronze:DelayedGuard","bronze:OilSpill"],"picked":"bronze:Repulsor","floor":5},{"not_picked":["bronze:DigitalCarnage","bronze:GetLatest"],"picked":"bronze:Break","floor":9},{"not_picked":["bronze:DelayedSlice","bronze:ForceShield"],"picked":"bronze:HyperBeam","floor":10},{"not_picked":["bronze:BuggyMess","bronze:Iterate"],"picked":"bronze:Philosophize","floor":13},{"not_picked":["bronze:Invalidate","bronze:DarkDash"],"picked":"bronze:FineTuning","floor":14},{"not_picked":["bronze:Repulsor","bronze:Iterate"],"picked":"bronze:ChosenStrike","floor":15}],"player_experience":617430,"relics_obtained":[{"floor":7,"key":"Whetstone"}],"event_choices":[{"damage_healed":0,"gold_gain":0,"player_choice":"Box","damage_taken":0,"relics_obtained":["Pantograph"],"max_hp_gain":0,"max_hp_loss":0,"event_name":"Big Fish","floor":3,"gold_loss":0,"cards_obtained":["Regret"]}],"is_beta":false,"boss_relics":[],"items_purged_floors":[10],"is_endless":false,"potions_floor_spawned":[9,13,14,15],"killed_by":"WA_ARCHETYPE_RETAIN","ascension_level":0}}