{"host":"y76clbnovzmw9ubx","time":1610803581,"event":{"mods":["AchievementEnabler","BaseMod","Minty Spire (QoL Compilation)","Permanent Neow","Relic Stats"],"gold_per_floor":[119,119,137,155,155,187,147,147,198,198,217,258,288,308,308,396,396,415,330,354,40,49,49,49,49],"floor_reached":24,"language":"ENG","playtime":1309,"items_purged":[],"score":408,"play_id":"3c70743c-bea1-4dd5-880d-fd7a0ed1e682","local_time":"20210116082621","is_ascension_mode":true,"campfire_choices":[{"floor":10,"key":"REST"},{"floor":15,"key":"REST"},{"floor":23,"key":"REST"}],"circlet_count":0,"master_deck":["AscendersBane","Strike_G","Strike_G","Defend_G+1","Defend_G+1","Defend_G","Defend_G","Defend_G","Survivor","Neutralize","Noxious Fumes","Dash","Sucker Punch","Backflip","Escape Plan","Blade Dance","Catalyst","Dodge and Roll","Bullet Time","Leg Sweep","Dagger Spray","Catalyst+1","Leg Sweep","Corpse Explosion","Cloak And Dagger","Well Laid Plans","Dodge and Roll","Catalyst+1"],"relics":["Ring of the Snake","Tiny Chest","Kunai","Matryoshka","CeramicFish","Bottled Flame","Akabeko","Empty Cage","Blue Candle","Orrery"],"acts_visited":["Exordium","TheCity"],"potions_floor_usage":[12,12,20],"damage_taken":[{"damage":0,"enemies":"2 Louse","floor":1,"turns":4},{"damage":0,"enemies":"Cultist","floor":3,"turns":4},{"damage":0,"enemies":"Small Slimes","floor":4,"turns":3},{"damage":36,"enemies":"Gremlin Nob","floor":6,"turns":6},{"damage":0,"enemies":"Looter","floor":7,"turns":4},{"damage":7,"enemies":"2 Fungi Beasts","floor":11,"turns":5},{"damage":5,"enemies":"Lagavulin","floor":12,"turns":5},{"damage":0,"enemies":"Lots of Slimes","floor":14,"turns":5},{"damage":28,"enemies":"The Guardian","floor":16,"turns":13},{"damage":17,"enemies":"3 Byrds","floor":18,"turns":7},{"damage":3,"enemies":"Chosen","floor":20,"turns":7},{"damage":51,"enemies":"Slavers","floor":24,"turns":3}],"seed_played":"7569323629737830028","potions_obtained":[{"floor":4,"key":"GamblersBrew"},{"floor":6,"key":"SteroidPotion"},{"floor":11,"key":"FearPotion"},{"floor":16,"key":"Swift Potion"}],"is_trial":false,"path_per_floor":["M","?","M","M","?","E","M","T","T","R","M","E","?","M","R","B",null,"M","?","M","$","?","R","E"],"character_chosen":"THE_SILENT","items_purchased":["Orrery","Cloak And Dagger","Well Laid Plans","Dodge and Roll"],"campfire_rested":3,"item_purchase_floors":[21,21,21,21],"current_hp_per_floor":[59,59,59,59,39,3,3,3,3,22,15,10,10,10,29,1,50,33,33,30,30,30,49,0,0],"gold":49,"neow_bonus":"RANDOM_COMMON_RELIC","is_daily":false,"chose_seed":false,"campfire_upgraded":0,"win_rate":0.0,"timestamp":1610803581,"path_taken":["M","?","M","?","?","E","M","?","T","R","M","E","?","M","R","BOSS","M","?","M","$","?","R","E"],"items_purchased_type":["Relic","Card","Card","Card"],"build_version":"2020-12-22","purchased_purges":0,"victory":false,"max_hp_per_floor":[66,66,66,66,66,66,66,66,66,66,66,66,66,66,66,66,66,66,66,66,66,66,66,66,66],"relic_stats":{"counters":[12,66],"CeramicFish":117,"Blue Candle":[0],"Tiny Chest":1,"Kunai":[16],"obtain_stats":[{"Bottled Flame":9,"Matryoshka":8,"CeramicFish":9,"Blue Candle":19,"Orrery":21,"Tiny Chest":0,"Kunai":6,"Empty Cage":17,"Akabeko":12,"Ring of the Snake":0},{"Bottled Flame":5,"Matryoshka":5,"CeramicFish":5,"Blue Candle":10,"Orrery":11,"Tiny Chest":0,"Kunai":4,"Empty Cage":9,"Akabeko":7,"Ring of the Snake":0},{"Bottled Flame":21,"Matryoshka":21,"CeramicFish":21,"Blue Candle":56,"Orrery":63,"Tiny Chest":0,"Kunai":17,"Empty Cage":49,"Akabeko":31,"Ring of the Snake":0}],"Ring of the Snake":[24]},"card_choices":[{"not_picked":["Sucker Punch","Dagger Spray"],"picked":"Noxious Fumes","floor":1},{"not_picked":["Quick Slash","Concentrate"],"picked":"Dash","floor":3},{"not_picked":["Distraction","Deflect"],"picked":"Sucker Punch","floor":4},{"not_picked":["Poisoned Stab","Distraction"],"picked":"Backflip","floor":6},{"not_picked":["Outmaneuver","Riddle With Holes"],"picked":"Escape Plan","floor":7},{"not_picked":["Slice","Sucker Punch"],"picked":"Blade Dance","floor":11},{"not_picked":["Caltrops","Predator"],"picked":"Catalyst","floor":12},{"not_picked":["Expertise","Prepared"],"picked":"Dodge and Roll","floor":14},{"not_picked":["Wraith Form v2","A Thousand Cuts"],"picked":"Bullet Time","floor":16},{"not_picked":["Deflect","Skewer"],"picked":"Leg Sweep","floor":18},{"not_picked":["Catalyst","Escape Plan"],"picked":"Dagger Spray","floor":20},{"not_picked":["Adrenaline","Backflip"],"picked":"Catalyst+1","floor":21},{"not_picked":["Acrobatics","Sucker Punch+1"],"picked":"Leg Sweep","floor":21},{"not_picked":["Tactician","Cloak And Dagger"],"picked":"Corpse Explosion","floor":21}],"player_experience":3069002,"relics_obtained":[{"floor":6,"key":"Kunai"},{"floor":8,"key":"Matryoshka"},{"floor":9,"key":"CeramicFish"},{"floor":9,"key":"Bottled Flame"},{"floor":12,"key":"Akabeko"}],"event_choices":[{"cards_removed":["Strike_G"],"damage_healed":0,"gold_gain":0,"player_choice":"Offered Basic","damage_taken":0,"max_hp_gain":0,"max_hp_loss":0,"event_name":"Bonfire Elementals","floor":2,"gold_loss":0},{"damage_healed":0,"gold_gain":0,"player_choice":"Entered Light","damage_taken":20,"max_hp_gain":0,"max_hp_loss":0,"event_name":"Shining Light","floor":5,"gold_loss":0,"cards_upgraded":["Defend_G","Defend_G"]},{"damage_healed":0,"gold_gain":30,"player_choice":"Searched \u00272\u0027 times","damage_taken":0,"max_hp_gain":0,"max_hp_loss":0,"event_name":"Dead Adventurer","floor":13,"gold_loss":0},{"damage_healed":0,"gold_gain":0,"player_choice":"Obtained Relic","damage_taken":0,"relics_obtained":["Blue Candle"],"max_hp_gain":0,"max_hp_loss":0,"event_name":"Addict","floor":19,"gold_loss":85},{"damage_healed":0,"gold_gain":0,"player_choice":"Copied","damage_taken":0,"max_hp_gain":0,"max_hp_loss":0,"event_name":"Duplicator","floor":22,"gold_loss":0,"cards_obtained":["Catalyst"]}],"is_beta":false,"boss_relics":[{"not_picked":["Black Star","Runic Dome"],"picked":"Empty Cage"}],"items_purged_floors":[],"is_endless":false,"potions_floor_spawned":[4,6,11,16],"killed_by":"Slavers","ascension_level":20}}