{"host":"1hv1kueuvc4r3rdp","time":1610841119,"event":{"mods":["AchievementEnabler","BaseMod","DeckTracker","Highlight Path","Minty Spire (QoL Compilation)","Permanent Neow","StSLib"],"gold_per_floor":[114,114,132,150,169,169,188,35,62,92,92,92,92,122,122,220,220,233,243,256,274,291,291,291],"floor_reached":23,"language":"ENG","playtime":1302,"items_purged":[],"score":318,"play_id":"ac5228e6-c5c1-4a40-b8f0-f2a551d2c5c2","local_time":"20210116175159","is_ascension_mode":true,"campfire_choices":[{"data":"A Thousand Cuts","floor":6,"key":"SMITH"},{"floor":12,"key":"REST"},{"floor":15,"key":"REST"}],"circlet_count":0,"master_deck":["AscendersBane","Strike_G","Strike_G","Strike_G","Strike_G","Strike_G","Defend_G+1","Defend_G","Defend_G","Defend_G","Defend_G","Survivor","Neutralize","Quick Slash","A Thousand Cuts+1","Cloak And Dagger+1","Dagger Spray","Footwork","Malaise","CurseOfTheBell","Sucker Punch","Backstab+1","Dash","Blur+1","After Image"],"relics":["Black Star","War Paint","Centennial Puzzle","Pen Nib","Nunchaku","Bronze Scales","Tiny Chest","Juzu Bracelet","Calling Bell","Orichalcum","White Beast Statue","Du-Vu Doll"],"acts_visited":["Exordium","TheCity"],"potions_floor_usage":[10,19,20,21,22],"damage_taken":[{"damage":0,"enemies":"Small Slimes","floor":1,"turns":4},{"damage":0,"enemies":"2 Louse","floor":3,"turns":4},{"damage":2,"enemies":"Jaw Worm","floor":4,"turns":5},{"damage":18,"enemies":"Large Slime","floor":5,"turns":11},{"damage":9,"enemies":"Red Slaver","floor":7,"turns":4},{"damage":15,"enemies":"Gremlin Nob","floor":10,"turns":4},{"damage":30,"enemies":"3 Sentries","floor":14,"turns":5},{"damage":29,"enemies":"Slime Boss","floor":16,"turns":9},{"damage":14,"enemies":"Shell Parasite","floor":18,"turns":8},{"damage":10,"enemies":"2 Thieves","floor":19,"turns":3},{"damage":17,"enemies":"Snecko","floor":20,"turns":5},{"damage":5,"enemies":"Snake Plant","floor":21,"turns":4},{"damage":0,"enemies":"Centurion and Healer","floor":22,"turns":7},{"damage":30,"enemies":"Gremlin Leader","floor":23,"turns":3}],"seed_played":"-3013313341602853426","potions_obtained":[{"floor":5,"key":"Energy Potion"},{"floor":7,"key":"SteroidPotion"},{"floor":16,"key":"EssenceOfSteel"},{"floor":19,"key":"Dexterity Potion"},{"floor":20,"key":"Block Potion"},{"floor":21,"key":"Regen Potion"},{"floor":22,"key":"SteroidPotion"}],"is_trial":false,"path_per_floor":["M","?","M","M","M","R","M","$","T","E","?","R","T","E","R","B",null,"M","M","M","M","M","E"],"character_chosen":"THE_SILENT","items_purchased":["War Paint"],"campfire_rested":2,"item_purchase_floors":[8],"current_hp_per_floor":[63,63,63,61,43,43,34,34,34,19,19,40,40,10,31,2,53,39,29,12,7,22,0,0],"gold":291,"neow_bonus":"BOSS_RELIC","is_daily":false,"chose_seed":false,"campfire_upgraded":1,"win_rate":0.0,"timestamp":1610841119,"path_taken":["M","?","M","M","M","R","M","$","T","E","?","R","?","E","R","BOSS","M","M","M","M","M","E"],"items_purchased_type":["Relic"],"build_version":"2020-12-22","purchased_purges":0,"victory":false,"max_hp_per_floor":[70,70,70,70,70,70,70,70,70,70,70,70,70,70,70,70,70,70,70,70,70,70,70,70],"card_choices":[{"not_picked":["Deflect","Choke"],"picked":"Quick Slash","floor":1},{"not_picked":["Heel Hook","Concentrate","Finisher"],"picked":"SKIP","floor":3},{"not_picked":["Deflect","Calculated Gamble","Prepared"],"picked":"SKIP","floor":4},{"not_picked":["Backflip","Flying Knee"],"picked":"A Thousand Cuts","floor":5},{"not_picked":["Prepared","Expertise"],"picked":"Cloak And Dagger","floor":7},{"not_picked":["Flying Knee","Outmaneuver"],"picked":"Dagger Spray","floor":10},{"not_picked":["Finisher","Backflip"],"picked":"Footwork","floor":14},{"not_picked":["Glass Knife","Burst"],"picked":"Malaise","floor":16},{"not_picked":["Finisher","All Out Attack"],"picked":"Sucker Punch","floor":18},{"not_picked":["Dagger Spray+1","Accuracy"],"picked":"Backstab+1","floor":19},{"not_picked":["Footwork","Deadly Poison"],"picked":"Dash","floor":20},{"not_picked":["Acrobatics","Underhanded Strike"],"picked":"Blur+1","floor":21},{"not_picked":["Endless Agony","Deadly Poison"],"picked":"After Image","floor":22}],"player_experience":1143198,"relics_obtained":[{"floor":9,"key":"Centennial Puzzle"},{"floor":10,"key":"Pen Nib"},{"floor":10,"key":"Nunchaku"},{"floor":13,"key":"Bronze Scales"},{"floor":14,"key":"Tiny Chest"},{"floor":14,"key":"Juzu Bracelet"},{"floor":17,"key":"Orichalcum"},{"floor":17,"key":"White Beast Statue"},{"floor":17,"key":"Du-Vu Doll"}],"event_choices":[{"damage_healed":0,"gold_gain":0,"player_choice":"Ignored","damage_taken":0,"max_hp_gain":0,"max_hp_loss":0,"event_name":"Golden Wing","floor":2,"gold_loss":0},{"damage_healed":0,"gold_gain":0,"player_choice":"Ignored","damage_taken":0,"max_hp_gain":0,"max_hp_loss":0,"event_name":"Golden Idol","floor":11,"gold_loss":0}],"is_beta":false,"boss_relics":[{"not_picked":["HoveringKite","Cursed Key"],"picked":"Calling Bell"}],"items_purged_floors":[],"is_endless":false,"potions_floor_spawned":[5,7,16,18,19,20,21,22],"killed_by":"Gremlin Leader","ascension_level":11}}