{"host":"t7mx8yfj1no5p62f","time":1610781283,"event":{"mods":["BaseMod","Bestiary","Colored Map","Colored Powertips","Minty Spire (QoL Compilation)","Relic Stats","StSLib","ojb\u0027s Info Mod"],"gold_per_floor":[13,13,30,47,62,62,91,91,91,110,135,154,154,168,168,240,240,255,255,530,548,564,564,70,70,70,89,89,31,31,65,65,142,142,152,167,167,178,195,228,228,259,283,283,283,59,106,106,106,106,106],"floor_reached":50,"language":"ENG","playtime":2192,"items_purged":["Regret"],"score":1295,"play_id":"5fa1289b-d8c0-432e-8488-2978c3e0e473","local_time":"20210116021443","is_ascension_mode":true,"campfire_choices":[{"data":"Dagger Spray","floor":6.0,"key":"SMITH"},{"data":"All Out Attack","floor":8.0,"key":"SMITH"},{"floor":15.0,"key":"REST"},{"data":"Bouncing Flask","floor":23.0,"key":"SMITH"},{"data":"Blade Dance","floor":25.0,"key":"SMITH"},{"data":"Noxious Fumes","floor":28.0,"key":"SMITH"},{"data":"Well Laid Plans","floor":32.0,"key":"SMITH"},{"data":"Catalyst","floor":41,"key":"SMITH"},{"data":"Blur","floor":44,"key":"SMITH"},{"floor":49,"key":"RECALL"}],"circlet_count":0,"master_deck":["AscendersBane","Strike_G","Defend_G","Defend_G","Defend_G","Defend_G","Defend_G","Survivor","Neutralize","Underhanded Strike","Sucker Punch+1","Dagger Spray+1","All Out Attack+1","Acrobatics","Masterful Stab","Well Laid Plans+1","Die Die Die+1","Backflip","Malaise","Acrobatics","Dash","Flying Knee","Blade Dance+1","Bouncing Flask+1","Concentrate","Noxious Fumes+1","Blade Dance","Terror+1","Adrenaline","Blur+1","Crippling Poison+1","Dagger Spray","Catalyst+1","Backstab","PiercingWail","Blade Dance+1","Finesse"],"relics":["Ring of the Snake","Mango","Question Card","Sundial","Kunai","InkBottle","Coffee Dripper","Vajra","Toolbox","Calipers","Meat on the Bone","WristBlade","Bird Faced Urn","Orichalcum","OrangePellets","Whetstone"],"acts_visited":["Exordium","TheCity","TheBeyond"],"potions_floor_usage":[40],"damage_taken":[{"damage":0.0,"enemies":"2 Louse","floor":1.0,"turns":5.0},{"damage":6.0,"enemies":"Jaw Worm","floor":3.0,"turns":7.0},{"damage":0.0,"enemies":"Small Slimes","floor":4.0,"turns":2.0},{"damage":8.0,"enemies":"3 Louse","floor":5.0,"turns":4.0},{"damage":24.0,"enemies":"Gremlin Nob","floor":7.0,"turns":4.0},{"damage":0.0,"enemies":"Red Slaver","floor":10.0,"turns":3.0},{"damage":29.0,"enemies":"Lagavulin","floor":11.0,"turns":8.0},{"damage":0.0,"enemies":"Blue Slaver","floor":12.0,"turns":5.0},{"damage":0.0,"enemies":"Large Slime","floor":14.0,"turns":3.0},{"damage":22.0,"enemies":"Slime Boss","floor":16.0,"turns":12.0},{"damage":0.0,"enemies":"3 Byrds","floor":18.0,"turns":3.0},{"damage":1.0,"enemies":"2 Thieves","floor":21.0,"turns":4.0},{"damage":7.0,"enemies":"Centurion and Healer","floor":22.0,"turns":7.0},{"damage":15.0,"enemies":"Chosen and Byrds","floor":27.0,"turns":5.0},{"damage":0.0,"enemies":"Gremlin Leader","floor":31.0,"turns":5.0},{"damage":23.0,"enemies":"Automaton","floor":33.0,"turns":9.0},{"damage":0.0,"enemies":"Orb Walker","floor":35.0,"turns":2.0},{"damage":2.0,"enemies":"3 Darklings","floor":36.0,"turns":3.0},{"damage":0.0,"enemies":"Writhing Mass","floor":38.0,"turns":6.0},{"damage":5,"enemies":"Jaw Worm Horde","floor":39,"turns":3},{"damage":0,"enemies":"Reptomancer","floor":40,"turns":4},{"damage":0,"enemies":"Nemesis","floor":42,"turns":5},{"damage":62,"enemies":"Giant Head","floor":47,"turns":7},{"damage":24,"enemies":"Time Eater","floor":50,"turns":7}],"seed_played":"-5931693468964337146","potions_obtained":[{"floor":1.0,"key":"BlessingOfTheForge"},{"floor":12.0,"key":"Dexterity Potion"},{"floor":16.0,"key":"Weak Potion"},{"floor":18.0,"key":"FearPotion"},{"floor":36.0,"key":"CunningPotion"},{"floor":40,"key":"LiquidBronze"}],"is_trial":false,"path_per_floor":["M","?","M","M","M","R","E","R","T","M","E","M","T","M","R","B",null,"M","?","?","M","M","R","$","R","T","M","R","$","?","E","R","B",null,"M","M","?","M","M","E","R","E","T","R","?","$","E","?","R","B"],"character_chosen":"THE_SILENT","items_purchased":["Vajra","Toolbox","Concentrate","PowerPotion","Blade Dance","OrangePellets","PiercingWail"],"campfire_rested":1,"item_purchase_floors":[24,24,24,24,29,46,46],"current_hp_per_floor":[73,73,67,67,59,59,35,35,35,35,6,6,6,6,30,8,62,62,62,62,61,54,54,54,54,54,39,39,39,39,39,39,28,67,67,65,65,65,60,60,60,66,66,66,66,66,18,18,18,0,0],"gold":106,"neow_bonus":"ONE_RARE_RELIC","is_daily":false,"chose_seed":false,"campfire_upgraded":8,"win_rate":0.0,"timestamp":1610781283,"path_taken":["M","?","M","M","M","R","E","R","T","M","E","M","?","M","R","BOSS","M","?","?","M","?","R","$","R","T","M","R","$","?","E","R","BOSS","M","M","?","?","M","E","R","E","T","R","?","$","E","?","R","BOSS"],"items_purchased_type":["Relic","Relic","Card","Potion","Card","Relic","Card"],"build_version":"2020-12-22","purchased_purges":1,"victory":false,"max_hp_per_floor":[80,80,80,80,80,80,80,80,80,80,80,80,80,80,80,80,80,80,80,80,80,80,80,80,80,80,80,80,80,80,80,80,80,80,80,80,80,80,80,80,80,80,80,80,80,80,80,80,80,80,80],"relic_stats":{"OrangePellets":[0],"counters":[24,123],"Sundial":[12],"Bird Faced Urn":[12],"Kunai":[59],"Whetstone":["Die Die Die","Sucker Punch"],"Orichalcum":[24],"Question Card":19,"obtain_stats":[{"Calipers":26,"Vajra":24,"Mango":0,"Whetstone":47,"Orichalcum":42,"Question Card":7,"OrangePellets":46,"WristBlade":34,"Sundial":9,"Bird Faced Urn":40,"Toolbox":24,"Coffee Dripper":17,"Kunai":11,"InkBottle":13,"Ring of the Snake":0,"Meat on the Bone":31},{"Calipers":13,"Vajra":13,"Mango":0,"Whetstone":23,"Orichalcum":22,"Question Card":5,"OrangePellets":22,"WristBlade":16,"Sundial":5,"Bird Faced Urn":21,"Toolbox":13,"Coffee Dripper":10,"Kunai":7,"InkBottle":8,"Ring of the Snake":0,"Meat on the Bone":15},{"Calipers":67,"Vajra":67,"Mango":0,"Whetstone":116,"Orichalcum":109,"Question Card":22,"OrangePellets":109,"WristBlade":86,"Sundial":22,"Bird Faced Urn":104,"Toolbox":67,"Coffee Dripper":53,"Kunai":33,"InkBottle":38,"Ring of the Snake":0,"Meat on the Bone":77}],"InkBottle":[43],"Ring of the Snake":[48],"Meat on the Bone":24},"card_choices":[{"not_picked":["Footwork","Choke"],"picked":"Underhanded Strike","floor":1.0},{"not_picked":["Poisoned Stab","Deadly Poison"],"picked":"Dagger Spray","floor":3.0},{"not_picked":["Choke","Outmaneuver"],"picked":"All Out Attack","floor":4.0},{"not_picked":["Acrobatics","Finisher","Setup"],"picked":"SKIP","floor":5.0},{"not_picked":["Finisher","Setup"],"picked":"Acrobatics","floor":5.0},{"not_picked":["Cloak And Dagger","Burst"],"picked":"Masterful Stab","floor":7.0},{"not_picked":["Expertise","All Out Attack","Deadly Poison"],"picked":"Well Laid Plans","floor":10.0},{"not_picked":["Prepared","Eviscerate","Tactician"],"picked":"Die Die Die","floor":11.0},{"not_picked":["PiercingWail","Bouncing Flask","Dodge and Roll","Poisoned Stab"],"picked":"SKIP","floor":12.0},{"not_picked":["Escape Plan","Deflect","Concentrate"],"picked":"Backflip","floor":14.0},{"not_picked":["Die Die Die","Unload","Grand Finale"],"picked":"Malaise","floor":16.0},{"not_picked":["Slice","Underhanded Strike","Deflect"],"picked":"Acrobatics","floor":18.0},{"not_picked":["Bane","Deflect","Concentrate"],"picked":"Blade Dance","floor":21.0},{"not_picked":["Underhanded Strike","Deflect","Cloak And Dagger"],"picked":"Bouncing Flask","floor":22.0},{"not_picked":["Deadly Poison","Choke","Calculated Gamble+1"],"picked":"Noxious Fumes","floor":27.0},{"not_picked":["Phantasmal Killer","Blade Dance+1","Dagger Spray"],"picked":"Terror+1","floor":31.0},{"not_picked":["Envenom","Glass Knife","Die Die Die"],"picked":"Adrenaline","floor":33.0},{"not_picked":["Eviscerate","Crippling Poison","Backflip"],"picked":"Blur","floor":35.0},{"not_picked":["Infinite Blades","Underhanded Strike","Outmaneuver"],"picked":"Crippling Poison+1","floor":36.0},{"not_picked":["Deflect","Sucker Punch","Prepared"],"picked":"Catalyst","floor":38.0},{"not_picked":["Cloak And Dagger","Slice","Backflip"],"picked":"Backstab","floor":39},{"not_picked":["Dagger Throw+1","Flechettes","Endless Agony"],"picked":"Tools of the Trade","floor":40},{"not_picked":["Dagger Throw+1","Storm of Steel","Envenom","Poisoned Stab"],"picked":"SKIP","floor":42},{"not_picked":["Distraction","Prepared+1","Backflip"],"picked":"Blade Dance+1","floor":47},{"not_picked":["Flash of Steel","Blind","Discovery"],"picked":"Finesse","floor":48}],"player_experience":1779024,"relics_obtained":[{"floor":7.0,"key":"Question Card"},{"floor":9.0,"key":"Sundial"},{"floor":11.0,"key":"Kunai"},{"floor":13.0,"key":"InkBottle"},{"floor":26.0,"key":"Calipers"},{"floor":31.0,"key":"Meat on the Bone"},{"floor":40,"key":"Bird Faced Urn"},{"floor":42,"key":"Orichalcum"},{"floor":47,"key":"Whetstone"}],"event_choices":[{"damage_healed":0.0,"max_hp_gain":0.0,"max_hp_loss":0.0,"gold_gain":0.0,"cards_transformed":["Strike_G"],"event_name":"Living Wall","player_choice":"Change","floor":2.0,"gold_loss":0.0,"damage_taken":0.0,"cards_obtained":["Sucker Punch"]},{"damage_healed":0.0,"max_hp_gain":0.0,"max_hp_loss":0.0,"gold_gain":0.0,"cards_transformed":["Strike_G","Strike_G"],"event_name":"Drug Dealer","player_choice":"Became Test Subject","floor":19.0,"gold_loss":0.0,"damage_taken":0.0,"cards_obtained":["Dash","Flying Knee"]},{"damage_healed":0.0,"max_hp_gain":0.0,"max_hp_loss":0.0,"gold_gain":275.0,"event_name":"Golden Shrine","player_choice":"Desecrate","floor":20.0,"gold_loss":0.0,"damage_taken":0.0,"cards_obtained":["Regret"]},{"damage_healed":0.0,"max_hp_gain":0.0,"max_hp_loss":0.0,"gold_gain":0.0,"event_name":"The Mausoleum","player_choice":"Ignored","floor":30.0,"gold_loss":0.0,"damage_taken":0.0},{"damage_healed":0.0,"max_hp_gain":0.0,"max_hp_loss":0.0,"gold_gain":0.0,"cards_transformed":["Strike_G"],"event_name":"Transmorgrifier","player_choice":"Transformed","floor":37.0,"gold_loss":0.0,"damage_taken":0.0,"cards_obtained":["Dagger Spray"]},{"cards_removed":["Tools of the Trade"],"damage_healed":0,"gold_gain":0,"player_choice":"Removed Power","damage_taken":0,"max_hp_gain":0,"max_hp_loss":0,"event_name":"Falling","floor":45,"gold_loss":0},{"damage_healed":0,"gold_gain":0,"player_choice":"Memory 1","damage_taken":0,"max_hp_gain":0,"max_hp_loss":0,"event_name":"SensoryStone","floor":48,"gold_loss":0}],"is_beta":false,"boss_relics":[{"not_picked":["Cursed Key","Astrolabe"],"picked":"Coffee Dripper"},{"not_picked":["Empty Cage","Busted Crown"],"picked":"WristBlade"}],"items_purged_floors":[24],"is_endless":false,"potions_floor_spawned":[1,12,16,18,27,31,36,40,42,47],"killed_by":"Time Eater","ascension_level":20}}