{"host":"foq4mrde4mssg7vt","time":1610819615,"event":{"mods":["AchievementEnabler","BaseMod","Colored Map","Colored Powertips","Highlight Path","Minty Spire (QoL Compilation)","Relic Stats","everything is the same but u backflip on backflip"],"gold_per_floor":[114,132,132,148,166,166,166,166,189,200,200,211,221,55,55,55,55],"floor_reached":16,"language":"ENG","playtime":528,"items_purged":[],"score":183,"play_id":"b00f8032-9ad8-4b8e-bbab-cb768df38ea5","local_time":"20210117015335","is_ascension_mode":true,"campfire_choices":[{"data":"True Grit","floor":6,"key":"SMITH"},{"data":"Bash","floor":8,"key":"SMITH"},{"data":"Armaments","floor":15,"key":"SMITH"}],"circlet_count":0,"master_deck":["AscendersBane","Strike_R","Strike_R","Strike_R","Strike_R","Defend_R","Defend_R","Defend_R","Defend_R","Bash+1","True Grit+1","Sever Soul+1","Sentinel","Cleave","Shrug It Off","Seeing Red","Armaments+1"],"relics":["Runic Pyramid","Smiling Mask","Membership Card"],"acts_visited":["Exordium"],"potions_floor_usage":[16],"damage_taken":[{"damage":12,"enemies":"Cultist","floor":1,"turns":4},{"damage":8,"enemies":"Small Slimes","floor":2,"turns":3},{"damage":1,"enemies":"2 Louse","floor":4,"turns":4},{"damage":14,"enemies":"Blue Slaver","floor":5,"turns":5},{"damage":8,"enemies":"Looter","floor":10,"turns":3},{"damage":1,"enemies":"Red Slaver","floor":12,"turns":2},{"damage":0,"enemies":"2 Fungi Beasts","floor":13,"turns":4},{"damage":25,"enemies":"Hexaghost","floor":16,"turns":14}],"seed_played":"4145641273750864717","potions_obtained":[{"floor":4,"key":"ElixirPotion"},{"floor":5,"key":"Energy Potion"}],"is_trial":false,"path_per_floor":["M","M","?","M","M","R","?","R","T","M","?","M","M","$","R","B"],"character_chosen":"IRONCLAD","items_purchased":["Membership Card"],"campfire_rested":0,"item_purchase_floors":[14],"current_hp_per_floor":[56,48,48,47,33,33,33,33,33,25,25,24,24,24,24,0,0],"gold":55,"neow_bonus":"BOSS_RELIC","is_daily":false,"chose_seed":false,"campfire_upgraded":3,"win_rate":0.0,"timestamp":1610819615,"path_taken":["M","M","?","?","M","R","?","R","T","M","?","M","M","$","R","BOSS"],"items_purchased_type":["Relic"],"build_version":"2020-12-22","purchased_purges":0,"victory":false,"max_hp_per_floor":[75,75,75,75,75,75,75,75,75,75,75,75,75,75,75,75,75],"relic_stats":{"counters":[8,39],"Smiling Mask":0,"obtain_stats":[{"Membership Card":14,"Smiling Mask":9,"Burning Blood":0,"Runic Pyramid":0},{"Membership Card":7,"Smiling Mask":4,"Burning Blood":0,"Runic Pyramid":0},{"Membership Card":25,"Smiling Mask":16,"Burning Blood":0,"Runic Pyramid":0}]},"card_choices":[{"not_picked":["Evolve","Havoc"],"picked":"True Grit","floor":1},{"not_picked":["Rage","Power Through"],"picked":"Sever Soul","floor":2},{"not_picked":["Sentinel","Clothesline","Clash"],"picked":"SKIP","floor":4},{"not_picked":["Clothesline","Clash"],"picked":"Sentinel","floor":4},{"not_picked":["Thunderclap","Anger"],"picked":"Cleave","floor":5},{"not_picked":["Clash","Heavy Blade"],"picked":"Shrug It Off","floor":10},{"not_picked":["True Grit","Headbutt"],"picked":"Seeing Red","floor":12},{"not_picked":["Shrug It Off","Clothesline"],"picked":"Armaments","floor":13}],"player_experience":483839,"relics_obtained":[{"floor":9,"key":"Smiling Mask"}],"event_choices":[{"cards_removed":["Strike_R"],"damage_healed":0,"gold_gain":0,"player_choice":"Purged","damage_taken":0,"max_hp_gain":0,"max_hp_loss":0,"event_name":"Purifier","floor":3,"gold_loss":0},{"damage_healed":0,"gold_gain":0,"player_choice":"Searched \u00270\u0027 times","damage_taken":0,"max_hp_gain":0,"max_hp_loss":0,"event_name":"Dead Adventurer","floor":7,"gold_loss":0},{"damage_healed":0,"gold_gain":0,"player_choice":"Grow","damage_taken":0,"max_hp_gain":0,"max_hp_loss":0,"event_name":"Living Wall","floor":11,"gold_loss":0,"cards_upgraded":["Sever Soul"]}],"is_beta":false,"boss_relics":[],"items_purged_floors":[],"is_endless":false,"potions_floor_spawned":[4,5,12,13],"killed_by":"Hexaghost","ascension_level":19}}