{"host":"5tnmlfm2arf82kze","time":1610781970,"event":{"mods":["Act Like it!","BaseMod","CapriCore","Colored Powertips","Gensokyo","Marisa（F雨　魔理沙）","Minty Spire (QoL Compilation)","Replay The Spire","RumiaBox-露米娅的神秘盒子","Shop Mod","Spicy Shops","StSLib","The Immortal","Waifu the Spire","【功能Mod】聪明的最终Boss"],"gold_per_floor":[218,298,308,54,70,70,104,421,445,445,471,471,490,522,522,625,625,641,659,659,671,671,671,671,699,711,723,834,865,888,10,22,137,149,175,406,418,446,473,513,525,567,579,591,621,633,660,700,712,724,736,748,28,60,60],"floor_reached":56,"language":"ZHS","playtime":7482,"items_purged":[],"score":1411,"play_id":"ac092d78-44c5-45ba-9f1d-3c33f941457b","local_time":"20210116152610","is_ascension_mode":true,"campfire_choices":[{"data":"MokouMod:AdaptivePyromancy","floor":6.0,"key":"SMITH"},{"floor":10.0,"key":"REST"},{"data":"MokouMod:ResonanceReactor","floor":12.0,"key":"SMITH"},{"data":"MokouMod:EnchantingBambooForest","floor":15.0,"key":"SMITH"},{"data":"MokouMod:Meltdown","floor":23.0,"key":"SMITH"},{"floor":32.0,"key":"REST"},{"floor":44.0,"key":"RECALL"},{"floor":46.0,"key":"REST"},{"data":"MokouMod:Defend","floor":49.0,"key":"PURGE"},{"data":"Gensokyo:MenInBlack","floor":52,"key":"SMITH"}],"circlet_count":0,"master_deck":["MokouMod:Strike","MokouMod:Strike","MokouMod:Defend","MokouMod:Defend","MokouMod:Defend","MokouMod:HeatSpark","MokouMod:BurningDraft","MokouMod:IndiscriminateIgnition","MokouMod:AdaptivePyromancy+1","MokouMod:Singe","MokouMod:ResonanceReactor+1","MokouMod:PhoenixFeathers","MokouMod:IndiscriminateIgnition","MokouMod:EnchantingBambooForest+1","MokouMod:PhoenixForm+1","MokouMod:Meltdown+1","MokouMod:ScorchedEarth+1","MokouMod:IgnitionBarrier","MokouMod:Afterburner+1","MokouMod:SearingBlow+6","MokouMod:HeartofFire","MokouMod:ScorchedEarth","MokouMod:IllusoryBattlefield","Gensokyo:MenInBlack+1","Gensokyo:EightFeetTall","MokouMod:Rebirth","AbeCurse","MokouMod:Meltdown","MokouMod:Rebirth","MokouMod:Sear+1","MokouMod:Wildfire","MokouMod:ProfanedFlare","MokouMod:ProfanedFlare","MokouMod:Afterburner+1","MokouMod:Overheat+1","MokouMod:BlazingComet+1","MokouMod:GuidingSmoke","MokouMod:SearingShot","MokouMod:IllusoryBattlefield","MokouMod:ThermalPressure","MokouMod:ThermalPressure","MokouMod:ImperishableFlame+1"],"relics":["MokouMod:PhoenixFeather","Replay:Baseball","Letter Opener","Bag of Preparation","Orichalcum","Incense Burner","Iron Hammer","ChaoDraw","Honey Jar","Counterbalance","MawBank","Pen Nib","Gensokyo:ConquerorOfFear","ReplayTheSpireMod:TigerMarble","Strange Spoon","Guide Book","Abe\u0027s Treasure","Ancient Tea Set","Turnip","Meat on the Bone","Juzu Bracelet","MagicDraw4","Membership Card","GodSword4","Snack Pack","FossilizedHelix","Bag of Marbles"],"acts_visited":["Gensokyo:Gensokyo","Gensokyo:Gensokyoer","Gensokyo:Gensokyoest","TheEnding"],"potions_floor_usage":[50,50,50,55,55,55],"damage_taken":[{"damage":5.0,"enemies":"Gensokyo:2_Kodama","floor":1.0,"turns":3.0},{"damage":6.0,"enemies":"Gensokyo:Gryphon","floor":3.0,"turns":4.0},{"damage":10.0,"enemies":"Gensokyo:Python","floor":5.0,"turns":5.0},{"damage":42.0,"enemies":"Gensokyo:Cirno","floor":7.0,"turns":9.0},{"damage":14.0,"enemies":"Gensokyo:VengefulSpirit","floor":8.0,"turns":5.0},{"damage":13.0,"enemies":"Gensokyo:Mamizou","floor":11.0,"turns":9.0},{"damage":14.0,"enemies":"Gensokyo:Gryphon_and_Rabbit","floor":13.0,"turns":4.0},{"damage":5.0,"enemies":"Gensokyo:Aya","floor":14.0,"turns":5.0},{"damage":34.0,"enemies":"Gensokyo:Reimu","floor":16.0,"turns":11.0},{"damage":0.0,"enemies":"Gensokyo:CosmicMonolith","floor":18.0,"turns":3.0},{"damage":0.0,"enemies":"Gensokyo:2_Gloops","floor":19.0,"turns":4.0},{"damage":15.0,"enemies":"Gensokyo:Slime_Group","floor":21.0,"turns":4.0},{"damage":18.0,"enemies":"Gensokyo:Koishi","floor":25.0,"turns":4.0},{"damage":28.0,"enemies":"Gensokyo:Chomper_and_Gloop","floor":29.0,"turns":5.0},{"damage":1.0,"enemies":"Gensokyo:Swordslinger","floor":30.0,"turns":2.0},{"damage":58.0,"enemies":"Gensokyo:Eiki","floor":33.0,"turns":8.0},{"damage":3.0,"enemies":"Gensokyo:3_Boulders","floor":35.0,"turns":6.0},{"damage":16.0,"enemies":"Gensokyo:3_Bats","floor":36.0,"turns":8.0},{"damage":10.0,"enemies":"Gensokyo:Dusk_and_Dawn","floor":38.0,"turns":5.0},{"damage":0.0,"enemies":"Gensokyo:SeedOfUnknown","floor":39.0,"turns":4.0},{"damage":11.0,"enemies":"Gensokyo:Marisa","floor":40.0,"turns":5.0},{"damage":9.0,"enemies":"Gensokyo:Doremy","floor":42.0,"turns":5.0},{"damage":11.0,"enemies":"Gensokyo:3_Boulders","floor":45.0,"turns":6.0},{"damage":15.0,"enemies":"Gensokyo:Sharpion","floor":47.0,"turns":5.0},{"damage":30.0,"enemies":"Gensokyo:Kasen","floor":48.0,"turns":4.0},{"damage":35,"enemies":"Gensokyo:Scarlet_Devils","floor":50,"turns":10},{"damage":20,"enemies":"Shield and Spear","floor":54,"turns":4},{"damage":42,"enemies":"The Heart","floor":55,"turns":9}],"seed_played":"-5794416551390930615","potions_obtained":[{"floor":3.0,"key":"EntropicBrew"},{"floor":5.0,"key":"Weak Potion"},{"floor":11.0,"key":"EssenceOfSteel"},{"floor":14.0,"key":"Reflective Coating"},{"floor":16.0,"key":"DuplicationPotion"},{"floor":21.0,"key":"Adrenaline Potion"},{"floor":25.0,"key":"LiquidMemories"},{"floor":33.0,"key":"Dexterity Potion"},{"floor":35.0,"key":"Explosive Potion"},{"floor":38.0,"key":"LifebloodPotion"},{"floor":39.0,"key":"Block Potion"},{"floor":47.0,"key":"Block Potion"}],"is_trial":false,"path_per_floor":["M","?","M","COS","M","R","E","M","T","R","E","R","M","E","R","B",null,"M","M","?","M","?","R","$","E","T","?","?","M","M","COS","R","B",null,"M","M","?","M","M","E","?","E","T","R","M","R","M","E","R","B",null,"R","$","E","B",null],"character_chosen":"MKU","items_purchased":["Membership Card","GodSword4","Snack Pack","PowerPotion","PowerPotion","LiquidBronze","Block Potion","FossilizedHelix","MokouMod:SearingShot","MokouMod:IllusoryBattlefield","MokouMod:ThermalPressure"],"campfire_rested":3,"item_purchase_floors":[53,53,53,53,53,53,53,53,53,53,53],"current_hp_per_floor":[70,70,64,64,54,54,12,7,7,29,16,16,72,67,67,33,75,75,75,69,54,54,54,54,36,36,36,19,17,16,16,36,17,69,66,50,50,44,44,33,33,36,36,36,37,57,42,24,24,29,69,69,69,53,29],"gold":60,"neow_bonus":"HUNDRED_GOLD","is_daily":false,"chose_seed":false,"campfire_upgraded":5,"win_rate":0.0,"timestamp":1610781970,"path_taken":["M","?","?","COS","M","R","E","M","T","R","E","R","M","E","R","BOSS","M","M","?","M","?","R","$","E","T","?","?","M","M","COS","R","BOSS","M","M","?","M","M","E","?","E","T","R","M","R","M","E","R","BOSS","R","$","E","BOSS"],"items_purchased_type":["Relic","Relic","Relic","Potion","Potion","Potion","Potion","Relic","Card","Card","Card"],"build_version":"2020-12-22","purchased_purges":0,"victory":true,"max_hp_per_floor":[75,75,75,75,75,75,75,75,75,75,75,75,75,75,75,75,75,75,75,69,69,69,69,69,69,69,69,69,69,69,69,69,69,69,69,69,69,69,69,69,69,69,69,69,69,69,69,69,69,69,69,69,69,69,69],"card_choices":[{"not_picked":["MokouMod:FlickeringFlame","MokouMod:FlareStarter"],"picked":"MokouMod:BurningDraft","floor":1.0},{"not_picked":["MokouMod:InfernalWave","MokouMod:HeatTransfer"],"picked":"MokouMod:IndiscriminateIgnition","floor":3.0},{"not_picked":["MokouMod:Firecracker","MokouMod:RoaringFlare"],"picked":"MokouMod:AdaptivePyromancy","floor":5.0},{"not_picked":["MokouMod:CrimsonArmoury","MokouMod:BurningDraft"],"picked":"MokouMod:Singe","floor":7.0},{"not_picked":["MokouMod:SearingBlow","MokouMod:InfernalWave"],"picked":"MokouMod:ResonanceReactor","floor":8.0},{"not_picked":["MokouMod:RoaringFlare","MokouMod:Cataclysm"],"picked":"MokouMod:PhoenixFeathers","floor":11.0},{"not_picked":["MokouMod:SearingShot","MokouMod:HeatFactory"],"picked":"MokouMod:IndiscriminateIgnition","floor":13.0},{"not_picked":["MokouMod:ImperishableFlame","MokouMod:ScorchingColumn"],"picked":"MokouMod:EnchantingBambooForest","floor":14.0},{"not_picked":["MokouMod:ResonatingAura","MokouMod:HouraiForge"],"picked":"MokouMod:PhoenixForm","floor":16.0},{"not_picked":["MokouMod:RoaringFlare","MokouMod:Sear+1","MokouMod:Scorch"],"picked":"MokouMod:Meltdown","floor":18.0},{"not_picked":["MokouMod:Firecracker","MokouMod:HeatCyclone","MokouMod:AdaptivePyromancy"],"picked":"MokouMod:ScorchedEarth+1","floor":19.0},{"not_picked":["MokouMod:ControlledCombustion","MokouMod:EternalBurstReactor","MokouMod:SearingShot"],"picked":"MokouMod:IgnitionBarrier","floor":21.0},{"not_picked":["MokouMod:ScorchingColumn","MokouMod:IgnitionBarrier","MokouMod:Singe+1"],"picked":"MokouMod:Afterburner+1","floor":25.0},{"not_picked":["MokouMod:HeatCyclone+1","MokouMod:CrimsonFlare","MokouMod:SearingShot"],"picked":"MokouMod:SearingBlow","floor":28.0},{"not_picked":["MokouMod:Firecracker","MokouMod:Burn","MokouMod:Overheat"],"picked":"MokouMod:HeartofFire","floor":28.0},{"not_picked":["MokouMod:Sear","MokouMod:Fireball","MokouMod:FlareStarter"],"picked":"MokouMod:ScorchedEarth","floor":29.0},{"not_picked":["MokouMod:ImperishableFlame","MokouMod:UncontrollableSolarReaction","MokouMod:BurningDraft"],"picked":"MokouMod:IllusoryBattlefield","floor":30.0},{"not_picked":["MokouMod:SearingBlow","MokouMod:ExplosiveFlame","MokouMod:Geothermal"],"picked":"MokouMod:Rebirth","floor":33.0},{"not_picked":["MokouMod:HeatFactory","MokouMod:AdaptivePyromancy+1","MokouMod:ImperishableFlame+1"],"picked":"MokouMod:Meltdown","floor":35.0},{"not_picked":["MokouMod:Extinguish","MokouMod:PhoenixForm","MokouMod:EnchantingBambooForest"],"picked":"MokouMod:Rebirth","floor":35.0},{"not_picked":["MokouMod:FlickeringFlame","MokouMod:ThermalPressure","MokouMod:AdaptivePyromancy"],"picked":"MokouMod:Sear+1","floor":36.0},{"not_picked":["MokouMod:TemporalFireSeal","MokouMod:Combust+1","MokouMod:ResoluteFlare+1"],"picked":"MokouMod:Wildfire","floor":38.0},{"not_picked":["MokouMod:Trailblazer","MokouMod:Fireball","MokouMod:IgnitionBlast"],"picked":"MokouMod:ProfanedFlare","floor":39.0},{"not_picked":["MokouMod:EternalBurstReactor","MokouMod:GuidingSmoke+1","MokouMod:RoaringFlare+1"],"picked":"MokouMod:ProfanedFlare","floor":40.0},{"not_picked":["MokouMod:Ember+1","MokouMod:HeatCyclone","MokouMod:FlareStarter"],"picked":"MokouMod:Afterburner+1","floor":42.0},{"not_picked":["MokouMod:Firecracker","MokouMod:ImperishableFlame","MokouMod:RoaringFlare+1"],"picked":"MokouMod:Overheat+1","floor":45.0},{"not_picked":["MokouMod:IllusoryBattlefield","MokouMod:FlareStarter","MokouMod:PhoenixFeathers+1"],"picked":"MokouMod:BlazingComet+1","floor":47.0},{"not_picked":["MokouMod:Extinguish","MokouMod:PhoenixForm","MokouMod:SubterraneanCore+1"],"picked":"MokouMod:GuidingSmoke","floor":48.0},{"not_picked":["MokouMod:Sear+1","MokouMod:Burn+1","MokouMod:PhoenixFeathers+1"],"picked":"MokouMod:ImperishableFlame+1","floor":54}],"player_experience":147598,"relics_obtained":[{"floor":7.0,"key":"Letter Opener"},{"floor":9.0,"key":"Orichalcum"},{"floor":11.0,"key":"Iron Hammer"},{"floor":14.0,"key":"ChaoDraw"},{"floor":25.0,"key":"MawBank"},{"floor":26.0,"key":"Pen Nib"},{"floor":28.0,"key":"ReplayTheSpireMod:TigerMarble"},{"floor":29.0,"key":"Gensokyo:ConquerorOfFear"},{"floor":40.0,"key":"Meat on the Bone"},{"floor":42.0,"key":"Juzu Bracelet"},{"floor":48.0,"key":"MagicDraw4"},{"floor":54,"key":"Bag of Marbles"}],"event_choices":[],"is_beta":false,"boss_relics":[{"not_picked":["Tiny House","Runic Pyramid"],"picked":"Honey Jar"},{"not_picked":["Coffee Dripper","Replay:Ancient Bell"],"picked":"Abe\u0027s Treasure"}],"items_purged_floors":[],"is_endless":false,"potions_floor_spawned":[3,5,11,14,16,21,25,33,35,38,39,42,47],"ascension_level":2}}