{"host":"7sni158j623xchr2","time":1610819899,"event":{"mods":["BaseMod","Colored Map","Highlight Path","Minty Spire (QoL Compilation)","Permanent Neow","Potion Indicator Mod","Rare Cards Sparkle","Relic Sorter","Relic Stats","StSLib","everything is the same but u backflip on backflip"],"gold_per_floor":[114,132,188,188,188,188,13,13,13,48,48,76,76,92,92,188,188,203,203,188,108,108,133,133,166,189,189,50,64,97,108,108,206,206,218,218,37,37,51,51,83,100,154,118,150,169,9,23,23,23,23,23,23,58,58],"floor_reached":56,"language":"ENG","playtime":1636,"items_purged":["Defend_G","Strike_G","Strike_G"],"score":1449,"play_id":"a7813431-b7e3-4865-8980-1ba5e5c89a04","local_time":"20210116115819","is_ascension_mode":true,"campfire_choices":[{"data":"Backstab","floor":6,"key":"SMITH"},{"data":"Neutralize","floor":8,"key":"SMITH"},{"data":"After Image","floor":13,"key":"SMITH"},{"data":"Blur","floor":15,"key":"SMITH"},{"data":"Dagger Spray","floor":24,"key":"SMITH"},{"data":"Cloak And Dagger","floor":27,"key":"SMITH"},{"floor":32,"key":"DIG"},{"data":"Wraith Form v2","floor":40,"key":"SMITH"},{"floor":49,"key":"RECALL"},{"floor":52,"key":"DIG"}],"circlet_count":0,"master_deck":["Strike_G","Defend_G+1","Defend_G","Defend_G","Defend_G","Survivor","Neutralize+1","Deadly Poison+1","Backstab+1","After Image+1","Blur+1","Bullet Time","Dagger Spray+1","Endless Agony","Skewer","Dagger Spray+1","Bane+1","Cloak And Dagger+1","Master of Strategy","Wraith Form v2+1","Storm of Steel+1","PiercingWail+1","Leg Sweep+1","Terror+1","Backflip+1","Deadly Poison+1","Phantasmal Killer+1","Dodge and Roll+1"],"relics":["Ring of the Snake","NeowsBlessing","The Courier","PreservedInsect","Tingsha","Pear","Oddly Smooth Stone","Bag of Preparation","SlaversCollar","Enchiridion","Shovel","Blood Vial","Lantern","Snake Skull","Toxic Egg 2","Runic Pyramid","MealTicket","Pen Nib","TwistedFunnel","Mummified Hand","White Beast Statue"],"acts_visited":["Exordium","TheCity","TheBeyond","TheEnding"],"potions_floor_usage":[20,23,35,55,55,55,55,55,55],"damage_taken":[{"damage":0,"enemies":"2 Louse","floor":1,"turns":1},{"damage":0,"enemies":"Jaw Worm","floor":2,"turns":1},{"damage":0,"enemies":"3 Sentries","floor":10,"turns":1},{"damage":8,"enemies":"Lagavulin","floor":12,"turns":5},{"damage":0,"enemies":"Small Slimes","floor":14,"turns":2},{"damage":1,"enemies":"Hexaghost","floor":16,"turns":10},{"damage":0,"enemies":"Shell Parasite","floor":18,"turns":5},{"damage":3,"enemies":"2 Thieves","floor":20,"turns":4},{"damage":0,"enemies":"Gremlin Leader","floor":23,"turns":5},{"damage":0,"enemies":"Book of Stabbing","floor":25,"turns":4},{"damage":0,"enemies":"Shelled Parasite and Fungi","floor":29,"turns":4},{"damage":0,"enemies":"Slavers","floor":30,"turns":2},{"damage":0,"enemies":"Snecko","floor":31,"turns":3},{"damage":32,"enemies":"Automaton","floor":33,"turns":10},{"damage":8,"enemies":"3 Darklings","floor":35,"turns":5},{"damage":0,"enemies":"Orb Walker","floor":39,"turns":3},{"damage":0,"enemies":"Giant Head","floor":41,"turns":8},{"damage":0,"enemies":"Jaw Worm Horde","floor":42,"turns":3},{"damage":0,"enemies":"Reptomancer","floor":45,"turns":4},{"damage":1,"enemies":"4 Shapes","floor":46,"turns":3},{"damage":0,"enemies":"Maw","floor":48,"turns":7},{"damage":18,"enemies":"Donu and Deca","floor":50,"turns":10},{"damage":1,"enemies":"Shield and Spear","floor":54,"turns":4},{"damage":37,"enemies":"The Heart","floor":55,"turns":9}],"seed_played":"7837340361188175714","potions_obtained":[{"floor":10,"key":"LiquidBronze"},{"floor":12,"key":"BlessingOfTheForge"},{"floor":18,"key":"SpeedPotion"},{"floor":20,"key":"CunningPotion"},{"floor":25,"key":"Poison Potion"},{"floor":35,"key":"GamblersBrew"}],"is_trial":false,"path_per_floor":["M","M","?","?","T","R","$","R","T","E","?","E","R","M","R","B",null,"M","?","M","$","?","E","R","E","T","R","$","M","E","M","R","B",null,"M","?","$","?","M","R","E","M","T","$","E","M","$","M","R","B",null,"R","$","E","B",null],"character_chosen":"THE_SILENT","items_purchased":["PreservedInsect","Master of Strategy","EntropicBrew","Backflip+1","TwistedFunnel","Deadly Poison+1"],"campfire_rested":0,"item_purchase_floors":[7,28,37,44,47,47],"current_hp_per_floor":[70,70,70,56,56,56,56,56,56,66,59,51,51,51,51,50,80,80,80,77,77,61,61,61,61,61,61,61,63,65,67,67,37,80,72,72,72,72,74,74,76,78,78,80,80,79,80,80,80,62,80,80,80,79,43],"gold":58,"neow_bonus":"THREE_ENEMY_KILL","is_daily":false,"chose_seed":false,"campfire_upgraded":7,"win_rate":0.0,"timestamp":1610819899,"path_taken":["M","M","?","?","?","R","$","R","T","E","?","E","R","M","R","BOSS","M","?","M","$","?","E","R","E","T","R","?","M","E","?","R","BOSS","M","?","$","?","M","R","E","M","T","?","E","?","$","M","R","BOSS","R","$","E","BOSS"],"items_purchased_type":["Relic","Card","Potion","Card","Relic","Card"],"build_version":"2020-12-22","purchased_purges":3,"victory":true,"max_hp_per_floor":[70,70,70,70,70,70,70,70,70,80,80,80,80,80,80,80,80,80,80,80,80,80,80,80,80,80,80,80,80,80,80,80,80,80,80,80,80,80,80,80,80,80,80,80,80,80,80,80,80,80,80,80,80,80,80],"relic_stats":{"Blood Vial":15,"Shovel":2,"counters":[24,113],"Mummified Hand":[12],"Tingsha":[268],"MealTicket":3,"PreservedInsect":404,"Snake Skull":[70],"Pen Nib":[9],"Bag of Preparation":[37],"obtain_stats":[{"TwistedFunnel":47,"Lantern":26,"Pear":10,"NeowsBlessing":0,"Oddly Smooth Stone":11,"Enchiridion":22,"Tingsha":9,"The Courier":5,"PreservedInsect":7,"Snake Skull":30,"Pen Nib":45,"Bag of Preparation":12,"White Beast Statue":54,"Blood Vial":25,"SlaversCollar":17,"Shovel":23,"Mummified Hand":52,"MealTicket":41,"Toxic Egg 2":32,"Ring of the Snake":0,"Runic Pyramid":34},{"TwistedFunnel":20,"Lantern":10,"Pear":3,"NeowsBlessing":0,"Oddly Smooth Stone":3,"Enchiridion":8,"Tingsha":2,"The Courier":2,"PreservedInsect":2,"Snake Skull":12,"Pen Nib":19,"Bag of Preparation":4,"White Beast Statue":23,"Blood Vial":10,"SlaversCollar":6,"Shovel":9,"Mummified Hand":22,"MealTicket":17,"Toxic Egg 2":13,"Ring of the Snake":0,"Runic Pyramid":14},{"TwistedFunnel":83,"Lantern":38,"Pear":3,"NeowsBlessing":0,"Oddly Smooth Stone":3,"Enchiridion":29,"Tingsha":2,"The Courier":2,"PreservedInsect":2,"Snake Skull":44,"Pen Nib":80,"Bag of Preparation":8,"White Beast Statue":104,"Blood Vial":38,"SlaversCollar":20,"Shovel":34,"Mummified Hand":100,"MealTicket":73,"Toxic Egg 2":47,"Ring of the Snake":0,"Runic Pyramid":57}],"Ring of the Snake":[49]},"card_choices":[{"not_picked":["Prepared","Acrobatics"],"picked":"Deadly Poison","floor":1},{"not_picked":["A Thousand Cuts","Dodge and Roll"],"picked":"Backstab","floor":2},{"not_picked":["Finisher","Flechettes","Slice"],"picked":"SKIP","floor":10},{"not_picked":["Bane","Cloak And Dagger"],"picked":"After Image","floor":12},{"not_picked":["Slice","Deadly Poison"],"picked":"Blur","floor":14},{"not_picked":["Unload","Envenom"],"picked":"Bullet Time","floor":16},{"not_picked":["Dagger Throw+1","Backflip"],"picked":"Dagger Spray","floor":18},{"not_picked":["PiercingWail","Underhanded Strike"],"picked":"Dagger Spray+1","floor":20},{"not_picked":["Dagger Throw","Deadly Poison"],"picked":"Bane+1","floor":23},{"not_picked":["Escape Plan","Setup"],"picked":"Cloak And Dagger","floor":25},{"not_picked":["Dagger Spray","Quick Slash"],"picked":"Wraith Form v2","floor":29},{"not_picked":["Outmaneuver+1","Skewer","Dagger Spray+1"],"picked":"SKIP","floor":30},{"not_picked":["Dagger Spray","Dagger Throw","Tactician+1"],"picked":"SKIP","floor":31},{"not_picked":["Die Die Die","Bullet Time+1"],"picked":"Storm of Steel+1","floor":33},{"not_picked":["Expertise+1","Cloak And Dagger+1"],"picked":"PiercingWail+1","floor":35},{"not_picked":["Dodge and Roll+1","Underhanded Strike"],"picked":"Leg Sweep+1","floor":39},{"not_picked":["A Thousand Cuts","Acrobatics+1"],"picked":"Terror+1","floor":41},{"not_picked":["Outmaneuver+1","Underhanded Strike+1","Prepared+1"],"picked":"SKIP","floor":42},{"not_picked":["Distraction+1","Outmaneuver+1","Slice+1"],"picked":"SKIP","floor":45},{"not_picked":["Terror+1","Underhanded Strike","Blade Dance+1"],"picked":"SKIP","floor":46},{"not_picked":["Bane+1","Blur+1"],"picked":"Phantasmal Killer+1","floor":48},{"not_picked":["Predator+1","Flying Knee+1"],"picked":"Dodge and Roll+1","floor":54}],"player_experience":1632225,"relics_obtained":[{"floor":5,"key":"The Courier"},{"floor":9,"key":"Tingsha"},{"floor":10,"key":"Pear"},{"floor":12,"key":"Bag of Preparation"},{"floor":22,"key":"Enchiridion"},{"floor":23,"key":"Shovel"},{"floor":25,"key":"Blood Vial"},{"floor":26,"key":"Lantern"},{"floor":30,"key":"Snake Skull"},{"floor":32,"key":"Toxic Egg 2"},{"floor":41,"key":"MealTicket"},{"floor":45,"key":"Pen Nib"},{"floor":52,"key":"Mummified Hand"},{"floor":54,"key":"White Beast Statue"}],"event_choices":[{"damage_healed":0,"gold_gain":56,"player_choice":"Gained Gold","damage_taken":0,"max_hp_gain":0,"max_hp_loss":0,"event_name":"Golden Wing","floor":3,"gold_loss":0},{"damage_healed":0,"gold_gain":0,"player_choice":"Entered Light","damage_taken":14,"max_hp_gain":0,"max_hp_loss":0,"event_name":"Shining Light","floor":4,"gold_loss":0,"cards_upgraded":["Deadly Poison","Defend_G"]},{"damage_healed":0,"gold_gain":0,"player_choice":"Success","damage_taken":7,"relics_obtained":["Oddly Smooth Stone"],"max_hp_gain":0,"max_hp_loss":0,"event_name":"Scrap Ooze","floor":11,"gold_loss":0},{"damage_healed":0,"gold_gain":0,"cards_transformed":["Strike_G","Strike_G"],"player_choice":"Became Test Subject","damage_taken":0,"max_hp_gain":0,"max_hp_loss":0,"event_name":"Drug Dealer","floor":19,"gold_loss":0,"cards_obtained":["Endless Agony","Skewer"]},{"damage_healed":0,"gold_gain":0,"player_choice":"Obtained Book","damage_taken":16,"max_hp_gain":0,"max_hp_loss":0,"event_name":"Cursed Tome","floor":22,"gold_loss":0},{"damage_healed":0,"gold_gain":0,"player_choice":"Ignored","damage_taken":0,"max_hp_gain":0,"max_hp_loss":0,"event_name":"Tomb of Lord Red Mask","floor":36,"gold_loss":0},{"damage_healed":0,"gold_gain":0,"player_choice":"Ignored","damage_taken":0,"max_hp_gain":0,"max_hp_loss":0,"event_name":"Mysterious Sphere","floor":38,"gold_loss":0}],"is_beta":false,"boss_relics":[{"not_picked":["Ectoplasm","Philosopher\u0027s Stone"],"picked":"SlaversCollar"},{"not_picked":["HoveringKite","Black Star"],"picked":"Runic Pyramid"}],"items_purged_floors":[7,21,37],"is_endless":false,"potions_floor_spawned":[10,12,18,20,25,31,35,39,46],"ascension_level":1}}