{"host":"6fxx26xucuaqj5b6","time":1610766301,"event":{"mods":["Act Like it!","BaseMod","Block Reminder","Hallownest","Lobotomy","Minty Spire (QoL Compilation)","Permanent Neow","Quick Restart","StSLib","The Bug Knight"],"gold_per_floor":[119,28,28,28,47,78,101,101,101,137,160,160,13,0,0,130,130,149,0,0,0,0,34,34,72,147,165,165,165],"floor_reached":28,"language":"ENG","playtime":2737,"items_purged":[],"score":301,"play_id":"e0729f50-7b46-4339-b318-f8b5b91afc2b","local_time":"20210116030501","is_ascension_mode":true,"campfire_choices":[{"data":"HollowMod:FocusHealStart","floor":8.0,"key":"SMITH"},{"floor":12.0,"key":"REST"},{"floor":15.0,"key":"REST"},{"floor":24.0,"key":"REST"}],"circlet_count":0,"master_deck":["HollowMod:NailStrikeStart","HollowMod:NailStrikeStart","HollowMod:NailStrikeStart","HollowMod:NailStrikeStart","HollowMod:QuickDashStart","HollowMod:QuickDashStart","HollowMod:QuickDashStart","HollowMod:QuickDashStart+1","HollowMod:FocusHealStart+1","HollowMod:PogoStrike","HollowMod:LuriensSpire","Panacea","Regret","HollowMod:CloakDash","HollowMod:MonomonsArchive+1","HollowMod:DashSlash","HollowMod:Hiveblood","HollowMod:DungDefenderAura","HollowMod:NewJinnsSoul","HollowMod:ChannelNail","HollowMod:MantisMark","HollowMod:SoulStrike","HollowMod:Hiveblood","HollowMod:NewLittleFool","HollowMod:AwokenDreamNail","HollowMod:MantisMark+1","HollowMod:MonomonsArchive","HollowMod:MonarchWings","HollowMod:SoulShaman"],"relics":["HollowMod:KingsSoulRelic","NeowsBlessing","Golden Idol","Dead Branch","Pantograph","HollowMod:MantisClawRelic","War Paint","Orrery","Membership Card","HollowMod:LifeEnderRelic","Dream Catcher","Letter Opener"],"acts_visited":["Exordium","TheCity"],"potions_floor_usage":[25,25,28],"damage_taken":[{"damage":0.0,"enemies":"Cultist","floor":1.0,"turns":1.0},{"damage":0.0,"enemies":"2 Louse","floor":5.0,"turns":1.0},{"damage":0.0,"enemies":"HollowMod:MossKnight","floor":6.0,"turns":1.0},{"damage":17.0,"enemies":"Small Slimes","floor":7.0,"turns":4.0},{"damage":31.0,"enemies":"Gremlin Nob","floor":10.0,"turns":5.0},{"damage":24.0,"enemies":"Blue Slaver","floor":11.0,"turns":4.0},{"damage":12.0,"enemies":"Looter","floor":14.0,"turns":4.0},{"damage":95.0,"enemies":"HollowMod:FalseKnight","floor":16.0,"turns":13.0},{"damage":67.0,"enemies":"Shell Parasite","floor":18.0,"turns":11.0},{"damage":40.0,"enemies":"Slavers","floor":23.0,"turns":6.0},{"damage":50,"enemies":"Gremlin Leader","floor":25,"turns":8},{"damage":67,"enemies":"Chosen","floor":27,"turns":7},{"damage":31,"enemies":"3 Cultists","floor":28,"turns":5}],"seed_played":"7391842879073420059","potions_obtained":[{"floor":5.0,"key":"Block Potion"},{"floor":6.0,"key":"CultistPotion"},{"floor":11.0,"key":"ColorlessPotion"},{"floor":27,"key":"Weak Potion"}],"is_trial":false,"path_per_floor":["M","$","?","?","M","E","M","R","T","E","M","R","$","M","R","B",null,"M","$","?","?","$","E","R","E","T","M","M"],"character_chosen":"THE_BUGKNIGHT","items_purchased":["Panacea","Orrery","Membership Card"],"campfire_rested":3,"item_purchase_floors":[2,13,19],"current_hp_per_floor":[75,75,57,57,57,57,40,40,40,15,6,28,28,34,56,26,75,62,62,62,62,62,22,44,34,34,17,0,0],"gold":165,"neow_bonus":"THREE_ENEMY_KILL","is_daily":false,"chose_seed":false,"campfire_upgraded":1,"win_rate":0.0,"timestamp":1610766301,"path_taken":["M","?","?","?","M","E","M","R","T","E","M","R","?","?","R","BOSS","M","$","?","?","?","E","R","E","T","?","M"],"items_purchased_type":["Card","Relic","Relic"],"build_version":"2020-12-22","purchased_purges":0,"victory":false,"max_hp_per_floor":[75,75,75,75,75,75,75,75,75,75,75,75,75,75,75,75,75,75,75,75,75,75,75,75,75,75,75,75,75],"card_choices":[{"not_picked":["HollowMod:InfectedAttack","HollowMod:PerfectDash"],"picked":"HollowMod:LuriensSpire","floor":1.0},{"not_picked":["HollowMod:BaldurShell","HollowMod:DoubleDash"],"picked":"HollowMod:CloakDash","floor":5.0},{"not_picked":["HollowMod:WraithStrike","HollowMod:PureNailStrike"],"picked":"HollowMod:MonomonsArchive","floor":6.0},{"not_picked":["HollowMod:HeavyBlow","HollowMod:LifebloodCocoon"],"picked":"HollowMod:DashSlash","floor":7.0},{"not_picked":["HollowMod:AbyssShriek","HollowMod:CrystalDash"],"picked":"HollowMod:Hiveblood","floor":10.0},{"not_picked":["HollowMod:LifebloodCocoon","HollowMod:TaintedHusks"],"picked":"HollowMod:DungDefenderAura","floor":11.0},{"not_picked":["HollowMod:ChannelNail","HollowMod:DescendingDark"],"picked":"HollowMod:NewJinnsSoul","floor":13.0},{"not_picked":["HollowMod:VengefulVoid","HollowMod:GoodIntentions"],"picked":"HollowMod:ChannelNail","floor":13.0},{"not_picked":["HollowMod:HornetsHelp","HollowMod:SoulSplash"],"picked":"HollowMod:MantisMark","floor":13.0},{"not_picked":["HollowMod:LifebloodCocoon","HollowMod:PerfectDash"],"picked":"HollowMod:SoulStrike","floor":13.0},{"not_picked":["HollowMod:TaintedHusks","HollowMod:DashSlash"],"picked":"HollowMod:Hiveblood","floor":13.0},{"not_picked":["HollowMod:HowlingWraiths","HollowMod:GreatSlash"],"picked":"HollowMod:NewLittleFool","floor":14.0},{"not_picked":["HollowMod:Weaversong","HollowMod:LordofShades"],"picked":"HollowMod:AwokenDreamNail","floor":16.0},{"not_picked":["HollowMod:DesolateDive","HollowMod:CrystalDash"],"picked":"HollowMod:MantisMark+1","floor":18.0},{"not_picked":["HollowMod:LifebloodCocoon","HollowMod:ShapeofUnn"],"picked":"HollowMod:MonomonsArchive","floor":23.0},{"not_picked":["HollowMod:SharpenedShadows+1","HollowMod:ShapeofUnn"],"picked":"HollowMod:MonarchWings","floor":25},{"not_picked":["HollowMod:SiblingsSouls","HollowMod:MawleksShell"],"picked":"HollowMod:SoulShaman","floor":27}],"player_experience":464256,"relics_obtained":[{"floor":6.0,"key":"Pantograph"},{"floor":9.0,"key":"HollowMod:MantisClawRelic"},{"floor":10.0,"key":"War Paint"},{"floor":23.0,"key":"HollowMod:LifeEnderRelic"},{"floor":25,"key":"Dream Catcher"},{"floor":26,"key":"Letter Opener"}],"event_choices":[{"damage_healed":0.0,"max_hp_gain":0.0,"max_hp_loss":0.0,"gold_gain":0.0,"event_name":"Golden Idol","player_choice":"Take Damage","floor":3.0,"gold_loss":0.0,"damage_taken":18.0,"relics_obtained":["Golden Idol"]},{"damage_healed":0.0,"max_hp_gain":0.0,"max_hp_loss":0.0,"gold_gain":0.0,"event_name":"Big Fish","player_choice":"Box","floor":4.0,"gold_loss":0.0,"damage_taken":0.0,"relics_obtained":["Dead Branch"],"cards_obtained":["Regret"]},{"damage_healed":0.0,"max_hp_gain":0.0,"max_hp_loss":0.0,"gold_gain":0.0,"event_name":"Ghosts","player_choice":"Ignored","floor":21.0,"gold_loss":0.0,"damage_taken":0.0}],"is_beta":false,"boss_relics":[{"not_picked":["Pandora\u0027s Box","Empty Cage"],"picked":"HollowMod:KingsSoulRelic"}],"items_purged_floors":[],"is_endless":false,"potions_floor_spawned":[5,6,11,27],"killed_by":"3 Cultists","ascension_level":1}}