{"host":"1pwde2j81wdvsae3","time":1610807201,"event":{"mods":["BaseMod","Minty Spire (QoL Compilation)","Replay The Spire","Shop Mod","StSLib"],"gold_per_floor":[210,210,27,44,44,69,89,108,153,163,163,194,194,194,194,13,13,91,91,110,70,90,102,102,102],"floor_reached":24,"language":"ZHS","playtime":637,"items_purged":[],"score":350,"play_id":"8ee4a816-a31e-4a42-a35c-0229e8a34427","local_time":"20210116222641","is_ascension_mode":true,"campfire_choices":[{"floor":11,"key":"REST"},{"floor":17,"key":"REST"}],"circlet_count":0,"master_deck":["AscendersBane","Strike_R+1","Strike_R+1","Strike_R+1","Strike_R+1","Strike_R","Defend_R","Defend_R","Defend_R","Defend_R","Bash","Wild Strike+1","Fire Breathing","Rage","Whirlwind","Inflame","Dark Embrace+1","True Grit+1","Perfected Strike","Rage+1","Flex+1","Feed","Pommel Strike","Feel No Pain","Headbutt"],"relics":["Burning Blood","Toxic Egg 2","Bag of Marbles","Whetstone","Question Card","Smiling Mask","ReplayFunnel","Electric Blood"],"acts_visited":["TheCity"],"potions_floor_usage":[12,18,18],"damage_taken":[{"damage":1,"enemies":"Cultist","floor":1,"turns":3},{"damage":3,"enemies":"2 Louse","floor":4,"turns":2},{"damage":46,"enemies":"Replay:BlueRogue","floor":6,"turns":8},{"damage":0,"enemies":"Small Slimes","floor":7,"turns":4},{"damage":14,"enemies":"Gremlin Gang","floor":8,"turns":3},{"damage":4,"enemies":"2 Fungi Beasts","floor":10,"turns":3},{"damage":20,"enemies":"3 Sentries","floor":12,"turns":5},{"damage":26,"enemies":"Slime Boss","floor":18,"turns":7},{"damage":19,"enemies":"2 Thieves","floor":20,"turns":3},{"damage":5,"enemies":"Chosen","floor":22,"turns":4},{"damage":42,"enemies":"Sentry and Sphere","floor":23,"turns":5},{"damage":20,"enemies":"Snecko","floor":24,"turns":5}],"seed_played":"6300985925708122071","potions_obtained":[{"floor":6,"key":"SpeedPotion"},{"floor":7,"key":"SkillPotion"},{"floor":8,"key":"Energy Potion"},{"floor":12,"key":"Explosive Potion"}],"is_trial":false,"path_per_floor":["M","?","$","M","?","E","M","M","T","M","R","E","?","PTL","PTL","$","R","B",null,"M","?","M","M","M"],"character_chosen":"IRONCLAD","items_purchased":["Wild Strike","Fire Breathing","Rage","Flex+1","ReplayFunnel"],"campfire_rested":2,"item_purchase_floors":[3,3,3,16,16],"current_hp_per_floor":[73,58,58,61,61,21,27,19,19,21,43,29,22,22,22,22,44,24,62,52,52,53,20,0,0],"gold":102,"neow_bonus":"HUNDRED_GOLD","is_daily":false,"chose_seed":false,"campfire_upgraded":0,"win_rate":0.0,"timestamp":1610807201,"path_taken":["M","?","$","M","?","E","M","M","T","?","R","E","?","PTL","PTL","$","R","BOSS","M","?","M","?","M"],"items_purchased_type":["Card","Card","Card","Card","Relic"],"build_version":"2020-12-22","purchased_purges":0,"victory":false,"max_hp_per_floor":[75,75,75,75,75,75,75,75,75,75,75,75,75,75,75,75,75,75,75,78,78,78,81,81,81],"card_choices":[{"not_picked":["Warcry","Thunderclap"],"picked":"ReplayTheSpireMod:LeadingStrike","floor":1},{"not_picked":["Iron Wave","ReplayTheSpireMod:Strike From Hell"],"picked":"Whirlwind","floor":4},{"not_picked":["Sword Boomerang","Intimidate+1"],"picked":"Inflame","floor":6},{"not_picked":["Havoc+1","Shrug It Off+1"],"picked":"Dark Embrace","floor":7},{"not_picked":["Hemokinesis","Shockwave+1"],"picked":"True Grit+1","floor":8},{"not_picked":["Searing Blow","Ghostly Armor+1"],"picked":"Perfected Strike","floor":10},{"not_picked":["Brutality","Massacre"],"picked":"Rage+1","floor":12},{"not_picked":["Berserk","Demonic Infusion+1","Bludgeon"],"picked":"Feed","floor":18},{"not_picked":["True Grit+1","Armaments+1","Thunderclap"],"picked":"Pommel Strike","floor":20},{"not_picked":["Ghostly Armor+1","Clothesline","Abandon+1"],"picked":"Feel No Pain","floor":22},{"not_picked":["Flex+1","Replay:Undeath\u0027s Touch","Havoc+1"],"picked":"Headbutt","floor":23}],"player_experience":217209,"relics_obtained":[{"floor":6,"key":"Bag of Marbles"},{"floor":9,"key":"Whetstone"},{"floor":12,"key":"Question Card"}],"event_choices":[{"damage_healed":0,"gold_gain":0,"player_choice":"Entered Light","damage_taken":15,"max_hp_gain":0,"max_hp_loss":0,"event_name":"Shining Light","floor":2,"gold_loss":0,"cards_upgraded":["Strike_R","Strike_R"]},{"cards_removed":["ReplayTheSpireMod:LeadingStrike"],"damage_healed":0,"gold_gain":0,"player_choice":"Gave Card","damage_taken":0,"relics_obtained":["Toxic Egg 2"],"max_hp_gain":0,"max_hp_loss":0,"event_name":"WeMeetAgain","floor":5,"gold_loss":0},{"damage_healed":0,"gold_gain":0,"player_choice":"Success","damage_taken":7,"relics_obtained":["Smiling Mask"],"max_hp_gain":0,"max_hp_loss":0,"event_name":"Scrap Ooze","floor":13,"gold_loss":0},{"damage_healed":0,"gold_gain":0,"player_choice":"Upgraded Two","damage_taken":0,"max_hp_gain":0,"max_hp_loss":0,"event_name":"Designer","floor":21,"gold_loss":40,"cards_upgraded":["Dark Embrace","Strike_R"]}],"is_beta":false,"boss_relics":[{"not_picked":["Coffee Dripper","Velvet Choker"],"picked":"Electric Blood"}],"items_purged_floors":[],"is_endless":false,"potions_floor_spawned":[6,7,8,10,12],"killed_by":"Snecko","ascension_level":14}}