{"host":"7w5rsz9p0drt1vco","time":1610840917,"event":{"mods":["Aspiration","BaseMod","Colored Powertips","Conspire","Hubris","Infinite Spire","Jedi Mod","Minty Spire (QoL Compilation)","Replay The Spire","StSLib","The Construct","The Cursed","The Jungle","The Mystic","The Runesmith","The Spell Scribe"],"gold_per_floor":[113,125,125,138,157,157,157,171,195,212,224,64,75,87,87,187,187,199,210,228,228,228,228,228,228,228],"floor_reached":25,"language":"ENG","playtime":1255,"items_purged":[],"score":199,"play_id":"26c3096c-6dce-4ba4-89f7-18a848a76ef4","local_time":"20210116204837","is_ascension_mode":false,"campfire_choices":[{"floor":6,"key":"REST"},{"floor":15,"key":"REST"},{"floor":23,"key":"REST"}],"circlet_count":0,"master_deck":["Strike_B","Strike_B","Strike_B","Defend_B","Defend_B","Defend_B","Defend_B","Zap","Dualcast","Melter","Lockon","Barrage","jedi:BurstFrost","Ball Lightning","jedi:BurstLightning","ReplayTheSpireMod:Calculation Training","Redo","Storm","jedi:markofdeath","Reboot","Crystallizer","Redo+1","Creative AI","infinitespire:NeuralNetwork"],"relics":["Cracked Core","Potion Belt","GremlinMask","conspire:TopHat","Painkiller Herb"],"acts_visited":["Exordium","TheCity"],"potions_floor_usage":[14,14,16,19],"damage_taken":[{"damage":8,"enemies":"2 Louse","floor":1,"turns":2},{"damage":1,"enemies":"Cultist","floor":2,"turns":3},{"damage":12,"enemies":"Small Slimes","floor":4,"turns":3},{"damage":11,"enemies":"Red Slaver","floor":5,"turns":3},{"damage":13,"enemies":"Large Slime","floor":8,"turns":6},{"damage":7,"enemies":"Blue Slaver","floor":10,"turns":3},{"damage":13,"enemies":"2 Fungi Beasts","floor":11,"turns":3},{"damage":17,"enemies":"Exordium Thugs","floor":13,"turns":4},{"damage":6,"enemies":"Large Slime","floor":14,"turns":4},{"damage":23,"enemies":"Hexaghost","floor":16,"turns":9},{"damage":0,"enemies":"Spheric Guardian","floor":18,"turns":2},{"damage":43,"enemies":"3 Byrds","floor":19,"turns":4},{"damage":25,"enemies":"Snecko","floor":20,"turns":5},{"damage":39,"enemies":"3 Cultists","floor":25,"turns":4}],"seed_played":"5819339154096476575","potions_obtained":[{"floor":4,"key":"LiquidMemories"},{"floor":5,"key":"Strength Potion"},{"floor":8,"key":"Energy Potion"},{"floor":10,"key":"Languid Potion"},{"floor":18,"key":"Flashbang"},{"floor":19,"key":"GamblersBrew"}],"is_trial":false,"path_per_floor":["M","M","?","M","M","R","?","M","T","M","M","$","M","M","R","B",null,"?","?","?","?","?","T","AVR","?"],"character_chosen":"DEFECT","items_purchased":["ReplayTheSpireMod:Calculation Training","Redo","Storm"],"campfire_rested":3,"item_purchase_floors":[12,12,12],"current_hp_per_floor":[67,66,66,54,43,65,65,52,52,45,32,32,15,9,31,8,75,75,32,7,7,7,29,29,0,0],"gold":228,"neow_bonus":"RANDOM_COMMON_RELIC","is_daily":false,"chose_seed":false,"campfire_upgraded":0,"win_rate":0.0,"timestamp":1610840917,"path_taken":["M","M","?","M","?","R","?","M","T","?","M","$","M","M","R","BOSS","?","?","?","?","?","T","AVR","?"],"items_purchased_type":["Card","Card","Card"],"build_version":"2020-12-22","purchased_purges":0,"victory":false,"max_hp_per_floor":[75,75,75,75,75,75,75,75,75,75,75,75,75,75,75,75,75,75,75,75,75,75,75,75,75,75],"card_choices":[{"not_picked":["Turbo","Cold Snap"],"picked":"Melter","floor":1},{"not_picked":["Chill","Rebound"],"picked":"Lockon","floor":2},{"not_picked":["Crystallizer","Doom and Gloom"],"picked":"Barrage","floor":4},{"not_picked":["All For One","Rebound"],"picked":"jedi:BurstFrost","floor":5},{"not_picked":["Sweeping Beam","Gash"],"picked":"Ball Lightning","floor":8},{"not_picked":["Panic Button","Glacier"],"picked":"jedi:BurstLightning","floor":10},{"not_picked":["Blizzard","Chaos","Steam"],"picked":"SKIP","floor":11},{"not_picked":["Go for the Eyes","jedi:BurstFrost","hubris:Prefetch"],"picked":"SKIP","floor":13},{"not_picked":["Streamline","Scrape"],"picked":"jedi:markofdeath","floor":14},{"not_picked":["ReplayTheSpireMod:Omega Cannon","hubris:Prefetch"],"picked":"Reboot","floor":16},{"not_picked":["Leap","Force Field"],"picked":"Crystallizer","floor":18},{"not_picked":["Hologram","Steam"],"picked":"Redo+1","floor":19},{"not_picked":["Tempest+1","jedi:BurstFrost"],"picked":"Creative AI","floor":20}],"player_experience":145498,"relics_obtained":[{"floor":9,"key":"conspire:TopHat"}],"event_choices":[{"cards_removed":["Strike_B"],"damage_healed":0,"gold_gain":0,"player_choice":"Purged","damage_taken":0,"max_hp_gain":0,"max_hp_loss":0,"event_name":"Purifier","floor":3,"gold_loss":0},{"damage_healed":0,"gold_gain":0,"player_choice":"Trade","damage_taken":0,"relics_obtained":["GremlinMask"],"max_hp_gain":0,"max_hp_loss":0,"event_name":"FaceTrader","floor":7,"gold_loss":0}],"is_beta":false,"boss_relics":[{"not_picked":["Ectoplasm","Runesmith:UraniumAnvil"],"picked":"Painkiller Herb"}],"items_purged_floors":[],"is_endless":false,"potions_floor_spawned":[4,5,8,10,18,19],"killed_by":"3 Cultists","ascension_level":0}}