{"host":"0ricjaa7rfq9v76t","time":1610804773,"event":{"mods":["AchievementEnabler","Aspiration","BaseMod","Better Vampires","Colored Powertips","Highlight Path","Hubris","Infinite Spire","Minty Spire (QoL Compilation)","Quick Restart","Rare Cards Sparkle","Relic Sorter","Replay The Spire","StSLib","SuperFastMode","Synergy Search","The Cursed","The Disciple","The Jungle","The Runesmith"],"gold_per_floor":[115,115,61,72,89,89,123,139,139,139,157,188,205,234,234,338,338,358,369,369,386,6,6,6],"floor_reached":23,"language":"ENG","playtime":1469,"items_purged":[],"score":238,"play_id":"df436985-75a7-4006-82d4-72323db348e6","local_time":"20210116214613","is_ascension_mode":false,"campfire_choices":[{"data":"Enlightenment","floor":6,"key":"SMITH"},{"floor":15,"key":"REST"}],"circlet_count":0,"master_deck":["Strike_B","Strike_B","Strike_B","Strike_B","Defend_B","Defend_B","Defend_B","Defend_B","Dualcast","Enlightenment+1","Ball Lightning","Double Energy","Conserve Battery","ReplaySort","Streamline","Turbo","FIFO Queue+1","Storm","Genetic Algorithm","Gash"],"relics":["Cracked Core","aspiration:Nostalgia","Ring of the Snake","hubris:CrystalStatue","hubris:SphereOfDissonance","Iron Hammer","SlaversCollar","Nloth\u0027s Gift","Prayer Wheel"],"acts_visited":["Exordium","TheCity"],"potions_floor_usage":[7,11,12,14,16,21,23],"damage_taken":[{"damage":1,"enemies":"Cultist","floor":1,"turns":3},{"damage":0,"enemies":"2 Louse","floor":4,"turns":2},{"damage":0,"enemies":"Small Slimes","floor":5,"turns":2},{"damage":31,"enemies":"Lagavulin","floor":7,"turns":6},{"damage":0,"enemies":"2 Fungi Beasts","floor":8,"turns":2},{"damage":0,"enemies":"Exordium Thugs","floor":11,"turns":3},{"damage":8,"enemies":"3 Sentries","floor":12,"turns":6},{"damage":0,"enemies":"Looter","floor":13,"turns":3},{"damage":0,"enemies":"Lagavulin","floor":14,"turns":3},{"damage":27,"enemies":"The Guardian","floor":16,"turns":10},{"damage":5,"enemies":"3 Byrds","floor":18,"turns":5},{"damage":2,"enemies":"2 Thieves","floor":19,"turns":3},{"damage":34,"enemies":"Shelled Parasite and Fungi","floor":21,"turns":10},{"damage":35,"enemies":"Replay:Snechameleon","floor":23,"turns":6}],"seed_played":"-6021557574057006460","potions_obtained":[{"floor":1,"key":"Weak Potion"},{"floor":8,"key":"Fire Potion"},{"floor":11,"key":"PowerPotion"},{"floor":13,"key":"BlessingOfTheForge"},{"floor":14,"key":"Explosive Potion"},{"floor":16,"key":"Swift Potion"},{"floor":21,"key":"FocusPotion"}],"is_trial":false,"path_per_floor":["M","?","$","M","M","R","E","M","T","?","M","E","M","E","R","B",null,"M","M","?","M","$","E"],"character_chosen":"DEFECT","items_purchased":["Ball Lightning","Prayer Wheel","Genetic Algorithm","Gash"],"campfire_rested":1,"item_purchase_floors":[3,22,22,22],"current_hp_per_floor":[74,74,74,74,74,74,43,43,43,43,43,35,35,35,57,30,75,70,68,68,34,34,0,0],"gold":6,"neow_bonus":"NOSTALGIA","is_daily":false,"chose_seed":false,"campfire_upgraded":1,"win_rate":0.0,"timestamp":1610804773,"path_taken":["M","?","?","M","M","R","E","M","T","?","M","E","?","E","R","BOSS","M","M","?","M","$","E"],"items_purchased_type":["Card","Relic","Card","Card"],"build_version":"2020-12-22","purchased_purges":0,"victory":false,"max_hp_per_floor":[75,75,75,75,75,75,75,75,75,75,75,75,75,75,75,75,75,75,75,75,75,75,75,75],"card_choices":[{"not_picked":["Redo","Aggregate","Melter"],"picked":"SKIP","floor":1},{"not_picked":["ReplaySort","Conserve Battery"],"picked":"Double Energy","floor":4},{"not_picked":["Beam Cell","Panic Button","Coolheaded"],"picked":"SKIP","floor":5},{"not_picked":["ReplayTheSpireMod:Calculation Training","Blizzard","Darkness"],"picked":"SKIP","floor":7},{"not_picked":["Ball Lightning","Double Energy"],"picked":"Conserve Battery","floor":8},{"not_picked":["Rip and Tear","Chaos","ReplayTheSpireMod:Reroute Power"],"picked":"SKIP","floor":11},{"not_picked":["ReplayTheSpireMod:Repulse","ReplayTheSpireMod:Calculation Training"],"picked":"ReplaySort","floor":12},{"not_picked":["Sweeping Beam","Skim"],"picked":"Streamline","floor":13},{"not_picked":["Double Energy","Rip and Tear","Reprogram"],"picked":"SKIP","floor":14},{"not_picked":["Conserve Battery+1","Beam Cell"],"picked":"Turbo","floor":18},{"not_picked":["Rebound","Cold Snap"],"picked":"FIFO Queue+1","floor":19},{"not_picked":["White Noise","Beam Cell"],"picked":"Storm","floor":21}],"player_experience":163552,"relics_obtained":[{"floor":7,"key":"aspiration:Lifesprig"},{"floor":9,"key":"hubris:CrystalStatue"},{"floor":12,"key":"hubris:SphereOfDissonance"},{"floor":14,"key":"Iron Hammer"}],"event_choices":[{"damage_healed":0,"gold_gain":0,"player_choice":"1 cards matched","damage_taken":0,"max_hp_gain":0,"max_hp_loss":0,"event_name":"Match and Keep!","floor":2,"gold_loss":0,"cards_obtained":["Enlightenment"]},{"cards_removed":["Zap"],"damage_healed":0,"gold_gain":0,"player_choice":"Offered Basic","damage_taken":0,"max_hp_gain":0,"max_hp_loss":0,"event_name":"Bonfire Elementals","floor":10,"gold_loss":0},{"damage_healed":0,"gold_gain":0,"player_choice":"Traded Relic","damage_taken":0,"relics_obtained":["Nloth\u0027s Gift"],"max_hp_gain":0,"max_hp_loss":0,"event_name":"N\u0027loth","floor":20,"relics_lost":["aspiration:Lifesprig"],"gold_loss":0}],"is_beta":false,"boss_relics":[{"not_picked":["hubris:CrackedHourglass","Velvet Choker"],"picked":"SlaversCollar"}],"items_purged_floors":[],"is_endless":false,"potions_floor_spawned":[1,8,11,13,14,16,21],"killed_by":"Replay:Snechameleon","ascension_level":0}}