{"host":"zke3fwiit0h580fo","time":1610790969,"event":{"mods":["AchievementEnabler","BaseMod","Colored Map","Colored Powertips","Hubris","Minty Spire (QoL Compilation)","Quick Restart","Relic Stats","Replay The Spire","StSLib","SuperFastMode"],"gold_per_floor":[115,290,290,309,309,309,309,309,309,309,2,2,16,49,49,151,151,171,183,198,198,211,211,231,251,251,285,343,343,358,377,377,482,482,495,495,495,75,75,75,93,93,93,93,141,141,171,171,171,171,171,213,213,213,9,69,105,105],"floor_reached":57,"language":"ENG","playtime":2451,"items_purged":["Strike_P","Strike_P","Sickly"],"score":700,"play_id":"2dee206a-c7b4-4bf8-b23a-15091acf476c","local_time":"20210116105609","is_ascension_mode":true,"campfire_choices":[{"data":"Eruption","floor":6,"key":"SMITH"},{"data":"Pray","floor":8,"key":"SMITH"},{"data":"EmptyFist","floor":10,"key":"SMITH"},{"data":"Defend_P","floor":15,"key":"PURGE"},{"floor":23,"key":"REST"},{"data":"Ragnarok","floor":32,"key":"SMITH"},{"data":"Tantrum","floor":32,"key":"SMITH"},{"floor":40,"key":"RECALL"},{"floor":46,"key":"REST"},{"floor":49,"key":"REST"},{"floor":51,"key":"REST"},{"floor":54,"key":"REST"}],"circlet_count":0,"master_deck":["Strike_P","Strike_P","Defend_P","Defend_P","Defend_P","Eruption+1","Vigilance","Worship","EmptyFist+1","Pray+1","Flash of Steel","Brilliance","Ragnarok+1","FlyingSleeves","Tantrum+1","WaveOfTheHand","Halt+1","Conclude","Vengeance+1","WreathOfFlame+1","Replay:Hum+1","Consecrate","Blasphemy","FlyingSleeves","Replay:BasicMightCard+1","Adaptation+1"],"relics":["PureWater","hubris:TenFootPole","Centennial Puzzle","Lantern","Replay:Mystery Machine","Frozen Egg 2","Ring of Chaos","CultistMask","Happy Flower","Replay:Arrowhead","Replay:Bottled Snecko","Fusion Hammer","Nunchaku","Ring of Peace","hubris:Towel","Replay:Bandana","Counterbalance","Melange","hubris:Metronome"],"acts_visited":["Exordium","TheCity","TheBeyond","TheEnding"],"potions_floor_usage":[16,19,20,22,27,31,33,52,56,57,57],"damage_taken":[{"damage":0,"enemies":"Jaw Worm","floor":1,"turns":4},{"damage":0,"enemies":"2 Louse","floor":4,"turns":2},{"damage":0,"enemies":"Small Slimes","floor":13,"turns":3},{"damage":3,"enemies":"Lagavulin","floor":14,"turns":5},{"damage":44,"enemies":"Fading Forest","floor":16,"turns":11},{"damage":2,"enemies":"2 Thieves","floor":18,"turns":4},{"damage":2,"enemies":"3 Byrds","floor":19,"turns":2},{"damage":0,"enemies":"Snecko","floor":20,"turns":3},{"damage":39,"enemies":"Centurion and Healer","floor":22,"turns":3},{"damage":1,"enemies":"Cultist and Chosen","floor":24,"turns":3},{"damage":0,"enemies":"Snake Plant","floor":25,"turns":2},{"damage":1,"enemies":"Book of Stabbing","floor":27,"turns":3},{"damage":0,"enemies":"Sentry and Sphere","floor":30,"turns":2},{"damage":15,"enemies":"Snecko","floor":31,"turns":3},{"damage":15,"enemies":"hubris:MusketHawk","floor":33,"turns":3},{"damage":23,"enemies":"3 Darklings","floor":35,"turns":2},{"damage":0,"enemies":"Orb Walker","floor":41,"turns":2},{"damage":26,"enemies":"4 Shapes","floor":47,"turns":4},{"damage":33,"enemies":"hubris:GrandSnecko","floor":52,"turns":8},{"damage":67,"enemies":"Shield and Spear","floor":56,"turns":5},{"damage":55,"enemies":"The Heart","floor":57,"turns":2}],"seed_played":"8961686178675165762","potions_obtained":[{"floor":1,"key":"ColorlessPotion"},{"floor":13,"key":"FearPotion"},{"floor":16,"key":"Adrenaline Potion"},{"floor":19,"key":"Reflective Coating"},{"floor":25,"key":"BottledMiracle"},{"floor":27,"key":"Weak Potion"},{"floor":30,"key":"Explosive Potion"},{"floor":33,"key":"BlessingOfTheForge"},{"floor":41,"key":"DuplicationPotion"}],"is_trial":false,"path_per_floor":["M","?","?","M","?","R","?","R","T","R","$","?","M","E","R_BF","B",null,"M","M","M","?","M","R","M","M","T","E","?","?","M","M","R","B",null,"M","?","T","$","?","R","M","PTL","PTL","?","T","R","M","$","R","?","R","B",null,"R","$","E","B"],"character_chosen":"WATCHER","items_purchased":["Lantern","Flash of Steel","Replay:BasicMightCard+1","Nunchaku","Adaptation+1","BottledMiracle","Counterbalance","Melange","PowerPotion"],"campfire_rested":5,"item_purchase_floors":[11,11,38,38,38,38,48,55,55],"current_hp_per_floor":[79,79,79,79,76,76,76,76,76,76,76,76,76,73,73,39,79,77,75,75,75,36,59,58,58,58,57,57,57,57,42,42,27,79,56,56,56,56,56,56,56,56,56,56,56,79,53,31,54,54,77,44,79,79,79,12,0,0],"gold":105,"neow_bonus":"TEN_PERCENT_HP_BONUS","is_daily":false,"chose_seed":false,"campfire_upgraded":5,"win_rate":0.0,"timestamp":1610790969,"path_taken":["M","?","?","M","?","R","?","R","T","R","$","?","M","E","R_BF","BOSS","M","?","M","?","?","R","M","M","T","E","?","?","?","M","R","BOSS","M","?","?","$","?","R","M","PTL","PTL","?","T","R","?","?","R","?","R","BOSS","R","$","E","BOSS"],"items_purchased_type":["Relic","Card","Card","Relic","Card","Potion","Relic","Relic","Potion"],"build_version":"2020-12-22","purchased_purges":3,"victory":false,"max_hp_per_floor":[79,79,79,79,79,79,79,79,79,79,79,79,79,79,79,79,79,79,79,79,79,79,79,79,79,79,79,79,79,79,79,79,79,79,79,79,79,79,79,79,79,79,79,79,79,79,79,79,79,79,79,79,79,79,79,79,79,79],"relic_stats":{"Centennial Puzzle":[42],"Nunchaku":[4],"Happy Flower":[11],"counters":[21,76],"Melange":[3],"obtain_stats":[{"Lantern":11,"hubris:Metronome":56,"Happy Flower":26,"Counterbalance":48,"Melange":55,"Ring of Chaos":17,"Replay:Mystery Machine":12,"Frozen Egg 2":14,"hubris:Towel":44,"Replay:Arrowhead":27,"Centennial Puzzle":9,"Nunchaku":38,"Replay:Bandana":45,"Ring of Peace":39,"CultistMask":21,"Fusion Hammer":34,"hubris:TenFootPole":5,"Replay:Bottled Snecko":28,"PureWater":0},{"Lantern":2,"hubris:Metronome":20,"Happy Flower":11,"Counterbalance":18,"Melange":19,"Ring of Chaos":5,"Replay:Mystery Machine":2,"Frozen Egg 2":4,"hubris:Towel":17,"Replay:Arrowhead":12,"Centennial Puzzle":2,"Nunchaku":16,"Replay:Bandana":17,"Ring of Peace":16,"CultistMask":8,"Fusion Hammer":15,"hubris:TenFootPole":2,"Replay:Bottled Snecko":12,"PureWater":0},{"Lantern":6,"hubris:Metronome":74,"Happy Flower":42,"Counterbalance":61,"Melange":69,"Ring of Chaos":25,"Replay:Mystery Machine":6,"Frozen Egg 2":14,"hubris:Towel":57,"Replay:Arrowhead":45,"Centennial Puzzle":6,"Nunchaku":55,"Replay:Bandana":57,"Ring of Peace":55,"CultistMask":34,"Fusion Hammer":53,"hubris:TenFootPole":6,"Replay:Bottled Snecko":45,"PureWater":0}]},"card_choices":[{"not_picked":["Meditate","Replay:ManipulateFuture"],"picked":"Worship","floor":1},{"not_picked":["Wallop","CrushJoints"],"picked":"EmptyFist","floor":4},{"not_picked":["PathToVictory","Replay:BluntJabs"],"picked":"Brilliance","floor":13},{"not_picked":["EmptyFist","EmptyBody","Replay:ManipulateFuture"],"picked":"SKIP","floor":14},{"not_picked":["MasterReality+1","Vault"],"picked":"Ragnarok","floor":16},{"not_picked":["SandsOfTime","Vengeance"],"picked":"FlyingSleeves","floor":18},{"not_picked":["Replay:DivineShield","InnerPeace"],"picked":"Tantrum","floor":19},{"not_picked":["Vengeance+1","Wallop"],"picked":"WaveOfTheHand","floor":20},{"not_picked":["EmptyMind","Replay:AtTheReady"],"picked":"Halt+1","floor":22},{"not_picked":["Collect","SandsOfTime","Worship"],"picked":"SKIP","floor":24},{"not_picked":["Crescendo+1","FlurryOfBlows"],"picked":"Conclude","floor":25},{"not_picked":["Judgement","Study+1"],"picked":"Vengeance+1","floor":27},{"not_picked":["Crescendo","Conclude"],"picked":"WreathOfFlame+1","floor":28},{"not_picked":["Swivel","CrushJoints"],"picked":"Replay:Hum+1","floor":28},{"not_picked":["FearNoEvil","Study+1","Wallop+1"],"picked":"SKIP","floor":30},{"not_picked":["ClearTheMind","Halt+1"],"picked":"Consecrate","floor":31},{"not_picked":["Replay:LoomingThreat+1","Brilliance"],"picked":"Blasphemy","floor":33},{"not_picked":["SashWhip+1","Indignation"],"picked":"FlyingSleeves","floor":35},{"not_picked":["SashWhip","BowlingBash","CrushJoints+1"],"picked":"SKIP","floor":41},{"not_picked":["WaveOfTheHand+1","EmptyBody","Consecrate+1"],"picked":"SKIP","floor":47},{"not_picked":["FlyingSleeves+1","WindmillStrike+1","CrushJoints"],"picked":"SKIP","floor":56}],"player_experience":47705,"relics_obtained":[{"floor":9,"key":"Centennial Puzzle"},{"floor":14,"key":"Frozen Egg 2"},{"floor":26,"key":"Happy Flower"},{"floor":27,"key":"Replay:Arrowhead"},{"floor":28,"key":"Replay:Bottled Snecko"},{"floor":39,"key":"Ring of Peace"},{"floor":45,"key":"Replay:Bandana"},{"floor":56,"key":"hubris:Metronome"}],"event_choices":[{"damage_healed":0,"gold_gain":175,"player_choice":"AGREE","damage_taken":0,"max_hp_gain":0,"max_hp_loss":0,"event_name":"Liars Game","floor":2,"gold_loss":0,"cards_obtained":["Doubt"]},{"cards_removed":["Doubt"],"damage_healed":0,"gold_gain":0,"player_choice":"Forget","damage_taken":0,"max_hp_gain":0,"max_hp_loss":0,"event_name":"Living Wall","floor":3,"gold_loss":0},{"damage_healed":0,"gold_gain":0,"player_choice":"Success","damage_taken":3,"relics_obtained":["hubris:TenFootPole"],"max_hp_gain":0,"max_hp_loss":0,"event_name":"Scrap Ooze","floor":5,"gold_loss":0},{"damage_healed":0,"gold_gain":0,"player_choice":"Gave Potion","damage_taken":0,"relics_obtained":["Replay:Mystery Machine"],"max_hp_gain":0,"max_hp_loss":0,"event_name":"WeMeetAgain","floor":12,"gold_loss":0},{"damage_healed":0,"gold_gain":0,"player_choice":"Trade","damage_taken":0,"relics_obtained":["CultistMask"],"max_hp_gain":0,"max_hp_loss":0,"event_name":"FaceTrader","floor":21,"gold_loss":0},{"damage_healed":0,"gold_gain":0,"player_choice":"Bought 0 Potions","damage_taken":0,"max_hp_gain":0,"max_hp_loss":0,"event_name":"The Woman in Blue","floor":29,"gold_loss":0},{"damage_healed":0,"gold_gain":0,"player_choice":"Ignored","damage_taken":0,"max_hp_gain":0,"max_hp_loss":0,"event_name":"Tomb of Lord Red Mask","floor":36,"gold_loss":0},{"damage_healed":0,"gold_gain":0,"player_choice":"Ignored","damage_taken":0,"max_hp_gain":0,"max_hp_loss":0,"event_name":"Mysterious Sphere","floor":50,"gold_loss":0}],"is_beta":false,"boss_relics":[{"not_picked":["Runic Dome","Coffee Dripper"],"picked":"Ring of Chaos"},{"not_picked":["Empty Cage","Pandora\u0027s Box"],"picked":"Fusion Hammer"}],"items_purged_floors":[11,38,48],"is_endless":false,"potions_floor_spawned":[1,13,16,19,25,27,30,33,41,47],"killed_by":"The Heart","ascension_level":1}}