{"host":"e2ju6k0wppswbhbd","time":1610806247,"event":{"mods":["BaseMod","Minty Spire (QoL Compilation)","Rare Cards Sparkle","StSLib"],"gold_per_floor":[114,131,142,157,171,200,200,165,218,246,264,264,37,37,37,136,136,149,167,186,111,126,126,152,162,162,174,190,217,231,249,249,346,346,362,362,379,399,449,449,526,572,572,582,582,582],"floor_reached":45,"language":"FRA","playtime":6114,"items_purged":["Strike_B"],"score":473,"play_id":"21651b7e-fce6-46f5-af0c-d71ed4bd880d","local_time":"20210116151047","is_ascension_mode":false,"campfire_choices":[{"floor":7.0,"key":"REST"},{"floor":12.0,"key":"RECALL"},{"data":"Tempest","floor":15.0,"key":"SMITH"},{"data":"Hologram","floor":23.0,"key":"SMITH"},{"floor":32.0,"key":"REST"},{"floor":40,"key":"REST"}],"circlet_count":0,"master_deck":["Strike_B","Defend_B","Defend_B","Zap","Dualcast","Coolheaded","Cold Snap","Core Surge","Ball Lightning","Tempest+1","Hologram+1","Conserve Battery","Leap","Electrodynamics","Beam Cell+1","Double Energy+1","Echo Form+1","Compile Driver","Chaos","BootSequence+1","Capacitor+1","Steam","Stack+1","Force Field+1","Defragment+1","Sweeping Beam+1","Multi-Cast","Streamline+1","Barrage+1","Coolheaded+1","Reinforced Body","Reinforced Body+1"],"relics":["Cracked Core","Gremlin Horn","Symbiotic Virus","Regal Pillow","Astrolabe","Boot","Ginger","Potion Belt","Philosopher\u0027s Stone","Girya","Meat on the Bone","Turnip","Blue Candle"],"acts_visited":["Exordium","TheCity","TheBeyond"],"potions_floor_usage":[35,35,42,42,44],"damage_taken":[{"damage":0.0,"enemies":"Small Slimes","floor":1.0,"turns":3.0},{"damage":0.0,"enemies":"Cultist","floor":2.0,"turns":3.0},{"damage":5.0,"enemies":"2 Louse","floor":3.0,"turns":2.0},{"damage":8.0,"enemies":"Exordium Wildlife","floor":4.0,"turns":3.0},{"damage":13.0,"enemies":"3 Louse","floor":5.0,"turns":2.0},{"damage":16.0,"enemies":"3 Sentries","floor":6.0,"turns":7.0},{"damage":19.0,"enemies":"Gremlin Nob","floor":10.0,"turns":4.0},{"damage":0.0,"enemies":"Looter","floor":11.0,"turns":3.0},{"damage":15.0,"enemies":"Slime Boss","floor":16.0,"turns":9.0},{"damage":0.0,"enemies":"Chosen","floor":18.0,"turns":4.0},{"damage":5.0,"enemies":"3 Byrds","floor":19.0,"turns":2.0},{"damage":6.0,"enemies":"Snecko","floor":20.0,"turns":6.0},{"damage":0.0,"enemies":"Centurion and Healer","floor":22.0,"turns":5.0},{"damage":27.0,"enemies":"Gremlin Leader","floor":24.0,"turns":5.0},{"damage":2.0,"enemies":"3 Cultists","floor":25.0,"turns":4.0},{"damage":0.0,"enemies":"Snake Plant","floor":27.0,"turns":3.0},{"damage":5.0,"enemies":"Centurion and Healer","floor":28.0,"turns":6.0},{"damage":14.0,"enemies":"Book of Stabbing","floor":29.0,"turns":7.0},{"damage":7.0,"enemies":"Cultist and Chosen","floor":30.0,"turns":6.0},{"damage":8.0,"enemies":"Snecko","floor":31.0,"turns":6.0},{"damage":25.0,"enemies":"Champ","floor":33.0,"turns":12.0},{"damage":17,"enemies":"3 Darklings","floor":35,"turns":3},{"damage":0,"enemies":"Orb Walker","floor":37,"turns":3},{"damage":23,"enemies":"Maw","floor":38,"turns":6},{"damage":3,"enemies":"Mind Bloom Boss Battle","floor":39,"turns":7},{"damage":15,"enemies":"2 Orb Walkers","floor":42,"turns":4},{"damage":3,"enemies":"Jaw Worm Horde","floor":44,"turns":5},{"damage":54,"enemies":"Giant Head","floor":45,"turns":10}],"seed_played":"1690912741589112019","potions_obtained":[{"floor":1.0,"key":"CultistPotion"},{"floor":3.0,"key":"FocusPotion"},{"floor":6.0,"key":"ColorlessPotion"},{"floor":16.0,"key":"LiquidMemories"},{"floor":25.0,"key":"Energy Potion"},{"floor":27.0,"key":"Explosive Potion"},{"floor":30.0,"key":"EssenceOfSteel"},{"floor":31.0,"key":"Fire Potion"},{"floor":33.0,"key":"Strength Potion"},{"floor":37,"key":"Explosive Potion"},{"floor":38,"key":"Weak Potion"}],"is_trial":false,"path_per_floor":["M","M","M","M","M","E","R","?","T","E","M","R","$","?","R","B",null,"M","M","M","?","M","R","E","M","T","M","M","E","M","M","R","B",null,"M","?","M","M","?","R","T","?","T","M","E"],"character_chosen":"DEFECT","items_purchased":["Regal Pillow"],"campfire_rested":3,"item_purchase_floors":[13],"current_hp_per_floor":[75,75,70,62,49,33,55,73,73,54,54,54,54,54,54,39,75,75,70,64,64,64,64,37,35,35,35,30,16,9,1,38,13,75,58,51,51,28,25,62,62,47,47,44,0,0],"gold":582,"neow_bonus":"THREE_CARDS","is_daily":false,"chose_seed":false,"campfire_upgraded":2,"win_rate":0.0,"timestamp":1610806247,"path_taken":["M","M","M","M","M","E","R","?","T","E","M","R","$","?","R","BOSS","M","M","?","?","M","R","E","M","T","M","M","E","M","M","R","BOSS","M","?","M","?","?","R","?","?","T","M","E"],"items_purchased_type":["Relic"],"build_version":"2020-12-22","purchased_purges":1,"victory":false,"max_hp_per_floor":[75,75,75,75,75,75,75,75,75,75,75,75,75,75,75,75,75,75,75,75,75,75,75,75,75,75,75,75,75,75,75,75,75,75,75,75,75,75,75,75,75,75,75,75,75,75],"card_choices":[{"not_picked":["BootSequence","Conserve Battery"],"picked":"Coolheaded","floor":0.0},{"not_picked":["Loop","Beam Cell"],"picked":"Cold Snap","floor":1.0},{"not_picked":["Coolheaded","Tempest"],"picked":"Core Surge","floor":2.0},{"not_picked":["Reinforced Body","BootSequence"],"picked":"Ball Lightning","floor":3.0},{"not_picked":["Go for the Eyes","Hologram"],"picked":"Tempest","floor":4.0},{"not_picked":["Streamline","Ball Lightning"],"picked":"Hologram","floor":5.0},{"not_picked":["Barrage","Rebound"],"picked":"Conserve Battery","floor":6.0},{"not_picked":["Beam Cell","Turbo"],"picked":"Leap","floor":10.0},{"not_picked":["Turbo","Melter","Rebound"],"picked":"SKIP","floor":11.0},{"not_picked":["Buffer","Creative AI"],"picked":"Electrodynamics","floor":16.0},{"not_picked":["Leap+1","Streamline"],"picked":"Compile Driver","floor":18.0},{"not_picked":["Go for the Eyes","Beam Cell"],"picked":"Chaos","floor":19.0},{"not_picked":["Turbo","Barrage+1"],"picked":"BootSequence+1","floor":20.0},{"not_picked":["Hologram","Undo+1"],"picked":"Capacitor+1","floor":22.0},{"not_picked":["Reboot","Leap"],"picked":"Steam","floor":24.0},{"not_picked":["Beam Cell+1","Leap","Recycle"],"picked":"SKIP","floor":25.0},{"not_picked":["Compile Driver","Go for the Eyes+1"],"picked":"Stack+1","floor":27.0},{"not_picked":["Beam Cell","Leap","Hello World"],"picked":"SKIP","floor":28.0},{"not_picked":["Compile Driver","BootSequence+1"],"picked":"Force Field+1","floor":29.0},{"not_picked":["Reprogram","Barrage"],"picked":"Defragment+1","floor":30.0},{"not_picked":["Barrage+1","Tempest"],"picked":"Sweeping Beam+1","floor":31.0},{"not_picked":["All For One","Fission"],"picked":"Multi-Cast","floor":33.0},{"not_picked":["Steam Power+1","Gash"],"picked":"Streamline+1","floor":35},{"not_picked":["Streamline","Leap"],"picked":"Barrage+1","floor":37},{"not_picked":["Leap","Hologram+1"],"picked":"Coolheaded+1","floor":38},{"not_picked":["Recycle","Capacitor"],"picked":"Reinforced Body","floor":42},{"not_picked":["Melter+1","Conserve Battery"],"picked":"Reinforced Body+1","floor":44}],"player_experience":2684141,"relics_obtained":[{"floor":6.0,"key":"Gremlin Horn"},{"floor":10.0,"key":"Symbiotic Virus"},{"floor":24.0,"key":"Boot"},{"floor":26.0,"key":"Ginger"},{"floor":29.0,"key":"Potion Belt"},{"floor":39,"key":"Girya"},{"floor":41,"key":"Meat on the Bone"},{"floor":42,"key":"Turnip"},{"floor":43,"key":"Blue Candle"}],"event_choices":[{"damage_healed":18.0,"max_hp_gain":0.0,"max_hp_loss":0.0,"gold_gain":0.0,"event_name":"The Cleric","player_choice":"Healed","floor":8.0,"gold_loss":35.0,"damage_taken":0.0},{"damage_healed":0.0,"max_hp_gain":0.0,"max_hp_loss":0.0,"gold_gain":0.0,"event_name":"NoteForYourself","player_choice":"Ignored","floor":14.0,"gold_loss":0.0,"damage_taken":0.0},{"cards_removed":["Strike_B"],"damage_healed":0.0,"max_hp_gain":0.0,"max_hp_loss":0.0,"gold_gain":0.0,"event_name":"Beggar","player_choice":"Gave Gold","floor":21.0,"gold_loss":75.0,"damage_taken":0.0},{"damage_healed":0,"gold_gain":0,"player_choice":"Damaged","damage_taken":7,"max_hp_gain":0,"max_hp_loss":0,"event_name":"Wheel of Change","floor":36,"gold_loss":0},{"damage_healed":0,"gold_gain":0,"player_choice":"Fight","damage_taken":0,"max_hp_gain":0,"max_hp_loss":0,"event_name":"MindBloom","floor":39,"gold_loss":0},{"damage_healed":0,"gold_gain":0,"player_choice":"Fight","damage_taken":0,"max_hp_gain":0,"max_hp_loss":0,"event_name":"Mysterious Sphere","floor":42,"gold_loss":0}],"is_beta":false,"boss_relics":[{"not_picked":["Coffee Dripper","Runic Dome"],"picked":"Astrolabe"},{"not_picked":["Velvet Choker","SlaversCollar"],"picked":"Philosopher\u0027s Stone"}],"items_purged_floors":[13],"is_endless":false,"potions_floor_spawned":[1,3,6,16,25,27,30,31,33,37,38],"killed_by":"Giant Head","ascension_level":0}}