{"host":"7sni158j623xchr2","time":1610781136,"event":{"mods":["BaseMod","Colored Map","Highlight Path","Minty Spire (QoL Compilation)","Permanent Neow","Potion Indicator Mod","Rare Cards Sparkle","Relic Sorter","Relic Stats","StSLib","everything is the same but u backflip on backflip"],"gold_per_floor":[119,146,162,6,81,81,81,112,161,161,186,36,1,18,18,115,115,133,113,132,132,132,167,167,229,229,2,2,17,17,17,17,143,143,216,216,216,235,1234,1234,1275,1275,1275,1275,803,803,803,822,822,822,822,822,48,81,81],"floor_reached":56,"language":"ENG","playtime":1286,"items_purged":["Defend_P","Normality","Normality"],"score":1368,"play_id":"6a9952f9-6c8f-4b49-8559-caddea235744","local_time":"20210116011216","is_ascension_mode":true,"campfire_choices":[{"data":"Eruption","floor":6.0,"key":"SMITH"},{"data":"TalkToTheHand","floor":10.0,"key":"SMITH"},{"data":"Meditate","floor":15.0,"key":"SMITH"},{"data":"Wish","floor":24.0,"key":"SMITH"},{"floor":28.0,"key":"REST"},{"data":"Vigilance","floor":30.0,"key":"SMITH"},{"data":"EmptyFist","floor":32.0,"key":"SMITH"},{"data":"Strike_P","floor":40.0,"key":"SMITH"},{"floor":42.0,"key":"REST"},{"floor":44.0,"key":"RECALL"},{"data":"Swivel","floor":49.0,"key":"SMITH"},{"data":"Protect","floor":52.0,"key":"SMITH"}],"circlet_count":0,"master_deck":["Strike_P+1","Strike_P","Strike_P","Strike_P","Defend_P","Defend_P","Eruption+1","Vigilance+1","EmptyFist+1","Halt","TalkToTheHand+1","Meditate+1","FollowUp+1","WheelKick+1","Ragnarok+1","Wish+1","Tantrum+1","Wish+1","Scrawl","Wallop+1","EmptyMind+1","Ragnarok+1","Swivel+1","Protect+1","MentalFortress","ThirdEye"],"relics":["PureWater","NeowsBlessing","Bag of Preparation","Darkstone Periapt","Regal Pillow","Akabeko","Molten Egg 2","Centennial Puzzle","Snecko Eye","Enchiridion","InkBottle","White Beast Statue","Mercury Hourglass","DollysMirror","FaceOfCleric","SlaversCollar","Vajra","TeardropLocket","Lizard Tail","Blood Vial"],"acts_visited":["Exordium","TheCity","TheBeyond","TheEnding"],"potions_floor_usage":[55,55],"damage_taken":[{"damage":0.0,"enemies":"Cultist","floor":1.0,"turns":1.0},{"damage":0.0,"enemies":"Small Slimes","floor":3.0,"turns":1.0},{"damage":0.0,"enemies":"Gremlin Nob","floor":8.0,"turns":1.0},{"damage":17.0,"enemies":"Lagavulin","floor":11.0,"turns":4.0},{"damage":0.0,"enemies":"Jaw Worm","floor":14.0,"turns":1.0},{"damage":7.0,"enemies":"Hexaghost","floor":16.0,"turns":4.0},{"damage":0.0,"enemies":"Spheric Guardian","floor":18.0,"turns":1.0},{"damage":0.0,"enemies":"2 Thieves","floor":20.0,"turns":1.0},{"damage":9.0,"enemies":"Slavers","floor":23.0,"turns":2.0},{"damage":9.0,"enemies":"Book of Stabbing","floor":25.0,"turns":3.0},{"damage":0.0,"enemies":"3 Cultists","floor":29.0,"turns":2.0},{"damage":26.0,"enemies":"Champ","floor":33.0,"turns":4.0},{"damage":4.0,"enemies":"3 Shapes","floor":35.0,"turns":3.0},{"damage":0.0,"enemies":"Orb Walker","floor":38.0,"turns":1.0},{"damage":35.0,"enemies":"Writhing Mass","floor":41.0,"turns":4.0},{"damage":0.0,"enemies":"Sphere and 2 Shapes","floor":48.0,"turns":1.0},{"damage":39.0,"enemies":"Awakened One","floor":50.0,"turns":6.0},{"damage":23,"enemies":"Shield and Spear","floor":54,"turns":2},{"damage":91,"enemies":"The Heart","floor":55,"turns":4}],"seed_played":"-2550414710173208046","potions_obtained":[{"floor":3.0,"key":"Weak Potion"},{"floor":11.0,"key":"BlessingOfTheForge"},{"floor":16.0,"key":"SkillPotion"},{"floor":19.0,"key":"Explosive Potion"},{"floor":23.0,"key":"Regen Potion"},{"floor":29.0,"key":"Energy Potion"},{"floor":33.0,"key":"BottledMiracle"},{"floor":35.0,"key":"Fire Potion"},{"floor":38.0,"key":"Strength Potion"},{"floor":48.0,"key":"FearPotion"}],"is_trial":false,"path_per_floor":["M","T","M","$","?","R","T","E","T","R","E","$","?","M","R","B",null,"M","?","M","?","?","E","R","E","T","$","R","M","R","?","R","B",null,"M","?","?","M","?","R","M","R","T","R","$","?","?","M","R","B",null,"R","$","E","B",null],"character_chosen":"WATCHER","items_purchased":["TalkToTheHand","Centennial Puzzle","DollysMirror","GamblersBrew","Ragnarok+1","Vajra","Swivel","TeardropLocket","Lizard Tail","MentalFortress"],"campfire_rested":2,"item_purchase_floors":[4,12,27,27,45,45,45,53,53,53],"current_hp_per_floor":[72,72,72,72,61,61,61,61,61,61,44,44,62,62,62,55,72,72,72,72,72,56,47,47,38,38,38,72,72,72,72,72,47,73,70,70,70,71,83,83,49,88,88,88,88,78,78,79,79,41,86,86,86,64,42],"gold":81,"neow_bonus":"THREE_ENEMY_KILL","is_daily":false,"chose_seed":false,"campfire_upgraded":9,"win_rate":0.0,"timestamp":1610781136,"path_taken":["M","?","M","$","?","R","?","E","T","R","E","$","?","M","R","BOSS","M","?","?","?","?","E","R","E","T","$","R","M","R","?","R","BOSS","M","?","?","M","?","R","M","R","T","R","$","?","?","M","R","BOSS","R","$","E","BOSS"],"items_purchased_type":["Card","Relic","Relic","Potion","Card","Relic","Card","Relic","Relic","Card"],"build_version":"2020-12-22","purchased_purges":3,"victory":true,"max_hp_per_floor":[72,72,72,72,72,72,72,72,72,72,72,72,72,72,72,72,72,72,72,72,72,72,72,72,72,72,72,72,72,72,72,72,73,73,74,74,74,75,87,87,88,88,88,88,88,88,84,85,85,86,86,86,86,87,88],"relic_stats":{"Darkstone Periapt":12,"Blood Vial":2,"Regal Pillow":26,"Centennial Puzzle":[25],"Lizard Tail":43,"FaceOfCleric":8,"counters":[19,46],"Snecko Eye":[86,65,73,76],"Bag of Preparation":[25],"obtain_stats":[{"Darkstone Periapt":7,"Regal Pillow":8,"NeowsBlessing":0,"Enchiridion":22,"Vajra":45,"Bag of Preparation":2,"TeardropLocket":53,"Akabeko":9,"White Beast Statue":25,"Mercury Hourglass":26,"Blood Vial":54,"SlaversCollar":34,"Centennial Puzzle":12,"Lizard Tail":53,"FaceOfCleric":31,"DollysMirror":27,"Snecko Eye":17,"Molten Egg 2":11,"PureWater":0,"InkBottle":23},{"Darkstone Periapt":2,"Regal Pillow":3,"NeowsBlessing":0,"Enchiridion":8,"Vajra":15,"Bag of Preparation":1,"TeardropLocket":17,"Akabeko":3,"White Beast Statue":10,"Mercury Hourglass":10,"Blood Vial":18,"SlaversCollar":12,"Centennial Puzzle":4,"Lizard Tail":17,"FaceOfCleric":11,"DollysMirror":10,"Snecko Eye":6,"Molten Egg 2":4,"PureWater":0,"InkBottle":9},{"Darkstone Periapt":2,"Regal Pillow":3,"NeowsBlessing":0,"Enchiridion":14,"Vajra":33,"Bag of Preparation":1,"TeardropLocket":40,"Akabeko":3,"White Beast Statue":19,"Mercury Hourglass":19,"Blood Vial":42,"SlaversCollar":25,"Centennial Puzzle":7,"Lizard Tail":40,"FaceOfCleric":21,"DollysMirror":19,"Snecko Eye":12,"Molten Egg 2":7,"PureWater":0,"InkBottle":16}],"InkBottle":[10],"Mercury Hourglass":[120]},"card_choices":[{"not_picked":["FlurryOfBlows","ThirdEye"],"picked":"EmptyFist","floor":1.0},{"not_picked":["Pray","Devotion"],"picked":"Halt","floor":3.0},{"not_picked":["JustLucky","WaveOfTheHand"],"picked":"Meditate","floor":8.0},{"not_picked":["Swivel","EmptyFist+1"],"picked":"FollowUp+1","floor":11.0},{"not_picked":["Evaluate","Sanctity"],"picked":"WheelKick+1","floor":14.0},{"not_picked":["Devotion","Vault"],"picked":"Ragnarok+1","floor":16.0},{"not_picked":["ClearTheMind","Prostrate+1","CutThroughFate+1"],"picked":"SKIP","floor":18.0},{"not_picked":["InnerPeace","JustLucky+1","FlyingSleeves+1"],"picked":"SKIP","floor":20.0},{"not_picked":["FollowUp+1","FlurryOfBlows+1"],"picked":"Wish","floor":23.0},{"not_picked":["PathToVictory","Protect"],"picked":"Tantrum+1","floor":25.0},{"not_picked":["DeceiveReality","CutThroughFate+1","JustLucky+1"],"picked":"SKIP","floor":29.0},{"not_picked":["DeusExMachina","MasterReality"],"picked":"Scrawl","floor":33.0},{"not_picked":["JustLucky+1","SashWhip+1"],"picked":"Wallop+1","floor":35.0},{"not_picked":["Consecrate+1","LikeWater","PathToVictory+1"],"picked":"SKIP","floor":38.0},{"not_picked":["ForeignInfluence+1","FollowUp+1"],"picked":"EmptyMind+1","floor":41.0},{"not_picked":["FlyingSleeves+1","JustLucky+1"],"picked":"Protect","floor":48.0},{"not_picked":["Meditate+1","FlurryOfBlows+1","ThirdEye"],"picked":"SKIP","floor":54},{"not_picked":["Meditate+1","FlurryOfBlows+1"],"picked":"ThirdEye","floor":54}],"player_experience":1628551,"relics_obtained":[{"floor":2.0,"key":"Bag of Preparation"},{"floor":7.0,"key":"Darkstone Periapt"},{"floor":8.0,"key":"Regal Pillow"},{"floor":9.0,"key":"Akabeko"},{"floor":11.0,"key":"Molten Egg 2"},{"floor":22.0,"key":"Enchiridion"},{"floor":23.0,"key":"InkBottle"},{"floor":25.0,"key":"White Beast Statue"},{"floor":26.0,"key":"Mercury Hourglass"},{"floor":54,"key":"Blood Vial"}],"event_choices":[{"damage_healed":0.0,"max_hp_gain":0.0,"max_hp_loss":0.0,"gold_gain":75.0,"event_name":"World of Goop","player_choice":"Gather Gold","floor":5.0,"gold_loss":0.0,"damage_taken":11.0},{"damage_healed":18.0,"max_hp_gain":0.0,"max_hp_loss":0.0,"gold_gain":0.0,"event_name":"The Cleric","player_choice":"Healed","floor":13.0,"gold_loss":35.0,"damage_taken":0.0},{"damage_healed":0.0,"max_hp_gain":0.0,"max_hp_loss":0.0,"gold_gain":0.0,"event_name":"The Woman in Blue","player_choice":"Bought 1 Potion","floor":19.0,"gold_loss":0.0,"damage_taken":0.0},{"damage_healed":0.0,"max_hp_gain":0.0,"max_hp_loss":0.0,"gold_gain":0.0,"event_name":"Ghosts","player_choice":"Ignored","floor":21.0,"gold_loss":0.0,"damage_taken":0.0},{"damage_healed":0.0,"max_hp_gain":0.0,"max_hp_loss":0.0,"gold_gain":0.0,"event_name":"Cursed Tome","player_choice":"Obtained Book","floor":22.0,"gold_loss":0.0,"damage_taken":16.0},{"damage_healed":0.0,"max_hp_gain":0.0,"max_hp_loss":0.0,"gold_gain":0.0,"event_name":"FaceTrader","player_choice":"Trade","floor":31.0,"gold_loss":0.0,"damage_taken":0.0,"relics_obtained":["FaceOfCleric"]},{"cards_removed":["Defend_P"],"damage_healed":0.0,"max_hp_gain":0.0,"max_hp_loss":0.0,"gold_gain":0.0,"event_name":"Falling","player_choice":"Removed Skill","floor":36.0,"gold_loss":0.0,"damage_taken":0.0},{"damage_healed":0.0,"max_hp_gain":0.0,"max_hp_loss":0.0,"gold_gain":0.0,"event_name":"Tomb of Lord Red Mask","player_choice":"Ignored","floor":37.0,"gold_loss":0.0,"damage_taken":0.0},{"damage_healed":0.0,"max_hp_gain":0.0,"max_hp_loss":0.0,"gold_gain":999.0,"event_name":"MindBloom","player_choice":"Gold","floor":39.0,"gold_loss":0.0,"damage_taken":0.0,"cards_obtained":["Normality","Normality"]},{"damage_healed":0.0,"max_hp_gain":0.0,"max_hp_loss":0.0,"gold_gain":0.0,"event_name":"SensoryStone","player_choice":"Memory 3","floor":46.0,"gold_loss":0.0,"damage_taken":10.0},{"damage_healed":0.0,"max_hp_gain":0.0,"max_hp_loss":4.0,"gold_gain":0.0,"event_name":"Winding Halls","player_choice":"Max HP","floor":47.0,"gold_loss":0.0,"damage_taken":0.0}],"is_beta":false,"boss_relics":[{"not_picked":["Fusion Hammer","Sozu"],"picked":"Snecko Eye"},{"not_picked":["Tiny House","Black Star"],"picked":"SlaversCollar"}],"items_purged_floors":[4,45,53],"is_endless":false,"potions_floor_spawned":[3,11,16,23,29,33,35,38,41,48,54],"ascension_level":3}}