{"host":"bydnmyvf669xu6ab","time":1610818368,"event":{"mods":["BaseMod","BetterRewards","Colored Map","Highlight Path","Minty Spire (QoL Compilation)","Poor People Problems","Rare Cards Sparkle","Relic Stats","Shop Mod","Spikes Relics","StSLib","SuperFastMode"],"gold_per_floor":[111,86,261,274,292,292,319,319,343,374,394,394,95,111,111,216,216,234,84,84,99,109,109,122,122,169,169,19,219,234,149,149,245,245,262,29,0,0,19,19,19,19],"floor_reached":41,"language":"ENG","playtime":3720,"items_purged":[],"score":626,"play_id":"c2d4c910-94bd-46ef-a8d0-05d1fc6bd8b6","local_time":"20210116093248","is_ascension_mode":true,"campfire_choices":[{"data":"Armaments","floor":6,"key":"SMITH"},{"data":"Offering","floor":8,"key":"SMITH"},{"data":"Metallicize","floor":12,"key":"SMITH"},{"floor":15,"key":"REST"},{"data":"Feed","floor":23,"key":"SMITH"},{"data":"Dual Wield","floor":25,"key":"SMITH"},{"data":"Spot Weakness","floor":27,"key":"SMITH"},{"floor":32,"key":"RECALL"},{"data":"Enlightenment","floor":40,"key":"SMITH"}],"circlet_count":0,"master_deck":["Strike_R","Strike_R","Strike_R","Strike_R","Strike_R","Defend_R","Defend_R","Defend_R","Defend_R","Bash","Shrug It Off","Armaments+1","Iron Wave","Doubt","Dual Wield+1","Offering+1","Shrug It Off","Absolvement","Flex","Cleave","Rampage","Metallicize+1","Headbutt","Cleave","Feed+1","Dual Wield","Sentinel+1","True Grit+1","Metallicize","Flex","Spot Weakness+1","Pommel Strike","Heavy Blade","Body Slam+1","PlatinumSkin","Exhume","Body Slam+1","Armaments+1","Metallicize+1","Enlightenment+1","Madness","Madness","True Grit+1"],"relics":["Burning Blood","Prayer Wheel","Nunchaku","SpikesRelics:DaevaFist","Red Skull","RollingBoulder","ClockworkSouvenir","Black Star","MealTicket","MutagenicStrength","Vajra","Lantern","Sozu","DollysMirror","Red Mask"],"acts_visited":["Exordium","TheCity","TheBeyond"],"potions_floor_usage":[10,10,16,16,33,41],"damage_taken":[{"damage":0,"enemies":"2 Louse","floor":1,"turns":3},{"damage":5,"enemies":"Jaw Worm","floor":4,"turns":6},{"damage":6,"enemies":"Cultist","floor":5,"turns":3},{"damage":45,"enemies":"Lagavulin","floor":7,"turns":9},{"damage":20,"enemies":"Gremlin Nob","floor":10,"turns":5},{"damage":6,"enemies":"Exordium Thugs","floor":11,"turns":5},{"damage":11,"enemies":"Exordium Wildlife","floor":14,"turns":3},{"damage":17,"enemies":"The Guardian","floor":16,"turns":9},{"damage":16,"enemies":"Shell Parasite","floor":18,"turns":7},{"damage":20,"enemies":"2 Thieves","floor":21,"turns":4},{"damage":28,"enemies":"Snake Plant","floor":22,"turns":3},{"damage":13,"enemies":"Chosen and Byrds","floor":24,"turns":5},{"damage":19,"enemies":"Sentry and Sphere","floor":30,"turns":5},{"damage":54,"enemies":"Champ","floor":33,"turns":11},{"damage":7,"enemies":"3 Darklings","floor":35,"turns":6},{"damage":6,"enemies":"3 Shapes","floor":39,"turns":7},{"damage":117,"enemies":"Giant Head","floor":41,"turns":10}],"seed_played":"-6168741423146818644","potions_obtained":[{"floor":4,"key":"GamblersBrew"},{"floor":7,"key":"SpeedPotion"},{"floor":10,"key":"PowerPotion"},{"floor":14,"key":"Swift Potion"},{"floor":16,"key":"Swift Potion"},{"floor":22,"key":"Explosive Potion"},{"floor":24,"key":"Swift Potion"},{"floor":33,"key":"Energy Potion"}],"is_trial":false,"path_per_floor":["M","$","?","M","M","R","E","R","T","E","M","R","$","M","R","B",null,"M","$","?","M","M","R","M","R","T","R","$","?","M","$","R","B",null,"M","$","?","?","M","R","E"],"character_chosen":"IRONCLAD","items_purchased":["Prayer Wheel","Iron Wave","RollingBoulder","ClockworkSouvenir","MealTicket","Lantern","PlatinumSkin","DollysMirror","Enlightenment"],"campfire_rested":1,"item_purchase_floors":[0,2,13,13,19,28,31,36,36],"current_hp_per_floor":[75,75,75,76,76,76,37,37,37,23,23,23,23,18,42,31,80,73,73,73,63,41,41,38,38,38,38,53,53,44,59,59,11,95,94,95,95,83,91,91,0,0],"gold":19,"neow_bonus":"","is_daily":false,"chose_seed":false,"campfire_upgraded":7,"win_rate":0.0,"timestamp":1610818368,"path_taken":["M","$","?","M","M","R","E","R","T","E","M","R","$","M","R","BOSS","M","$","?","M","M","R","M","R","T","R","?","?","?","$","R","BOSS","M","$","?","?","M","R","E"],"items_purchased_type":["Relic","Card","Relic","Relic","Relic","Relic","Card","Relic","Card"],"build_version":"2020-12-22","purchased_purges":0,"victory":false,"max_hp_per_floor":[80,80,80,80,80,80,80,80,80,80,80,80,80,80,80,80,80,83,83,83,87,87,87,91,91,91,91,91,91,95,95,95,95,95,95,95,95,95,103,103,103,103],"relic_stats":{"Sozu":1,"Nunchaku":[14],"counters":[147,650],"Prayer Wheel":12,"MealTicket":31,"Black Star":0,"obtain_stats":[{"infinitespire:BottledMercury":29,"Nilry\u0027s Codex":30,"Vajra":26,"Ginger":10,"Boot":54,"Sozu":17,"Blood Vial":20,"HornCleat":26,"DollysMirror":28,"Strawberry":31,"MealTicket":41,"infinitespire:Golems Mask":25,"Prayer Wheel":0,"Fusion Hammer":17,"Kunai":0,"Toxic Egg 2":0,"LugNut":2,"MerchantsRug":8,"Happy Flower":23,"Dead Branch":0,"Blue Candle":41,"Velvet Choker":17,"Pen Nib":8,"Letter Opener":0,"War Paint":0,"Question Card":11,"Shuriken":19,"infinitespire:Lychee Nut":26,"Bird Faced Urn":23,"Bronze Scales":22,"MutagenicStrength":20,"Molten Egg 2":0,"Pandora\u0027s Box":17,"Mark of Pain":17,"Black Star":17,"infinitespire:PuzzleCube":26,"Unceasing Top":14,"Darkstone Periapt":11,"SnailShell":43,"Regal Pillow":0,"Lantern":28,"Black Blood":34,"BrokenLever":12,"Incense Burner":38,"Bag of Preparation":0,"HeavenlyBonsai":24,"PrismaticShard":0,"Cursed Key":34,"Burning Blood":0,"ClockworkSouvenir":20,"HailfireSword":17,"Nunchaku":7,"Matryoshka":0,"Gambling Chip":40,"Pantograph":0,"RollingBoulder":13,"Red Mask":42,"Chemical X":0,"InkBottle":0,"Red Skull":10,"Paper Frog":42,"Potion Belt":38,"Thread and Needle":39,"infinitespire:Joker Card":8,"infinitespire:FocusingShard":43,"PreservedInsect":0,"Omamori":12,"infinitespire:CheckeredPen":9,"infinitespire:Lucky Rock":9,"Mercury Hourglass":10,"Sandwich":34,"Busted Crown":34,"infinitespire:WardingShard":46,"infinitespire:Satchel":44,"SpikesRelics:DaevaFist":7,"Art of War":11,"GolemAmulet":46,"Membership Card":0,"Toy Ornithopter":23,"infinitespire:Midas Blood":13},{"infinitespire:BottledMercury":100,"Nilry\u0027s Codex":100,"Vajra":142,"Ginger":31,"Boot":82,"Sozu":68,"Blood Vial":115,"HornCleat":71,"DollysMirror":50,"Strawberry":52,"MealTicket":57,"infinitespire:Golems Mask":71,"Prayer Wheel":130,"Fusion Hammer":9,"Kunai":83,"Toxic Egg 2":0,"LugNut":28,"MerchantsRug":5,"Happy Flower":96,"Dead Branch":0,"Blue Candle":77,"Velvet Choker":91,"Pen Nib":5,"Letter Opener":27,"War Paint":0,"Question Card":111,"Shuriken":10,"infinitespire:Lychee Nut":15,"Bird Faced Urn":13,"Bronze Scales":69,"MutagenicStrength":139,"Molten Egg 2":61,"Pandora\u0027s Box":114,"Mark of Pain":46,"Black Star":138,"infinitespire:PuzzleCube":49,"Unceasing Top":126,"Darkstone Periapt":31,"SnailShell":25,"Regal Pillow":83,"Lantern":142,"Black Blood":19,"BrokenLever":65,"Incense Burner":56,"Bag of Preparation":83,"HeavenlyBonsai":37,"PrismaticShard":27,"Cursed Key":53,"Burning Blood":0,"ClockworkSouvenir":35,"HailfireSword":33,"Nunchaku":134,"Matryoshka":61,"Gambling Chip":23,"Pantograph":27,"RollingBoulder":66,"Red Mask":77,"Chemical X":61,"InkBottle":83,"Red Skull":135,"Paper Frog":57,"Potion Belt":21,"Thread and Needle":56,"infinitespire:Joker Card":42,"infinitespire:FocusingShard":77,"PreservedInsect":83,"Omamori":6,"infinitespire:CheckeredPen":30,"infinitespire:Lucky Rock":87,"Mercury Hourglass":124,"Sandwich":102,"Busted Crown":73,"infinitespire:WardingShard":26,"infinitespire:Satchel":78,"SpikesRelics:DaevaFist":42,"Art of War":44,"GolemAmulet":79,"Membership Card":0,"Toy Ornithopter":70,"infinitespire:Midas Blood":90},{"infinitespire:BottledMercury":388,"Nilry\u0027s Codex":388,"Vajra":611,"Ginger":129,"Boot":332,"Sozu":289,"Blood Vial":461,"HornCleat":296,"DollysMirror":215,"Strawberry":223,"MealTicket":249,"infinitespire:Golems Mask":296,"Prayer Wheel":549,"Fusion Hammer":34,"Kunai":340,"Toxic Egg 2":0,"LugNut":114,"MerchantsRug":17,"Happy Flower":376,"Dead Branch":0,"Blue Candle":313,"Velvet Choker":365,"Pen Nib":17,"Letter Opener":111,"War Paint":0,"Question Card":439,"Shuriken":36,"infinitespire:Lychee Nut":54,"Bird Faced Urn":48,"Bronze Scales":290,"MutagenicStrength":599,"Molten Egg 2":268,"Pandora\u0027s Box":456,"Mark of Pain":199,"Black Star":592,"infinitespire:PuzzleCube":210,"Unceasing Top":523,"Darkstone Periapt":129,"SnailShell":102,"Regal Pillow":340,"Lantern":611,"Black Blood":75,"BrokenLever":278,"Incense Burner":242,"Bag of Preparation":340,"HeavenlyBonsai":154,"PrismaticShard":111,"Cursed Key":231,"Burning Blood":0,"ClockworkSouvenir":146,"HailfireSword":139,"Nunchaku":570,"Matryoshka":268,"Gambling Chip":93,"Pantograph":111,"RollingBoulder":281,"Red Mask":313,"Chemical X":268,"InkBottle":340,"Red Skull":575,"Paper Frog":249,"Potion Belt":84,"Thread and Needle":242,"infinitespire:Joker Card":180,"infinitespire:FocusingShard":313,"PreservedInsect":340,"Omamori":21,"infinitespire:CheckeredPen":123,"infinitespire:Lucky Rock":351,"Mercury Hourglass":514,"Sandwich":401,"Busted Crown":304,"infinitespire:WardingShard":107,"infinitespire:Satchel":318,"SpikesRelics:DaevaFist":180,"Art of War":188,"GolemAmulet":321,"Membership Card":0,"Toy Ornithopter":294,"infinitespire:Midas Blood":361}],"Burning Blood":792},"card_choices":[{"not_picked":["Anger","Sword Boomerang"],"picked":"Shrug It Off","floor":1},{"not_picked":["Dual Wield","Carnage"],"picked":"Armaments","floor":1},{"not_picked":["Pummel","Armaments"],"picked":"Dual Wield","floor":4},{"not_picked":["Flex","Shockwave"],"picked":"Offering","floor":4},{"not_picked":["Armaments","Intimidate"],"picked":"Shrug It Off","floor":5},{"not_picked":["Armaments","Sentinel"],"picked":"Absolvement","floor":5},{"not_picked":["Seeing Red","Sword Boomerang"],"picked":"Flex","floor":7},{"not_picked":["Heavy Blade","Anger"],"picked":"Cleave","floor":10},{"not_picked":["Wild Strike","Thunderclap"],"picked":"Rampage","floor":11},{"not_picked":["Thunderclap","Clash"],"picked":"Metallicize","floor":11},{"not_picked":["Power Through","Carnage"],"picked":"Headbutt","floor":14},{"not_picked":["Perfected Strike","Warcry"],"picked":"Cleave","floor":14},{"not_picked":["Brutality","Fiend Fire"],"picked":"Feed","floor":16},{"not_picked":["Havoc","Absolvement"],"picked":"Dual Wield","floor":18},{"not_picked":["Cleave","Sword Boomerang"],"picked":"Sentinel+1","floor":18},{"not_picked":["Searing Blow","Pommel Strike"],"picked":"True Grit+1","floor":21},{"not_picked":["Bloodletting","Exhume"],"picked":"Metallicize","floor":21},{"not_picked":["Perfected Strike","Pummel"],"picked":"Flex","floor":22},{"not_picked":["Warcry","Twin Strike","Anger+1"],"picked":"SKIP","floor":22},{"not_picked":["Clash","Perfected Strike+1"],"picked":"Spot Weakness","floor":24},{"not_picked":["Fire Breathing","Dark Embrace+1"],"picked":"Pommel Strike","floor":24},{"not_picked":["Intimidate","Perfected Strike+1"],"picked":"Heavy Blade","floor":30},{"not_picked":["Dual Wield+1","Thunderclap"],"picked":"Body Slam+1","floor":30},{"not_picked":["Brutality","Feed"],"picked":"Exhume","floor":33},{"not_picked":["Evolve+1","Invigoration+1"],"picked":"Body Slam+1","floor":35},{"not_picked":["Clothesline","Dark Embrace"],"picked":"Armaments+1","floor":35},{"not_picked":["Sword Boomerang+1","Perfected Strike"],"picked":"True Grit+1","floor":39},{"not_picked":["Flex+1","Sword Boomerang+1","Armaments"],"picked":"SKIP","floor":39}],"player_experience":2227281,"relics_obtained":[{"floor":7,"key":"Nunchaku"},{"floor":9,"key":"SpikesRelics:DaevaFist"},{"floor":10,"key":"Red Skull"},{"floor":26,"key":"Vajra"}],"event_choices":[{"damage_healed":0,"gold_gain":175,"player_choice":"AGREE","damage_taken":0,"max_hp_gain":0,"max_hp_loss":0,"event_name":"Liars Game","floor":3,"gold_loss":0,"cards_obtained":["Doubt"]},{"damage_healed":0,"gold_gain":0,"player_choice":"Inject Mutagens","damage_taken":0,"relics_obtained":["MutagenicStrength"],"max_hp_gain":0,"max_hp_loss":0,"event_name":"Drug Dealer","floor":20,"gold_loss":0},{"damage_healed":0,"gold_gain":200,"player_choice":"Gold","damage_taken":0,"max_hp_gain":0,"max_hp_loss":0,"event_name":"Wheel of Change","floor":29,"gold_loss":0},{"damage_healed":0,"gold_gain":0,"player_choice":"Paid","damage_taken":0,"relics_obtained":["Red Mask"],"max_hp_gain":0,"max_hp_loss":0,"event_name":"Tomb of Lord Red Mask","floor":37,"gold_loss":29},{"damage_healed":0,"gold_gain":0,"player_choice":"Embrace Madness","damage_taken":12,"max_hp_gain":0,"max_hp_loss":0,"event_name":"Winding Halls","floor":38,"gold_loss":0,"cards_obtained":["Madness","Madness"]}],"is_beta":false,"boss_relics":[{"not_picked":["SlaversCollar","Pandora\u0027s Box"],"picked":"Black Star"},{"not_picked":["Coffee Dripper","Sandwich"],"picked":"Sozu"}],"items_purged_floors":[],"is_endless":false,"potions_floor_spawned":[4,7,10,14,16,22,24,33,39],"killed_by":"Giant Head","ascension_level":1}}