{"host":"dzs26xzxvr8oc34c","time":1610796804,"event":{"mods":["Arknights The Spire","BaseMod","Colored Map","Minty Spire (QoL Compilation)","StSLib","SuperFastMode","The Marked"],"gold_per_floor":[113,125,144,157,2,30,50,64,64,64,81,81,131,56,56,56,56],"floor_reached":16,"language":"ZHS","playtime":708,"items_purged":["ats:Strike G"],"score":104,"play_id":"94b57cb6-7b20-490b-aa97-43560930c10e","local_time":"20210116193324","is_ascension_mode":false,"campfire_choices":[{"data":"ats:Ambush","floor":10,"key":"SMITH"},{"data":"ats:Magnetic Hammer","floor":15,"key":"SMITH"}],"circlet_count":0,"master_deck":["ats:Strike C","ats:Strike S","ats:Strike V","ats:Armor Crushing Shot","ats:Defend","ats:Defend+1","ats:Defend","ats:Defend","ats:Emotion Absorption+1","ats:Consecutive Shot Auto","ats:Curse Doll","ats:Magnetic Hammer+1","ats:Revitalization","ats:Ambush+1","ats:Hammer On","ats:Flexible Camouflage"],"relics":["ats:Sanity","NeowsBlessing","War Paint","ats:Originium","Toy Ornithopter","Dead Branch"],"acts_visited":["Exordium"],"potions_floor_usage":[],"damage_taken":[{"damage":0.0,"enemies":"2 Louse","floor":1.0,"turns":1.0},{"damage":0.0,"enemies":"Jaw Worm","floor":2.0,"turns":1.0},{"damage":0.0,"enemies":"Small Slimes","floor":3.0,"turns":1.0},{"damage":4.0,"enemies":"Blue Slaver","floor":4.0,"turns":6.0},{"damage":63,"enemies":"Lagavulin","floor":6,"turns":10},{"damage":1,"enemies":"2 Fungi Beasts","floor":7,"turns":5},{"damage":4,"enemies":"Looter","floor":8,"turns":3},{"damage":0,"enemies":"Large Slime","floor":11,"turns":5},{"damage":27,"enemies":"Slime Boss","floor":16,"turns":3}],"seed_played":"-6456179818712433268","potions_obtained":[{"floor":1.0,"key":"Dexterity Potion"},{"floor":3.0,"key":"Block Potion"},{"floor":6,"key":"FearPotion"},{"floor":8,"key":"Energy Potion"}],"is_trial":false,"path_per_floor":["M","M","M","M","$","E","M","M","T","R","M","?","?","$","R","B"],"character_chosen":"DOCTOR_CLASS","items_purchased":["War Paint"],"campfire_rested":0,"item_purchase_floors":[5],"current_hp_per_floor":[72,72,72,68,68,8,10,6,6,6,9,9,9,9,9,0,0],"gold":56,"neow_bonus":"THREE_ENEMY_KILL","is_daily":false,"chose_seed":false,"campfire_upgraded":2,"win_rate":0.0,"timestamp":1610796804,"path_taken":["M","M","M","M","$","E","M","M","T","R","M","?","?","?","R","BOSS"],"items_purchased_type":["Relic"],"build_version":"2020-12-22","purchased_purges":1,"victory":false,"max_hp_per_floor":[72,72,72,72,72,72,72,72,72,72,72,72,72,72,72,72,72],"card_choices":[{"not_picked":["ats:Thorns","ats:Guardian Obelisk"],"picked":"ats:Consecutive Shot Auto","floor":1.0},{"not_picked":["ats:Shell Defense","ats:Revitalization"],"picked":"ats:Curse Doll","floor":2.0},{"not_picked":["ats:Curse Doll","ats:Charging Defense"],"picked":"ats:Magnetic Hammer","floor":3.0},{"not_picked":["ats:Burning Ground","ats:Explosion Area Strengthen"],"picked":"ats:Revitalization","floor":4.0},{"not_picked":["ats:Healing Strengthening","ats:Magnetic Hammer"],"picked":"ats:Ambush","floor":6},{"not_picked":["ats:Curse Doll","ats:Leaping Hammer"],"picked":"ats:Hammer On","floor":7},{"not_picked":["ats:Ignite","ats:Spore Proliferation"],"picked":"ats:Flexible Camouflage","floor":8},{"not_picked":["ats:Assault Order","ats:Beaten Up","ats:Sunburst"],"picked":"SKIP","floor":11}],"player_experience":931691,"relics_obtained":[{"floor":6,"key":"ats:Originium"},{"floor":6,"key":"Toy Ornithopter"},{"floor":9,"key":"Dead Branch"}],"event_choices":[{"damage_healed":0,"gold_gain":0,"player_choice":"Fled","damage_taken":0,"max_hp_gain":0,"max_hp_loss":0,"event_name":"Scrap Ooze","floor":12,"gold_loss":0},{"damage_healed":0,"gold_gain":50,"player_choice":"Gained Gold","damage_taken":0,"max_hp_gain":0,"max_hp_loss":0,"event_name":"Golden Wing","floor":13,"gold_loss":0}],"is_beta":false,"boss_relics":[],"items_purged_floors":[14],"is_endless":false,"potions_floor_spawned":[1,3,6,8],"killed_by":"Slime Boss","ascension_level":0}}