{"host":"9l4mw5jqza9qz9hr","time":1610772865,"event":{"mods":["AchievementEnabler","Always Whale","BaseMod","Colored Map","Minty Spire (QoL Compilation)","StSLib","SuperFastMode"],"gold_per_floor":[114,129,144,219,234,234,234,234,259,289,319,220,220,220,220,320,320,335,350,350,154,29,59,89,131,193,205,217,229,157,160,160,260,260,275,290,290,512,512,542,542,192,242,242,70,70,20,35,35,35],"floor_reached":51,"language":"KOR","playtime":6039,"items_purged":["Strike_G","Strike_G","Strike_G","Strike_G","Strike_G","Defend_G","Defend_G"],"score":933,"play_id":"92c6e0c9-34a8-4684-a917-d07dea9c64c8","local_time":"20210116135425","daily_mods":["Allstar","Flight","Night Terrors"],"is_ascension_mode":false,"campfire_choices":[{"data":"Blade Dance","floor":6.0,"key":"SMITH"},{"data":"Mayhem","floor":8.0,"key":"SMITH"},{"floor":15.0,"key":"REST"},{"data":"Envenom","floor":27.0,"key":"SMITH"},{"data":"Blade Dance","floor":28.0,"key":"SMITH"},{"data":"Adrenaline","floor":29.0,"key":"SMITH"},{"data":"Caltrops","floor":32.0,"key":"SMITH"},{"data":"Phantasmal Killer","floor":41.0,"key":"SMITH"},{"data":"Caltrops","floor":44.0,"key":"SMITH"},{"data":"Panacea","floor":49.0,"key":"SMITH"}],"circlet_count":0,"master_deck":["Defend_G","Defend_G","Defend_G","Survivor","Neutralize+1","Impatience","Dark Shackles","Panacea+1","Mayhem+1","PanicButton","Blade Dance+1","Acrobatics","Escape Plan","Reflex","Caltrops+1","PiercingWail","Blade Dance+1","Phantasmal Killer+1","Trip","Adrenaline+1","Infinite Blades","Ghostly","Ghostly","Ghostly","Ghostly","Ghostly","Caltrops","Quick Slash+1","Blade Dance+1","Envenom+1","Caltrops+1","Corpse Explosion","PiercingWail","Acrobatics+1","Purity","Terror+1","Accuracy","Blade Dance"],"relics":["Ring of the Snake","PreservedInsect","Orichalcum","HornCleat","Philosopher\u0027s Stone","Blood Vial","MawBank","Letter Opener","Smiling Mask","Red Mask","Busted Crown","Bottled Lightning","Whetstone","Medical Kit","Oddly Smooth Stone"],"acts_visited":["Exordium","TheCity","TheBeyond"],"potions_floor_usage":[50,50],"damage_taken":[{"damage":1.0,"enemies":"2 Louse","floor":1.0,"turns":4.0},{"damage":0.0,"enemies":"Small Slimes","floor":2.0,"turns":3.0},{"damage":2.0,"enemies":"Jaw Worm","floor":3.0,"turns":3.0},{"damage":33.0,"enemies":"Large Slime","floor":5.0,"turns":10.0},{"damage":22.0,"enemies":"Gremlin Nob","floor":10.0,"turns":4.0},{"damage":13.0,"enemies":"Lagavulin","floor":11.0,"turns":4.0},{"damage":19.0,"enemies":"Slime Boss","floor":16.0,"turns":11.0},{"damage":7.0,"enemies":"2 Thieves","floor":18.0,"turns":4.0},{"damage":9.0,"enemies":"Spheric Guardian","floor":19.0,"turns":4.0},{"damage":0.0,"enemies":"Gremlin Leader","floor":23.0,"turns":5.0},{"damage":0.0,"enemies":"Book of Stabbing","floor":24.0,"turns":5.0},{"damage":0.0,"enemies":"Gremlin Leader","floor":25.0,"turns":5.0},{"damage":0.0,"enemies":"Masked Bandits","floor":31.0,"turns":2.0},{"damage":0.0,"enemies":"Collector","floor":33.0,"turns":7.0},{"damage":0.0,"enemies":"3 Darklings","floor":35.0,"turns":4.0},{"damage":0.0,"enemies":"Orb Walker","floor":36.0,"turns":3.0},{"damage":0.0,"enemies":"Reptomancer","floor":40.0,"turns":5.0},{"damage":0.0,"enemies":"Jaw Worm Horde","floor":48.0,"turns":1.0},{"damage":28,"enemies":"Time Eater","floor":50,"turns":9}],"seed_played":"2700428786693623746","potions_obtained":[{"floor":2.0,"key":"Strength Potion"},{"floor":5.0,"key":"BlessingOfTheForge"},{"floor":10.0,"key":"DistilledChaos"},{"floor":16.0,"key":"DistilledChaos"},{"floor":18.0,"key":"LiquidMemories"},{"floor":31.0,"key":"SkillPotion"},{"floor":35.0,"key":"DuplicationPotion"},{"floor":40.0,"key":"Dexterity Potion"}],"is_trial":false,"path_per_floor":["M","M","M","?","M","R","?","R","T","E","E","$","?","?","R","B",null,"M","M","?","$","$","E","E","E","T","R","R","R","$","?","R","B",null,"M","M","?","?","?","E","R","$","T","R","$","?","$","M","R","B",null],"character_chosen":"THE_SILENT","items_purchased":["PiercingWail","Caltrops","Quick Slash","Caltrops","Whetstone","Medical Kit","Accuracy","Blade Dance"],"campfire_rested":1,"item_purchase_floors":[12,21,21,30,42,42,45,45],"current_hp_per_floor":[69,69,67,56,23,23,46,46,46,24,11,11,11,11,65,46,65,58,49,32,32,32,32,32,32,32,32,32,32,32,32,32,32,32,32,32,30,30,30,30,30,30,30,30,30,30,30,30,30,2],"gold":35,"neow_bonus":"","is_daily":true,"chose_seed":false,"campfire_upgraded":9,"win_rate":0.0,"timestamp":1610772865,"path_taken":["M","M","M","?","M","R","?","R","T","E","E","?","?","?","R","BOSS","M","M","?","$","$","E","E","E","T","R","R","R","$","?","R","BOSS","M","M","?","?","?","E","R","$","T","R","$","?","$","?","R","BOSS"],"items_purchased_type":["Card","Card","Card","Card","Relic","Relic","Card","Card"],"build_version":"2020-12-22","purchased_purges":7,"victory":true,"max_hp_per_floor":[70,70,70,70,70,70,70,70,70,70,70,70,70,70,65,65,65,65,65,32,32,32,32,32,32,32,32,32,32,32,32,32,32,32,32,32,30,30,30,30,30,30,30,30,30,30,30,30,30,30],"card_choices":[{"not_picked":["Deadly Poison","Noxious Fumes"],"picked":"Blade Dance","floor":1.0},{"not_picked":["Eviscerate","Concentrate","Flying Knee"],"picked":"SKIP","floor":2.0},{"not_picked":["Finisher","Phantasmal Killer"],"picked":"Acrobatics","floor":3.0},{"not_picked":["Well Laid Plans","Dodge and Roll"],"picked":"Escape Plan","floor":5.0},{"not_picked":["Masterful Stab","Glass Knife"],"picked":"Reflex","floor":10.0},{"not_picked":["Riddle With Holes","Sucker Punch"],"picked":"Caltrops","floor":11.0},{"not_picked":["Tools of the Trade","Glass Knife"],"picked":"Adrenaline","floor":16.0},{"not_picked":["Dagger Spray","Slice+1","Riddle With Holes"],"picked":"SKIP","floor":18.0},{"not_picked":["Flying Knee","Dagger Throw"],"picked":"Infinite Blades","floor":19.0},{"not_picked":["Dagger Throw+1","Tools of the Trade","Flechettes"],"picked":"SKIP","floor":23.0},{"not_picked":["Footwork","Prepared"],"picked":"Blade Dance+1","floor":24.0},{"not_picked":["Blade Dance","Slice+1"],"picked":"Envenom","floor":25.0},{"not_picked":["Unload","Storm of Steel"],"picked":"Corpse Explosion","floor":33.0},{"not_picked":[],"picked":"PiercingWail","floor":35.0},{"not_picked":[],"picked":"Acrobatics+1","floor":36.0},{"not_picked":[],"picked":"Purity","floor":39.0},{"not_picked":[],"picked":"Terror+1","floor":40.0},{"not_picked":["Sucker Punch+1"],"picked":"SKIP","floor":48.0}],"player_experience":223978,"relics_obtained":[{"floor":9.0,"key":"PreservedInsect"},{"floor":10.0,"key":"Orichalcum"},{"floor":11.0,"key":"HornCleat"},{"floor":23.0,"key":"Blood Vial"},{"floor":24.0,"key":"MawBank"},{"floor":25.0,"key":"Letter Opener"},{"floor":26.0,"key":"Smiling Mask"},{"floor":31.0,"key":"Red Mask"},{"floor":40.0,"key":"Bottled Lightning"},{"floor":43.0,"key":"Oddly Smooth Stone"}],"event_choices":[{"damage_healed":0.0,"max_hp_gain":0.0,"max_hp_loss":0.0,"gold_gain":75.0,"event_name":"World of Goop","player_choice":"Gather Gold","floor":4.0,"gold_loss":0.0,"damage_taken":11.0},{"damage_healed":23.0,"max_hp_gain":0.0,"max_hp_loss":0.0,"gold_gain":0.0,"event_name":"Big Fish","player_choice":"Banana","floor":7.0,"gold_loss":0.0,"damage_taken":0.0},{"damage_healed":0.0,"max_hp_gain":0.0,"max_hp_loss":0.0,"gold_gain":0.0,"event_name":"Shining Light","player_choice":"Ignored","floor":13.0,"gold_loss":0.0,"damage_taken":0.0},{"damage_healed":0.0,"max_hp_gain":0.0,"max_hp_loss":0.0,"gold_gain":0.0,"event_name":"Match and Keep!","player_choice":"3 cards matched","floor":14.0,"gold_loss":0.0,"damage_taken":0.0,"cards_obtained":["Blade Dance","Phantasmal Killer","Trip"]},{"damage_healed":0.0,"max_hp_gain":0.0,"max_hp_loss":33.0,"gold_gain":0.0,"event_name":"Ghosts","player_choice":"Became a Ghost","floor":20.0,"gold_loss":0.0,"damage_taken":0.0,"cards_obtained":["Ghostly","Ghostly","Ghostly","Ghostly","Ghostly"]},{"damage_healed":0.0,"max_hp_gain":0.0,"max_hp_loss":0.0,"gold_gain":0.0,"event_name":"Masked Bandits","player_choice":"Fought Bandits","floor":31.0,"gold_loss":0.0,"damage_taken":0.0},{"damage_healed":0.0,"max_hp_gain":0.0,"max_hp_loss":2.0,"gold_gain":0.0,"event_name":"Winding Halls","player_choice":"Max HP","floor":37.0,"gold_loss":0.0,"damage_taken":0.0},{"damage_healed":0.0,"max_hp_gain":0.0,"max_hp_loss":0.0,"gold_gain":222.0,"event_name":"Tomb of Lord Red Mask","player_choice":"Wore Mask","floor":38.0,"gold_loss":0.0,"damage_taken":0.0},{"damage_healed":0.0,"max_hp_gain":0.0,"max_hp_loss":0.0,"gold_gain":0.0,"event_name":"SensoryStone","player_choice":"Memory 1","floor":39.0,"gold_loss":0.0,"damage_taken":0.0},{"damage_healed":0.0,"max_hp_gain":0.0,"max_hp_loss":0.0,"gold_gain":0.0,"event_name":"The Woman in Blue","player_choice":"Bought 0 Potions","floor":46.0,"gold_loss":0.0,"damage_taken":0.0}],"is_beta":false,"boss_relics":[{"not_picked":["Runic Dome","Fusion Hammer"],"picked":"Philosopher\u0027s Stone"},{"not_picked":["SlaversCollar","Runic Pyramid"],"picked":"Busted Crown"}],"items_purged_floors":[12,21,22,30,42,45,47],"is_endless":false,"potions_floor_spawned":[2,5,10,16,18,23,31,35,40],"ascension_level":0}}