{"host":"jvd5k9mqzerszifx","time":1610806957,"event":{"mods":["AchievementEnabler","Act Like it!","BaseMod","Better Note","Better Third Choice","Colored Map","Colored Powertips","Conspire","DeckTracker","Gensokyo","GungeonMod","Hallownest","Hermit","Hubris","Infinite Spire","Jorbs\u0027s Wanderer Trilogy","Koishi","Marisa（F雨　魔理沙）","Minty Spire (QoL Compilation)","MostiFishMod","Relic Stats","Replay The Spire","Reworked Bosses","Spicy Shops","StSLib","The Administrix","The Bug Knight","The Cursed","The Factory","The Hierophant","The Jungle","The Servant 0.9.4","【功能Mod】聪明的最终Boss"],"gold_per_floor":[2036,2036,2093,347,872,962,962,1061,1139,1217,1256,1334,1334,226,226,535,535,565,565,565,565,565,667,667,667],"floor_reached":24,"language":"ZHS","playtime":917,"items_purged":[],"score":725,"play_id":"4eae36b4-9d8e-46e7-a043-25ed946ded57","local_time":"20210116222237","is_ascension_mode":true,"campfire_choices":[{"data":"Consecrate","floor":7,"key":"SMITH"},{"data":"Consecrate","floor":7,"key":"SMITH"},{"data":"Consecrate","floor":7,"key":"SMITH"},{"data":"Defend_P","floor":7,"key":"SMITH"},{"data":"Defend_P","floor":7,"key":"SMITH"},{"data":"Prostrate","floor":7,"key":"SMITH"},{"data":"Prostrate","floor":7,"key":"SMITH"},{"data":"Devotion","floor":7,"key":"SMITH"},{"data":"Judgement","floor":7,"key":"SMITH"},{"data":"Replay:ManipulateFuture","floor":7,"key":"SMITH"},{"data":"PathToVictory","floor":7,"key":"SMITH"},{"data":"Vengeance","floor":7,"key":"SMITH"},{"data":"Indignation","floor":7,"key":"SMITH"},{"data":"Finesse","floor":7,"key":"SMITH"},{"floor":7,"key":"DIG"},{"data":"Defend_P","floor":15,"key":"SMITH"},{"data":"Defend_P","floor":15,"key":"PURGE"},{"data":"Defend_P","floor":15,"key":"SMITH"},{"data":"Replay:Anticipation","floor":15,"key":"SMITH"},{"data":"Weave","floor":15,"key":"SMITH"},{"data":"PathToVictory","floor":15,"key":"SMITH"},{"data":"Evaluate","floor":15,"key":"SMITH"},{"floor":15,"key":"DIG"}],"circlet_count":0,"master_deck":["Consecrate+1","Consecrate+1","Consecrate+1","Defend_P","Prostrate+1","Prostrate+1","Devotion+1","Replay:ManipulateFuture+1","PathToVictory+1","Vengeance+1","Indignation+1","Finesse+1","Replay:Anticipation+1","Weave+1","PathToVictory+1","Evaluate+1","FlurryOfBlows","Replay:Fractal Strike","JustLucky"],"relics":["PureWater","Peace Pipe","Ginger","Turnip","Unceasing Top","Omamori","Ice Cream","The Courier","Medical Kit","WingedGreaves","DaveBox","DemoMod:GlassGuonStoneRelic","SynthV:TestCard","DemoMod:MemoryAlloy","Snack Pack","DemoMod:OrangeGuonStone","Shovel","ImprovedEquipment","Gremlin Horn","infinitespire:Lucky Rock","DemoMod:MonsterBlood","DemoMod:BlueGuonStone","conspire:DeflatedDodgeball","CombinedTypeHook","Simple Rune","Whetstone","Mummified Hand","hubris:Teleporter","Gremlin Food","Sling","BirthdayGift-Tetrahedron","Anchor","Toxic Egg 2","conspire:SpecialSausage","betterThird:NestCultRelic","Replay:Blank Codex","DemoMod:NanoMachines","DemoMod:Armor"],"acts_visited":["Exordium","TheCity"],"potions_floor_usage":[],"damage_taken":[{"damage":0,"enemies":"conspire:RoseBush","floor":1,"turns":2},{"damage":0,"enemies":"Cultist","floor":3,"turns":2},{"damage":0,"enemies":"Replay:BlueRogue","floor":6,"turns":3},{"damage":0,"enemies":"HollowMod:MossKnight","floor":8,"turns":2},{"damage":0,"enemies":"Lagavulin","floor":10,"turns":2},{"damage":0,"enemies":"2 Louse","floor":11,"turns":2},{"damage":0,"enemies":"HollowMod:MossKnight","floor":12,"turns":2},{"damage":4,"enemies":"The Guardian","floor":16,"turns":3},{"damage":0,"enemies":"Spheric Guardian","floor":18,"turns":1},{"damage":2,"enemies":"HollowMod:Nosk","floor":23,"turns":2},{"damage":0,"enemies":"Chosen","floor":24,"turns":1}],"seed_played":"-728865721785433562","potions_obtained":[{"floor":1,"key":"Ancient Potion"},{"floor":8,"key":"DemoMod:LeadSkinPotion"},{"floor":16,"key":"LiquidMemories"}],"is_trial":false,"path_per_floor":["M","?","M","$","?","E","R","E","T","E","M","E","?","$","R","B",null,"M","?","?","?","?","E","M"],"character_chosen":"WATCHER","items_purchased":["DemoMod:MemoryAlloy","Snack Pack","DemoMod:OrangeGuonStone","Shovel","ImprovedEquipment","Gremlin Horn","infinitespire:Lucky Rock","DemoMod:MonsterBlood","Finesse","DemoMod:BlueGuonStone","Sling","BirthdayGift-Tetrahedron","Anchor"],"campfire_rested":0,"item_purchase_floors":[4,4,4,4,4,4,4,4,4,4,14,14,14],"current_hp_per_floor":[65,65,65,72,72,72,72,72,72,74,74,76,73,73,73,73,78,79,79,63,63,89,87,87,87],"gold":667,"neow_bonus":"THREE_CARDS","is_daily":false,"chose_seed":false,"campfire_upgraded":20,"win_rate":0.0,"timestamp":1610806957,"path_taken":["M","?","M","?","?","E","R","E","T","E","M","E","?","$","R","BOSS","M","?","?","?","?","E","?"],"items_purchased_type":["Relic","Relic","Relic","Relic","Relic","Relic","Relic","Relic","Card","Relic","Relic","Relic","Relic"],"build_version":"2020-12-22","purchased_purges":0,"victory":false,"max_hp_per_floor":[72,72,72,79,79,79,79,79,79,79,79,79,79,79,79,79,79,79,79,79,79,89,89,89,89],"relic_stats":{"Peace Pipe":3,"Shovel":2,"Gremlin Horn":[0,0],"counters":[11,17],"Mummified Hand":[2],"Turnip":[0],"Ginger":[1],"Whetstone":[],"Medical Kit":[0],"obtain_stats":[{"Ice Cream":0,"CombinedTypeHook":7,"DemoMod:BlueGuonStone":4,"DaveBox":0,"Gremlin Horn":4,"conspire:SpecialSausage":17,"DemoMod:GlassGuonStoneRelic":1,"Ginger":0,"Whetstone":9,"Sling":14,"Shovel":4,"DemoMod:MonsterBlood":4,"Mummified Hand":10,"WingedGreaves":0,"Toxic Egg 2":15,"BirthdayGift-Tetrahedron":14,"Replay:Blank Codex":20,"Gremlin Food":13,"DemoMod:Armor":23,"hubris:Teleporter":12,"DemoMod:MemoryAlloy":4,"DemoMod:OrangeGuonStone":4,"ImprovedEquipment":4,"The Courier":0,"betterThird:NestCultRelic":19,"Omamori":0,"infinitespire:Lucky Rock":4,"Medical Kit":0,"Peace Pipe":0,"Anchor":14,"SynthV:TestCard":1,"Simple Rune":7,"DemoMod:NanoMachines":23,"Turnip":0,"Snack Pack":4,"PureWater":0,"conspire:DeflatedDodgeball":6,"Unceasing Top":0},{"Ice Cream":0,"CombinedTypeHook":3,"DemoMod:BlueGuonStone":2,"DaveBox":0,"Gremlin Horn":2,"conspire:SpecialSausage":8,"DemoMod:GlassGuonStoneRelic":1,"Ginger":0,"Whetstone":4,"Sling":7,"Shovel":2,"DemoMod:MonsterBlood":2,"Mummified Hand":5,"WingedGreaves":0,"Toxic Egg 2":7,"BirthdayGift-Tetrahedron":7,"Replay:Blank Codex":9,"Gremlin Food":7,"DemoMod:Armor":10,"hubris:Teleporter":7,"DemoMod:MemoryAlloy":2,"DemoMod:OrangeGuonStone":2,"ImprovedEquipment":2,"The Courier":0,"betterThird:NestCultRelic":9,"Omamori":0,"infinitespire:Lucky Rock":2,"Medical Kit":0,"Peace Pipe":0,"Anchor":7,"SynthV:TestCard":1,"Simple Rune":3,"DemoMod:NanoMachines":10,"Turnip":0,"Snack Pack":2,"PureWater":0,"conspire:DeflatedDodgeball":3,"Unceasing Top":0},{"Ice Cream":0,"CombinedTypeHook":7,"DemoMod:BlueGuonStone":4,"DaveBox":0,"Gremlin Horn":4,"conspire:SpecialSausage":13,"DemoMod:GlassGuonStoneRelic":2,"Ginger":0,"Whetstone":8,"Sling":11,"Shovel":4,"DemoMod:MonsterBlood":4,"Mummified Hand":9,"WingedGreaves":0,"Toxic Egg 2":11,"BirthdayGift-Tetrahedron":11,"Replay:Blank Codex":14,"Gremlin Food":11,"DemoMod:Armor":16,"hubris:Teleporter":11,"DemoMod:MemoryAlloy":4,"DemoMod:OrangeGuonStone":4,"ImprovedEquipment":4,"The Courier":0,"betterThird:NestCultRelic":14,"Omamori":0,"infinitespire:Lucky Rock":4,"Medical Kit":0,"Peace Pipe":0,"Anchor":11,"SynthV:TestCard":2,"Simple Rune":7,"DemoMod:NanoMachines":16,"Turnip":0,"Snack Pack":4,"PureWater":0,"conspire:DeflatedDodgeball":7,"Unceasing Top":0}],"Unceasing Top":[39]},"card_choices":[{"not_picked":["Prostrate","MentalFortress"],"picked":"Replay:ManipulateFuture","floor":0},{"not_picked":["CutThroughFate","Protect"],"picked":"PathToVictory","floor":1},{"not_picked":["SashWhip","CrushJoints","Replay:Battleflow","Protect"],"picked":"Indignation","floor":3},{"not_picked":["MostiFishMod:FlowState","WreathOfFlame","MostiFishMod:Clarity","MostiFishMod:OutWit","Halt"],"picked":"SKIP","floor":6},{"not_picked":["Meditate","FlyingSleeves","Replay:DivineShield","ThirdEye"],"picked":"Replay:Anticipation","floor":8},{"not_picked":["Worship","WreathOfFlame","Brilliance","Evaluate"],"picked":"Weave","floor":10},{"not_picked":["Adaptation","LikeWater","ThirdEye","CutThroughFate"],"picked":"PathToVictory","floor":11},{"not_picked":["FlurryOfBlows","BattleHymn","EmptyFist","CutThroughFate"],"picked":"Evaluate","floor":12},{"not_picked":["MostiFishMod:Nomercy","BowlingBash","SashWhip+1","Consecrate"],"picked":"FlurryOfBlows","floor":18},{"not_picked":["infinitespire:NeuralNetwork","infinitespire:SevenWalls"],"picked":"Replay:Fractal Strike","floor":21},{"not_picked":["Pray+1","CutThroughFate+1","Consecrate","SashWhip"],"picked":"JustLucky","floor":23}],"player_experience":283052,"relics_obtained":[{"floor":1,"key":"SynthV:TestCard"},{"floor":6,"key":"conspire:DeflatedDodgeball"},{"floor":7,"key":"Simple Rune"},{"floor":9,"key":"Whetstone"},{"floor":10,"key":"Mummified Hand"},{"floor":12,"key":"hubris:Teleporter"},{"floor":15,"key":"Toxic Egg 2"},{"floor":20,"key":"Replay:Blank Codex"},{"floor":23,"key":"DemoMod:NanoMachines"}],"event_choices":[{"damage_healed":0,"gold_gain":0,"cards_transformed":["Defend_P"],"player_choice":"Transformed","damage_taken":0,"max_hp_gain":0,"max_hp_loss":0,"event_name":"Transmorgrifier","floor":2,"gold_loss":0,"cards_obtained":["Vengeance"]},{"damage_healed":0,"gold_gain":175,"player_choice":"AGREE","damage_taken":347,"max_hp_gain":0,"max_hp_loss":0,"event_name":"betterThird:BetterSerpent","floor":5,"gold_loss":0},{"damage_healed":0,"gold_gain":0,"player_choice":"Relic ","damage_taken":3,"max_hp_gain":0,"max_hp_loss":0,"event_name":"betterThird:BetterScrap","floor":13,"gold_loss":0,"cards_obtained":["MostiFishMod:SeaWaves"]},{"damage_healed":0,"gold_gain":0,"player_choice":"Madness","damage_taken":0,"relics_obtained":["betterThird:NestCultRelic"],"max_hp_gain":0,"max_hp_loss":0,"event_name":"betterThird:BetterNest","floor":19,"gold_loss":0},{"damage_healed":0,"gold_gain":0,"player_choice":"Obtained Book","damage_taken":16,"max_hp_gain":0,"max_hp_loss":0,"event_name":"Cursed Tome","floor":20,"gold_loss":0},{"cards_removed":["Judgement"],"damage_healed":16,"gold_gain":0,"player_choice":"Offered Rare","damage_taken":0,"max_hp_gain":10,"max_hp_loss":0,"event_name":"Bonfire Elementals","floor":22,"gold_loss":0}],"is_beta":false,"boss_relics":[{"not_picked":["Kintsugi","conspire:SeveredTorchhead"],"picked":"conspire:SpecialSausage"}],"items_purged_floors":[],"is_endless":false,"potions_floor_spawned":[1,8,16],"killed_by":"Chosen","ascension_level":7}}