{"host":"uyrebrj0204enqpc","time":1610771489,"event":{"mods":["Act Like it!","BaseMod","Block Reminder","Challenge The Spire","Colored Map","Colored Powertips","DeckTracker","GifTheSpireLib","HexUI Lib","Highlight Path","Hubris","Infinite Spire","Minty Spire (QoL Compilation)","Pale of the Ancients","Quick Restart","Random Character Button","Relic Sorter","Relic Stats","Replay The Spire","Shop Mod","StSLib","The Blue Laboratory","The Bug Knight","The Cursed","The Jungle","The Marked","Wandering Minibosses"],"gold_per_floor":[118,118,43,43,43,43,59,59,59,92,92,125,146,165,165,165,165],"floor_reached":16,"language":"ENG","playtime":749,"items_purged":["TheCursedMod:Strike_TheCursed"],"score":160,"play_id":"a9a06241-68e1-4030-a76c-af75f265af0a","local_time":"20210115233129","is_ascension_mode":true,"campfire_choices":[{"data":"TheCursedMod:CursedWand","floor":6.0,"key":"SMITH"},{"data":"TheCursedMod:CleanUpWorkshop","floor":8.0,"key":"SMITH"},{"data":"TheCursedMod:SoulCrush","floor":11,"key":"SMITH"},{"data":"TheCursedMod:Defend_TheCursed","floor":15,"key":"PURGE"}],"circlet_count":0,"master_deck":["TheCursedMod:Strike_TheCursed","TheCursedMod:Strike_TheCursed","TheCursedMod:Strike_TheCursed","TheCursedMod:Defend_TheCursed","TheCursedMod:Defend_TheCursed","TheCursedMod:CursedWand+1","TheCursedMod:CleanUpWorkshop+1","TheCursedMod:Dregs","TheCursedMod:Obscuration","TheCursedMod:SoulCrush+1","TheCursedMod:CursedRelics","TheCursedMod:Obscuration"],"relics":["Iron Core","NeowsBlessing","infinitespire:Cubic Diamond","Golden Idol","infinitespire:Joker Card","Replay:Bottled Snecko","Orichalcum"],"acts_visited":["Exordium"],"potions_floor_usage":[14,16],"damage_taken":[{"damage":0.0,"enemies":"2 Louse","floor":1.0,"turns":1.0},{"damage":0.0,"enemies":"Small Slimes","floor":7.0,"turns":2.0},{"damage":0.0,"enemies":"Gremlin Nob","floor":10.0,"turns":1.0},{"damage":6,"enemies":"Replay:BlueRogue","floor":12,"turns":5},{"damage":1,"enemies":"Jaw Worm","floor":13,"turns":2},{"damage":0,"enemies":"Exordium Wildlife","floor":14,"turns":2},{"damage":56,"enemies":"Slime Boss","floor":16,"turns":11}],"seed_played":"4299494861569012625","potions_obtained":[{"floor":1.0,"key":"blueLaboratory:BottledHope"},{"floor":13,"key":"blueLaboratory:BottledHope"}],"is_trial":false,"path_per_floor":["M","?","$","?","?","R","M","R","T","E","R","E","M","M","R_BF","B"],"character_chosen":"THE_CURSED","items_purchased":[],"campfire_rested":0,"item_purchase_floors":[],"current_hp_per_floor":[75,75,75,75,57,57,57,57,57,57,57,51,50,50,50,0,0],"gold":165,"neow_bonus":"THREE_ENEMY_KILL","is_daily":false,"chose_seed":false,"campfire_upgraded":3,"win_rate":0.0,"timestamp":1610771489,"path_taken":["M","?","$","?","?","R","?","R","T","E","R","E","M","M","R_BF","BOSS"],"items_purchased_type":[],"build_version":"2020-12-22","purchased_purges":1,"victory":false,"max_hp_per_floor":[75,75,75,75,75,75,75,75,75,75,75,75,75,75,75,75,75],"relic_stats":{"counters":[7,24],"Golden Idol":32,"Orichalcum":[6],"obtain_stats":[{"TheCursedMod:BlackMagic101":0,"Iron Core":4,"NeowsBlessing":0,"Golden Idol":5,"infinitespire:Cubic Diamond":4,"infinitespire:Joker Card":9,"Replay:Bottled Snecko":10,"Orichalcum":12},{"TheCursedMod:BlackMagic101":0,"Iron Core":1,"NeowsBlessing":0,"Golden Idol":1,"infinitespire:Cubic Diamond":1,"infinitespire:Joker Card":2,"Replay:Bottled Snecko":3,"Orichalcum":4},{"TheCursedMod:BlackMagic101":0,"Iron Core":1,"NeowsBlessing":0,"Golden Idol":1,"infinitespire:Cubic Diamond":1,"infinitespire:Joker Card":3,"Replay:Bottled Snecko":4,"Orichalcum":9}]},"card_choices":[{"not_picked":["TheCursedMod:Stigma","TheCursedMod:Hemoplague"],"picked":"TheCursedMod:Obscuration","floor":1.0},{"not_picked":["TheCursedMod:CircleOfFlame","Evolve","TheCursedMod:CircleOfCorruption"],"picked":"SKIP","floor":7.0},{"not_picked":["TheCursedMod:CircleOfCorruption","TheCursedMod:PrepareRite"],"picked":"TheCursedMod:SoulCrush","floor":10},{"not_picked":["WeaponsOverheat","Heavy Blade"],"picked":"TheCursedMod:CursedRelics","floor":12},{"not_picked":["TheCursedMod:BloodBarrier","TheCursedMod:EmpowerCircles"],"picked":"TheCursedMod:Obscuration","floor":13},{"not_picked":["Force Field","Rip and Tear","TheCursedMod:TacticalStrike"],"picked":"SKIP","floor":14}],"player_experience":1005202,"relics_obtained":[{"floor":9.0,"key":"infinitespire:Joker Card"},{"floor":10,"key":"Replay:Bottled Snecko"},{"floor":12,"key":"Orichalcum"}],"event_choices":[{"damage_healed":0.0,"max_hp_gain":0.0,"max_hp_loss":0.0,"gold_gain":0.0,"event_name":"Golden Idol","player_choice":"Take Damage","floor":5.0,"gold_loss":0.0,"damage_taken":18.0,"relics_obtained":["Golden Idol"]}],"is_beta":false,"boss_relics":[],"items_purged_floors":[3],"is_endless":false,"potions_floor_spawned":[1,13],"killed_by":"Slime Boss","ascension_level":4}}