{"host":"oehe2dxjvdgux73m","time":1610817802,"event":{"mods":["AchievementEnabler","BaseMod","Colored Map","Colored Powertips","DeckTracker","Keyboard Shortcuts","Minty Spire (QoL Compilation)","Permanent Neow","Quick Restart","StSLib","SuperFastMode"],"gold_per_floor":[115,133,133,150,169,196,196,196,196],"floor_reached":8,"language":"KOR","playtime":181,"items_purged":[],"score":90,"play_id":"e01866e9-4f80-4f0e-98a1-edcc98777242","local_time":"20210117022322","is_ascension_mode":true,"campfire_choices":[],"circlet_count":0,"master_deck":["AscendersBane","Strike_R","Strike_R","Strike_R","Strike_R","Strike_R","Defend_R","Defend_R","Defend_R","Defend_R","Bash","True Grit","Wild Strike","Wild Strike"],"relics":["Burning Blood","PreservedInsect","Lizard Tail","Pantograph"],"acts_visited":["Exordium"],"potions_floor_usage":[],"damage_taken":[{"damage":10.0,"enemies":"Small Slimes","floor":1.0,"turns":4.0},{"damage":17.0,"enemies":"Cultist","floor":2.0,"turns":5.0},{"damage":12.0,"enemies":"Jaw Worm","floor":4.0,"turns":4.0},{"damage":25.0,"enemies":"Gremlin Gang","floor":5.0,"turns":7.0},{"damage":40.0,"enemies":"Lagavulin","floor":6.0,"turns":5.0},{"damage":20,"enemies":"3 Sentries","floor":8,"turns":4}],"seed_played":"6400965958565710117","potions_obtained":[{"floor":4.0,"key":"DuplicationPotion"}],"is_trial":false,"path_per_floor":["M","M","?","M","M","E","?","E"],"character_chosen":"IRONCLAD","items_purchased":[],"campfire_rested":0,"item_purchase_floors":[],"current_hp_per_floor":[68,57,32,26,7,26,26,6,6],"gold":196,"neow_bonus":"RANDOM_COMMON_RELIC","is_daily":false,"chose_seed":false,"campfire_upgraded":0,"win_rate":0.0,"timestamp":1610817802,"path_taken":["M","M","?","M","M","E","?","E"],"items_purchased_type":[],"build_version":"2020-12-22","purchased_purges":0,"victory":false,"max_hp_per_floor":[80,80,80,80,80,80,80,80,80],"card_choices":[{"not_picked":["Dual Wield","Iron Wave"],"picked":"True Grit","floor":1.0},{"not_picked":["Body Slam","Thunderclap"],"picked":"Wild Strike","floor":2.0},{"not_picked":["Havoc","Second Wind"],"picked":"Sword Boomerang","floor":4.0},{"not_picked":["Pommel Strike","True Grit"],"picked":"Wild Strike","floor":5.0},{"not_picked":["Blood for Blood","Dark Embrace","Anger"],"picked":"SKIP","floor":6.0}],"player_experience":247963,"relics_obtained":[{"floor":6.0,"key":"Pantograph"}],"event_choices":[{"damage_healed":0.0,"max_hp_gain":0.0,"max_hp_loss":0.0,"gold_gain":0.0,"event_name":"Scrap Ooze","player_choice":"Success","floor":3.0,"gold_loss":0.0,"damage_taken":25.0,"relics_obtained":["Lizard Tail"]},{"cards_removed":["Sword Boomerang"],"damage_healed":0.0,"max_hp_gain":0.0,"max_hp_loss":0.0,"gold_gain":0.0,"event_name":"Purifier","player_choice":"Purged","floor":7.0,"gold_loss":0.0,"damage_taken":0.0}],"is_beta":false,"boss_relics":[],"items_purged_floors":[],"is_endless":false,"potions_floor_spawned":[4],"killed_by":"3 Sentries","ascension_level":11}}