{"host":"gg","time":1610795697,"event":{"mods":["BaseMod","Colored Map","Googly Eyes","Minty Spire (QoL Compilation)","Permanent Neow","Relic Stats","The IronCluck"],"gold_per_floor":[112,29,43,118,118,148,148,175,175,175,175,202,167,192,192,266,266,281,281,281,292,292,324,324,21,21,31,44,44,79,98,98,98,98,113,138,138,148,162,197,211,243,243,6,31,45,45,62,62,62,62,62],"floor_reached":51,"language":"ENG","playtime":3529,"items_purged":["Pain"],"score":1602,"play_id":"9c726e30-837a-46c0-9525-7048d6e4e49f","local_time":"20210116031457","is_ascension_mode":true,"campfire_choices":[{"floor":7.0,"key":"REST"},{"floor":10.0,"key":"REST"},{"floor":15.0,"key":"RECALL"},{"floor":24.0,"key":"REST"},{"floor":29.0,"key":"REST"},{"floor":32.0,"key":"REST"}],"circlet_count":0,"master_deck":["AscendersBane","Strike_P+1","Strike_P+1","Strike_P+1","Strike_P+1","Defend_P+1","Defend_P+1","Eruption+1","Vigilance+1","TalkToTheHand+1","SignatureMove+1","LessonLearned+1","LessonLearned+1","TalkToTheHand+1","EmptyFist+1","Ragnarok+1","CurseOfTheBell","CarveReality+1","CrushJoints+1","FollowUp+1","CutThroughFate+1","TalkToTheHand+1","FlyingSleeves+1","WheelKick+1","Wallop","Eruption+1","TalkToTheHand+1","Halt+1","Sanctity","FlurryOfBlows+1"],"relics":["Fusion Hammer","Ornamental Fan","Pantograph","Oddly Smooth Stone","Calipers","Mummified Hand","Calling Bell","Akabeko","Shuriken","CloakClasp","WarpedTongs","Sundial","Lee\u0027s Waffle","Strawberry","Centennial Puzzle","Coffee Dripper","Thread and Needle","Potion Belt","Yang","DollysMirror","Blue Candle"],"acts_visited":["Exordium","TheCity","TheBeyond"],"potions_floor_usage":[],"damage_taken":[{"damage":2.0,"enemies":"Cultist","floor":1.0,"turns":3.0},{"damage":0.0,"enemies":"2 Louse","floor":3.0,"turns":4.0},{"damage":14.0,"enemies":"Gremlin Nob","floor":6.0,"turns":3.0},{"damage":32.0,"enemies":"Lagavulin","floor":8.0,"turns":7.0},{"damage":25.0,"enemies":"3 Sentries","floor":12.0,"turns":7.0},{"damage":19.0,"enemies":"Gremlin Nob","floor":14.0,"turns":6.0},{"damage":35.0,"enemies":"Hexaghost","floor":16.0,"turns":12.0},{"damage":17.0,"enemies":"Chosen","floor":18.0,"turns":5.0},{"damage":11.0,"enemies":"2 Thieves","floor":21.0,"turns":2.0},{"damage":20.0,"enemies":"Slavers","floor":23.0,"turns":3.0},{"damage":0.0,"enemies":"Centurion and Healer","floor":27.0,"turns":3.0},{"damage":1.0,"enemies":"Cultist and Chosen","floor":28.0,"turns":4.0},{"damage":17.0,"enemies":"Book of Stabbing","floor":30.0,"turns":5.0},{"damage":9.0,"enemies":"3 Cultists","floor":31.0,"turns":3.0},{"damage":8.0,"enemies":"Automaton","floor":33.0,"turns":6.0},{"damage":12.0,"enemies":"3 Shapes","floor":35.0,"turns":7.0},{"damage":24.0,"enemies":"Mind Bloom Boss Battle","floor":36.0,"turns":9.0},{"damage":0.0,"enemies":"Orb Walker","floor":38.0,"turns":2.0},{"damage":0.0,"enemies":"Transient","floor":39.0,"turns":6.0},{"damage":4.0,"enemies":"Giant Head","floor":40.0,"turns":7.0},{"damage":14.0,"enemies":"4 Shapes","floor":41.0,"turns":8.0},{"damage":14.0,"enemies":"Reptomancer","floor":42.0,"turns":4.0},{"damage":0.0,"enemies":"Giant Head","floor":45.0,"turns":6.0},{"damage":25.0,"enemies":"Writhing Mass","floor":46.0,"turns":5.0},{"damage":0.0,"enemies":"Spire Growth","floor":48.0,"turns":4.0},{"damage":17.0,"enemies":"Time Eater","floor":50.0,"turns":6.0},{"damage":69,"enemies":"Donu and Deca","floor":51,"turns":7}],"seed_played":"2913191807879781622","potions_obtained":[{"floor":8.0,"key":"Weak Potion"},{"floor":12.0,"key":"PowerPotion"},{"floor":27.0,"key":"LiquidMemories"},{"floor":28.0,"key":"CultistPotion"},{"floor":36.0,"key":"CultistPotion"},{"floor":39.0,"key":"StancePotion"},{"floor":41.0,"key":"Regen Potion"},{"floor":42.0,"key":"CultistPotion"},{"floor":48.0,"key":"Dexterity Potion"}],"is_trial":false,"path_per_floor":["M","$","M","?","?","E","R","E","T","R","?","E","?","E","R","B",null,"M","?","?","M","?","E","R","$","T","M","M","R","E","M","R","B",null,"M","?","?","M","M","E","M","E","T","$","E","M","?","M","R","B","B"],"character_chosen":"WATCHER","items_purchased":["TalkToTheHand","Lee\u0027s Waffle","Block Potion","DollysMirror","TalkToTheHand"],"campfire_rested":5,"item_purchase_floors":[2,25,25,44,44],"current_hp_per_floor":[59,59,59,48,53,39,60,28,28,49,42,17,35,16,16,6,56,39,39,39,28,28,8,29,80,87,87,86,87,70,61,87,79,85,73,63,63,63,63,59,45,31,31,31,31,6,6,18,18,26,0,0],"gold":62,"neow_bonus":"BOSS_RELIC","is_daily":false,"chose_seed":false,"campfire_upgraded":0,"win_rate":0.0,"timestamp":1610795697,"path_taken":["M","?","M","?","?","E","R","E","T","R","?","E","?","E","R","BOSS","M","?","?","M","?","E","R","$","T","M","?","R","E","M","R","BOSS","M","?","?","M","M","E","M","E","T","?","E","?","?","M","R","BOSS","BOSS"],"items_purchased_type":["Card","Relic","Potion","Relic","Card"],"build_version":"2020-12-18","purchased_purges":1,"victory":false,"max_hp_per_floor":[68,68,68,68,73,73,73,73,73,73,73,73,73,73,73,73,73,73,73,73,73,73,73,73,80,87,87,87,87,87,87,87,87,87,87,87,87,87,87,87,87,87,87,87,87,87,87,87,87,87,87,87],"relic_stats":{"Lee\u0027s Waffle":51,"counters":[27,144],"Blue Candle":[0],"Yang":[90],"CloakClasp":[210],"WarpedTongs":[44],"Centennial Puzzle":[30],"Ornamental Fan":[276],"Mummified Hand":[0],"Shuriken":[57],"Sundial":[10],"Pantograph":89,"obtain_stats":[{"Potion Belt":40,"Lee\u0027s Waffle":25,"Calipers":12,"Blue Candle":45,"Oddly Smooth Stone":9,"Thread and Needle":36,"Yang":42,"CloakClasp":17,"Akabeko":17,"WarpedTongs":22,"Calling Bell":17,"Centennial Puzzle":30,"Ornamental Fan":6,"Mummified Hand":14,"Shuriken":17,"Sundial":23,"DollysMirror":44,"Pantograph":8,"Strawberry":26,"Fusion Hammer":0,"Coffee Dripper":34,"PureWater":0},{"Potion Belt":20,"Lee\u0027s Waffle":10,"Calipers":5,"Blue Candle":23,"Oddly Smooth Stone":4,"Thread and Needle":17,"Yang":22,"CloakClasp":7,"Akabeko":7,"WarpedTongs":9,"Calling Bell":7,"Centennial Puzzle":13,"Ornamental Fan":3,"Mummified Hand":6,"Shuriken":7,"Sundial":10,"DollysMirror":22,"Pantograph":4,"Strawberry":10,"Fusion Hammer":0,"Coffee Dripper":15,"PureWater":0},{"Potion Belt":104,"Lee\u0027s Waffle":52,"Calipers":24,"Blue Candle":122,"Oddly Smooth Stone":17,"Thread and Needle":89,"Yang":116,"CloakClasp":42,"Akabeko":42,"WarpedTongs":49,"Calling Bell":42,"Centennial Puzzle":64,"Ornamental Fan":10,"Mummified Hand":30,"Shuriken":42,"Sundial":52,"DollysMirror":116,"Pantograph":17,"Strawberry":52,"Fusion Hammer":0,"Coffee Dripper":73,"PureWater":0}]},"card_choices":[{"not_picked":["Halt","PathToVictory","WreathOfFlame"],"picked":"SKIP","floor":1.0},{"not_picked":["EmptyBody","ThirdEye"],"picked":"SignatureMove","floor":3.0},{"not_picked":["Protect","MentalFortress"],"picked":"LessonLearned","floor":6.0},{"not_picked":["JustLucky","Meditate"],"picked":"LessonLearned","floor":8.0},{"not_picked":["ClearTheMind","LikeWater"],"picked":"TalkToTheHand","floor":12.0},{"not_picked":["ReachHeaven","WaveOfTheHand"],"picked":"EmptyFist","floor":14.0},{"not_picked":["Judgement","Blasphemy"],"picked":"Ragnarok","floor":16.0},{"not_picked":["DeceiveReality","JustLucky"],"picked":"CarveReality","floor":18.0},{"not_picked":["Sanctity","MentalFortress"],"picked":"CrushJoints","floor":21.0},{"not_picked":["Prostrate","Establishment"],"picked":"FollowUp","floor":23.0},{"not_picked":["ThirdEye","Perseverance","Swivel"],"picked":"SKIP","floor":27.0},{"not_picked":["WindmillStrike","ClearTheMind+1","Halt"],"picked":"SKIP","floor":28.0},{"not_picked":["Consecrate","ClearTheMind+1","WindmillStrike"],"picked":"SKIP","floor":30.0},{"not_picked":["EmptyBody","PathToVictory"],"picked":"CutThroughFate","floor":31.0},{"not_picked":["Collect","Prostrate+1","DeceiveReality"],"picked":"SKIP","floor":35.0},{"not_picked":["FlurryOfBlows+1","EmptyFist+1"],"picked":"TalkToTheHand","floor":36.0},{"not_picked":["BattleHymn+1","EmptyBody"],"picked":"FlyingSleeves+1","floor":38.0},{"not_picked":["ForeignInfluence","SandsOfTime","ClearTheMind+1"],"picked":"SKIP","floor":39.0},{"not_picked":["Nirvana+1","Conclude","Protect"],"picked":"SKIP","floor":40.0},{"not_picked":["Protect","DeceiveReality"],"picked":"WheelKick","floor":41.0},{"not_picked":["Swivel+1","SignatureMove"],"picked":"Wallop","floor":42.0},{"not_picked":["Fasting2+1","Adaptation"],"picked":"Halt","floor":45.0},{"not_picked":["BattleHymn","BowlingBash"],"picked":"Sanctity","floor":46.0},{"not_picked":["CutThroughFate","Nirvana"],"picked":"FlurryOfBlows+1","floor":48.0}],"player_experience":1210284,"relics_obtained":[{"floor":6.0,"key":"Ornamental Fan"},{"floor":8.0,"key":"Pantograph"},{"floor":9.0,"key":"Oddly Smooth Stone"},{"floor":12.0,"key":"Calipers"},{"floor":14.0,"key":"Mummified Hand"},{"floor":17.0,"key":"Akabeko"},{"floor":17.0,"key":"Shuriken"},{"floor":17.0,"key":"CloakClasp"},{"floor":23.0,"key":"Sundial"},{"floor":26.0,"key":"Strawberry"},{"floor":30.0,"key":"Centennial Puzzle"},{"floor":36.0,"key":"Thread and Needle"},{"floor":40.0,"key":"Potion Belt"},{"floor":42.0,"key":"Yang"},{"floor":45.0,"key":"Blue Candle"}],"event_choices":[{"damage_healed":0.0,"max_hp_gain":0.0,"max_hp_loss":0.0,"gold_gain":75.0,"event_name":"World of Goop","player_choice":"Gather Gold","floor":4.0,"gold_loss":0.0,"damage_taken":11.0},{"damage_healed":0.0,"max_hp_gain":5.0,"max_hp_loss":0.0,"gold_gain":0.0,"event_name":"Big Fish","player_choice":"Donut","floor":5.0,"gold_loss":0.0,"damage_taken":0.0},{"cards_removed":["Defend_P"],"damage_healed":0.0,"max_hp_gain":0.0,"max_hp_loss":0.0,"gold_gain":0.0,"event_name":"Golden Wing","player_choice":"Card Removal","floor":11.0,"gold_loss":0.0,"damage_taken":7.0},{"damage_healed":18.0,"max_hp_gain":0.0,"max_hp_loss":0.0,"gold_gain":0.0,"event_name":"The Cleric","player_choice":"Healed","floor":13.0,"gold_loss":35.0,"damage_taken":0.0},{"damage_healed":0.0,"max_hp_gain":0.0,"max_hp_loss":0.0,"gold_gain":0.0,"event_name":"Back to Basics","player_choice":"Simplicity","floor":19.0,"gold_loss":0.0,"damage_taken":0.0,"cards_upgraded":["Strike_P","Strike_P","Strike_P","Strike_P","Defend_P","Defend_P","Defend_P"]},{"damage_healed":0.0,"max_hp_gain":0.0,"max_hp_loss":0.0,"gold_gain":0.0,"event_name":"Ghosts","player_choice":"Ignored","floor":20.0,"gold_loss":0.0,"damage_taken":0.0},{"damage_healed":0.0,"max_hp_gain":0.0,"max_hp_loss":0.0,"gold_gain":0.0,"event_name":"Accursed Blacksmith","player_choice":"Rummage","floor":22.0,"gold_loss":0.0,"damage_taken":0.0,"relics_obtained":["WarpedTongs"],"cards_obtained":["Pain"]},{"damage_healed":0.0,"max_hp_gain":0.0,"max_hp_loss":0.0,"gold_gain":0.0,"event_name":"MindBloom","player_choice":"Fight","floor":36.0,"gold_loss":0.0,"damage_taken":0.0},{"damage_healed":0.0,"max_hp_gain":0.0,"max_hp_loss":0.0,"gold_gain":0.0,"event_name":"Tomb of Lord Red Mask","player_choice":"Ignored","floor":37.0,"gold_loss":0.0,"damage_taken":0.0},{"cards_removed":["Defend_P"],"damage_healed":0.0,"max_hp_gain":0.0,"max_hp_loss":0.0,"gold_gain":0.0,"event_name":"Falling","player_choice":"Removed Skill","floor":47.0,"gold_loss":0.0,"damage_taken":0.0}],"is_beta":true,"boss_relics":[{"not_picked":["SacredBark","Sozu"],"picked":"Calling Bell"},{"not_picked":["Velvet Choker","Empty Cage"],"picked":"Coffee Dripper"}],"items_purged_floors":[25],"is_endless":false,"potions_floor_spawned":[8,12,27,28,31,36,39,41,42,48],"killed_by":"Donu and Deca","ascension_level":20}}