{"host":"uwwvm37dko2v39wu","time":1610772273,"event":{"mods":["BaseMod","Downfall","Minty Spire (QoL Compilation)","StSLib"],"gold_per_floor":[99,374,390,408,422,440,440,20,470,470,470,490,513,542,562,562,562],"floor_reached":16,"language":"ZHS","playtime":1287,"items_purged":["Regret"],"score":102,"play_id":"d17e8007-7af9-4074-8764-b055921239fd","local_time":"20210116124433","daily_mods":["Vintage"],"is_ascension_mode":false,"campfire_choices":[{"data":"Bash","floor":1,"key":"SMITH"},{"floor":10,"key":"REST"}],"circlet_count":0,"master_deck":["Strike_R","Strike_R","Strike_R","Strike_R","Strike_R","Defend_R","Defend_R","Defend_R","Defend_R","Bash+1","expansioncontent:StudyTheSpire","downfall:Icky","downfall:Icky","downfall:Icky","Anger"],"relics":["Burning Blood","Letter Opener","bronze:DecasWashers","Tiny Chest","Strawberry","Akabeko","Toolbox","Mummified Hand","Paper Frog","Orichalcum","Pen Nib","Darkstone Periapt"],"acts_visited":["Exordium"],"potions_floor_usage":[6,14],"damage_taken":[{"damage":4,"enemies":"Jaw Worm","floor":3,"turns":4},{"damage":3,"enemies":"Cultist","floor":4,"turns":3},{"damage":9,"enemies":"Small Slimes","floor":5,"turns":3},{"damage":54,"enemies":"Gremlin Gang","floor":6,"turns":11},{"damage":13,"enemies":"downfall:FleeingMerchant","floor":8,"turns":4},{"damage":19,"enemies":"3 Louse","floor":12,"turns":7},{"damage":16,"enemies":"3 Sentries","floor":14,"turns":5},{"damage":7,"enemies":"Gremlin Gang","floor":15,"turns":6},{"damage":14,"enemies":"IC_STATUS_ARCHETYPE","floor":16,"turns":2}],"seed_played":"5264907871886190303","potions_obtained":[{"floor":3,"key":"DuplicationPotion"},{"floor":5,"key":"LiquidMemories"},{"floor":6,"key":"EssenceOfSteel"}],"is_trial":true,"path_per_floor":["R","?","M","M","M","M","T","$","?","R","?","M","T","E","M","B"],"character_chosen":"IRONCLAD","items_purchased":["Toolbox","expansioncontent:StudyTheSpire"],"campfire_rested":1,"item_purchase_floors":[8,8],"current_hp_per_floor":[80,80,80,80,77,36,36,29,29,55,37,24,24,14,13,0,0],"gold":562,"neow_bonus":"","is_daily":false,"chose_seed":false,"campfire_upgraded":1,"win_rate":0.0,"timestamp":1610772273,"path_taken":["R","?","?","M","M","M","T","?","?","R","?","M","?","E","M","BOSS"],"items_purchased_type":["Relic","Card"],"build_version":"2020-12-22","purchased_purges":1,"victory":false,"max_hp_per_floor":[80,80,80,80,80,87,87,87,87,87,87,87,87,87,87,87,87],"card_choices":[{"not_picked":["Twin Strike","Power Through","Rupture"],"picked":"SKIP","floor":8},{"not_picked":["Twin Strike","Evolve"],"picked":"Anger","floor":14}],"player_experience":640057,"relics_obtained":[{"floor":3,"key":"Letter Opener"},{"floor":4,"key":"bronze:DecasWashers"},{"floor":5,"key":"Tiny Chest"},{"floor":6,"key":"Strawberry"},{"floor":7,"key":"Akabeko"},{"floor":12,"key":"Paper Frog"},{"floor":13,"key":"Orichalcum"},{"floor":14,"key":"Pen Nib"},{"floor":15,"key":"Darkstone Periapt"}],"event_choices":[{"damage_healed":0,"gold_gain":0,"player_choice":"Success","damage_taken":18,"relics_obtained":["Mummified Hand"],"max_hp_gain":0,"max_hp_loss":0,"event_name":"Scrap Ooze","floor":11,"gold_loss":0}],"is_beta":false,"boss_relics":[],"items_purged_floors":[8],"is_endless":false,"potions_floor_spawned":[3,5,6],"killed_by":"IC_STATUS_ARCHETYPE","ascension_level":0}}