{"host":"jmdwsiegw2vwqzt1","time":1610772956,"event":{"mods":["2.2 Compatiblity","AchievementEnabler","BaseMod","Better Third Choice","Better Vampires","Colored Powertips","Custom Start","Dio Mod","Downfall","Hermit","Highlight Path","Jorbs\u0027s Wanderer Trilogy","Marisa????????","Minty Spire (QoL Compilation)","Permanent Neow","Quick Restart","Rare Cards Sparkle","Relic Stats","Spicy Shops","StSLib","SuperFastMode","The Bug Knight","The Cursed","The Disciple","The Hierophant","The Necromancer","The Servant 0.9.4","slay the spire mod where everything is the same but ironclad has a cowboy hat"],"gold_per_floor":[99,117,117,102,118,218,242,262,412,135,148,163,63,75,85,186,186,186,186,202,213,49,49,49,62,62,47,73,101,1,21,31,129,129,29,48,48,398,416,416,439,453,416,416,58,75,75,75,75,75],"floor_reached":48,"language":"ENG","playtime":2301,"items_purged":["downfall:Icky"],"score":517,"play_id":"a807b7d8-c8f8-4720-bac2-3902dcb1878d","local_time":"20210115235556","is_ascension_mode":false,"campfire_choices":[{"data":"champ:Taunt","floor":1,"key":"SMITH"},{"floor":13,"key":"REST"},{"floor":18,"key":"RECALL"},{"data":"expansioncontent:StudyTheSpire","floor":23,"key":"SMITH"},{"floor":26,"key":"REST"},{"floor":30,"key":"REST"},{"data":"champ:MurderStrike","floor":35,"key":"SMITH"},{"data":"champ:SteelEdge","floor":44,"key":"SMITH"}],"circlet_count":0,"master_deck":["champ:Strike","champ:Strike","champ:Strike","champ:Strike","champ:Defend","champ:Defend","champ:Execute","champ:Taunt+1","champ:AdrenalArmor","champ:FaceSlap","champ:BerserkerStyle","expansioncontent:StudyTheSpire+1","champ:CrownThrow","champ:MurderStrike+1","champ:TripleStrike","champ:FalseCounter","champ:PreciseThrust","champ:BringItOn","champ:AdrenalArmor","champ:Encircle","champ:RageSigil","champ:HeartStrike","champ:FocusedBerserking","champ:StanceDance","champ:SteelEdge+1","Parasite","champ:RageSigil","champ:CrownThrow+1"],"relics":["champ:ChampionCrownUpgraded","downfall:HeartBlessingBlue","Vajra","PreservedInsect","Bronze Scales","downfall:HeartBlessingRed","bronze:MakeshiftBattery","downfall:HeartBlessingGreen","Old Coin","Juzu Bracelet","Bottled Lightning","Strawberry","Shuriken"],"acts_visited":["Exordium","TheCity","TheBeyond"],"potions_floor_usage":[16,16,25,31,32,33,33,42,48,48,48],"damage_taken":[{"damage":12,"enemies":"Small Slimes","floor":2,"turns":4},{"damage":35,"enemies":"downfall:FleeingMerchant","floor":4,"turns":4},{"damage":15,"enemies":"Cultist","floor":5,"turns":3},{"damage":16,"enemies":"Jaw Worm","floor":8,"turns":3},{"damage":15,"enemies":"downfall:FleeingMerchant","floor":10,"turns":4},{"damage":23,"enemies":"Blue Slaver","floor":11,"turns":4},{"damage":27,"enemies":"Exordium Wildlife","floor":12,"turns":3},{"damage":60,"enemies":"Lots of Slimes","floor":14,"turns":6},{"damage":42,"enemies":"Exordium Thugs","floor":15,"turns":5},{"damage":57,"enemies":"IC_STATUS_ARCHETYPE","floor":16,"turns":8},{"damage":76,"enemies":"3 Byrds","floor":20,"turns":7},{"damage":46,"enemies":"Centurion and Healer","floor":21,"turns":5},{"damage":45,"enemies":"downfall:FleeingMerchant","floor":22,"turns":4},{"damage":75,"enemies":"Snake Plant","floor":25,"turns":5},{"damage":30,"enemies":"downfall:FleeingMerchant","floor":27,"turns":4},{"damage":90,"enemies":"Book of Stabbing","floor":29,"turns":5},{"damage":39,"enemies":"3 Cultists","floor":31,"turns":4},{"damage":48,"enemies":"Shelled Parasite and Fungi","floor":32,"turns":4},{"damage":29,"enemies":"WA_ARCHETYPE_CALM","floor":33,"turns":5},{"damage":20,"enemies":"Orb Walker","floor":36,"turns":2},{"damage":63,"enemies":"Orb Walker","floor":38,"turns":4},{"damage":34,"enemies":"3 Shapes","floor":39,"turns":2},{"damage":52,"enemies":"Writhing Mass","floor":42,"turns":4},{"damage":30,"enemies":"downfall:FleeingMerchant","floor":43,"turns":2},{"damage":64,"enemies":"Transient","floor":46,"turns":5},{"damage":111,"enemies":"Orin","floor":48,"turns":5}],"seed_played":"-1693979029812036935","potions_obtained":[{"floor":2,"key":"champ:CounterPotion"},{"floor":5,"key":"Swift Potion"},{"floor":11,"key":"Weak Potion"},{"floor":16,"key":"Explosive Potion"},{"floor":20,"key":"Weak Potion"},{"floor":29,"key":"Strength Potion"},{"floor":32,"key":"Fruit Juice"},{"floor":33,"key":"AttackPotion"},{"floor":42,"key":"bronze:BurnAndBuffPotion"},{"floor":46,"key":"Swift Potion"}],"is_trial":false,"path_per_floor":["R","M","?","$","M","?","T","M","?","$","M","M","R","M","M","B",null,"R","?","M","M","$","R","T","M","R","$","T","E","R","M","M","B",null,"R","M","?","?","M","?","T","M","$","R","$","M","?","?"],"character_chosen":"THE_CHAMP","items_purchased":["expansioncontent:StudyTheSpire","champ:Encircle","champ:RageSigil","Bottled Lightning","Strawberry","Shuriken","FearPotion"],"campfire_rested":3,"item_purchase_floors":[10,22,22,43,43,45,45],"current_hp_per_floor":[90,88,83,78,78,78,78,77,77,67,51,45,85,72,58,28,100,100,100,92,89,74,74,74,52,82,82,82,27,57,48,30,21,105,105,105,105,88,84,84,84,74,81,81,81,81,81,0,0,0],"gold":75,"neow_bonus":"THREE_CARDS","is_daily":false,"chose_seed":false,"campfire_upgraded":4,"win_rate":0.0,"timestamp":1610772956,"path_taken":["R","M","?","$","?","?","T","M","?","?","M","M","R","M","M","BOSS","R","?","?","M","?","R","T","M","R","$","?","E","R","M","M","BOSS","R","M","?","?","M","?","T","M","$","R","?","M","?","?"],"items_purchased_type":["Card","Card","Card","Relic","Relic","Relic","Potion"],"build_version":"2020-12-22","purchased_purges":1,"victory":false,"max_hp_per_floor":[90,90,90,90,90,90,90,90,90,90,90,90,100,100,100,100,100,100,100,100,100,100,100,100,100,100,100,100,100,100,100,105,105,105,105,105,105,105,105,105,105,105,112,112,112,112,112,112,112,112],"relic_stats":{"counters":[26,111],"Shuriken":[7],"Bronze Scales":[79],"PreservedInsect":58,"Juzu Bracelet":0,"obtain_stats":[{"downfall:HeartBlessingRed":30,"Vajra":24,"champ:ChampionCrown":0,"downfall:HeartBlessingGreen":35,"champ:ChampionCrownUpgraded":17,"PreservedInsect":28,"Juzu Bracelet":41,"Old Coin":38,"downfall:HeartBlessingBlue":13,"Shuriken":45,"Bronze Scales":29,"Strawberry":43,"Bottled Lightning":43,"bronze:MakeshiftBattery":34},{"downfall:HeartBlessingRed":16,"Vajra":13,"champ:ChampionCrown":0,"downfall:HeartBlessingGreen":19,"champ:ChampionCrownUpgraded":10,"PreservedInsect":15,"Juzu Bracelet":22,"Old Coin":21,"downfall:HeartBlessingBlue":7,"Shuriken":24,"Bronze Scales":16,"Strawberry":24,"Bottled Lightning":24,"bronze:MakeshiftBattery":19},{"downfall:HeartBlessingRed":74,"Vajra":60,"champ:ChampionCrown":0,"downfall:HeartBlessingGreen":87,"champ:ChampionCrownUpgraded":44,"PreservedInsect":69,"Juzu Bracelet":95,"Old Coin":93,"downfall:HeartBlessingBlue":25,"Shuriken":101,"Bronze Scales":74,"Strawberry":101,"Bottled Lightning":101,"bronze:MakeshiftBattery":87}]},"card_choices":[{"not_picked":["champ:GutPunch","champ:IronFortress"],"picked":"champ:AdrenalArmor","floor":0},{"not_picked":["champ:Lariat","champ:GutPunch"],"picked":"champ:FaceSlap","floor":2},{"not_picked":["champ:FalseCounter","champ:GladiatorStyle","champ:GutPunch"],"picked":"SKIP","floor":4},{"not_picked":["champ:CalledShot","champ:Circumvent","champ:Backstep"],"picked":"SKIP","floor":5},{"not_picked":["champ:Duel","champ:ViciousMockery","champ:DefensiveShout"],"picked":"SKIP","floor":8},{"not_picked":["champ:CrownThrow","champ:Endure"],"picked":"champ:BerserkerStyle","floor":10},{"not_picked":["champ:Circumvent","champ:SkillfulDodge"],"picked":"champ:CrownThrow","floor":11},{"not_picked":["champ:BerserkersShout","champ:SkillfulDodge","champ:ShieldSigil"],"picked":"SKIP","floor":12},{"not_picked":["champ:Shatter","champ:BerserkerStyle","champ:FocusedDefense"],"picked":"SKIP","floor":14},{"not_picked":["champ:FocusedDefense","champ:CrownThrow"],"picked":"champ:MurderStrike","floor":15},{"not_picked":["champ:ShieldThrow","champ:DancingMaster"],"picked":"champ:TripleStrike","floor":16},{"not_picked":["champ:DefensiveShout","champ:FanOfKnives"],"picked":"champ:PreciseThrust","floor":20},{"not_picked":["champ:Devastate","champ:FlashCut+1"],"picked":"champ:BringItOn","floor":21},{"not_picked":["champ:StanceDance","champ:TornadoPunch+1"],"picked":"champ:AdrenalArmor","floor":22},{"not_picked":["champ:ViciousMockery","champ:FocusedBerserking"],"picked":"champ:HeartStrike","floor":25},{"not_picked":["champ:ShieldWall","champ:FocusedDefense+1"],"picked":"champ:FocusedBerserking","floor":27},{"not_picked":["champ:DancingMaster","champ:BerserkersShout"],"picked":"champ:StanceDance","floor":29},{"not_picked":["champ:PerfectedStrike","champ:Backstep","champ:SkillfulDodge+1"],"picked":"SKIP","floor":31},{"not_picked":["champ:IronFortress","champ:PerfectedStrike+1","champ:DeathBlow"],"picked":"SKIP","floor":32},{"not_picked":["champ:UltimateStance","champ:ShieldThrow"],"picked":"champ:SteelEdge","floor":33},{"not_picked":["champ:CrookedStrike","champ:BerserkersShout","champ:Circumvent+1"],"picked":"SKIP","floor":36},{"not_picked":["champ:ArenaPreparation","champ:DefensiveStyle","champ:DeathBlow"],"picked":"SKIP","floor":39},{"not_picked":["champ:FocusedBerserking+1","champ:FaceSlap+1"],"picked":"champ:RageSigil","floor":42},{"not_picked":["champ:CalledShot","champ:DefensiveStyle+1"],"picked":"champ:CrownThrow+1","floor":43},{"not_picked":["champ:AdrenalArmor","champ:GutPunch","champ:DefensiveShout"],"picked":"SKIP","floor":46}],"player_experience":329098,"relics_obtained":[{"floor":24,"key":"Vajra"},{"floor":28,"key":"PreservedInsect"},{"floor":29,"key":"Bronze Scales"},{"floor":38,"key":"Old Coin"},{"floor":41,"key":"Juzu Bracelet"}],"event_choices":[{"cards_removed":["champ:Defend"],"damage_healed":0,"gold_gain":0,"player_choice":"Removed Skill","damage_taken":0,"max_hp_gain":0,"max_hp_loss":0,"event_name":"Falling","floor":40,"gold_loss":0},{"damage_healed":0,"gold_gain":0,"player_choice":"Fight","damage_taken":0,"max_hp_gain":0,"max_hp_loss":0,"event_name":"OrinTheCat","floor":48,"gold_loss":0}],"is_beta":false,"boss_relics":[{"not_picked":["expansioncontent:StudyCardRelic","Velvet Choker"],"picked":"champ:ChampionCrownUpgraded"},{"not_picked":["Tiny House","Pandora\u0027s Box"],"picked":"bronze:MakeshiftBattery"}],"items_purged_floors":[10],"is_endless":false,"potions_floor_spawned":[2,5,11,12,15,16,20,29,32,33,42,46],"killed_by":"Orin","ascension_level":0}}