{"host":"y193d0agu1dp5x1y","time":1610774591,"event":{"mods":["AchievementEnabler","BaseMod","Googly Eyes","Minty Spire (QoL Compilation)"],"gold_per_floor":[119,139,89,89,14,14,53,53,122,142,217,260,260,260,260,388,388,404,427,1,1,25,25,25,25,25,25,25,125,0,13,13,118,118,131,131,44,58,85,85,116,116,416,416,0,19,34,52,52,52,52],"floor_reached":50,"language":"ENG","playtime":1918,"items_purged":["Injury","Strike_B","Strike_B"],"score":524,"play_id":"2bfb3d1b-2e44-4e5f-8582-2faf10f47fc8","local_time":"20210115232311","is_ascension_mode":false,"campfire_choices":[{"data":"White Noise","floor":6,"key":"SMITH"},{"data":"Zap","floor":8,"key":"SMITH"},{"data":"Melter","floor":13,"key":"SMITH"},{"data":"Conserve Battery","floor":15,"key":"SMITH"},{"data":"Electrodynamics","floor":23,"key":"SMITH"},{"data":"Defragment","floor":25,"key":"SMITH"},{"data":"Ball Lightning","floor":27,"key":"SMITH"},{"floor":32,"key":"DIG"},{"floor":40,"key":"DIG"},{"floor":42,"key":"DIG"},{"floor":44,"key":"DIG"},{"floor":49,"key":"DIG"}],"circlet_count":0,"master_deck":["Strike_B+1","Strike_B","Defend_B","Defend_B","Defend_B+1","Defend_B+1","Zap+1","Steam","White Noise+1","Conserve Battery+1","Ball Lightning+1","Melter+1","Electrodynamics+1","Go for the Eyes+1","Go for the Eyes","Defragment+1","Gash+1","Buffer","Machine Learning","Conserve Battery","White Noise+1","Swift Strike","Streamline+1","Sweeping Beam+1"],"relics":["NeowsBlessing","Bloody Idol","Pantograph","Gremlin Horn","Ornamental Fan","Mercury Hourglass","Coffee Dripper","Symbiotic Virus","Nloth\u0027s Gift","Enchiridion","War Paint","Shovel","Question Card","Anchor","Runic Pyramid","Whetstone","Omamori","Emotion Chip","Smiling Mask","Old Coin","Bottled Lightning","Red Mask","Oddly Smooth Stone"],"acts_visited":["Exordium","TheCity","TheBeyond"],"potions_floor_usage":[12,12,12,22,31,33,41,46,50,50],"damage_taken":[{"damage":0,"enemies":"2 Louse","floor":1,"turns":1},{"damage":0,"enemies":"Cultist","floor":2,"turns":1},{"damage":0,"enemies":"Lagavulin","floor":7,"turns":1},{"damage":0,"enemies":"Small Slimes","floor":10,"turns":3},{"damage":2,"enemies":"Gremlin Nob","floor":12,"turns":3},{"damage":15,"enemies":"Slime Boss","floor":16,"turns":8},{"damage":4,"enemies":"2 Thieves","floor":18,"turns":3},{"damage":2,"enemies":"Chosen","floor":19,"turns":3},{"damage":15,"enemies":"Centurion and Healer","floor":22,"turns":5},{"damage":9,"enemies":"Colosseum Slavers","floor":29,"turns":2},{"damage":6,"enemies":"Colosseum Nobs","floor":29,"turns":3},{"damage":0,"enemies":"Cultist and Chosen","floor":31,"turns":4},{"damage":27,"enemies":"Champ","floor":33,"turns":11},{"damage":0,"enemies":"Orb Walker","floor":35,"turns":3},{"damage":0,"enemies":"3 Shapes","floor":38,"turns":3},{"damage":6,"enemies":"Nemesis","floor":41,"turns":6},{"damage":18,"enemies":"Writhing Mass","floor":46,"turns":5},{"damage":32,"enemies":"3 Darklings","floor":47,"turns":5},{"damage":0,"enemies":"Jaw Worm Horde","floor":48,"turns":3},{"damage":83,"enemies":"Time Eater","floor":50,"turns":9}],"seed_played":"1404124733563585342","potions_obtained":[{"floor":1,"key":"Strength Potion"},{"floor":2,"key":"LiquidMemories"},{"floor":10,"key":"BlessingOfTheForge"},{"floor":19,"key":"Regen Potion"},{"floor":29,"key":"Swift Potion"},{"floor":31,"key":"FearPotion"},{"floor":38,"key":"SkillPotion"},{"floor":41,"key":"SpeedPotion"},{"floor":46,"key":"PotionOfCapacity"},{"floor":48,"key":"BlessingOfTheForge"}],"is_trial":false,"path_per_floor":["M","M","?","?","$","R","E","R","T","M","?","E","R","T","R","B",null,"M","M","$","?","M","R","?","R","T","R","?","?","$","M","R","B",null,"M","?","$","M","T","R","E","R","T","R","?","M","M","M","R","B"],"character_chosen":"DEFECT","items_purchased":["Defragment","Symbiotic Virus","Swift Strike"],"campfire_rested":0,"item_purchase_floors":[20,20,37],"current_hp_per_floor":[75,75,75,75,75,75,75,75,75,75,64,62,62,62,62,60,75,71,69,69,69,63,63,47,47,47,47,47,37,37,42,42,45,75,75,75,75,75,75,75,74,74,75,75,75,62,35,40,40,0,0],"gold":52,"neow_bonus":"THREE_ENEMY_KILL","is_daily":false,"chose_seed":false,"campfire_upgraded":7,"win_rate":0.0,"timestamp":1610774591,"path_taken":["M","M","?","?","$","R","E","R","T","M","?","E","R","?","R","BOSS","M","M","$","?","?","R","?","R","T","R","?","?","?","M","R","BOSS","M","?","?","M","?","R","E","R","T","R","?","M","M","M","R","BOSS"],"items_purchased_type":["Card","Relic","Card"],"build_version":"2020-12-22","purchased_purges":3,"victory":false,"max_hp_per_floor":[75,75,75,75,75,75,75,75,75,75,75,75,75,75,75,75,75,75,75,75,75,75,75,75,75,75,75,75,75,75,75,75,75,75,75,75,75,75,75,75,75,75,75,75,75,75,75,75,75,75,75],"card_choices":[{"not_picked":["Blizzard","Heatsinks"],"picked":"Steam","floor":1},{"not_picked":["Streamline","Redo"],"picked":"White Noise","floor":2},{"not_picked":["Reprogram","Darkness"],"picked":"Conserve Battery","floor":7},{"not_picked":["Chaos","Consume"],"picked":"Ball Lightning","floor":10},{"not_picked":["Steam","Hologram"],"picked":"Melter","floor":12},{"not_picked":["Biased Cognition","Amplify"],"picked":"Electrodynamics","floor":16},{"not_picked":["Leap","Turbo"],"picked":"Go for the Eyes","floor":18},{"not_picked":["Recycle","Leap"],"picked":"Go for the Eyes","floor":19},{"not_picked":["Steam+1","Stack+1"],"picked":"Gash+1","floor":22},{"not_picked":["Self Repair","Meteor Strike","Rebound"],"picked":"Buffer","floor":31},{"not_picked":["Hyperbeam","All For One","Multi-Cast"],"picked":"Machine Learning","floor":33},{"not_picked":["Genetic Algorithm","Rebound","Undo"],"picked":"Conserve Battery","floor":35},{"not_picked":["Chaos","Gash","Fusion"],"picked":"Streamline+1","floor":38},{"not_picked":["Darkness+1","Core Surge","Recycle+1","Fission"],"picked":"SKIP","floor":41},{"not_picked":["Streamline","Barrage","Beam Cell"],"picked":"Sweeping Beam+1","floor":46},{"not_picked":["Chaos+1","Redo","Self Repair+1","Rebound+1"],"picked":"SKIP","floor":47},{"not_picked":["Coolheaded+1","Machine Learning","Compile Driver+1","Ball Lightning"],"picked":"SKIP","floor":48}],"player_experience":103424,"relics_obtained":[{"floor":7,"key":"Pantograph"},{"floor":9,"key":"Gremlin Horn"},{"floor":12,"key":"Ornamental Fan"},{"floor":14,"key":"Mercury Hourglass"},{"floor":24,"key":"Enchiridion"},{"floor":26,"key":"War Paint"},{"floor":29,"key":"Shovel"},{"floor":29,"key":"Question Card"},{"floor":32,"key":"Anchor"},{"floor":39,"key":"Whetstone"},{"floor":40,"key":"Omamori"},{"floor":41,"key":"Emotion Chip"},{"floor":42,"key":"Smiling Mask"},{"floor":43,"key":"Old Coin"},{"floor":44,"key":"Bottled Lightning"},{"floor":49,"key":"Oddly Smooth Stone"}],"event_choices":[{"cards_removed":["Dualcast"],"damage_healed":0,"gold_gain":0,"player_choice":"Card Removal","damage_taken":0,"max_hp_gain":0,"max_hp_loss":0,"event_name":"The Cleric","floor":3,"gold_loss":50},{"damage_healed":0,"gold_gain":0,"player_choice":"Take Wound","damage_taken":0,"relics_obtained":["Golden Idol"],"max_hp_gain":0,"max_hp_loss":0,"event_name":"Golden Idol","floor":4,"gold_loss":0,"cards_obtained":["Injury"]},{"damage_healed":0,"gold_gain":75,"player_choice":"Gather Gold","damage_taken":11,"max_hp_gain":0,"max_hp_loss":0,"event_name":"World of Goop","floor":11,"gold_loss":0},{"damage_healed":0,"gold_gain":0,"player_choice":"Traded Relic","damage_taken":0,"relics_obtained":["Nloth\u0027s Gift"],"max_hp_gain":0,"max_hp_loss":0,"event_name":"N\u0027loth","floor":21,"relics_lost":["Cracked Core"],"gold_loss":0},{"damage_healed":0,"gold_gain":0,"player_choice":"Obtained Book","damage_taken":16,"max_hp_gain":0,"max_hp_loss":0,"event_name":"Cursed Tome","floor":24,"gold_loss":0},{"damage_healed":0,"gold_gain":0,"player_choice":"Gave Idol","damage_taken":0,"relics_obtained":["Bloody Idol"],"max_hp_gain":0,"max_hp_loss":0,"event_name":"Forgotten Altar","floor":28,"relics_lost":["Golden Idol"],"gold_loss":0},{"damage_healed":0,"gold_gain":0,"player_choice":"Fight","damage_taken":0,"max_hp_gain":0,"max_hp_loss":0,"event_name":"Colosseum","floor":29,"gold_loss":0},{"damage_healed":0,"gold_gain":0,"player_choice":"Fought Nobs","damage_taken":0,"max_hp_gain":0,"max_hp_loss":0,"event_name":"Colosseum","floor":29,"gold_loss":0},{"damage_healed":0,"gold_gain":0,"player_choice":"Copied","damage_taken":0,"max_hp_gain":0,"max_hp_loss":0,"event_name":"Duplicator","floor":36,"gold_loss":0,"cards_obtained":["White Noise"]},{"damage_healed":0,"gold_gain":0,"player_choice":"Paid","damage_taken":0,"relics_obtained":["Red Mask"],"max_hp_gain":0,"max_hp_loss":0,"event_name":"Tomb of Lord Red Mask","floor":45,"gold_loss":416}],"is_beta":false,"boss_relics":[{"not_picked":["Runic Dome","Velvet Choker"],"picked":"Coffee Dripper"},{"not_picked":["Pandora\u0027s Box","Astrolabe"],"picked":"Runic Pyramid"}],"items_purged_floors":[5,20,30],"is_endless":false,"potions_floor_spawned":[1,2,10,19,29,29,31,38,41,46,48],"killed_by":"Time Eater","ascension_level":0}}