{"host":"1u4zr9vl8my47i07","time":1610808936,"event":{"mods":["AchievementEnabler","BaseMod","Colored Map","Highlight Path","Keyboard Shortcuts","Minty Spire (QoL Compilation)","Relic Stats","StSLib","SuperFastMode","Uncapped","Waifu the Spire","everything is the same but u backflip on backflip"],"gold_per_floor":[117,128,139,139,152,152,178,196,196,196,215,226,226,240,240,319,319,337,337,337],"floor_reached":19,"language":"KOR","playtime":680,"items_purged":[],"score":337,"play_id":"eb2e4fb5-31a0-4dc3-83d6-be045b6e22a6","local_time":"20210116235536","is_ascension_mode":true,"campfire_choices":[{"data":"Immolate","floor":6.0,"key":"SMITH"},{"data":"Second Wind","floor":13.0,"key":"SMITH"},{"data":"Power Through","floor":15.0,"key":"SMITH"}],"circlet_count":0,"master_deck":["AscendersBane","Strike_R","Strike_R","Defend_R","Defend_R","Defend_R","Defend_R","Bash","Sword Boomerang","Power Through+1","Immolate+1","Pommel Strike","Feel No Pain","Second Wind+1","Evolve","Offering"],"relics":["Burning Blood","Happy Flower","Oddly Smooth Stone","SlaversCollar"],"acts_visited":["Exordium","TheCity"],"potions_floor_usage":[],"damage_taken":[{"damage":17.0,"enemies":"Cultist","floor":1.0,"turns":5.0},{"damage":5.0,"enemies":"2 Louse","floor":2.0,"turns":3.0},{"damage":9.0,"enemies":"Jaw Worm","floor":3.0,"turns":4.0},{"damage":13.0,"enemies":"Large Slime","floor":5.0,"turns":5.0},{"damage":25.0,"enemies":"Lagavulin","floor":7.0,"turns":6.0},{"damage":3.0,"enemies":"Exordium Wildlife","floor":8.0,"turns":2.0},{"damage":2.0,"enemies":"3 Louse","floor":11.0,"turns":3.0},{"damage":0.0,"enemies":"2 Fungi Beasts","floor":12.0,"turns":1.0},{"damage":0.0,"enemies":"Exordium Wildlife","floor":14.0,"turns":2.0},{"damage":47,"enemies":"The Guardian","floor":16,"turns":13},{"damage":22,"enemies":"3 Byrds","floor":18,"turns":6},{"damage":40,"enemies":"Masked Bandits","floor":19,"turns":2}],"seed_played":"-2641334474099138674","potions_obtained":[{"floor":8.0,"key":"Dexterity Potion"},{"floor":10.0,"key":"AttackPotion"}],"is_trial":false,"path_per_floor":["M","M","M","?","M","R","E","M","T","?","M","M","R","M","R","B",null,"M","?"],"character_chosen":"IRONCLAD","items_purchased":[],"campfire_rested":0,"item_purchase_floors":[],"current_hp_per_floor":[57,58,55,55,48,48,29,32,32,32,36,42,42,48,48,7,53,37,0,0],"gold":337,"neow_bonus":"REMOVE_TWO","is_daily":false,"chose_seed":false,"campfire_upgraded":3,"win_rate":0.0,"timestamp":1610808936,"path_taken":["M","M","?","?","?","R","E","M","T","?","M","M","R","?","R","BOSS","M","?"],"items_purchased_type":[],"build_version":"2020-12-22","purchased_purges":0,"victory":false,"max_hp_per_floor":[68,68,68,68,68,68,68,68,68,68,68,68,68,68,68,68,68,68,68,68],"relic_stats":{"Happy Flower":[9],"counters":[12,52],"obtain_stats":[{"SlaversCollar":17,"Happy Flower":7,"Oddly Smooth Stone":9,"Burning Blood":0},{"SlaversCollar":10,"Happy Flower":5,"Oddly Smooth Stone":6,"Burning Blood":0},{"SlaversCollar":44,"Happy Flower":23,"Oddly Smooth Stone":25,"Burning Blood":0}],"Burning Blood":66},"card_choices":[{"not_picked":["Twin Strike","Warcry"],"picked":"Sword Boomerang","floor":1.0},{"not_picked":["Cleave","Disarm"],"picked":"Power Through","floor":2.0},{"not_picked":["Spot Weakness","Twin Strike"],"picked":"Immolate","floor":3.0},{"not_picked":["Inflame","Armaments"],"picked":"Pommel Strike","floor":5.0},{"not_picked":["Inflame","Entrench"],"picked":"Feel No Pain","floor":7.0},{"not_picked":["Warcry","Disarm"],"picked":"Second Wind","floor":8.0},{"not_picked":["Clash","Carnage","Sever Soul"],"picked":"SKIP","floor":11.0},{"not_picked":["Clash","Carnage","Sever Soul"],"picked":"SKIP","floor":11.0},{"not_picked":["Dropkick","Perfected Strike","Headbutt"],"picked":"SKIP","floor":12.0},{"not_picked":["Flex","Seeing Red"],"picked":"Evolve","floor":14.0},{"not_picked":["Reaper","Double Tap"],"picked":"Offering","floor":16},{"not_picked":["Wild Strike","Bloodletting","Sever Soul"],"picked":"SKIP","floor":18}],"player_experience":348772,"relics_obtained":[{"floor":7.0,"key":"Happy Flower"},{"floor":9.0,"key":"Oddly Smooth Stone"}],"event_choices":[{"cards_removed":["Strike_R"],"damage_healed":0.0,"max_hp_gain":0.0,"max_hp_loss":0.0,"gold_gain":0.0,"event_name":"Bonfire Elementals","player_choice":"Offered Basic","floor":4.0,"gold_loss":0.0,"damage_taken":0.0},{"damage_healed":0.0,"max_hp_gain":0.0,"max_hp_loss":0.0,"gold_gain":0.0,"event_name":"Lab","player_choice":"Got Potions","floor":10.0,"gold_loss":0.0,"damage_taken":0.0},{"damage_healed":0,"gold_gain":0,"player_choice":"Fought Bandits","damage_taken":0,"max_hp_gain":0,"max_hp_loss":0,"event_name":"Masked Bandits","floor":19,"gold_loss":0}],"is_beta":false,"boss_relics":[{"not_picked":["Coffee Dripper","Ectoplasm"],"picked":"SlaversCollar"}],"items_purged_floors":[],"is_endless":false,"potions_floor_spawned":[8,11,14,16],"killed_by":"Masked Bandits","ascension_level":19}}