{"host":"vyjryxuuuxkt43k4","time":1610832310,"event":{"mods":["AchievementEnabler","BaseMod","Colored Map","DeckTracker","Minty Spire (QoL Compilation)","Permanent Neow","Quick Restart","StSLib","SuperFastMode","everything is the same but u backflip on backflip"],"gold_per_floor":[116,116,126,126,17,44,44,79,79,79,111,128,143,143,143,143,143],"floor_reached":16,"language":"KOR","playtime":447,"items_purged":["Strike_B"],"score":136,"play_id":"61bb5fe9-6b0f-49de-b967-16bd75c0b3a1","local_time":"20210117062510","is_ascension_mode":true,"campfire_choices":[{"data":"Defragment","floor":7,"key":"SMITH"},{"floor":10,"key":"REST"},{"floor":15,"key":"REST"}],"circlet_count":0,"master_deck":["Strike_B","Defend_B","Defend_B","Defend_B","Defend_B","Zap+1","Dualcast","Static Discharge","Ball Lightning","Blizzard","Ball Lightning","Defragment+1","Sweeping Beam","Cold Snap","Compile Driver","Steam","Consume"],"relics":["Cracked Core","White Beast Statue","Ancient Tea Set","Mummified Hand","PreservedInsect"],"acts_visited":["Exordium"],"potions_floor_usage":[6,13,16,16],"damage_taken":[{"damage":1,"enemies":"2 Louse","floor":1,"turns":3},{"damage":1,"enemies":"Cultist","floor":3,"turns":3},{"damage":40,"enemies":"3 Sentries","floor":6,"turns":6},{"damage":16,"enemies":"Gremlin Nob","floor":8,"turns":3},{"damage":27,"enemies":"Lagavulin","floor":11,"turns":5},{"damage":10,"enemies":"Jaw Worm","floor":12,"turns":2},{"damage":1,"enemies":"Exordium Thugs","floor":13,"turns":3},{"damage":32,"enemies":"The Guardian","floor":16,"turns":5}],"seed_played":"-8973784866012700566","potions_obtained":[{"floor":4,"key":"EssenceOfDarkness"},{"floor":4,"key":"Weak Potion"},{"floor":4,"key":"Regen Potion"},{"floor":6,"key":"LiquidMemories"},{"floor":8,"key":"FocusPotion"},{"floor":11,"key":"AttackPotion"},{"floor":13,"key":"Dexterity Potion"}],"is_trial":false,"path_per_floor":["M","?","M","?","$","E","R","E","T","R","E","M","M","?","R","B"],"character_chosen":"DEFECT","items_purchased":["Defragment"],"campfire_rested":2,"item_purchase_floors":[5],"current_hp_per_floor":[74,74,73,73,73,42,42,26,26,48,21,11,10,10,32,0,0],"gold":143,"neow_bonus":"TRANSFORM_CARD","is_daily":false,"chose_seed":false,"campfire_upgraded":1,"win_rate":0.0,"timestamp":1610832310,"path_taken":["M","?","?","?","?","E","R","E","T","R","E","M","?","?","R","BOSS"],"items_purchased_type":["Card"],"build_version":"2020-12-22","purchased_purges":1,"victory":false,"max_hp_per_floor":[75,75,75,75,75,75,75,75,75,75,75,75,75,75,75,75,75],"card_choices":[{"not_picked":["Steam","Skim"],"picked":"Ball Lightning","floor":1},{"not_picked":["Heatsinks","Hologram"],"picked":"Ball Lightning","floor":3},{"not_picked":["Ball Lightning","Hello World"],"picked":"Sweeping Beam","floor":6},{"not_picked":["Double Energy","Compile Driver"],"picked":"Cold Snap","floor":8},{"not_picked":["Loop","Reinforced Body"],"picked":"Compile Driver","floor":11},{"not_picked":["Tempest","Rebound"],"picked":"Steam","floor":12},{"not_picked":["Steam Power","Amplify"],"picked":"Consume","floor":13}],"player_experience":392675,"relics_obtained":[{"floor":6,"key":"White Beast Statue"},{"floor":8,"key":"Ancient Tea Set"},{"floor":9,"key":"Mummified Hand"},{"floor":11,"key":"PreservedInsect"}],"event_choices":[{"damage_healed":0,"gold_gain":0,"cards_transformed":["Strike_B"],"player_choice":"Transformed","damage_taken":0,"max_hp_gain":0,"max_hp_loss":0,"event_name":"Transmorgrifier","floor":2,"gold_loss":0,"cards_obtained":["Blizzard"]},{"damage_healed":0,"gold_gain":0,"player_choice":"Got Potions","damage_taken":0,"max_hp_gain":0,"max_hp_loss":0,"event_name":"Lab","floor":4,"gold_loss":0},{"damage_healed":0,"gold_gain":0,"player_choice":"Grow","damage_taken":0,"max_hp_gain":0,"max_hp_loss":0,"event_name":"Living Wall","floor":14,"gold_loss":0,"cards_upgraded":["Zap"]}],"is_beta":false,"boss_relics":[],"items_purged_floors":[5],"is_endless":false,"potions_floor_spawned":[6,8,11,12,13],"killed_by":"The Guardian","ascension_level":3}}