{"host":"37uvkxgs6qebn1sk","time":1610773566,"event":{"mods":["BaseMod","Better Third Choice","Minty Spire (QoL Compilation)","Replay The Spire","StSLib","vexMod"],"gold_per_floor":[110,35,47,97,112,112,154,154,236,236,44,73,93,113,113,113,113],"floor_reached":16,"language":"ZHS","playtime":495,"items_purged":["Defend_B","Strike_B"],"score":204,"play_id":"7343fd36-c9f2-46ce-a831-d5ac77b40d2a","local_time":"20210116130606","is_ascension_mode":true,"campfire_choices":[{"data":"Zap","floor":6.0,"key":"SMITH"},{"data":"Coolheaded","floor":8,"key":"SMITH"},{"data":"Dualcast","floor":10,"key":"SMITH"},{"floor":15,"key":"REST"}],"circlet_count":0,"master_deck":["AscendersBane","Strike_B","Strike_B","Strike_B","Defend_B","Defend_B","Defend_B","Zap+1","Dualcast+1","Leap","Panic Button","Electrodynamics","Coolheaded+1","BasicCrystalCard","Compile Driver","Cold Snap"],"relics":["Cracked Core","CeramicFish","Darkstone Periapt","Replay:Wax Seal"],"acts_visited":["Exordium"],"potions_floor_usage":[16],"damage_taken":[{"damage":1.0,"enemies":"Cultist","floor":1.0,"turns":3.0},{"damage":0.0,"enemies":"2 Louse","floor":3.0,"turns":3.0},{"damage":4.0,"enemies":"Small Slimes","floor":5.0,"turns":3.0},{"damage":31,"enemies":"Lagavulin","floor":7,"turns":8},{"damage":0,"enemies":"3 Louse","floor":12,"turns":1},{"damage":0,"enemies":"2 Fungi Beasts","floor":13,"turns":3},{"damage":13,"enemies":"Large Slime","floor":14,"turns":5},{"damage":32,"enemies":"Slime Boss","floor":16,"turns":8}],"seed_played":"-3156739781577797292","potions_obtained":[{"floor":12,"key":"EssenceOfSteel"},{"floor":14,"key":"Weak Potion"}],"is_trial":false,"path_per_floor":["M","$","M","?","M","R","E","R","T","R","$","M","M","M","R","B"],"character_chosen":"DEFECT","items_purchased":["Replay:Wax Seal"],"campfire_rested":1,"item_purchase_floors":[11],"current_hp_per_floor":[68,68,68,61,57,57,26,26,26,26,26,26,26,13,35,3,3],"gold":113,"neow_bonus":"RANDOM_EVENT","is_daily":false,"chose_seed":false,"campfire_upgraded":3,"win_rate":0.0,"timestamp":1610773566,"path_taken":["M","$","?","?","M","R","E","R","T","R","?","?","M","M","R","BOSS"],"items_purchased_type":["Relic"],"build_version":"2020-12-22","purchased_purges":2,"victory":false,"max_hp_per_floor":[76,76,76,76,76,76,76,76,76,76,76,76,76,76,76,76,76],"card_choices":[{"not_picked":["Steam","Barrage"],"picked":"Leap","floor":1.0},{"not_picked":["Scrape","Static Discharge"],"picked":"Panic Button","floor":3.0},{"not_picked":["ReplayTheSpireMod:Calculation Training","Conserve Battery"],"picked":"Electrodynamics","floor":5.0},{"not_picked":["ReplayTheSpireMod:Reroute Power","Sunder"],"picked":"Coolheaded","floor":7},{"not_picked":["Panic Button","Beam Cell"],"picked":"BasicCrystalCard","floor":12},{"not_picked":["Hello World","Gash"],"picked":"Compile Driver","floor":13},{"not_picked":["Redo","Stack"],"picked":"Cold Snap","floor":14}],"player_experience":964560,"relics_obtained":[{"floor":7,"key":"CeramicFish"},{"floor":9,"key":"Darkstone Periapt"}],"event_choices":[{"damage_healed":0.0,"max_hp_gain":5.0,"max_hp_loss":0.0,"gold_gain":0.0,"event_name":"Big Fish","player_choice":"Donut","floor":0.0,"gold_loss":0.0,"damage_taken":0.0},{"damage_healed":0.0,"max_hp_gain":0.0,"max_hp_loss":0.0,"gold_gain":50.0,"event_name":"FaceTrader","player_choice":"Touch","floor":4.0,"gold_loss":0.0,"damage_taken":7.0}],"is_beta":false,"boss_relics":[],"items_purged_floors":[2,11],"is_endless":false,"potions_floor_spawned":[12,14],"killed_by":"Slime Boss","ascension_level":20}}