{"host":"skvwuvqqk8x6jusd","time":1610840194,"event":{"mods":["AchievementEnabler","BaseMod","Colored Map","Colored Powertips","Highlight Path","Minty Spire (QoL Compilation)","Relic Stats","Slay-I"],"gold_per_floor":[111,124,124,299,249,249,262,280,280,280,10,10,10,33,33,163,163,186,200,225,140,26,26,39,39,65,65,90,90,90,53,53,181,181,194,48,111,129,0,0,25,25,25,25,25,48,61,61,61,61,61],"floor_reached":50,"language":"ENG","playtime":1133,"items_purged":["Doubt"],"score":480,"play_id":"b9c15bf5-2877-42e3-99bf-9414e38abadc","local_time":"20210116233634","is_ascension_mode":false,"campfire_choices":[{"data":"Bash","floor":6,"key":"SMITH"},{"data":"Clash","floor":10,"key":"SMITH"},{"data":"Clash","floor":12,"key":"SMITH"},{"data":"Clash","floor":15,"key":"SMITH"},{"data":"Double Tap","floor":23,"key":"SMITH"},{"data":"Spot Weakness","floor":27,"key":"SMITH"},{"floor":30,"key":"REST"},{"data":"Whirlwind","floor":32,"key":"SMITH"},{"data":"Limit Break","floor":40,"key":"SMITH"},{"floor":42,"key":"REST"},{"data":"Spot Weakness","floor":44,"key":"SMITH"},{"data":"Clash","floor":49,"key":"SMITH"}],"circlet_count":0,"master_deck":["Strike_R","Strike_R","Strike_R","Strike_R+1","Strike_R","Defend_R","Defend_R+1","Defend_R","Bash+1","Anger","Clash+1","Clash+1","Clash+1","Clash+1","Double Tap+1","Spot Weakness+1","Spot Weakness+1","Whirlwind+1","Limit Break+1","Heavy Blade+1","Seeing Red+1","Cleave+1"],"relics":["Burning Blood","NeowsBlessing","Sundial","Meat on the Bone","Golden Idol","SlaversCollar","Potion Belt","Question Card","Blood Vial","Sozu","Vajra","Calipers","Red Mask","Pear"],"acts_visited":["Exordium","TheCity","TheBeyond"],"potions_floor_usage":[33,37,41,50],"damage_taken":[{"damage":0,"enemies":"Small Slimes","floor":1,"turns":1},{"damage":0,"enemies":"Jaw Worm","floor":2,"turns":1},{"damage":0,"enemies":"2 Louse","floor":7,"turns":1},{"damage":5,"enemies":"Looter","floor":8,"turns":2},{"damage":11,"enemies":"Exordium Wildlife","floor":14,"turns":4},{"damage":17,"enemies":"Slime Boss","floor":16,"turns":8},{"damage":2,"enemies":"Chosen","floor":18,"turns":4},{"damage":2,"enemies":"Shell Parasite","floor":19,"turns":2},{"damage":18,"enemies":"Snake Plant","floor":20,"turns":3},{"damage":27,"enemies":"Shelled Parasite and Fungi","floor":24,"turns":4},{"damage":37,"enemies":"Cultist and Chosen","floor":28,"turns":6},{"damage":58,"enemies":"Collector","floor":33,"turns":4},{"damage":31,"enemies":"3 Shapes","floor":35,"turns":4},{"damage":33,"enemies":"Mind Bloom Boss Battle","floor":37,"turns":5},{"damage":2,"enemies":"Orb Walker","floor":38,"turns":2},{"damage":29,"enemies":"Maw","floor":41,"turns":6},{"damage":0,"enemies":"Sphere and 2 Shapes","floor":46,"turns":1},{"damage":37,"enemies":"Writhing Mass","floor":47,"turns":3},{"damage":96,"enemies":"Awakened One","floor":50,"turns":5}],"seed_played":"7848217918744646738","potions_obtained":[{"floor":14,"key":"GamblersBrew"},{"floor":16,"key":"LiquidBronze"},{"floor":24,"key":"AttackPotion"},{"floor":33,"key":"Block Potion"}],"is_trial":false,"path_per_floor":["M","M","?","?","?","R","M","M","T","R","$","R","?","M","R","B",null,"M","M","M","?","$","R","M","T","T","R","M","$","R","$","R","B",null,"M","$","?","M","?","R","M","R","T","R","$","M","M","?","R","B"],"character_chosen":"IRONCLAD","items_purchased":["Clash","Meat on the Bone","Spot Weakness","Whirlwind","Vajra"],"campfire_rested":2,"item_purchase_floors":[11,11,22,31,36],"current_hp_per_floor":[80,80,64,64,64,64,70,71,71,71,71,71,71,66,66,55,74,74,74,62,62,62,62,53,53,53,53,36,36,58,58,58,20,74,49,49,36,54,54,54,45,67,77,77,77,84,53,84,84,0,0],"gold":61,"neow_bonus":"THREE_ENEMY_KILL","is_daily":false,"chose_seed":false,"campfire_upgraded":10,"win_rate":0.0,"timestamp":1610840194,"path_taken":["M","M","?","?","?","R","M","M","T","R","?","R","?","?","R","BOSS","M","M","M","?","$","R","M","?","T","R","M","?","R","$","R","BOSS","M","$","?","M","?","R","M","R","T","R","?","M","?","?","R","BOSS"],"items_purchased_type":["Card","Relic","Card","Card","Relic"],"build_version":"2020-12-22","purchased_purges":1,"victory":false,"max_hp_per_floor":[80,80,80,80,80,80,80,80,80,80,80,80,74,74,74,74,74,74,74,74,74,74,74,74,74,74,74,74,74,74,74,74,74,74,74,74,74,74,74,74,74,74,84,84,84,84,84,84,84,84,84],"relic_stats":{"Blood Vial":12,"Sozu":4,"counters":[19,66],"Sundial":[6],"Golden Idol":111,"Question Card":8,"obtain_stats":[{"Potion Belt":21,"Calipers":37,"Pear":43,"NeowsBlessing":0,"Golden Idol":13,"Vajra":36,"Question Card":25,"Burning Blood":0,"Blood Vial":26,"Sozu":34,"SlaversCollar":17,"Sundial":9,"Red Mask":39,"Meat on the Bone":11},{"Potion Belt":9,"Calipers":14,"Pear":16,"NeowsBlessing":0,"Golden Idol":4,"Vajra":13,"Question Card":10,"Burning Blood":0,"Blood Vial":10,"Sozu":12,"SlaversCollar":6,"Sundial":4,"Red Mask":15,"Meat on the Bone":4},{"Potion Belt":26,"Calipers":49,"Pear":57,"NeowsBlessing":0,"Golden Idol":5,"Vajra":44,"Question Card":30,"Burning Blood":0,"Blood Vial":30,"Sozu":40,"SlaversCollar":17,"Sundial":5,"Red Mask":51,"Meat on the Bone":5}],"Burning Blood":87,"Meat on the Bone":72},"card_choices":[{"not_picked":["Armaments","Shrug It Off"],"picked":"Anger","floor":1},{"not_picked":["Sword Boomerang","Limit Break"],"picked":"Clash","floor":2},{"not_picked":["Feel No Pain","Armaments"],"picked":"Clash","floor":7},{"not_picked":["Twin Strike","Iron Wave","Clothesline"],"picked":"SKIP","floor":8},{"not_picked":["Body Slam","Exhume"],"picked":"Clash","floor":14},{"not_picked":["Offering","Barricade"],"picked":"Double Tap","floor":16},{"not_picked":["True Grit","Thunderclap+1","Clothesline"],"picked":"SKIP","floor":18},{"not_picked":["Intimidate","Clash"],"picked":"Spot Weakness","floor":19},{"not_picked":["Wild Strike","Anger","Perfected Strike+1"],"picked":"SKIP","floor":20},{"not_picked":["Battle Trance","Inflame","Shockwave"],"picked":"SKIP","floor":24},{"not_picked":["Infernal Blade+1","Iron Wave","Havoc","Body Slam+1"],"picked":"SKIP","floor":28},{"not_picked":["Impervious","Brutality","Barricade"],"picked":"Limit Break","floor":33},{"not_picked":["Ghostly Armor+1","Shrug It Off","Pommel Strike+1","Dark Embrace"],"picked":"SKIP","floor":35},{"not_picked":["Metallicize","Clothesline+1","Dual Wield"],"picked":"Heavy Blade+1","floor":37},{"not_picked":["Inflame","Warcry+1","Flame Barrier","Searing Blow"],"picked":"SKIP","floor":38},{"not_picked":["Thunderclap","Headbutt+1","Wild Strike"],"picked":"Seeing Red+1","floor":41},{"not_picked":["Wild Strike","Iron Wave+1","Evolve+1"],"picked":"Cleave+1","floor":46},{"not_picked":["Twin Strike","Armaments","Intimidate+1","Heavy Blade"],"picked":"SKIP","floor":47}],"player_experience":620294,"relics_obtained":[{"floor":9,"key":"Sundial"},{"floor":25,"key":"Question Card"},{"floor":26,"key":"Blood Vial"},{"floor":37,"key":"Calipers"},{"floor":43,"key":"Pear"}],"event_choices":[{"damage_healed":0,"gold_gain":0,"player_choice":"Entered Light","damage_taken":16,"max_hp_gain":0,"max_hp_loss":0,"event_name":"Shining Light","floor":3,"gold_loss":0,"cards_upgraded":["Defend_R","Strike_R"]},{"damage_healed":0,"gold_gain":175,"player_choice":"AGREE","damage_taken":0,"max_hp_gain":0,"max_hp_loss":0,"event_name":"Liars Game","floor":4,"gold_loss":0,"cards_obtained":["Doubt"]},{"cards_removed":["Defend_R"],"damage_healed":0,"gold_gain":0,"player_choice":"Card Removal","damage_taken":0,"max_hp_gain":0,"max_hp_loss":0,"event_name":"The Cleric","floor":5,"gold_loss":50},{"damage_healed":0,"gold_gain":0,"player_choice":"Lose Max HP","damage_taken":0,"relics_obtained":["Golden Idol"],"max_hp_gain":0,"max_hp_loss":6,"event_name":"Golden Idol","floor":13,"gold_loss":0},{"damage_healed":0,"gold_gain":0,"player_choice":"Obtained Relic","damage_taken":0,"relics_obtained":["Potion Belt"],"max_hp_gain":0,"max_hp_loss":0,"event_name":"Addict","floor":21,"gold_loss":85},{"damage_healed":0,"gold_gain":0,"player_choice":"Fight","damage_taken":0,"max_hp_gain":0,"max_hp_loss":0,"event_name":"MindBloom","floor":37,"gold_loss":0},{"damage_healed":0,"gold_gain":0,"player_choice":"Paid","damage_taken":0,"relics_obtained":["Red Mask"],"max_hp_gain":0,"max_hp_loss":0,"event_name":"Tomb of Lord Red Mask","floor":39,"gold_loss":129},{"damage_healed":31,"gold_gain":0,"player_choice":"Full Heal","damage_taken":0,"max_hp_gain":0,"max_hp_loss":0,"event_name":"Wheel of Change","floor":48,"gold_loss":0}],"is_beta":false,"boss_relics":[{"not_picked":["Black Star","Runic Dome"],"picked":"SlaversCollar"},{"not_picked":["Busted Crown","Astrolabe"],"picked":"Sozu"}],"items_purged_floors":[22],"is_endless":false,"potions_floor_spawned":[14,16,24,33,35,38,46,47],"killed_by":"Awakened One","ascension_level":0}}