{"host":"cimxalwyqyblhb3d","time":1610822778,"event":{"mods":["AchievementEnabler","BaseMod","Colored Powertips","Evolution","Minty Spire (QoL Compilation)","Quick Restart","Relic Stats","StSLib"],"gold_per_floor":[117,117,130,205,223,249,249,274,274,274,294,294,317,317,317,417,417,430,465,465,483,483,483,483,114,114,124,124,51,65,80,80,184,234,253,253,264,283,208,208,225,225,250,250,82,82,95,115,115,115,115,115,18,43,43,43],"floor_reached":55,"language":"FRA","playtime":3078,"items_purged":["BattleHymn"],"score":752,"play_id":"62de379c-3aec-41ef-95d5-5b1289acd2ca","local_time":"20210116194618","is_ascension_mode":false,"campfire_choices":[{"data":"Wireheading","floor":7,"key":"SMITH"},{"data":"Eruption","floor":12,"key":"SMITH"},{"floor":15,"key":"REST"},{"data":"Alpha","floor":23,"key":"SMITH"},{"floor":32,"key":"REST"},{"floor":40,"key":"RECALL"},{"floor":42,"key":"REST"},{"floor":49,"key":"REST"},{"data":"Mayhem","floor":52,"key":"SMITH"}],"circlet_count":0,"master_deck":["FlyingSleeves","FlyingSleeves","FlyingSleeves+1","Evaluate+1","Evaluate","Evaluate+1","Evaluate","Eruption+1","Vigilance+1","Consecrate","Wireheading+1","Alpha+1","ThirdEye","Nirvana","Protect","ThirdEye","CutThroughFate","Consecrate","Omniscience","TalkToTheHand","Nirvana","Mayhem+1"],"relics":["PureWater","EVO:Axolotl","Sundial","Bag of Marbles","White Beast Statue","FossilizedHelix","Art of War","SacredBark","Red Mask","Strawberry","Sling","Nilry\u0027s Codex","Tiny House","Oddly Smooth Stone","Akabeko","Unceasing Top"],"acts_visited":["Exordium","TheCity","TheBeyond","TheEnding"],"potions_floor_usage":[16,19,21,24,30,30,30,31,33,37,38,47,50,50,50,53,55],"damage_taken":[{"damage":0,"enemies":"Cultist","floor":1,"turns":2},{"damage":0,"enemies":"Small Slimes","floor":3,"turns":1},{"damage":10,"enemies":"2 Louse","floor":5,"turns":3},{"damage":18,"enemies":"Lagavulin","floor":6,"turns":5},{"damage":0,"enemies":"Gremlin Nob","floor":8,"turns":2},{"damage":0,"enemies":"Exordium Thugs","floor":11,"turns":3},{"damage":5,"enemies":"Hexaghost","floor":16,"turns":8},{"damage":0,"enemies":"Chosen","floor":18,"turns":4},{"damage":0,"enemies":"Masked Bandits","floor":19,"turns":3},{"damage":0,"enemies":"2 Thieves","floor":21,"turns":4},{"damage":0,"enemies":"3 Cultists","floor":24,"turns":1},{"damage":4,"enemies":"Snecko","floor":27,"turns":4},{"damage":0,"enemies":"Centurion and Healer","floor":30,"turns":4},{"damage":9,"enemies":"Shelled Parasite and Fungi","floor":31,"turns":4},{"damage":37,"enemies":"Collector","floor":33,"turns":6},{"damage":12,"enemies":"3 Darklings","floor":35,"turns":4},{"damage":0,"enemies":"3 Shapes","floor":37,"turns":3},{"damage":23,"enemies":"Jaw Worm Horde","floor":38,"turns":4},{"damage":15,"enemies":"3 Darklings","floor":41,"turns":5},{"damage":23,"enemies":"4 Shapes","floor":47,"turns":4},{"damage":0,"enemies":"Sphere and 2 Shapes","floor":48,"turns":5},{"damage":76,"enemies":"Awakened One","floor":50,"turns":14},{"damage":72,"enemies":"Shield and Spear","floor":54,"turns":5},{"damage":75,"enemies":"The Heart","floor":55,"turns":3}],"seed_played":"-4189133319755381083","potions_obtained":[{"floor":6,"key":"EssenceOfSteel"},{"floor":11,"key":"SmokeBomb"},{"floor":16,"key":"Dexterity Potion"},{"floor":18,"key":"AttackPotion"},{"floor":19,"key":"SkillPotion"},{"floor":21,"key":"Swift Potion"},{"floor":27,"key":"SkillPotion"},{"floor":30,"key":"AttackPotion"},{"floor":31,"key":"ColorlessPotion"},{"floor":33,"key":"FearPotion"},{"floor":34,"key":"SkillPotion"},{"floor":35,"key":"DistilledChaos"},{"floor":37,"key":"Dexterity Potion"},{"floor":38,"key":"LiquidMemories"},{"floor":41,"key":"Energy Potion"},{"floor":47,"key":"BottledMiracle"},{"floor":54,"key":"Strength Potion"}],"is_trial":false,"path_per_floor":["M","T","M","?","M","E","R","E","T","?","M","R","T","?","R","B",null,"M","?","?","M","?","R","M","$","T","M","?","$","M","M","R","B",null,"M","?","M","M","$","R","M","R","T","T","$","?","M","M","R","B",null,"R","$","E","B"],"character_chosen":"WATCHER","items_purchased":["Nirvana","Strawberry","Sling","ThirdEye","CutThroughFate","Mayhem","Fruit Juice"],"campfire_rested":4,"item_purchase_floors":[25,25,25,29,29,45,53],"current_hp_per_floor":[79,79,79,68,58,40,40,40,40,33,33,33,33,17,40,35,79,79,79,79,79,64,64,64,71,71,67,51,51,51,42,69,32,96,84,84,84,61,61,61,46,74,74,74,74,74,51,51,79,3,96,96,106,34,0,0],"gold":43,"neow_bonus":"UPGRADE_CARD","is_daily":false,"chose_seed":false,"campfire_upgraded":4,"win_rate":0.0,"timestamp":1610822778,"path_taken":["M","?","M","?","M","E","R","E","T","?","M","R","?","?","R","BOSS","M","?","?","M","?","R","?","$","T","M","?","$","M","M","R","BOSS","M","?","M","M","$","R","?","R","T","?","?","?","M","M","R","BOSS","R","$","E","BOSS"],"items_purchased_type":["Card","Relic","Relic","Card","Card","Card","Potion"],"build_version":"2020-12-22","purchased_purges":1,"victory":false,"max_hp_per_floor":[79,79,79,79,79,79,79,79,79,79,79,79,79,79,79,79,79,79,79,79,79,84,84,84,91,91,91,91,91,91,91,91,91,96,96,96,96,96,96,96,96,96,96,96,96,96,96,96,96,96,96,96,106,106,106,106],"relic_stats":{"counters":[24,101],"Sundial":[20],"Art of War":[33],"obtain_stats":[{"Tiny House":34,"Nilry\u0027s Codex":28,"SacredBark":17,"Oddly Smooth Stone":43,"EVO:Axolotl":0,"Sling":25,"White Beast Statue":8,"Akabeko":44,"Sundial":2,"Strawberry":25,"Bag of Marbles":6,"Art of War":13,"Red Mask":19,"PureWater":0,"FossilizedHelix":9,"Unceasing Top":54},{"Tiny House":15,"Nilry\u0027s Codex":12,"SacredBark":7,"Oddly Smooth Stone":19,"EVO:Axolotl":0,"Sling":11,"White Beast Statue":5,"Akabeko":19,"Sundial":1,"Strawberry":11,"Bag of Marbles":4,"Art of War":6,"Red Mask":9,"PureWater":0,"FossilizedHelix":5,"Unceasing Top":23},{"Tiny House":54,"Nilry\u0027s Codex":40,"SacredBark":24,"Oddly Smooth Stone":70,"EVO:Axolotl":0,"Sling":36,"White Beast Statue":13,"Akabeko":70,"Sundial":2,"Strawberry":36,"Bag of Marbles":11,"Art of War":16,"Red Mask":31,"PureWater":0,"FossilizedHelix":13,"Unceasing Top":98}],"Unceasing Top":[0]},"card_choices":[{"not_picked":["CrushJoints","Halt"],"picked":"Consecrate","floor":1},{"not_picked":["Tantrum","JustLucky"],"picked":"Wireheading","floor":3},{"not_picked":["EmptyBody","Prostrate"],"picked":"BattleHymn","floor":5},{"not_picked":["DeceiveReality","BowlingBash","CutThroughFate"],"picked":"SKIP","floor":6},{"not_picked":["Crescendo","Vault","CrushJoints"],"picked":"SKIP","floor":8},{"not_picked":["Wallop","Crescendo","WaveOfTheHand"],"picked":"SKIP","floor":11},{"not_picked":["Judgement","Brilliance"],"picked":"Alpha","floor":16},{"not_picked":["FlyingSleeves","SashWhip"],"picked":"ThirdEye","floor":18},{"not_picked":["Prostrate","Worship","SashWhip"],"picked":"SKIP","floor":21},{"not_picked":["BattleHymn","Worship"],"picked":"Protect","floor":27},{"not_picked":["WheelKick","Evaluate"],"picked":"Consecrate","floor":30},{"not_picked":["Omniscience","WheelKick","WreathOfFlame+1"],"picked":"SKIP","floor":31},{"not_picked":["Brilliance","Alpha"],"picked":"Omniscience","floor":33},{"not_picked":["Wallop","MentalFortress"],"picked":"TalkToTheHand","floor":34},{"not_picked":["ReachHeaven","SashWhip","PathToVictory"],"picked":"SKIP","floor":35},{"not_picked":["WaveOfTheHand+1","BowlingBash+1","EmptyFist+1"],"picked":"SKIP","floor":37},{"not_picked":["FlurryOfBlows+1","Conclude"],"picked":"Nirvana","floor":38},{"not_picked":["EmptyBody+1","BowlingBash","ClearTheMind+1"],"picked":"SKIP","floor":41},{"not_picked":["FearNoEvil","ForeignInfluence+1","BowlingBash"],"picked":"SKIP","floor":47},{"not_picked":["FollowUp","Meditate","CutThroughFate+1"],"picked":"SKIP","floor":48},{"not_picked":["EmptyFist+1","ConjureBlade","Nirvana+1"],"picked":"SKIP","floor":54}],"player_experience":500519,"relics_obtained":[{"floor":2,"key":"Sundial"},{"floor":6,"key":"Bag of Marbles"},{"floor":8,"key":"White Beast Statue"},{"floor":9,"key":"FossilizedHelix"},{"floor":13,"key":"Art of War"},{"floor":19,"key":"Red Mask"},{"floor":28,"key":"Nilry\u0027s Codex"},{"floor":43,"key":"Oddly Smooth Stone"},{"floor":44,"key":"Akabeko"},{"floor":54,"key":"Unceasing Top"}],"event_choices":[{"damage_healed":0,"gold_gain":75,"player_choice":"Gather Gold","damage_taken":11,"max_hp_gain":0,"max_hp_loss":0,"event_name":"World of Goop","floor":4,"gold_loss":0},{"cards_removed":["FlyingSleeves"],"damage_healed":0,"gold_gain":0,"player_choice":"Card Removal","damage_taken":7,"max_hp_gain":0,"max_hp_loss":0,"event_name":"Golden Wing","floor":10,"gold_loss":0},{"damage_healed":0,"gold_gain":0,"player_choice":"Entered Light","damage_taken":16,"max_hp_gain":0,"max_hp_loss":0,"event_name":"Shining Light","floor":14,"gold_loss":0,"cards_upgraded":["FlyingSleeves","Evaluate"]},{"damage_healed":0,"gold_gain":0,"player_choice":"Fought Bandits","damage_taken":0,"max_hp_gain":0,"max_hp_loss":0,"event_name":"Masked Bandits","floor":19,"gold_loss":0},{"damage_healed":0,"gold_gain":0,"player_choice":"Ignored","damage_taken":0,"max_hp_gain":0,"max_hp_loss":0,"event_name":"Ghosts","floor":20,"gold_loss":0},{"damage_healed":0,"gold_gain":0,"player_choice":"Shed Blood","damage_taken":20,"max_hp_gain":5,"max_hp_loss":0,"event_name":"Forgotten Altar","floor":22,"gold_loss":0},{"damage_healed":0,"gold_gain":0,"player_choice":"Obtained Book","damage_taken":16,"max_hp_gain":0,"max_hp_loss":0,"event_name":"Cursed Tome","floor":28,"gold_loss":0},{"damage_healed":0,"gold_gain":0,"player_choice":"Ignored","damage_taken":0,"max_hp_gain":0,"max_hp_loss":0,"event_name":"SecretPortal","floor":36,"gold_loss":0},{"damage_healed":0,"gold_gain":0,"player_choice":"Memory 1","damage_taken":0,"max_hp_gain":0,"max_hp_loss":0,"event_name":"SensoryStone","floor":46,"gold_loss":0}],"is_beta":false,"boss_relics":[{"not_picked":["Snecko Eye","Runic Pyramid"],"picked":"SacredBark"},{"not_picked":["Black Star","Runic Dome"],"picked":"Tiny House"}],"items_purged_floors":[39],"is_endless":false,"potions_floor_spawned":[6,11,16,18,19,21,24,27,30,31,33,35,37,38,41,47,48,54],"killed_by":"The Heart","ascension_level":0}}