{"host":"dqv8oo4v229c1o2l","time":1610756252,"event":{"mods":["AchievementEnabler","BaseMod","Colored Map","Colored Powertips","Minty Spire (QoL Compilation)","Quick Restart","Rare Cards Sparkle","StSLib","Synergy Search"],"gold_per_floor":[117,134,134,209,60,88,88,120,120,146,146,165,165,90,90,189,189,207,189,139,156,9,9,38,38,38,38,69,69,82,82,82,178,178,194,205,205,56,106,141,157,157,157,157,157,167,167,178,178,178,178,178,5,35,35,35],"floor_reached":55,"language":"ENG","playtime":2957,"items_purged":["Strike_R","Strike_R"],"score":908,"play_id":"49ddba7b-c807-403d-bdb2-97d703cdbd60","local_time":"20210115161732","is_ascension_mode":true,"campfire_choices":[{"data":"Bash","floor":7.0,"key":"SMITH"},{"floor":11.0,"key":"REST"},{"data":"Body Slam","floor":13.0,"key":"SMITH"},{"data":"Pommel Strike","floor":15.0,"key":"SMITH"},{"floor":23.0,"key":"REST"},{"floor":27.0,"key":"REST"},{"data":"Armaments","floor":29.0,"key":"SMITH"},{"floor":32.0,"key":"REST"},{"data":"Body Slam","floor":42,"key":"SMITH"},{"floor":49,"key":"RECALL"},{"floor":52,"key":"REST"}],"circlet_count":0,"master_deck":["Strike_R","Strike_R","Strike_R","Defend_R","Defend_R","Defend_R+1","Defend_R+1","Bash+1","Flex+1","Pommel Strike+1","Body Slam+1","Feed","Shrug It Off+1","Body Slam+1","Armaments+1","Iron Wave","Dropkick","Pommel Strike","Reaper","Bandage Up","Parasite","Rampage+1","Fire Breathing+1"],"relics":["Burning Blood","NeowsBlessing","Red Skull","War Paint","Dream Catcher","Shuriken","Centennial Puzzle","SlaversCollar","Oddly Smooth Stone","Blood Vial","Pantograph","Bag of Marbles","Busted Crown","HandDrill","CaptainsWheel","Toy Ornithopter","Molten Egg 2","White Beast Statue"],"acts_visited":["Exordium","TheCity","TheBeyond","TheEnding"],"potions_floor_usage":[47,55,55,55],"damage_taken":[{"damage":0.0,"enemies":"Cultist","floor":1.0,"turns":1.0},{"damage":0.0,"enemies":"Small Slimes","floor":2.0,"turns":1.0},{"damage":0.0,"enemies":"3 Sentries","floor":6.0,"turns":1.0},{"damage":25.0,"enemies":"Lagavulin","floor":8.0,"turns":5.0},{"damage":28.0,"enemies":"Gremlin Nob","floor":10.0,"turns":4.0},{"damage":0.0,"enemies":"Jaw Worm","floor":12.0,"turns":3.0},{"damage":50.0,"enemies":"Hexaghost","floor":16.0,"turns":6.0},{"damage":4.0,"enemies":"Chosen","floor":18.0,"turns":4.0},{"damage":23.0,"enemies":"2 Thieves","floor":19.0,"turns":4.0},{"damage":25.0,"enemies":"Snake Plant","floor":21.0,"turns":4.0},{"damage":47.0,"enemies":"Gremlin Leader","floor":24.0,"turns":6.0},{"damage":18.0,"enemies":"Book of Stabbing","floor":28.0,"turns":4.0},{"damage":10.0,"enemies":"Centurion and Healer","floor":30.0,"turns":4.0},{"damage":32.0,"enemies":"Collector","floor":33.0,"turns":6.0},{"damage":9.0,"enemies":"3 Shapes","floor":35.0,"turns":4.0},{"damage":5.0,"enemies":"Orb Walker","floor":36.0,"turns":2.0},{"damage":7.0,"enemies":"Mind Bloom Boss Battle","floor":39.0,"turns":5.0},{"damage":21,"enemies":"Nemesis","floor":40,"turns":3},{"damage":29,"enemies":"Maw","floor":41,"turns":7},{"damage":21,"enemies":"Sphere and 2 Shapes","floor":46,"turns":6},{"damage":0,"enemies":"Jaw Worm Horde","floor":47,"turns":1},{"damage":1,"enemies":"Writhing Mass","floor":48,"turns":4},{"damage":95,"enemies":"Awakened One","floor":50,"turns":15},{"damage":71,"enemies":"Shield and Spear","floor":54,"turns":5},{"damage":95,"enemies":"The Heart","floor":55,"turns":5}],"seed_played":"1463068844975396633","potions_obtained":[{"floor":2.0,"key":"EssenceOfSteel"},{"floor":12.0,"key":"AttackPotion"},{"floor":18.0,"key":"Strength Potion"},{"floor":24.0,"key":"Strength Potion"},{"floor":33.0,"key":"BloodPotion"},{"floor":35.0,"key":"SmokeBomb"},{"floor":40,"key":"FearPotion"},{"floor":54,"key":"Explosive Potion"}],"is_trial":false,"path_per_floor":["M","M","?","?","$","E","R","E","T","E","R","M","R","$","R","B",null,"M","M","?","M","$","R","E","?","T","R","E","R","M","$","R","B",null,"M","M","?","$","?","E","M","R","T","?","$","M","M","M","R","B",null,"R","$","E","B"],"character_chosen":"IRONCLAD","items_purchased":["Red Skull","Oddly Smooth Stone","HandDrill","Rampage+1"],"campfire_rested":5,"item_purchase_floors":[5,22,38,53],"current_hp_per_floor":[80,80,80,69,69,75,75,56,56,34,58,64,64,64,64,20,65,67,53,53,34,34,58,17,17,17,41,31,31,29,29,53,54,76,80,83,83,83,83,72,55,55,55,55,55,62,79,87,87,16,72,90,90,31,0,0],"gold":35,"neow_bonus":"THREE_ENEMY_KILL","is_daily":false,"chose_seed":false,"campfire_upgraded":5,"win_rate":0.0,"timestamp":1610756252,"path_taken":["M","M","?","?","?","E","R","E","T","E","R","M","R","$","R","BOSS","M","M","?","?","$","R","E","?","T","R","E","R","M","$","R","BOSS","M","M","?","$","?","E","M","R","T","?","?","M","M","?","R","BOSS","R","$","E","BOSS"],"items_purchased_type":["Relic","Relic","Relic","Card"],"build_version":"2020-12-22","purchased_purges":2,"victory":false,"max_hp_per_floor":[80,80,80,80,80,80,80,80,80,80,80,80,80,80,80,80,80,80,83,83,83,83,83,83,83,83,83,83,83,83,83,83,83,83,83,83,83,83,83,83,83,83,83,83,83,87,87,87,87,90,90,90,90,90,90,90],"card_choices":[{"not_picked":["Wild Strike","Headbutt"],"picked":"Flex","floor":1.0},{"not_picked":["Anger","Berserk"],"picked":"Pommel Strike","floor":2.0},{"not_picked":["Juggernaut","Pommel Strike","Reckless Charge"],"picked":"SKIP","floor":6.0},{"not_picked":["Armaments","Shrug It Off"],"picked":"Body Slam","floor":8.0},{"not_picked":["Anger","Searing Blow","Metallicize"],"picked":"SKIP","floor":10.0},{"not_picked":["Anger","Flame Barrier","Second Wind"],"picked":"SKIP","floor":12.0},{"not_picked":["Corruption","Berserk"],"picked":"Feed","floor":16.0},{"not_picked":["Carnage","Armaments","True Grit"],"picked":"SKIP","floor":18.0},{"not_picked":["Wild Strike+1","Sword Boomerang"],"picked":"Shrug It Off+1","floor":19.0},{"not_picked":["Sword Boomerang","Sentinel"],"picked":"Body Slam","floor":21.0},{"not_picked":["Shrug It Off","Cleave"],"picked":"Armaments","floor":23.0},{"not_picked":["Iron Wave","Armaments"],"picked":"Thunderclap+1","floor":24.0},{"not_picked":["Infernal Blade+1","Flex+1"],"picked":"Iron Wave","floor":27.0},{"not_picked":["Iron Wave","Pommel Strike","Havoc+1"],"picked":"SKIP","floor":28.0},{"not_picked":["Disarm","Pommel Strike"],"picked":"Dropkick","floor":30.0},{"not_picked":["Dark Embrace","Sever Soul+1"],"picked":"Pommel Strike","floor":32.0},{"not_picked":["Feed","Brutality"],"picked":"Reaper","floor":33.0},{"not_picked":["Whirlwind+1"],"picked":"SKIP","floor":35.0},{"not_picked":["Clash+1"],"picked":"SKIP","floor":36.0},{"not_picked":[],"picked":"Bandage Up","floor":37.0},{"not_picked":["Shockwave"],"picked":"SKIP","floor":40},{"not_picked":["Wild Strike+1"],"picked":"SKIP","floor":41},{"not_picked":["Iron Wave+1"],"picked":"SKIP","floor":46},{"not_picked":["Pommel Strike+1"],"picked":"SKIP","floor":48},{"not_picked":[],"picked":"Fire Breathing+1","floor":54}],"player_experience":281444,"relics_obtained":[{"floor":6.0,"key":"War Paint"},{"floor":8.0,"key":"Dream Catcher"},{"floor":9.0,"key":"Shuriken"},{"floor":10.0,"key":"Centennial Puzzle"},{"floor":24.0,"key":"Blood Vial"},{"floor":28.0,"key":"Bag of Marbles"},{"floor":39.0,"key":"CaptainsWheel"},{"floor":40,"key":"Toy Ornithopter"},{"floor":43,"key":"Molten Egg 2"},{"floor":54,"key":"White Beast Statue"}],"event_choices":[{"damage_healed":0.0,"max_hp_gain":0.0,"max_hp_loss":0.0,"gold_gain":0.0,"event_name":"Living Wall","player_choice":"Grow","floor":3.0,"gold_loss":0.0,"damage_taken":0.0,"cards_upgraded":["Flex"]},{"damage_healed":0.0,"max_hp_gain":0.0,"max_hp_loss":0.0,"gold_gain":75.0,"event_name":"World of Goop","player_choice":"Gather Gold","floor":4.0,"gold_loss":0.0,"damage_taken":11.0},{"damage_healed":0.0,"max_hp_gain":0.0,"max_hp_loss":0.0,"gold_gain":0.0,"event_name":"The Joust","player_choice":"Bet on Owner","floor":20.0,"gold_loss":50.0,"damage_taken":0.0},{"damage_healed":0.0,"max_hp_gain":0.0,"max_hp_loss":0.0,"gold_gain":0.0,"event_name":"WeMeetAgain","player_choice":"Gave Potion","floor":25.0,"gold_loss":0.0,"damage_taken":0.0,"relics_obtained":["Pantograph"]},{"damage_healed":0.0,"max_hp_gain":0.0,"max_hp_loss":0.0,"gold_gain":0.0,"event_name":"SensoryStone","player_choice":"Memory 1","floor":37.0,"gold_loss":0.0,"damage_taken":0.0},{"damage_healed":0.0,"max_hp_gain":0.0,"max_hp_loss":0.0,"gold_gain":0.0,"event_name":"MindBloom","player_choice":"Fight","floor":39.0,"gold_loss":0.0,"damage_taken":0.0},{"cards_removed":["Thunderclap"],"damage_healed":0,"gold_gain":0,"player_choice":"Removed Attack","damage_taken":0,"max_hp_gain":0,"max_hp_loss":0,"event_name":"Falling","floor":44,"gold_loss":0}],"is_beta":false,"boss_relics":[{"not_picked":["Velvet Choker","Cursed Key"],"picked":"SlaversCollar"},{"not_picked":["Mark of Pain","Pandora\u0027s Box"],"picked":"Busted Crown"}],"items_purged_floors":[14,53],"is_endless":false,"potions_floor_spawned":[2,12,18,24,33,35,40,46,54],"killed_by":"The Heart","ascension_level":5}}