{"host":"u7y6mp3waw4jt65j","time":1610775505,"event":{"mods":["ATMod(阿瑾Mod)","Aspiration","BaseMod","Conspire","Dota2Spire","Minty Spire (QoL Compilation)","Replay The Spire","StSLib","【功能Mod】聪明的最终Boss","【遗物卡牌】REMEMod"],"gold_per_floor":[119,137,312,16,16,27,62,81,81,81,99,99,110,170,170,269,269,289,289,304,20,35,85,85,97,97,108,108,133,133,150,150,255,255,267,317,236,236,236,115,390,423,517,546,546,546,301,301,319,333,333,333,333],"floor_reached":52,"language":"ZHS","playtime":2642,"items_purged":["Doubt","ReplayTheSpireMod:Restless Dread"],"score":1304,"play_id":"426fc577-4b67-44b2-8a35-624a9d020c7b","local_time":"20210116133825","is_ascension_mode":true,"campfire_choices":[{"data":"AT_FamilyPortrait","floor":10,"key":"SMITH"},{"data":"REME_ACTH","floor":12,"key":"SMITH"},{"data":"Judgement","floor":15,"key":"SMITH"},{"data":"Armaments","floor":30,"key":"SMITH"},{"data":"Armaments","floor":32,"key":"SMITH"},{"floor":46,"key":"RECALL"},{"floor":51,"key":"REST"}],"circlet_count":0,"master_deck":["AscendersBane","Strike_R","Strike_R","Strike_R","Strike_R","Strike_R","Defend_R","Defend_R","Defend_R","Defend_R","Bash","AT_FamilyPortrait+1","Judgement+1","Sword Boomerang","Bloodletting","REME_HeartOfCthun","AT_IchimonjiDouble","Wild Strike","Run Through","Wild Strike","REME_ACTH+1","conspire:ExplosiveBarrier","Perfected Strike","Offering","REME_MawOfCthun","Disarm","Armaments+1","Thunderclap","Armaments","Bloodletting","Armaments+1","ReplayTheSpireMod:Limb From Limb","Perfected Strike","Power Through","Whirlwind","Evolve","Brutality","ReplayTheSpireMod:Muscle Training","Burning Pact+1","Clash+1","AT_DiedThrough","Reaper","Regret","Pain","Writhe","Regret","Perfected Strike+1","Reaper","Dark Shackles","Inflame+1","Uppercut+1","Intimidate+1","Life Link+1"],"relics":["Burning Blood","AT_ATBox","REME_ComplimentaryCards","NeowsBlessing","Strawberry","Gambling Chip","Mercury Hourglass","Dota2Spire:BladeMail","Prayer Wheel","REME_LowDesire","Centennial Puzzle","Dream Catcher","AT_ForceNature","Ring of Greed","Ring of Fury","Blue Doll","Smiling Mask","AT_EbonyIvory","Boot","conspire:SpecialSausage","AT_Manta","Replay:Bottled Flurry","aspiration:Lifesprig","Onion Ring"],"acts_visited":["Exordium","TheCity","TheBeyond"],"potions_floor_usage":[16,18,22,33,52],"damage_taken":[{"damage":0.0,"enemies":"Jaw Worm","floor":1.0,"turns":1.0},{"damage":0.0,"enemies":"Small Slimes","floor":2.0,"turns":1.0},{"damage":0.0,"enemies":"Cultist","floor":6.0,"turns":1.0},{"damage":30.0,"enemies":"Lagavulin","floor":7.0,"turns":4.0},{"damage":0,"enemies":"Red Slaver","floor":8,"turns":1},{"damage":0,"enemies":"3 Louse","floor":11,"turns":1},{"damage":6,"enemies":"Lots of Slimes","floor":13,"turns":2},{"damage":20,"enemies":"3 Sentries","floor":14,"turns":3},{"damage":39,"enemies":"Fading Forest","floor":16,"turns":11},{"damage":6,"enemies":"Shell Parasite","floor":18,"turns":1},{"damage":9,"enemies":"3 Byrds","floor":20,"turns":3},{"damage":11,"enemies":"Sentry and Sphere","floor":22,"turns":3},{"damage":0,"enemies":"Snecko","floor":25,"turns":2},{"damage":4,"enemies":"Chosen and Byrds","floor":27,"turns":2},{"damage":20,"enemies":"Centurion and Healer","floor":31,"turns":3},{"damage":53,"enemies":"Pondfish","floor":33,"turns":10},{"damage":25,"enemies":"Orb Walker","floor":35,"turns":3},{"damage":5,"enemies":"Mind Bloom Boss Battle","floor":36,"turns":3},{"damage":2,"enemies":"Nemesis","floor":42,"turns":1},{"damage":9,"enemies":"3 Shapes","floor":43,"turns":1},{"damage":11,"enemies":"Reptomancer","floor":44,"turns":2},{"damage":8,"enemies":"Sphere and 2 Shapes","floor":49,"turns":3},{"damage":2,"enemies":"Maw","floor":50,"turns":3},{"damage":220,"enemies":"Donu and Deca","floor":52,"turns":13}],"seed_played":"7182784297915049346","potions_obtained":[{"floor":7.0,"key":"EssenceOfSteel"},{"floor":11,"key":"Adrenaline Potion"},{"floor":14,"key":"Dota2Spire:Clarity"},{"floor":18,"key":"EssenceOfSteel"},{"floor":22,"key":"REME_GoldPotion"},{"floor":25,"key":"FairyPotion"},{"floor":36,"key":"Adrenaline Potion"}],"is_trial":false,"path_per_floor":["M","M","?","$","?","M","E","M","T","R","M","R","M","?","R","B",null,"M","?","M","$","M","?","?","M","T","M","$","T","R","M","R","B",null,"M","?","$","PTL","PTL","$","?","E","M","E","T","R","$","?","M","M","R","B"],"character_chosen":"IRONCLAD","items_purchased":["REME_HeartOfCthun","AT_IchimonjiDouble","AT_ForceNature","Armaments","AT_DiedThrough","Reaper","Onion Ring"],"campfire_rested":1,"item_purchase_floors":[4,4,21,21,37,40,47],"current_hp_per_floor":[78,80,80,80,84,87,63,69,69,69,75,75,75,61,61,28,72,72,72,69,69,64,64,97,97,97,97,97,97,97,83,83,48,85,66,67,67,67,67,67,67,71,68,63,63,63,63,58,56,84,97,0,0],"gold":333,"neow_bonus":"THREE_ENEMY_KILL","is_daily":false,"chose_seed":false,"campfire_upgraded":5,"win_rate":0.0,"timestamp":1610775505,"path_taken":["M","M","?","$","?","M","E","M","T","R","M","R","M","?","R","BOSS","M","?","M","$","M","?","?","?","T","M","$","?","R","M","R","BOSS","M","?","$","PTL","PTL","$","?","E","?","E","T","R","?","?","?","M","R","BOSS"],"items_purchased_type":["Card","Card","Relic","Card","Card","Card","Relic"],"build_version":"2020-12-22","purchased_purges":2,"victory":false,"max_hp_per_floor":[80,80,80,80,87,87,87,87,87,87,87,87,87,87,87,87,87,87,87,87,87,87,87,97,97,97,97,97,97,97,97,97,97,97,97,97,97,97,97,97,97,97,97,97,97,97,97,97,97,97,97,97,97],"card_choices":[{"not_picked":["Twin Strike","Wild Strike"],"picked":"Sword Boomerang","floor":1.0},{"not_picked":["Warcry","Juggernaut"],"picked":"Bloodletting","floor":2.0},{"not_picked":["Run Through","ReplayReversal"],"picked":"Wild Strike","floor":6.0},{"not_picked":["Ghostly Armor","Combust"],"picked":"Run Through","floor":7.0},{"not_picked":["Sword Boomerang","Inflame"],"picked":"Wild Strike","floor":8},{"not_picked":["Thunderclap","Cleave"],"picked":"REME_ACTH","floor":11},{"not_picked":["Inflame","True Grit"],"picked":"conspire:ExplosiveBarrier","floor":13},{"not_picked":["AT_GerminateFire","Sentinel"],"picked":"Perfected Strike","floor":14},{"not_picked":["Reaper","AT_Dispersion"],"picked":"Offering","floor":16},{"not_picked":["Heavy Blade+1","Run Through+1","Pommel Strike"],"picked":"REME_MawOfCthun","floor":18},{"not_picked":["Limit Break","True Grit","Discovery"],"picked":"Disarm","floor":18},{"not_picked":["REME_FearOfPain","Flex+1","Rampage+1"],"picked":"REME_HeartOfCthun","floor":20},{"not_picked":["ReplayTheSpireMod:Stacked+1","True Grit","AT_BreakingExtremeWeapon"],"picked":"Thunderclap","floor":20},{"not_picked":["ReplayTheSpireMod:Strike From Hell","Wild Strike","AT_FalsePromise"],"picked":"Bloodletting","floor":22},{"not_picked":["AT_IchimonjiDouble","Thunderclap","REME_MawOfCthun"],"picked":"Armaments","floor":22},{"not_picked":["Dual Wield+1","Dropkick","AT_BreakingExtremeWeapon"],"picked":"ReplayTheSpireMod:Limb From Limb","floor":25},{"not_picked":["Armaments","Shockwave","ReplayTheSpireMod:Brewmster"],"picked":"Perfected Strike","floor":25},{"not_picked":["AT_CaressingTears+1","Body Slam","Violence"],"picked":"Power Through","floor":27},{"not_picked":["AT_BodySlamDance","Body Slam+1","Abandon","REME_ShortnessOfBreath"],"picked":"SKIP","floor":27},{"not_picked":["REME_Cut","REME_TheLastStrike","Poisoned Strike"],"picked":"Whirlwind","floor":31},{"not_picked":["Anger","Abandon","Madness"],"picked":"Evolve","floor":31},{"not_picked":["Hemogenesis","Fiend Fire","Secret Technique"],"picked":"Brutality","floor":33},{"not_picked":["Thunderclap+1","ReplayTheSpireMod:Corrosion Curse+1","REME_HeartOfCthun"],"picked":"ReplayTheSpireMod:Muscle Training","floor":35},{"not_picked":["True Grit+1","Heavy Blade","REME_MagicPocketWatch+1"],"picked":"Burning Pact+1","floor":35},{"not_picked":["Exhume","Anger+1","Enlightenment"],"picked":"Clash+1","floor":36},{"not_picked":["Body Slam","Ghostly Armor","AT_CaressingTears","Swift Strike"],"picked":"SKIP","floor":42},{"not_picked":["Searing Blow","Blood for Blood+1","Dark Shackles"],"picked":"Perfected Strike+1","floor":43},{"not_picked":["Cleave+1","conspire:Charge+1","Clash","AT_BreakingExtremeWeapon"],"picked":"SKIP","floor":43},{"not_picked":["AT_ManFootWork","Armaments","REME_FirmDetermination"],"picked":"Reaper","floor":44},{"not_picked":["Violence","Replay:Bootleg Shield Generator"],"picked":"Dark Shackles","floor":48},{"not_picked":["True Grit+1","Armaments","Crow Ritual"],"picked":"Inflame+1","floor":49},{"not_picked":["Thunderclap","Burning Pact+1","Trip"],"picked":"Uppercut+1","floor":49},{"not_picked":["AT_BodySlamDance","Armaments","ReplayTheSpireMod:Trickstab"],"picked":"Intimidate+1","floor":50},{"not_picked":["Iron Wave","Eclipse","Body Slam","AT_CelerityRune"],"picked":"SKIP","floor":50},{"not_picked":["Clothesline+1","ReplayTheSpireMod:Stacked+1","Poisoned Strike"],"picked":"Life Link+1","floor":51}],"player_experience":125249,"relics_obtained":[{"floor":7.0,"key":"Gambling Chip"},{"floor":9,"key":"Mercury Hourglass"},{"floor":14,"key":"Dota2Spire:BladeMail"},{"floor":17,"key":"Centennial Puzzle"},{"floor":17,"key":"Dream Catcher"},{"floor":23,"key":"Ring of Greed"},{"floor":23,"key":"Ring of Fury"},{"floor":23,"key":"Blue Doll"},{"floor":23,"key":"Smiling Mask"},{"floor":26,"key":"AT_EbonyIvory"},{"floor":29,"key":"Boot"},{"floor":36,"key":"AT_Manta"},{"floor":42,"key":"Replay:Bottled Flurry"},{"floor":44,"key":"aspiration:Lifesprig"}],"event_choices":[{"damage_healed":0.0,"max_hp_gain":0.0,"max_hp_loss":0.0,"gold_gain":175.0,"event_name":"Liars Game","player_choice":"AGREE","floor":3.0,"gold_loss":0.0,"damage_taken":0.0,"cards_obtained":["Doubt"]},{"damage_healed":0.0,"max_hp_gain":0.0,"max_hp_loss":0.0,"gold_gain":0.0,"event_name":"Scrap Ooze","player_choice":"Success","floor":5.0,"gold_loss":0.0,"damage_taken":3.0,"relics_obtained":["Strawberry"]},{"damage_healed":0,"gold_gain":0,"player_choice":"Searched \u00271\u0027 times","damage_taken":0,"max_hp_gain":0,"max_hp_loss":0,"event_name":"Dead Adventurer","floor":14,"gold_loss":0},{"damage_healed":0,"gold_gain":0,"player_choice":"Read","damage_taken":0,"max_hp_gain":0,"max_hp_loss":0,"event_name":"The Library","floor":19,"gold_loss":0,"cards_obtained":["Armaments"]},{"cards_removed":["REME_HeartOfCthun"],"damage_healed":23,"gold_gain":0,"player_choice":"Offered Rare","damage_taken":0,"max_hp_gain":10,"max_hp_loss":0,"event_name":"Bonfire Elementals","floor":24,"gold_loss":0},{"damage_healed":0,"gold_gain":0,"player_choice":"Fight","damage_taken":0,"max_hp_gain":0,"max_hp_loss":0,"event_name":"MindBloom","floor":36,"gold_loss":0},{"damage_healed":0,"gold_gain":275,"player_choice":"Desecrate","damage_taken":0,"max_hp_gain":0,"max_hp_loss":0,"event_name":"Golden Shrine","floor":41,"gold_loss":0,"cards_obtained":["Regret"]},{"damage_healed":0,"gold_gain":0,"player_choice":"Memory 3","damage_taken":10,"max_hp_gain":0,"max_hp_loss":0,"event_name":"SensoryStone","floor":48,"gold_loss":0}],"is_beta":false,"boss_relics":[{"not_picked":["aspiration:SecretTechniqueScroll","Replay:Bronze Core"],"picked":"REME_LowDesire"},{"not_picked":["Mark of Pain","Velvet Choker"],"picked":"conspire:SpecialSausage"}],"items_purged_floors":[4,40],"is_endless":false,"potions_floor_spawned":[7,11,14,18,22,25,31,36,42],"killed_by":"Donu and Deca","ascension_level":11}}