{"host":"h23hlq20ir8sps7h","time":1610818062,"event":{"mods":["Act Like it!","Aspiration","BaseMod","BetterRewards","Colored Map","Conspire","Energized Spire","Friendly Minions","GifTheSpireLib","Halation","Hubris","Ironclad Rager","Minty Spire (QoL Compilation)","Permanent Neow","Prisma Mod","Quarter Circle Forward PUNCH!","Quick Restart","Railgun Mod","Remilia??????","Replay The Spire","SCP261 Mod","Shop Mod","Spikes Relics","StSLib","Stuff the Spire","The Animator","The Hierophant","The Problem Sleuth","The Runesmith","The Sage","Trackpad","Wandering Minibosses","vexMod"],"gold_per_floor":[112,122,71,91,41,68,68,85,111,139,139,139,119,119,119,119,119],"floor_reached":16,"language":"ENG","playtime":1272,"items_purged":[],"score":110,"play_id":"8aa76226-bd8b-475b-b860-ea58c84d33de","local_time":"20210116092742","is_ascension_mode":false,"campfire_choices":[{"floor":7,"key":"RECALL"},{"data":"Runesmith:PoweredAnvil","floor":12,"key":"SMITH"},{"data":"Runesmith:Fortify","floor":15,"key":"SMITH"}],"circlet_count":0,"master_deck":["Runesmith:Strike_RS","Runesmith:Strike_RS","Runesmith:Defend_RS","Runesmith:Defend_RS","Runesmith:Defend_RS","Runesmith:CraftFirestone","Runesmith:Fortify+1","Runesmith:EnergizedChisel","Runesmith:HammerThrow","Runesmith:PoweredAnvil+1","Runesmith:PoweredAnvil","Runesmith:Firewall","Runesmith:Retool","Runesmith:CraftSpiculum","Runesmith:EarthShield","Runesmith:CraftProtectio"],"relics":["Runesmith:BrokenRuby","StuffTheSpire:Rhapsscallions","SsserpentHead"],"acts_visited":["Exordium"],"potions_floor_usage":[],"damage_taken":[{"damage":0,"enemies":"2 Louse","floor":1,"turns":3},{"damage":0,"enemies":"Cultist","floor":2,"turns":4},{"damage":1,"enemies":"conspire:RoseBush","floor":4,"turns":4},{"damage":5,"enemies":"Replay:BlueRogue","floor":6,"turns":11},{"damage":21,"enemies":"Lots of Slimes","floor":8,"turns":7},{"damage":37,"enemies":"3 Sentries","floor":10,"turns":8},{"damage":3,"enemies":"2 Fungi Beasts","floor":13,"turns":8},{"damage":24,"enemies":"Slime Boss","floor":16,"turns":3}],"seed_played":"-639130123807687922","potions_obtained":[{"floor":6,"key":"Block Potion"},{"floor":8,"key":"FearPotion"},{"floor":13,"key":"BlessingOfTheForge"}],"is_trial":false,"path_per_floor":["M","M","$","M","?","E","R","M","T","E","?","R","M","?","R","B"],"character_chosen":"RUNESMITH_CLASS","items_purchased":["Runesmith:PoweredAnvil"],"campfire_rested":0,"item_purchase_floors":[3],"current_hp_per_floor":[77,77,77,76,76,75,75,54,54,17,17,17,14,14,14,0,0],"gold":119,"neow_bonus":"TEN_PERCENT_HP_BONUS","is_daily":false,"chose_seed":false,"campfire_upgraded":2,"win_rate":0.0,"timestamp":1610818062,"path_taken":["M","M","$","M","?","E","R","M","T","E","?","R","?","?","R","BOSS"],"items_purchased_type":["Card"],"build_version":"2020-12-22","purchased_purges":0,"victory":false,"max_hp_per_floor":[77,77,77,77,77,81,81,81,81,81,81,81,81,81,81,81,81],"card_choices":[{"not_picked":["Runesmith:Overpower","Runesmith:FrozenChisel"],"picked":"Runesmith:EnergizedChisel","floor":1},{"not_picked":["Runesmith:RuneHurl","Runesmith:Retool"],"picked":"Runesmith:HammerThrow","floor":2},{"not_picked":["Runesmith:RunicBlueprint","Runesmith:CraftMagma"],"picked":"Runesmith:Firewall","floor":4},{"not_picked":["Runesmith:Repurpose","Runesmith:Overpower"],"picked":"Runesmith:Retool","floor":6},{"not_picked":["Runesmith:HammerThrow","Runesmith:Discharge"],"picked":"Runesmith:CraftSpiculum","floor":8},{"not_picked":["Runesmith:Prism","Runesmith:EnergizedChisel"],"picked":"Runesmith:EarthShield","floor":10},{"not_picked":["Runesmith:LightningRod","Runesmith:CraftReservo"],"picked":"Runesmith:CraftProtectio","floor":13}],"player_experience":295550,"relics_obtained":[{"floor":6,"key":"StuffTheSpire:Rhapsscallions"},{"floor":10,"key":"vexMod:BarristanHead"}],"event_choices":[{"cards_removed":["Runesmith:Defend_RS"],"damage_healed":0,"gold_gain":0,"player_choice":"Card Removal","damage_taken":0,"max_hp_gain":0,"max_hp_loss":0,"event_name":"The Cleric","floor":5,"gold_loss":50},{"cards_removed":["Runesmith:Strike_RS"],"damage_healed":0,"gold_gain":0,"player_choice":"Purged","damage_taken":0,"max_hp_gain":0,"max_hp_loss":0,"event_name":"Purifier","floor":11,"gold_loss":0},{"damage_healed":0,"gold_gain":0,"player_choice":"Trade","damage_taken":0,"relics_obtained":["SsserpentHead"],"max_hp_gain":0,"max_hp_loss":0,"event_name":"FaceTrader","floor":14,"gold_loss":0}],"is_beta":false,"boss_relics":[],"items_purged_floors":[],"is_endless":false,"potions_floor_spawned":[6,8,13],"killed_by":"Slime Boss","ascension_level":0}}