{"host":"yvb207ks1sg3cxef","time":1610794130,"event":{"mods":["2.2 Compatiblity","BaseMod","Bestiary","Colored Powertips","Minty Spire (QoL Compilation)","Permanent Neow","Quick Restart","Relic Stats","StSLib"],"gold_per_floor":[118,193,153,167,18,43,54,89,89,99,10,25,25,60,60,60,60],"floor_reached":16,"language":"ENG","playtime":823,"items_purged":["Strike_G"],"score":240,"play_id":"a5404200-a05f-46df-9eed-e6818420cf95","local_time":"20210116161850","is_ascension_mode":true,"campfire_choices":[{"floor":13,"key":"REST"},{"data":"Dagger Spray","floor":15,"key":"SMITH"}],"circlet_count":0,"master_deck":["AscendersBane","Strike_G","Strike_G","Strike_G","Strike_G","Defend_G","Defend_G","Defend_G","Defend_G","Defend_G","Survivor","Neutralize","CurseOfTheBell","Dagger Spray+1","Masterful Stab","Noxious Fumes","Backflip","Flying Knee","Crippling Poison","Blur","Slice","Calculated Gamble","Reflex"],"relics":["Calling Bell","Vajra","Turnip","Gremlin Horn","Ginger","Prayer Wheel","WingedGreaves","Molten Egg 2"],"acts_visited":["Exordium"],"potions_floor_usage":[7,8,14,14,16],"damage_taken":[{"damage":6.0,"enemies":"2 Louse","floor":1.0,"turns":3.0},{"damage":6.0,"enemies":"Jaw Worm","floor":4.0,"turns":5.0},{"damage":22.0,"enemies":"Lagavulin","floor":6.0,"turns":10.0},{"damage":2,"enemies":"Cultist","floor":7,"turns":5},{"damage":16,"enemies":"3 Sentries","floor":8,"turns":9},{"damage":3,"enemies":"Gremlin Gang","floor":10,"turns":5},{"damage":0,"enemies":"Lots of Slimes","floor":12,"turns":1},{"damage":15,"enemies":"Lagavulin","floor":14,"turns":8},{"damage":13,"enemies":"Slime Boss","floor":16,"turns":6}],"seed_played":"8860495856395064043","potions_obtained":[{"floor":3.0,"key":"Dexterity Potion"},{"floor":3.0,"key":"EssenceOfSteel"},{"floor":4.0,"key":"EntropicBrew"},{"floor":6.0,"key":"Regen Potion"},{"floor":8,"key":"PowerPotion"},{"floor":10,"key":"Swift Potion"},{"floor":14,"key":"Fire Potion"}],"is_trial":false,"path_per_floor":["M","?","?","M","$","E","M","E","T","M","$","M","R","E","R","B"],"character_chosen":"THE_SILENT","items_purchased":["Noxious Fumes","Calculated Gamble"],"campfire_rested":1,"item_purchase_floors":[5,11],"current_hp_per_floor":[53,42,42,36,36,14,26,10,10,7,7,7,26,11,11,0,0],"gold":60,"neow_bonus":"BOSS_RELIC","is_daily":false,"chose_seed":false,"campfire_upgraded":1,"win_rate":0.0,"timestamp":1610794130,"path_taken":["M","?","?","M","$","E","?","E","T","M","$","M","R","E","R","BOSS"],"items_purchased_type":["Card","Card"],"build_version":"2020-12-22","purchased_purges":1,"victory":false,"max_hp_per_floor":[66,66,66,66,66,66,66,66,66,66,66,66,66,66,66,66,66],"relic_stats":{"Gremlin Horn":[10,10],"counters":[9,52],"Prayer Wheel":2,"Turnip":[4],"Ginger":[3],"obtain_stats":[{"Calling Bell":0,"Gremlin Horn":0,"Vajra":0,"Prayer Wheel":8,"Molten Egg 2":14,"Turnip":0,"WingedGreaves":9,"Ginger":6,"Ring of the Snake":0},{"Calling Bell":0,"Gremlin Horn":0,"Vajra":0,"Prayer Wheel":5,"Molten Egg 2":8,"Turnip":0,"WingedGreaves":5,"Ginger":3,"Ring of the Snake":0},{"Calling Bell":0,"Gremlin Horn":0,"Vajra":0,"Prayer Wheel":32,"Molten Egg 2":46,"Turnip":0,"WingedGreaves":32,"Ginger":18,"Ring of the Snake":0}]},"card_choices":[{"not_picked":["Blur","Deflect"],"picked":"Dagger Spray","floor":1.0},{"not_picked":["Poisoned Stab","Backstab"],"picked":"Masterful Stab","floor":4.0},{"not_picked":["Sucker Punch","Endless Agony"],"picked":"Backflip","floor":6.0},{"not_picked":["Expertise","Deflect"],"picked":"Flying Knee","floor":7},{"not_picked":["Bouncing Flask","Blade Dance"],"picked":"Crippling Poison","floor":8},{"not_picked":["Infinite Blades","Poisoned Stab"],"picked":"Blur","floor":10},{"not_picked":["Skewer","Deadly Poison"],"picked":"Slice","floor":10},{"not_picked":["Flying Knee","Prepared"],"picked":"Reflex","floor":12},{"not_picked":["Deadly Poison","Deflect","Poisoned Stab"],"picked":"SKIP","floor":12},{"not_picked":["Deadly Poison","Finisher+1","Envenom"],"picked":"SKIP","floor":14}],"player_experience":360902,"relics_obtained":[{"floor":0.0,"key":"Vajra"},{"floor":0.0,"key":"Turnip"},{"floor":0.0,"key":"Gremlin Horn"},{"floor":6.0,"key":"Ginger"},{"floor":8,"key":"Prayer Wheel"},{"floor":9,"key":"WingedGreaves"},{"floor":14,"key":"Molten Egg 2"}],"event_choices":[{"damage_healed":0.0,"max_hp_gain":0.0,"max_hp_loss":0.0,"gold_gain":75.0,"event_name":"World of Goop","player_choice":"Gather Gold","floor":2.0,"gold_loss":0.0,"damage_taken":11.0},{"damage_healed":0.0,"max_hp_gain":0.0,"max_hp_loss":0.0,"gold_gain":0.0,"event_name":"The Woman in Blue","player_choice":"Bought 3 Potions","floor":3.0,"gold_loss":0.0,"damage_taken":0.0}],"is_beta":false,"boss_relics":[],"items_purged_floors":[5],"is_endless":false,"potions_floor_spawned":[4,6,8,10,14],"killed_by":"Slime Boss","ascension_level":20}}