{"host":"r9v0g0iwbsx9dzwu","time":1610797320,"event":{"mods":["ATMod(阿瑾Mod)","Aspiration","BaseMod","Minty Spire (QoL Compilation)","MostiFishMod","Replay The Spire","RumiaBox-露米娅的神秘盒子","StSLib","TestMod","[IsaacMod]以撒尖塔","vexMod","【功能Mod】聪明的最终Boss","【遗物卡牌】REMEMod"],"gold_per_floor":[114,114,189,204,204,204,294,321,392,16,35,46,46,78,78,78,78],"floor_reached":16,"language":"ZHS","playtime":455,"items_purged":["Injury"],"score":316,"play_id":"0777cfd7-4f66-4191-835f-e9c3b6292744","local_time":"20210116194200","is_ascension_mode":true,"campfire_choices":[{"data":"AT_ArcaneSupremacy","floor":6.0,"key":"SMITH"},{"data":"Neutralize","floor":13.0,"key":"SMITH"},{"floor":15.0,"key":"RECALL"}],"circlet_count":0,"master_deck":["AscendersBane","Strike_G","Strike_G","Strike_G","Strike_G","Strike_G","Defend_G","Defend_G","Defend_G","Defend_G","Survivor","Neutralize+1","SuicideKing","AT_ArcaneSupremacy+1","AT_FocusSwordFire+1","Backflip+1","Hidden Blade+1","Prepared+1","Acrobatics+1","MostiFishMod:AdrenalineArouse+1","AT_EssenceShift"],"relics":["Ring of the Snake","AT_ATBox","DaveBox","testmod-TestBox","HushsDoor","REME_ComplimentaryCards","GuppysTail","testmod-RainbowHikingShoes","ShadowXiaoBlade","Baka","ReplayTheSpireMod:Ring of Addiction","Chameleon Ring","Toy Ornithopter","Toxic Egg 2","Prayer Wheel","ReplayFunnel","TheBible","aspiration:StickyExplosives_weak","Mummified Hand"],"acts_visited":["Exordium"],"potions_floor_usage":[],"damage_taken":[{"damage":1.0,"enemies":"Jaw Worm","floor":1.0,"turns":2.0},{"damage":2.0,"enemies":"2 Louse","floor":4.0,"turns":2.0},{"damage":0.0,"enemies":"Replay:BlueRogue","floor":8.0,"turns":5.0},{"damage":0.0,"enemies":"Cultist","floor":11.0,"turns":2.0},{"damage":0.0,"enemies":"2 Fungi Beasts","floor":12.0,"turns":1.0},{"damage":0.0,"enemies":"Gremlin Nob","floor":14.0,"turns":3.0},{"damage":0,"enemies":"Fading Forest","floor":16,"turns":1}],"seed_played":"-7825276710260389855","potions_obtained":[{"floor":2.0,"key":"Explosive Potion"},{"floor":2.0,"key":"EssenceOfSteel"},{"floor":8.0,"key":"Strength Potion"}],"is_trial":false,"path_per_floor":["M","?","?","M","?","R","?","E","T","$","M","M","R","E","R","B"],"character_chosen":"THE_SILENT","items_purchased":["Backflip+1","aspiration:StickyExplosives_weak"],"campfire_rested":0,"item_purchase_floors":[10,10],"current_hp_per_floor":[58,58,43,46,46,46,31,36,36,36,36,36,36,41,41,41,41],"gold":78,"neow_bonus":"RANDOM_EVENT","is_daily":false,"chose_seed":false,"campfire_upgraded":2,"win_rate":0.0,"timestamp":1610797320,"path_taken":["M","?","?","?","?","R","?","E","T","$","M","M","R","E","R","BOSS"],"items_purchased_type":["Card","Relic"],"build_version":"2020-12-22","purchased_purges":1,"victory":false,"max_hp_per_floor":[66,66,66,65,65,65,63,63,63,63,63,61,61,61,61,61,61],"card_choices":[{"not_picked":[],"picked":"SuicideKing","floor":0.0},{"not_picked":["Footwork","Dagger Throw","Catalyst"],"picked":"SKIP","floor":1.0},{"not_picked":["ReplayTheSpireMod:Speed Training","Dagger Spray","Caltrops"],"picked":"SKIP","floor":4.0},{"not_picked":["Backstab","Blade Dance+1"],"picked":"AT_FocusSwordFire+1","floor":8.0},{"not_picked":["ReplayTheSpireMod:The Works+1","REME_GreenPollution"],"picked":"Hidden Blade+1","floor":11.0},{"not_picked":["Bouncing Flask+1","PiercingWail+1"],"picked":"Prepared+1","floor":11.0},{"not_picked":["Bane","Expertise+1"],"picked":"Acrobatics+1","floor":12.0},{"not_picked":["MostiFishMod:PerfectParry+1","AT_KneejerkReflex"],"picked":"MostiFishMod:AdrenalineArouse+1","floor":12.0},{"not_picked":["ReplayTheSpireMod:Tripwire+1","Prepared+1"],"picked":"AT_EssenceShift","floor":14.0}],"player_experience":18688,"relics_obtained":[{"floor":1.0,"key":"Baka"},{"floor":2.0,"key":"ReplayTheSpireMod:Ring of Addiction"},{"floor":2.0,"key":"Chameleon Ring"},{"floor":2.0,"key":"Toy Ornithopter"},{"floor":8.0,"key":"ReplayFunnel"},{"floor":9.0,"key":"TheBible"},{"floor":14.0,"key":"Mummified Hand"}],"event_choices":[],"is_beta":false,"boss_relics":[],"items_purged_floors":[10],"is_endless":false,"potions_floor_spawned":[8,11],"killed_by":"Fading Forest","ascension_level":20}}