{"host":"gk9qdtkqd8dwfeg2","time":1610800736,"event":{"mods":["Act Like it!","Aspiration","BaseMod","Colored Powertips","KomeijiMod","Minty Spire (QoL Compilation)","Quick Restart","Replay The Spire","Shop Mod","StSLib","TestMod","The Gatherer","The Servant 0.9.4","Waifu the Spire","WarShipGirlsR/’ΩΩ¢…Ÿ≈ÆR mod","Yuri Mod"],"gold_per_floor":[111,124,140,140,158,158,158],"floor_reached":6,"language":"ZHS","playtime":845,"items_purged":[],"score":68,"play_id":"ca9df81f-5cf5-47db-a2da-342de76be67a","local_time":"20210116203856","is_ascension_mode":true,"campfire_choices":[],"circlet_count":0,"master_deck":["AscendersBane","Strike_R","Strike_R","Strike_R","Strike_R","Strike_R","Defend_R","Defend_R","Defend_R","Defend_R","Bash","ReplayTheSpireMod:Strike From Hell","Feel No Pain","True Grit"],"relics":["Burning Blood","testmod-TestBox","testmod-ThousandKnives","NeowsBlessing","testmod-Motorcycle"],"acts_visited":["Exordium"],"potions_floor_usage":[],"damage_taken":[{"damage":0,"enemies":"Cultist","floor":1,"turns":1},{"damage":0,"enemies":"Small Slimes","floor":2,"turns":1},{"damage":0,"enemies":"2 Louse","floor":3,"turns":2},{"damage":13,"enemies":"Red Slaver","floor":5,"turns":6},{"damage":8,"enemies":"Gremlin Nob","floor":6,"turns":3}],"seed_played":"-6519746255452155901","potions_obtained":[{"floor":3,"key":"RedTea"},{"floor":5,"key":"Elixir"}],"is_trial":false,"path_per_floor":["M","M","M","?","M","E"],"character_chosen":"IRONCLAD","items_purchased":[],"campfire_rested":0,"item_purchase_floors":[],"current_hp_per_floor":[74,75,75,75,68,60,60],"gold":158,"neow_bonus":"THREE_ENEMY_KILL","is_daily":false,"chose_seed":false,"campfire_upgraded":0,"win_rate":0.0,"timestamp":1610800736,"path_taken":["M","?","M","?","?","E"],"items_purchased_type":[],"build_version":"2020-12-22","purchased_purges":0,"victory":false,"max_hp_per_floor":[75,75,75,75,75,75,75],"card_choices":[{"not_picked":["Iron Wave","Flame Barrier","True Grit"],"picked":"SKIP","floor":1},{"not_picked":["Heavy Blade","Pummel"],"picked":"ReplayTheSpireMod:Strike From Hell","floor":2},{"not_picked":["Pommel Strike","Run Through"],"picked":"Feel No Pain","floor":3},{"not_picked":["Flex","Sever Soul"],"picked":"True Grit","floor":5}],"player_experience":636043,"relics_obtained":[],"event_choices":[{"damage_healed":0,"gold_gain":0,"player_choice":"Gave Potion","damage_taken":0,"relics_obtained":["testmod-Motorcycle"],"max_hp_gain":0,"max_hp_loss":0,"event_name":"WeMeetAgain","floor":4,"gold_loss":0}],"is_beta":false,"boss_relics":[],"items_purged_floors":[],"is_endless":false,"potions_floor_spawned":[3,5],"killed_by":"Gremlin Nob","ascension_level":16}}