{"host":"90jl2h70xtuoeg0i","time":1610829069,"event":{"mods":["AchievementEnabler","BaseMod","Colored Map","Colored Powertips","Minty Spire (QoL Compilation)","Relic Stats","ojb\u0027s Better Paths Mod","ojb\u0027s Info Mod"],"gold_per_floor":[109,109,34,54,66,66,97,97,123,123,452,452,141,166,166,269,269,279,279,299,249,266,299,310,310,310,310,321,24,35,55,55,160,160,174,190,14,14,29,29,2,52,75,101,101,119,145,145,145,145,145,145,95,124,124],"floor_reached":56,"language":"ENG","playtime":19624,"items_purged":["Pain","Defend_B","Dualcast","Zap"],"score":1501,"play_id":"2b990c9a-1157-4c35-a161-d7584a86053e","local_time":"20210116153109","is_ascension_mode":true,"campfire_choices":[{"data":"Steam Power","floor":6.0,"key":"SMITH"},{"floor":8.0,"key":"REST"},{"data":"Hologram","floor":15.0,"key":"SMITH"},{"floor":25.0,"key":"REST"},{"floor":32.0,"key":"REST"},{"floor":40,"key":"REST"},{"floor":45,"key":"REST"},{"floor":49,"key":"RECALL"},{"floor":52,"key":"REST"}],"circlet_count":0,"master_deck":["Strike_B","Strike_B","Strike_B","Defend_B","Defend_B","Defend_B","Steam Power+1","Undo","Hologram+1","Compile Driver","Cold Snap+1","Gash+1","Reboot","Streamline","BootSequence+1","Reprogram+1","Hologram","Gash+1","All For One","Steam","All For One","Beam Cell","Hyperbeam"],"relics":["Runic Dome","WarpedTongs","Potion Belt","MealTicket","Old Coin","PreservedInsect","Orichalcum","Fusion Hammer","Nilry\u0027s Codex","Whetstone","Kunai","Medical Kit","Philosopher\u0027s Stone","Pocketwatch","Art of War","Vajra","Bag of Preparation"],"acts_visited":["Exordium","TheCity","TheBeyond","TheEnding"],"potions_floor_usage":[54,55,55,55,55,55,55,55,55],"damage_taken":[{"damage":2.0,"enemies":"Jaw Worm","floor":1.0,"turns":3.0},{"damage":0.0,"enemies":"Cultist","floor":4.0,"turns":3.0},{"damage":0.0,"enemies":"Small Slimes","floor":5.0,"turns":3.0},{"damage":37.0,"enemies":"3 Sentries","floor":7.0,"turns":11.0},{"damage":29.0,"enemies":"Gremlin Nob","floor":11.0,"turns":5.0},{"damage":5.0,"enemies":"Lagavulin","floor":14.0,"turns":5.0},{"damage":3.0,"enemies":"The Guardian","floor":16.0,"turns":10.0},{"damage":11.0,"enemies":"2 Thieves","floor":18.0,"turns":4.0},{"damage":4.0,"enemies":"3 Byrds","floor":20.0,"turns":5.0},{"damage":12.0,"enemies":"Snake Plant","floor":22.0,"turns":4.0},{"damage":11.0,"enemies":"Slavers","floor":23.0,"turns":4.0},{"damage":0.0,"enemies":"Snecko","floor":24.0,"turns":3.0},{"damage":2.0,"enemies":"Centurion and Healer","floor":28.0,"turns":7.0},{"damage":10.0,"enemies":"Shelled Parasite and Fungi","floor":30.0,"turns":4.0},{"damage":5.0,"enemies":"Snake Plant","floor":31.0,"turns":4.0},{"damage":20.0,"enemies":"Champ","floor":33.0,"turns":13.0},{"damage":4,"enemies":"Orb Walker","floor":35,"turns":3},{"damage":31,"enemies":"3 Darklings","floor":36,"turns":4},{"damage":22,"enemies":"Maw","floor":39,"turns":6},{"damage":3,"enemies":"2 Orb Walkers","floor":42,"turns":5},{"damage":5,"enemies":"Nemesis","floor":44,"turns":5},{"damage":0,"enemies":"Spire Growth","floor":46,"turns":3},{"damage":0,"enemies":"Giant Head","floor":47,"turns":5},{"damage":22,"enemies":"Awakened One","floor":50,"turns":9},{"damage":41,"enemies":"Shield and Spear","floor":54,"turns":4},{"damage":24,"enemies":"The Heart","floor":55,"turns":7}],"seed_played":"-8561037575178399383","potions_obtained":[{"floor":4.0,"key":"Energy Potion"},{"floor":7.0,"key":"EssenceOfSteel"},{"floor":11.0,"key":"GamblersBrew"},{"floor":14.0,"key":"SkillPotion"},{"floor":23.0,"key":"FocusPotion"},{"floor":28.0,"key":"DuplicationPotion"},{"floor":31.0,"key":"BlessingOfTheForge"},{"floor":33,"key":"LiquidMemories"},{"floor":35,"key":"GamblersBrew"},{"floor":39,"key":"EntropicBrew"}],"is_trial":false,"path_per_floor":["M","?","$","M","M","R","E","R","T","?","E","?","$","E","R","B",null,"M","?","M","?","M","E","M","R","T","?","M","$","M","M","R","B",null,"M","M","$","?","M","R","$","?","T","E","R","M","E","?","R","B",null,"R","$","E","B",null],"character_chosen":"DEFECT","items_purchased":["PreservedInsect","Cold Snap","Medical Kit","Hologram","Steam","Beam Cell","Explosive Potion"],"campfire_rested":6,"item_purchase_floors":[13,13,29,29,37,41,53],"current_hp_per_floor":[66,66,66,66,66,66,29,51,51,51,22,22,37,32,32,29,64,53,37,33,33,21,10,10,32,32,32,30,45,35,30,52,32,64,60,29,44,44,22,44,59,56,56,51,73,73,73,73,73,51,69,75,75,34,10],"gold":124,"neow_bonus":"BOSS_RELIC","is_daily":false,"chose_seed":false,"campfire_upgraded":2,"win_rate":0.0,"timestamp":1610829069,"path_taken":["M","?","$","?","M","R","E","R","T","?","E","?","?","E","R","BOSS","M","?","M","?","M","E","?","R","T","?","M","$","M","M","R","BOSS","BOSS","M","M","$","?","?","R","?","?","T","E","R","M","E","?","R","BOSS","R","$","E","BOSS"],"items_purchased_type":["Relic","Card","Relic","Card","Card","Card","Potion"],"build_version":"2020-12-22","purchased_purges":4,"victory":true,"max_hp_per_floor":[75,75,75,75,75,75,75,75,75,75,75,75,75,75,75,75,75,75,75,75,75,75,75,75,75,75,75,75,75,75,75,75,75,75,75,75,75,75,75,75,75,75,75,75,75,75,75,75,75,75,75,75,75,75,75],"relic_stats":{"counters":[26,139],"MealTicket":60,"PreservedInsect":308,"Art of War":[1],"Bag of Preparation":[2],"Whetstone":["Cold Snap","Gash"],"Kunai":[63],"Orichalcum":[36],"Medical Kit":[21],"obtain_stats":[{"Potion Belt":7,"Nilry\u0027s Codex":19,"Vajra":47,"PreservedInsect":13,"Bag of Preparation":54,"Whetstone":23,"Orichalcum":14,"Medical Kit":29,"WarpedTongs":2,"Old Coin":11,"Runic Dome":0,"MealTicket":9,"Philosopher\u0027s Stone":34,"Fusion Hammer":17,"Art of War":44,"Kunai":26,"Cracked Core":0,"Pocketwatch":42},{"Potion Belt":4,"Nilry\u0027s Codex":8,"Vajra":23,"PreservedInsect":5,"Bag of Preparation":25,"Whetstone":11,"Orichalcum":6,"Medical Kit":13,"WarpedTongs":1,"Old Coin":5,"Runic Dome":0,"MealTicket":4,"Philosopher\u0027s Stone":16,"Fusion Hammer":7,"Art of War":21,"Kunai":12,"Cracked Core":0,"Pocketwatch":20},{"Potion Belt":20,"Nilry\u0027s Codex":44,"Vajra":119,"PreservedInsect":25,"Bag of Preparation":132,"Whetstone":57,"Orichalcum":30,"Medical Kit":67,"WarpedTongs":3,"Old Coin":25,"Runic Dome":0,"MealTicket":20,"Philosopher\u0027s Stone":88,"Fusion Hammer":40,"Art of War":111,"Kunai":60,"Cracked Core":0,"Pocketwatch":106}],"WarpedTongs":[133],"Pocketwatch":[3]},"card_choices":[{"not_picked":["Steam","Scrape","Tempest"],"picked":"SKIP","floor":1.0},{"not_picked":["Beam Cell","Steam"],"picked":"Steam Power","floor":4.0},{"not_picked":["Capacitor","Genetic Algorithm"],"picked":"Undo","floor":5.0},{"not_picked":["Skim","Genetic Algorithm"],"picked":"Hologram","floor":7.0},{"not_picked":["Stack","Skim","Conserve Battery"],"picked":"SKIP","floor":11.0},{"not_picked":["Conserve Battery","Go for the Eyes"],"picked":"Gash","floor":14.0},{"not_picked":["Biased Cognition","Thunder Strike"],"picked":"Reboot","floor":16.0},{"not_picked":["Lockon","Doom and Gloom","Chill+1"],"picked":"SKIP","floor":18.0},{"not_picked":["Tempest","Self Repair"],"picked":"Streamline","floor":20.0},{"not_picked":["Rebound+1","Redo"],"picked":"BootSequence+1","floor":22.0},{"not_picked":["Hyperbeam","Leap+1"],"picked":"Reprogram+1","floor":23.0},{"not_picked":["Capacitor","Consume","Streamline"],"picked":"SKIP","floor":24.0},{"not_picked":["Glacier","Streamline","Redo"],"picked":"SKIP","floor":28.0},{"not_picked":["Glacier","Streamline","Redo"],"picked":"SKIP","floor":28.0},{"not_picked":["Coolheaded","Sweeping Beam"],"picked":"Gash+1","floor":30.0},{"not_picked":["White Noise+1","Auto Shields","Conserve Battery"],"picked":"SKIP","floor":31.0},{"not_picked":["Machine Learning","Echo Form"],"picked":"All For One","floor":33},{"not_picked":["Cold Snap","Streamline+1","Redo"],"picked":"SKIP","floor":35},{"not_picked":["Redo","Fusion","Leap+1"],"picked":"SKIP","floor":36},{"not_picked":["Turbo","Streamline+1","Sunder"],"picked":"SKIP","floor":39},{"not_picked":["Fusion","Darkness+1","Force Field"],"picked":"SKIP","floor":44},{"not_picked":["Defragment+1","Rebound","Sunder+1"],"picked":"SKIP","floor":46},{"not_picked":["Auto Shields+1","BootSequence"],"picked":"Hyperbeam","floor":47},{"not_picked":["Rip and Tear","Barrage+1","Hello World"],"picked":"SKIP","floor":54}],"player_experience":1434516,"relics_obtained":[{"floor":7.0,"key":"Potion Belt"},{"floor":9.0,"key":"MealTicket"},{"floor":11.0,"key":"Old Coin"},{"floor":14.0,"key":"Orichalcum"},{"floor":19.0,"key":"Nilry\u0027s Codex"},{"floor":23.0,"key":"Whetstone"},{"floor":26.0,"key":"Kunai"},{"floor":42,"key":"Pocketwatch"},{"floor":44,"key":"Art of War"},{"floor":47,"key":"Vajra"},{"floor":54,"key":"Bag of Preparation"}],"event_choices":[{"damage_healed":0.0,"max_hp_gain":0.0,"max_hp_loss":0.0,"gold_gain":0.0,"event_name":"Accursed Blacksmith","player_choice":"Rummage","floor":2.0,"gold_loss":0.0,"damage_taken":0.0,"relics_obtained":["WarpedTongs"],"cards_obtained":["Pain"]},{"damage_healed":0.0,"max_hp_gain":0.0,"max_hp_loss":0.0,"gold_gain":0.0,"cards_transformed":["Strike_B"],"event_name":"Living Wall","player_choice":"Change","floor":10.0,"gold_loss":0.0,"damage_taken":0.0,"cards_obtained":["Compile Driver"]},{"damage_healed":0.0,"max_hp_gain":0.0,"max_hp_loss":0.0,"gold_gain":0.0,"event_name":"Liars Game","player_choice":"Ignored","floor":12.0,"gold_loss":0.0,"damage_taken":0.0},{"damage_healed":0.0,"max_hp_gain":0.0,"max_hp_loss":0.0,"gold_gain":0.0,"event_name":"Cursed Tome","player_choice":"Obtained Book","floor":19.0,"gold_loss":0.0,"damage_taken":16.0},{"damage_healed":0.0,"max_hp_gain":0.0,"max_hp_loss":0.0,"gold_gain":0.0,"event_name":"The Joust","player_choice":"Bet on Murderer","floor":21.0,"gold_loss":50.0,"damage_taken":0.0},{"damage_healed":0.0,"max_hp_gain":0.0,"max_hp_loss":0.0,"gold_gain":0.0,"event_name":"Vampires","player_choice":"Ignored","floor":27.0,"gold_loss":0.0,"damage_taken":0.0},{"damage_healed":0,"gold_gain":0,"player_choice":"Copied","damage_taken":0,"max_hp_gain":0,"max_hp_loss":0,"event_name":"Duplicator","floor":38,"gold_loss":0,"cards_obtained":["All For One"]},{"damage_healed":0,"gold_gain":0,"player_choice":"Fight","damage_taken":0,"max_hp_gain":0,"max_hp_loss":0,"event_name":"Mysterious Sphere","floor":42,"gold_loss":0},{"damage_healed":0,"gold_gain":0,"player_choice":"0 cards matched","damage_taken":0,"max_hp_gain":0,"max_hp_loss":0,"event_name":"Match and Keep!","floor":48,"gold_loss":0,"cards_obtained":[]}],"is_beta":false,"boss_relics":[{"not_picked":["Calling Bell","Busted Crown"],"picked":"Fusion Hammer"},{"not_picked":["Sozu","Inserter"],"picked":"Philosopher\u0027s Stone"}],"items_purged_floors":[3,13,29,37],"is_endless":false,"potions_floor_spawned":[4,7,11,14,23,28,31,33,35,39],"ascension_level":6}}