{"host":"19t2eyow02s954g8","time":1610803573,"event":{"mods":["BaseMod","Colored Map","DeckTracker","Minty Spire (QoL Compilation)","StSLib","SuperFastMode"],"gold_per_floor":[112,262,262,262,280,305,605,615,615,632,651,651,228,246,246,318,318,334,334,334,46,66,66,91,91,115,115,126,126,126,152,152,229,279,290,305,305,317,317,317,350,350,377,408,423,423,423],"floor_reached":46,"language":"KOR","playtime":6056,"items_purged":["Strike_G"],"score":1157,"play_id":"caf44716-25ee-44f3-9372-654e742c18ca","local_time":"20210116222613","is_ascension_mode":true,"campfire_choices":[{"data":"Neutralize","floor":15,"key":"SMITH"},{"data":"A Thousand Cuts","floor":23,"key":"SMITH"},{"data":"Blade Dance","floor":27,"key":"SMITH"},{"floor":29,"key":"REST"},{"floor":32,"key":"REST"},{"data":"Blade Dance","floor":40,"key":"SMITH"},{"data":"Calculated Gamble","floor":42,"key":"SMITH"}],"circlet_count":0,"master_deck":["AscendersBane","Strike_G","Defend_G","Defend_G","Defend_G","Defend_G","Defend_G","Survivor","Neutralize+1","Poisoned Stab+1","Blade Dance+1","Finisher","Blade Dance+1","Slice+1","Terror","Accuracy","Heel Hook+1","A Thousand Cuts+1","Writhe","Infinite Blades+1","Terror","Accuracy+1","Flying Knee+1","Footwork+1","Blur","Well Laid Plans+1","Tactician","Calculated Gamble+1"],"relics":["Ring of the Snake","NeowsBlessing","MealTicket","Old Coin","Molten Egg 2","Ornamental Fan","WristBlade","Mummified Hand","Paper Crane","Frozen Egg 2","Bronze Scales","Boot","Tiny House","StrikeDummy","Darkstone Periapt"],"acts_visited":["Exordium","TheCity","TheBeyond"],"potions_floor_usage":[31,33,35,35,38,38],"damage_taken":[{"damage":0,"enemies":"Jaw Worm","floor":1,"turns":1},{"damage":0,"enemies":"Small Slimes","floor":5,"turns":1},{"damage":0,"enemies":"Gremlin Nob","floor":6,"turns":1},{"damage":6,"enemies":"2 Louse","floor":8,"turns":4},{"damage":1,"enemies":"Looter","floor":10,"turns":3},{"damage":7,"enemies":"Lots of Slimes","floor":11,"turns":4},{"damage":0,"enemies":"2 Fungi Beasts","floor":14,"turns":3},{"damage":5,"enemies":"Hexaghost","floor":16,"turns":5},{"damage":10,"enemies":"2 Thieves","floor":18,"turns":3},{"damage":3,"enemies":"Chosen","floor":22,"turns":3},{"damage":27,"enemies":"Book of Stabbing","floor":24,"turns":4},{"damage":15,"enemies":"Snake Plant","floor":28,"turns":2},{"damage":25,"enemies":"Slavers","floor":31,"turns":3},{"damage":8,"enemies":"Automaton","floor":33,"turns":6},{"damage":14,"enemies":"3 Shapes","floor":35,"turns":3},{"damage":8,"enemies":"3 Darklings","floor":36,"turns":2},{"damage":5,"enemies":"Transient","floor":38,"turns":6},{"damage":0,"enemies":"Giant Head","floor":41,"turns":5},{"damage":27,"enemies":"Nemesis","floor":44,"turns":5},{"damage":30,"enemies":"Maw","floor":45,"turns":5},{"damage":25,"enemies":"Sphere and 2 Shapes","floor":46,"turns":3}],"seed_played":"-7024713771479989107","potions_obtained":[{"floor":5,"key":"Dexterity Potion"},{"floor":6,"key":"GamblersBrew"},{"floor":16,"key":"CultistPotion"},{"floor":24,"key":"Strength Potion"},{"floor":28,"key":"Block Potion"},{"floor":33,"key":"EntropicBrew"},{"floor":34,"key":"SkillPotion"},{"floor":35,"key":"LiquidMemories"},{"floor":45,"key":"BlessingOfTheForge"}],"is_trial":false,"path_per_floor":["M","?","?","?","M","E","T","M","T","M","M","?","$","M","R","B",null,"M","?","?","$","M","R","E","?","T","R","M","R","?","E","R","B",null,"M","M","?","M","?","R","E","R","T","E","M","M"],"character_chosen":"THE_SILENT","items_purchased":["Accuracy","Ornamental Fan","Paper Crane"],"campfire_rested":2,"item_purchase_floors":[13,13,21],"current_hp_per_floor":[59,59,59,64,64,64,64,58,58,57,50,43,58,58,58,53,67,57,57,57,71,68,68,41,41,41,41,26,47,47,22,43,35,67,53,45,45,40,82,82,82,82,82,55,25,0,0],"gold":423,"neow_bonus":"THREE_ENEMY_KILL","is_daily":false,"chose_seed":false,"campfire_upgraded":5,"win_rate":0.0,"timestamp":1610803573,"path_taken":["M","?","?","?","M","E","?","M","T","M","?","?","$","M","R","BOSS","M","?","?","$","M","R","E","?","T","R","M","R","?","E","R","BOSS","M","M","?","M","?","R","E","R","T","E","M","?"],"items_purchased_type":["Card","Relic","Relic"],"build_version":"2020-12-22","purchased_purges":1,"victory":false,"max_hp_per_floor":[66,66,66,71,71,71,71,71,71,71,71,71,71,71,71,71,71,71,71,71,71,71,71,71,71,71,71,71,71,71,71,71,71,76,76,76,72,72,82,82,82,82,82,82,82,82,82],"card_choices":[{"not_picked":["Deflect","Cloak And Dagger"],"picked":"Poisoned Stab","floor":1},{"not_picked":["Dodge and Roll","Quick Slash"],"picked":"Blade Dance","floor":5},{"not_picked":["Outmaneuver","Night Terror"],"picked":"Finisher","floor":6},{"not_picked":["Poisoned Stab","PiercingWail"],"picked":"Blade Dance","floor":8},{"not_picked":["Outmaneuver","Underhanded Strike+1"],"picked":"Slice+1","floor":10},{"not_picked":["Skewer+1","Calculated Gamble"],"picked":"Terror","floor":11},{"not_picked":["Slice+1","Sucker Punch+1"],"picked":"Heel Hook+1","floor":14},{"not_picked":["Glass Knife+1","Night Terror"],"picked":"A Thousand Cuts","floor":16},{"not_picked":["Accuracy","Terror","Flying Knee+1"],"picked":"SKIP","floor":18},{"not_picked":["Predator+1","Cloak And Dagger"],"picked":"Infinite Blades+1","floor":22},{"not_picked":["Terror","Dash+1","Choke+1"],"picked":"SKIP","floor":24},{"not_picked":["Dash+1","Choke+1"],"picked":"Terror","floor":24},{"not_picked":["Skewer+1","Dodge and Roll"],"picked":"Footwork+1","floor":28},{"not_picked":["Endless Agony+1","Leg Sweep"],"picked":"Blur","floor":31},{"not_picked":["Grand Finale+1","Night Terror"],"picked":"Envenom+1","floor":33},{"not_picked":["Acrobatics+1","Flying Knee+1"],"picked":"Well Laid Plans+1","floor":35},{"not_picked":["Dagger Throw+1","Outmaneuver"],"picked":"Tactician","floor":36},{"not_picked":["Deadly Poison","Bane+1","All Out Attack+1"],"picked":"SKIP","floor":38},{"not_picked":["Dodge and Roll","Underhanded Strike+1"],"picked":"Calculated Gamble","floor":41},{"not_picked":["Quick Slash+1","Skewer+1","Dodge and Roll+1"],"picked":"SKIP","floor":44},{"not_picked":["Well Laid Plans+1","Flying Knee+1","Backflip"],"picked":"SKIP","floor":45}],"player_experience":4285511,"relics_obtained":[{"floor":6,"key":"MealTicket"},{"floor":7,"key":"Old Coin"},{"floor":9,"key":"Molten Egg 2"},{"floor":24,"key":"Frozen Egg 2"},{"floor":26,"key":"Bronze Scales"},{"floor":31,"key":"Boot"},{"floor":41,"key":"StrikeDummy"},{"floor":44,"key":"Darkstone Periapt"}],"event_choices":[{"damage_healed":0,"gold_gain":150,"player_choice":"AGREE","damage_taken":0,"max_hp_gain":0,"max_hp_loss":0,"event_name":"Liars Game","floor":2,"gold_loss":0,"cards_obtained":["Doubt"]},{"cards_removed":["Doubt"],"damage_healed":0,"gold_gain":0,"player_choice":"Forget","damage_taken":0,"max_hp_gain":0,"max_hp_loss":0,"event_name":"Living Wall","floor":3,"gold_loss":0},{"damage_healed":0,"gold_gain":0,"player_choice":"Donut","damage_taken":0,"max_hp_gain":5,"max_hp_loss":0,"event_name":"Big Fish","floor":4,"gold_loss":0},{"cards_removed":["Strike_G"],"damage_healed":0,"gold_gain":0,"player_choice":"Card Removal","damage_taken":7,"max_hp_gain":0,"max_hp_loss":0,"event_name":"Golden Wing","floor":12,"gold_loss":0},{"damage_healed":0,"gold_gain":0,"player_choice":"Ignored","damage_taken":0,"max_hp_gain":0,"max_hp_loss":0,"event_name":"Ghosts","floor":19,"gold_loss":0},{"damage_healed":0,"gold_gain":0,"player_choice":"Opened","damage_taken":0,"relics_obtained":["Mummified Hand"],"max_hp_gain":0,"max_hp_loss":0,"event_name":"The Mausoleum","floor":20,"gold_loss":0,"cards_obtained":["Writhe"]},{"damage_healed":0,"gold_gain":0,"cards_transformed":["Strike_G","Strike_G"],"player_choice":"Became Test Subject","damage_taken":0,"max_hp_gain":0,"max_hp_loss":0,"event_name":"Drug Dealer","floor":25,"gold_loss":0,"cards_obtained":["Accuracy","Flying Knee"]},{"damage_healed":0,"gold_gain":0,"player_choice":"Ignored","damage_taken":0,"max_hp_gain":0,"max_hp_loss":0,"event_name":"Vampires","floor":30,"gold_loss":0},{"damage_healed":0,"gold_gain":0,"player_choice":"Max HP","damage_taken":0,"max_hp_gain":0,"max_hp_loss":4,"event_name":"Winding Halls","floor":37,"gold_loss":0},{"cards_removed":["Envenom"],"damage_healed":32,"gold_gain":0,"player_choice":"Offered Rare","damage_taken":0,"max_hp_gain":10,"max_hp_loss":0,"event_name":"Bonfire Elementals","floor":39,"gold_loss":0}],"is_beta":false,"boss_relics":[{"not_picked":["Sozu","Busted Crown"],"picked":"WristBlade"},{"not_picked":["Ring of the Serpent","Runic Pyramid"],"picked":"Tiny House"}],"items_purged_floors":[13],"is_endless":false,"potions_floor_spawned":[5,6,8,16,24,28,33,35,45],"killed_by":"Sphere and 2 Shapes","ascension_level":20}}