{"host":"t6r1isv2bex5ovch","time":1610805938,"event":{"mods":["AchievementEnabler","Act Like it!","Aspiration","BaseMod","Better Altar","Better Match","Better Note","Better Sensory Stone","Better Skull","Better Third Choice","Better Vampires","Colored Powertips","Displayed Cursed Tome","Downfall","Energized Spire","Evolution","Fox Events","Hubris","Minty Spire (QoL Compilation)","StSLib","The Bug Knight","The Disciple","The Factory","The Jungle","The Runesmith"],"gold_per_floor":[112,112,112,112,128,168,184,109,155,186,186,224,70,85,85,211,211,229,229,229,244,204,239,263,307,334,373,386,407,164,180,180,301,301,314,314,329,350,375,409,409,440,440,473,536,536,260,284,284,284,284,284,134,177,177],"floor_reached":56,"language":"ENG","playtime":4926,"items_purged":["HollowMod:QuickDashStart","Blur","Backflip","HollowMod:PogoStrike+1"],"score":1879,"play_id":"549604c0-e442-4689-922b-ac7252ecf16f","local_time":"20210117000538","is_ascension_mode":true,"campfire_choices":[{"floor":11.0,"key":"RECALL"},{"data":"HollowMod:NewJinnsSoul","floor":15.0,"key":"SMITH"},{"data":"HollowMod:InfectedAttack","floor":32.0,"key":"SMITH"},{"data":"HollowMod:InfectedAttack","floor":41.0,"key":"SMITH"},{"data":"HollowMod:InfectedAttack","floor":46.0,"key":"SMITH"},{"data":"HollowMod:InfectedAttack","floor":49.0,"key":"SMITH"},{"data":"HollowMod:PogoStrike","floor":52.0,"key":"SMITH"}],"circlet_count":0,"master_deck":["HollowMod:NewJinnsSoul+1","HollowMod:InfectedAttack+1","HollowMod:InfectedAttack+1","HollowMod:InfectedAttack+1","HollowMod:InfectedAttack+1","Adrenaline+1","HollowMod:MantisMark+1","HollowMod:NewInfectedGuardian"],"relics":["HollowMod:VesselMask","EVO:Axolotl","Golden Idol","Kunai","aspiration:StickyExplosives_weak","Bronze Scales","Strawberry","aspiration:PoetsPen_weak","hubris:PeanutButter","Boot","Toy Ornithopter","HollowMod:KingsBrand","hubris:EmptyBottle","Cursed Key","Runesmith:Locket","CeramicFish","Vajra","hubris:Spice","aspiration:Lifesprig","aspiration:FetidBarrel"],"acts_visited":["Exordium","TheCity","TheBeyond","TheEnding"],"potions_floor_usage":[55,55,55,55,55,55],"damage_taken":[{"damage":6.0,"enemies":"2 Louse","floor":1.0,"turns":4.0},{"damage":0.0,"enemies":"Jaw Worm","floor":5.0,"turns":3.0},{"damage":10.0,"enemies":"3 Sentries","floor":6.0,"turns":11.0},{"damage":0.0,"enemies":"Cultist","floor":7.0,"turns":3.0},{"damage":19.0,"enemies":"Gremlin Nob","floor":10.0,"turns":4.0},{"damage":10.0,"enemies":"Lagavulin","floor":12.0,"turns":5.0},{"damage":0.0,"enemies":"Looter","floor":14.0,"turns":2.0},{"damage":11.0,"enemies":"HollowMod:FalseKnight","floor":16.0,"turns":6.0},{"damage":15.0,"enemies":"2 Thieves","floor":18.0,"turns":4.0},{"damage":0.0,"enemies":"Spheric Guardian","floor":21.0,"turns":2.0},{"damage":0.0,"enemies":"HollowMod:Nosk","floor":23.0,"turns":5.0},{"damage":0.0,"enemies":"Snecko","floor":24.0,"turns":3.0},{"damage":0.0,"enemies":"Book of Stabbing","floor":25.0,"turns":4.0},{"damage":0.0,"enemies":"HollowMod:Nosk","floor":27.0,"turns":4.0},{"damage":0.0,"enemies":"Sentry and Sphere","floor":28.0,"turns":3.0},{"damage":0.0,"enemies":"Snake Plant","floor":29.0,"turns":2.0},{"damage":0.0,"enemies":"Chosen and Byrds","floor":31.0,"turns":2.0},{"damage":0.0,"enemies":"Champ","floor":33.0,"turns":6.0},{"damage":0.0,"enemies":"Orb Walker","floor":35.0,"turns":2.0},{"damage":0.0,"enemies":"3 Shapes","floor":37.0,"turns":2.0},{"damage":0.0,"enemies":"Transient","floor":38.0,"turns":5.0},{"damage":0.0,"enemies":"Writhing Mass","floor":39.0,"turns":3.0},{"damage":0.0,"enemies":"Reptomancer","floor":40.0,"turns":3.0},{"damage":0.0,"enemies":"HollowMod:StalkingDevout","floor":42.0,"turns":4.0},{"damage":0.0,"enemies":"Nemesis","floor":44.0,"turns":3.0},{"damage":0.0,"enemies":"Mind Bloom Boss Battle","floor":45.0,"turns":3.0},{"damage":0.0,"enemies":"Sphere and 2 Shapes","floor":48.0,"turns":3.0},{"damage":0.0,"enemies":"HollowMod:Radiance","floor":50.0,"turns":4.0},{"damage":0.0,"enemies":"Shield and Spear","floor":54.0,"turns":2.0},{"damage":0,"enemies":"The Heart","floor":55,"turns":4}],"seed_played":"6235528094673571506","potions_obtained":[{"floor":1.0,"key":"EntropicBrew"},{"floor":5.0,"key":"PowerPotion"},{"floor":7.0,"key":"ColorlessPotion"},{"floor":10.0,"key":"Explosive Potion"},{"floor":18.0,"key":"hexamod:SoulburnPotion"},{"floor":28.0,"key":"LiquidMemories"},{"floor":29.0,"key":"Swift Potion"},{"floor":33.0,"key":"FairyPotion"},{"floor":35.0,"key":"Fruit Juice"},{"floor":39.0,"key":"GamblersBrew"},{"floor":40.0,"key":"Ancient Potion"},{"floor":42.0,"key":"Dexterity Potion"},{"floor":45.0,"key":"Ancient Potion"},{"floor":54.0,"key":"Guardian:BlockOnCardUsePotion"}],"is_trial":false,"path_per_floor":["M","?","?","?","M","E","M","$","T","E","R","E","$","M","R","B",null,"M","?","?","M","?","E","M","E","T","E","M","M","$","M","R","B",null,"M","?","M","M","M","E","R","E","T","E","?","R","$","M","R","B",null,"R","$","E","B",null],"character_chosen":"THE_BUGKNIGHT","items_purchased":["Strawberry","hubris:EmptyBottle","aspiration:Lifesprig"],"campfire_rested":0,"item_purchase_floors":[13,30,47],"current_hp_per_floor":[82,82,82,62,62,64,64,64,64,51,51,51,58,58,58,47,89,89,89,89,89,89,89,89,89,89,89,89,89,89,89,89,89,89,89,89,99,99,99,99,99,99,99,99,107,107,107,107,107,107,107,107,107,107,107],"gold":177,"neow_bonus":"TEN_PERCENT_HP_BONUS","is_daily":false,"chose_seed":false,"campfire_upgraded":6,"win_rate":0.0,"timestamp":1610805938,"path_taken":["M","?","?","?","?","E","M","?","T","E","R","E","$","?","R","BOSS","M","?","?","M","?","E","M","E","T","E","?","M","$","M","R","BOSS","M","?","M","M","M","E","R","E","T","E","?","R","$","M","R","BOSS","R","$","E","BOSS"],"items_purchased_type":["Relic","Relic","Relic"],"build_version":"2020-12-22","purchased_purges":4,"victory":true,"max_hp_per_floor":[82,82,82,82,82,82,82,82,82,82,82,82,89,89,89,89,89,89,89,89,89,89,89,89,89,89,89,89,89,89,89,89,89,89,89,89,99,99,99,99,99,99,99,99,107,107,107,107,107,107,107,107,107,107,107],"card_choices":[{"not_picked":["HollowMod:SoulShaman","HollowMod:CloakDash"],"picked":"HollowMod:NewJinnsSoul","floor":1.0},{"not_picked":["HollowMod:PerfectDash","HollowMod:DescendingDark","HollowMod:SharpenedShadows"],"picked":"SKIP","floor":5.0},{"not_picked":["HollowMod:VengefulVoid","HollowMod:DesolateDive","HollowMod:PureVessel"],"picked":"SKIP","floor":6.0},{"not_picked":["HollowMod:TaintedHusks","HollowMod:ShadowDash","HollowMod:CornifersMapStart"],"picked":"SKIP","floor":7.0},{"not_picked":["HollowMod:GoodIntentions","HollowMod:CoiledNail","HollowMod:SoulVessel"],"picked":"SKIP","floor":10.0},{"not_picked":["HollowMod:NewLittleFool","HollowMod:LifebloodCocoon","HollowMod:PureNailStrike"],"picked":"SKIP","floor":12.0},{"not_picked":["HollowMod:InfectedCysts","HollowMod:VengefulVoid","HollowMod:NewLittleFool"],"picked":"SKIP","floor":14.0},{"not_picked":["HollowMod:theNailsmith","HollowMod:MidwifesHunger"],"picked":"HollowMod:PaleKingsBlessing","floor":16.0},{"not_picked":["HollowMod:HowlingWraiths+1","HollowMod:SharpenedNail+1","HollowMod:DungDefenderAura"],"picked":"SKIP","floor":18.0},{"not_picked":["HollowMod:GoodIntentions","HollowMod:InfectedCysts","HollowMod:DungDefenderAura"],"picked":"SKIP","floor":21.0},{"not_picked":["HollowMod:Grubsong","HollowMod:ShapeofUnn+1","HollowMod:AbyssShriek"],"picked":"SKIP","floor":23.0},{"not_picked":["HollowMod:MothsMistake","HollowMod:LuriensSpire","HollowMod:CoiledNail"],"picked":"SKIP","floor":24.0},{"not_picked":["HollowMod:DashSlash","HollowMod:WraithStrike","HollowMod:AbyssShriek"],"picked":"SKIP","floor":25.0},{"not_picked":["HollowMod:SoulSplash","HollowMod:VengefulSpirit","HollowMod:CornifersMapStart+1"],"picked":"SKIP","floor":27.0},{"not_picked":["HollowMod:ChannelNail+1","HollowMod:DashSlash"],"picked":"HollowMod:MantisMark+1","floor":28.0},{"not_picked":["HollowMod:DescendingDark+1","HollowMod:LifebloodCocoon+1","HollowMod:GrimmsGift"],"picked":"SKIP","floor":29.0},{"not_picked":["HollowMod:SiblingsSouls","HollowMod:NewJinnsSoul","HollowMod:DashSlash+1"],"picked":"SKIP","floor":31.0},{"not_picked":["HollowMod:DoubleDash","HollowMod:CornifersMapStart+1","HollowMod:NewLittleFool"],"picked":"SKIP","floor":35.0},{"not_picked":["HollowMod:NewLittleFool+1","HollowMod:DoubleDash","HollowMod:PureNailStrike"],"picked":"SKIP","floor":37.0},{"not_picked":["HollowMod:CloakDash+1","HollowMod:NewLittleFool+1","HollowMod:NewJinnsSoul"],"picked":"SKIP","floor":38.0},{"not_picked":["HollowMod:DashSlash+1","HollowMod:PureNailStrike","HollowMod:InfectedCysts+1"],"picked":"SKIP","floor":39.0},{"not_picked":["HollowMod:InfectedCysts+1","HollowMod:CoiledNail+1","HollowMod:NewJinnsSoul"],"picked":"SKIP","floor":40.0},{"not_picked":["HollowMod:theNailsmith","HollowMod:PureVessel","HollowMod:PerfectDash"],"picked":"SKIP","floor":42.0},{"not_picked":["HollowMod:SoulSplash+1","HollowMod:Hiveblood","HollowMod:SoulStrike"],"picked":"SKIP","floor":44.0},{"not_picked":["HollowMod:NewJinnsSoul+1","HollowMod:PureNailStrike+1","HollowMod:NewLittleFool+1"],"picked":"SKIP","floor":48.0},{"not_picked":["HollowMod:NewLittleFool+1","HollowMod:SoulSplash+1"],"picked":"HollowMod:NewInfectedGuardian","floor":54.0}],"player_experience":475206,"relics_obtained":[{"floor":6.0,"key":"Kunai"},{"floor":10.0,"key":"aspiration:StickyExplosives_weak"},{"floor":12.0,"key":"Bronze Scales"},{"floor":23.0,"key":"hubris:PeanutButter"},{"floor":25.0,"key":"Boot"},{"floor":26.0,"key":"Toy Ornithopter"},{"floor":27.0,"key":"HollowMod:KingsBrand"},{"floor":40.0,"key":"Runesmith:Locket"},{"floor":42.0,"key":"CeramicFish"},{"floor":44.0,"key":"Vajra"},{"floor":45.0,"key":"hubris:Spice"},{"floor":54.0,"key":"aspiration:FetidBarrel"}],"event_choices":[{"damage_healed":0.0,"max_hp_gain":0.0,"max_hp_loss":0.0,"gold_gain":0.0,"event_name":"Golden Idol","player_choice":"Take Damage","floor":4.0,"gold_loss":0.0,"damage_taken":20.0,"relics_obtained":["Golden Idol"]},{"cards_removed":["HollowMod:FocusHealStart"],"damage_healed":0.0,"max_hp_gain":0.0,"max_hp_loss":0.0,"gold_gain":0.0,"event_name":"betterThird:BetterWriting","player_choice":"Elegance","floor":19.0,"gold_loss":0.0,"damage_taken":0.0},{"damage_healed":0.0,"max_hp_gain":0.0,"max_hp_loss":0.0,"gold_gain":0.0,"event_name":"Ghosts","player_choice":"Ignored","floor":20.0,"gold_loss":0.0,"damage_taken":0.0},{"damage_healed":0.0,"max_hp_gain":0.0,"max_hp_loss":0.0,"gold_gain":0.0,"event_name":"Designer","player_choice":"Upgrade","floor":22.0,"gold_loss":40.0,"damage_taken":0.0,"cards_upgraded":["Adrenaline"]},{"cards_removed":["HollowMod:PaleKingsBlessing"],"damage_healed":0.0,"max_hp_gain":0.0,"max_hp_loss":0.0,"gold_gain":0.0,"event_name":"Falling","player_choice":"Removed Skill","floor":36.0,"gold_loss":0.0,"damage_taken":0.0},{"damage_healed":0.0,"max_hp_gain":0.0,"max_hp_loss":0.0,"gold_gain":0.0,"event_name":"MindBloom","player_choice":"Fight","floor":45.0,"gold_loss":0.0,"damage_taken":0.0}],"is_beta":false,"boss_relics":[{"not_picked":["aspiration:RunicSpoon","energizedSpire:RedRose"],"picked":"aspiration:PoetsPen_weak"},{"not_picked":["aspiration:SecretTechniqueScroll","Snecko Eye"],"picked":"Cursed Key"}],"items_purged_floors":[8,30,47,53],"is_endless":false,"potions_floor_spawned":[1,5,7,10,18,28,29,33,35,39,40,42,45,54],"ascension_level":2}}