{"host":"aj6dldabq8s02zuz","time":1610766771,"event":{"mods":["AchievementEnabler","BaseMod","Better Note","Better Third Choice","Block Reminder","Colored Map","Custom Start","Downfall","Hermit","Highlight Path","Hubris","Minty Spire (QoL Compilation)","Permanent Neow","Quick Restart","Relic Sorter","StSLib","The Blue Laboratory","The Jungle","Wandering Minibosses"],"gold_per_floor":[99,110,27,39,139,139,163,177,190,201,201,217,17,44,63,63,63],"floor_reached":16,"language":"ENG","playtime":1527,"items_purged":[],"score":129,"play_id":"e47fbc40-b709-4fb8-b053-3db459d75b6c","local_time":"20210115211251","is_ascension_mode":false,"campfire_choices":[{"floor":1,"key":"RECALL"},{"data":"bronze:Repair","floor":13,"key":"SMITH"}],"circlet_count":0,"master_deck":["bronze:Strike","bronze:Strike","bronze:Strike","bronze:Strike","bronze:Defend","bronze:Defend","bronze:Defend","bronze:Defend","bronze:Replicate","bronze:Goto","bronze:DarkDash","bronze:Turbo","bronze:Repair+1","bronze:Shield","bronze:FineTuning","bronze:Philosophize","bronze:CutThrough","bronze:WildBeam","bronze:Flail"],"relics":["bronze:BronzeCore","hubris:Icosahedron","downfall:HeartBlessingRed","downfall:HeartBlessingBlue","Vajra"],"acts_visited":["Exordium"],"potions_floor_usage":[16,16,16],"damage_taken":[{"damage":26,"enemies":"Cultist","floor":2,"turns":10},{"damage":0,"enemies":"downfall:FleeingMerchant","floor":3,"turns":4},{"damage":0,"enemies":"2 Louse","floor":4,"turns":5},{"damage":5,"enemies":"Small Slimes","floor":8,"turns":3},{"damage":11,"enemies":"Exordium Thugs","floor":9,"turns":9},{"damage":3,"enemies":"Exordium Wildlife","floor":10,"turns":7},{"damage":44,"enemies":"Blue Slaver","floor":12,"turns":12},{"damage":32,"enemies":"3 Sentries","floor":14,"turns":13},{"damage":16,"enemies":"Red Slaver","floor":15,"turns":4},{"damage":84,"enemies":"IC_STATUS_ARCHETYPE","floor":16,"turns":13}],"seed_played":"-5952975482475338923","potions_obtained":[{"floor":2,"key":"blueLaboratory:HummingbirdPotion"},{"floor":8,"key":"blueLaboratory:CorrosionFlask"},{"floor":9,"key":"FearPotion"}],"is_trial":false,"path_per_floor":["R","M","$","M","?","?","T","M","M","M","?","M","R","E","M","B"],"character_chosen":"THE_AUTOMATON","items_purchased":["bronze:Repair"],"campfire_rested":0,"item_purchase_floors":[3],"current_hp_per_floor":[63,37,37,44,44,44,44,46,42,46,46,2,12,62,57,0,0],"gold":63,"neow_bonus":"TWENTY_PERCENT_HP_BONUS","is_daily":false,"chose_seed":false,"campfire_upgraded":1,"win_rate":0.0,"timestamp":1610766771,"path_taken":["R","M","?","M","?","?","T","M","?","M","?","M","R","E","M","BOSS"],"items_purchased_type":["Card"],"build_version":"2020-12-22","purchased_purges":0,"victory":false,"max_hp_per_floor":[84,84,84,84,84,84,84,84,84,84,84,84,94,94,94,94,94],"card_choices":[{"not_picked":["bronze:BuggyMess","bronze:Invalidate"],"picked":"bronze:DarkDash","floor":2},{"not_picked":["bronze:DigitalCarnage","bronze:Iterate"],"picked":"bronze:Turbo","floor":3},{"not_picked":["bronze:DelayedGuard","bronze:Deprecate"],"picked":"bronze:Shield","floor":4},{"not_picked":["bronze:WhirlingStrike","bronze:Turbo"],"picked":"bronze:FineTuning","floor":8},{"not_picked":["bronze:OilSpill","bronze:DelayedGuard","bronze:BitShift"],"picked":"SKIP","floor":9},{"not_picked":["bronze:Mutator","bronze:Shield"],"picked":"bronze:Philosophize","floor":10},{"not_picked":["bronze:Branch","bronze:MaxOutput"],"picked":"bronze:CutThrough","floor":12},{"not_picked":["bronze:WhirlingStrike","bronze:ForLoop"],"picked":"bronze:WildBeam","floor":14},{"not_picked":["bronze:GetLatest","bronze:Branch"],"picked":"bronze:Flail","floor":15}],"player_experience":40582,"relics_obtained":[{"floor":14,"key":"Vajra"}],"event_choices":[],"is_beta":false,"boss_relics":[],"items_purged_floors":[],"is_endless":false,"potions_floor_spawned":[2,8,9,10,15],"killed_by":"IC_STATUS_ARCHETYPE","ascension_level":0}}