{"host":"dr5ef424til0p8zn","time":1610824658,"event":{"mods":["2.2 Compatiblity","Act Like it!","BaseMod","Better Skull","Dark Map","Downfall","Gremlin Skip","Hallownest","Hermit","Minty Spire (QoL Compilation)","Shade Mod","StSLib","Td1madao Mod","The Bug Knight","The Hierophant","The Marked"],"gold_per_floor":[114,129,144,144,144,80,105,105,135,135,5,35,35,35,35,135,135,150,150,250,123,138,138,188,34,34,34,34,34,49,9,9,109,109,124,139,239,254,269,284,334,364,364,364,394,394,21,36,36,36],"floor_reached":51,"language":"ENG","playtime":5158,"items_purged":["Pride"],"score":784,"play_id":"68a8c76c-5c3e-4dfc-a67d-85a4412b1fb8","local_time":"20210116201738","daily_mods":["Heirloom","Time Dilation","Elite Swarm"],"is_ascension_mode":false,"campfire_choices":[{"data":"champ:StanceDance","floor":8,"key":"SMITH"},{"data":"champ:Taunt","floor":13,"key":"SMITH"},{"floor":15,"key":"REST"},{"data":"champ:Lariat","floor":23,"key":"SMITH"},{"data":"champ:ShieldSigil","floor":26,"key":"SMITH"},{"data":"champ:ShieldSlam","floor":32,"key":"SMITH"},{"data":"champ:GladiatorForm","floor":44,"key":"SMITH"},{"data":"champ:FancyFootwork","floor":49,"key":"SMITH"}],"circlet_count":0,"master_deck":["champ:Strike","champ:Strike","champ:Strike","champ:Strike","champ:Execute+1","champ:Taunt+1","champ:Circumvent","champ:FlashCut","champ:StanceDance+1","Hallownest:skillLeafShield","Hallownest:skillLeafShield","Hallownest:skillLeafShield","Hallownest:skillLeafShield","Hallownest:skillLeafShield+1","champ:EnchantSword","champ:FlashCut","champ:MurderStrike","champ:ArenaPreparation","champ:DefensiveStyle","champ:Devastate","champ:VampiricStrike","champ:ShieldSigil+1","champ:Lariat+1","champ:FocusedBerserking","champ:FancyFootwork+1","champ:DancingMaster","champ:FocusedBerserking","champ:ShieldSlam+1","champ:FocusedBerserking+1","champ:RisingSlash+1","champ:StanceDance+1","champ:FanOfKnives+1","champ:Shatter+1","champ:ShieldThrow","champ:FalseCounter","champ:SetATrap"],"relics":["champ:ChampionCrown","Peace Pipe","Bag of Preparation","Mercury Hourglass","sneckomod:SneckoTalon","Incense Burner","Bottled Lightning","Strawberry","downfall:RedIOU","Omamori","Sling","Eternal Feather","expansioncontent:StudyCardRelic","Whetstone","Nunchaku","InkBottle","champ:GladiatorsBookOfMartialProwess"],"acts_visited":["Hallownest:Greenpath","TheCity","TheBeyond"],"potions_floor_usage":[6,12,21,40,42,45,50,50],"damage_taken":[{"damage":15,"enemies":"Hallownest:2_Tiktiks_and_1_Crawlid","floor":1,"turns":6},{"damage":30,"enemies":"2_ Uuma","floor":2,"turns":6},{"damage":10,"enemies":"Hallownest:monsterHuskWarrior","floor":3,"turns":3},{"damage":20,"enemies":"downfall:FleeingMerchant","floor":6,"turns":4},{"damage":31,"enemies":"Hallownest:eliteMossKnight","floor":9,"turns":9},{"damage":3,"enemies":"downfall:FleeingMerchant","floor":11,"turns":4},{"damage":19,"enemies":"Hallownest:eliteCrystalGuardian","floor":12,"turns":5},{"damage":44,"enemies":"DF_ARCHETYPE_STREAMLINE","floor":16,"turns":9},{"damage":25,"enemies":"Shell Parasite","floor":18,"turns":3},{"damage":15,"enemies":"IC_STATUS_ARCHETYPE","floor":20,"turns":3},{"damage":30,"enemies":"downfall:FleeingMerchant","floor":21,"turns":4},{"damage":35,"enemies":"Chosen","floor":22,"turns":4},{"damage":45,"enemies":"downfall:FleeingMerchant","floor":25,"turns":4},{"damage":51,"enemies":"Snake Plant","floor":30,"turns":4},{"damage":17,"enemies":"downfall:FleeingMerchant","floor":31,"turns":2},{"damage":92,"enemies":"SI_MIRROR_ARCHETYPE","floor":33,"turns":8},{"damage":15,"enemies":"3 Darklings","floor":35,"turns":2},{"damage":20,"enemies":"Orb Walker","floor":36,"turns":2},{"damage":25,"enemies":"Orb Walker","floor":37,"turns":2},{"damage":31,"enemies":"Spire Growth","floor":38,"turns":3},{"damage":13,"enemies":"3 Darklings","floor":39,"turns":3},{"damage":66,"enemies":"Maw","floor":40,"turns":6},{"damage":25,"enemies":"Nemesis","floor":42,"turns":3},{"damage":92,"enemies":"Giant Head","floor":45,"turns":5},{"damage":9,"enemies":"Writhing Mass","floor":48,"turns":3},{"damage":145,"enemies":"IC_BLOCK_ARCHETYPE","floor":50,"turns":8}],"seed_played":"2700428786693623746","potions_obtained":[{"floor":2,"key":"ColorlessPotion"},{"floor":9,"key":"Ancient Potion"},{"floor":16,"key":"Weak Potion"},{"floor":18,"key":"Fire Potion"},{"floor":36,"key":"Block Potion"},{"floor":40,"key":"Ancient Potion"},{"floor":48,"key":"Regen Potion"}],"is_trial":false,"path_per_floor":["M","M","M","?","?","$","T","R","E","?","$","E","R","?","R","B",null,"M","?","?","$","M","R","T","$","R","?","?","?","M","$","R","B",null,"M","M","?","M","M","M","T","E","?","R","E","?","$","M","R","B",null],"character_chosen":"THE_CHAMP","items_purchased":["champ:FlashCut","champ:ArenaPreparation","champ:DefensiveStyle","champ:FocusedBerserking","champ:DancingMaster","Sling","Eternal Feather","champ:GladiatorsBookOfMartialProwess","champ:FalseCounter"],"campfire_rested":1,"item_purchase_floors":[6,11,11,21,25,31,31,47,47],"current_hp_per_floor":[85,85,85,85,85,85,85,85,84,84,81,90,90,55,82,63,90,90,72,72,77,77,77,84,84,84,84,84,84,68,96,102,100,102,102,102,102,96,102,102,102,102,102,102,97,97,97,101,102,21],"gold":36,"neow_bonus":"","is_daily":true,"chose_seed":false,"campfire_upgraded":7,"win_rate":0.0,"timestamp":1610824658,"path_taken":["M","M","M","?","?","?","T","R","E","?","$","E","R","?","R","BOSS","M","?","?","$","M","R","T","$","R","?","?","?","M","$","R","BOSS","M","M","?","M","M","?","T","E","?","R","E","?","$","M","R","BOSS"],"items_purchased_type":["Card","Card","Card","Card","Card","Relic","Relic","Relic","Card"],"build_version":"2020-12-22","purchased_purges":1,"victory":true,"max_hp_per_floor":[90,90,90,90,90,90,90,90,90,90,90,90,90,90,90,90,90,90,95,95,95,95,95,102,102,102,102,102,102,102,102,102,102,102,102,102,102,102,102,102,102,102,102,102,102,102,102,102,102,102],"card_choices":[{"not_picked":["champ:FanOfKnives","champ:BerserkersShout"],"picked":"champ:Circumvent","floor":1},{"not_picked":["champ:Haymaker","champ:Parry"],"picked":"champ:FlashCut","floor":2},{"not_picked":["champ:CrownThrow","champ:Haymaker"],"picked":"champ:StanceDance","floor":3},{"not_picked":["champ:FancyFootwork","champ:ShieldSigil"],"picked":"champ:EnchantSword","floor":6},{"not_picked":["champ:SteelEdge","champ:EnchantSword"],"picked":"champ:MurderStrike","floor":9},{"not_picked":["champ:CrownThrow","champ:ViciousMockery","champ:PerfectedStrike"],"picked":"SKIP","floor":11},{"not_picked":["champ:HeavySlash","champ:CheapShot"],"picked":"champ:Devastate","floor":12},{"not_picked":["champ:MurderStrike","champ:EnchantShield"],"picked":"champ:VampiricStrike","floor":16},{"not_picked":["champ:EndlessRage+1","champ:Haymaker","champ:DeathBlow"],"picked":"SKIP","floor":18},{"not_picked":["champ:PreciseThrust","champ:Endure"],"picked":"champ:ShieldSigil","floor":20},{"not_picked":["champ:EndlessRage","champ:ViciousMockery+1"],"picked":"champ:Lariat","floor":21},{"not_picked":["champ:Circumvent","champ:FaceSlap","champ:RecklessLeap+1"],"picked":"SKIP","floor":22},{"not_picked":["champ:Parry","champ:DefensiveShout"],"picked":"champ:FancyFootwork","floor":25},{"not_picked":["champ:Circumvent+1","champ:Lariat"],"picked":"champ:FocusedBerserking","floor":30},{"not_picked":["champ:DancingMaster","champ:FocusedDefense"],"picked":"champ:ShieldSlam","floor":31},{"not_picked":["champ:EnchantCrown","champ:Improvising"],"picked":"champ:GladiatorForm","floor":33},{"not_picked":["champ:Backstep","champ:GutPunch+1"],"picked":"champ:FocusedBerserking+1","floor":35},{"not_picked":["champ:FanOfKnives","champ:ShieldSigil+1"],"picked":"champ:RisingSlash+1","floor":36},{"not_picked":["champ:DefensiveShout","champ:Shatter"],"picked":"champ:StanceDance+1","floor":37},{"not_picked":["champ:DeathBlow+1","champ:CrownThrow+1","champ:Endure"],"picked":"SKIP","floor":38},{"not_picked":["champ:Lariat","champ:FlashCut"],"picked":"champ:FanOfKnives+1","floor":39},{"not_picked":["champ:TornadoPunch+1","champ:CrownThrow+1"],"picked":"champ:Shatter","floor":40},{"not_picked":["champ:IgnorePain","champ:HeavySlash"],"picked":"champ:ShieldThrow","floor":42},{"not_picked":["champ:DancingMaster","champ:EnchantShield","champ:CheapShot"],"picked":"SKIP","floor":45},{"not_picked":["champ:ViciousMockery+1","champ:BladeFlurry"],"picked":"champ:SetATrap","floor":48}],"player_experience":503042,"relics_obtained":[{"floor":7,"key":"Bag of Preparation"},{"floor":9,"key":"Toy Ornithopter"},{"floor":12,"key":"Mercury Hourglass"},{"floor":20,"key":"Incense Burner"},{"floor":20,"key":"Bottled Lightning"},{"floor":24,"key":"Strawberry"},{"floor":41,"key":"Whetstone"},{"floor":42,"key":"Nunchaku"},{"floor":45,"key":"InkBottle"}],"event_choices":[{"cards_removed":["champ:GladiatorForm"],"damage_healed":0,"gold_gain":0,"player_choice":"Removed Power","damage_taken":0,"max_hp_gain":0,"max_hp_loss":0,"event_name":"Falling","floor":46,"gold_loss":0}],"is_beta":false,"boss_relics":[{"not_picked":["Velvet Choker","Calling Bell"],"picked":"sneckomod:SneckoTalon"},{"not_picked":["Cursed Key","Runic Dome"],"picked":"expansioncontent:StudyCardRelic"}],"items_purged_floors":[21],"is_endless":false,"potions_floor_spawned":[2,9,16,18,33,36,37,39,40,48],"ascension_level":0}}