{"host":"bw00wb7p5bw58om7","time":1610798240,"event":{"mods":["Act Like it!","BaseMod","Downfall","Gensokyo","Koishi","KomeijiMod","Luminous","Marisa????????","Minty Spire (QoL Compilation)","Onozuka Komachi Mod","Permanent Neow","Prisma Mod","Reimu??????","Remilia??????","StSLib","The Animator","The Druid","The Exalted","The Jungle","The Mystic","The Problem Sleuth","The Senshi","The Servant 0.9.4","The Wild Card","Wandering Minibosses"],"gold_per_floor":[109,109,109,121,121,155,167,192,219,236,255,266,266,282,282,378,378,391,401,401,401],"floor_reached":20,"language":"ENG","playtime":1248,"items_purged":[],"score":196,"play_id":"5ea654f8-ca38-45d8-a923-a9f8a01218ec","local_time":"20210116115719","is_ascension_mode":true,"campfire_choices":[{"data":"DragonMeteor","floor":13,"key":"SMITH"},{"data":"EarthLightRay","floor":15,"key":"SMITH"}],"circlet_count":0,"master_deck":["Strike_MRS","Strike_MRS","Strike_MRS","Strike_MRS","Defend_MRS","Defend_MRS","Defend_MRS","Defend_MRS","MasterSpark","UpSweep","MysteriousBeam","EarthLightRay+1","DragonMeteor+1","ShootTheMoon","ShootingEcho","BigCrunch","Orbital","AsteroidBelt","WitchLeyline","BlazingStar","GravityBeat","WitchOfGreed+1"],"relics":["MiniHakkero","Gensokyo:Justice","Gensokyo:YoukaiFlower","Mastiff:ReiMu","Orichalcum","HoshigumaDish","Cursed Key"],"acts_visited":["Gensokyo:Gensokyo","Gensokyo:Gensokyoer"],"potions_floor_usage":[],"damage_taken":[{"damage":10,"enemies":"Gensokyo:Python","floor":1,"turns":4},{"damage":0,"enemies":"Gensokyo:2_Kodama","floor":4,"turns":2},{"damage":4,"enemies":"Gensokyo:Cirno","floor":6,"turns":4},{"damage":0,"enemies":"Gensokyo:Gryphon","floor":7,"turns":2},{"damage":3,"enemies":"Gensokyo:Aya","floor":8,"turns":3},{"damage":0,"enemies":"Gensokyo:LivingMonolith","floor":10,"turns":2},{"damage":0,"enemies":"Gensokyo:2_Rabbits","floor":11,"turns":2},{"damage":1,"enemies":"Gensokyo:Kitsune","floor":12,"turns":2},{"damage":2,"enemies":"Gensokyo:CorruptedTreant","floor":14,"turns":3},{"damage":8,"enemies":"Gensokyo:Yukari","floor":16,"turns":5},{"damage":15,"enemies":"Gensokyo:AngelMirror","floor":18,"turns":2},{"damage":0,"enemies":"Gensokyo:Chomper","floor":19,"turns":3},{"damage":44,"enemies":"Gensokyo:Mirror_and_Dog","floor":20,"turns":3}],"seed_played":"2823381141884457797","potions_obtained":[{"floor":7,"key":"SpeedPotion"},{"floor":8,"key":"sneckomod:MuddlingPotion"},{"floor":10,"key":"RedTea"}],"is_trial":false,"path_per_floor":["M","?","?","M","?","E","M","E","T","M","M","M","R","M","R","B",null,"M","M","M"],"character_chosen":"MARISA","items_purchased":[],"campfire_rested":0,"item_purchase_floors":[],"current_hp_per_floor":[65,65,65,65,65,65,69,66,66,70,74,73,73,71,71,67,75,60,66,28,28],"gold":401,"neow_bonus":"ONE_RANDOM_RARE_CARD","is_daily":false,"chose_seed":false,"campfire_upgraded":2,"win_rate":0.0,"timestamp":1610798239,"path_taken":["M","?","?","M","?","E","M","E","T","M","?","M","R","?","R","BOSS","M","M","M"],"items_purchased_type":[],"build_version":"2020-12-22","purchased_purges":0,"victory":false,"max_hp_per_floor":[75,75,75,75,75,75,75,75,75,75,75,75,75,75,75,75,75,75,75,75,75],"card_choices":[{"not_picked":["UnstableBomb","DragonMeteor"],"picked":"MysteriousBeam","floor":1},{"not_picked":["ShootingEcho","ShootTheMoon"],"picked":"EarthLightRay","floor":4},{"not_picked":["NonDirectionalLaser","StarlightTyphoon"],"picked":"DragonMeteor","floor":6},{"not_picked":["LuminesStrike","IllusionStar"],"picked":"ShootTheMoon","floor":7},{"not_picked":["MilkyWay","SporeBomb"],"picked":"ShootingEcho","floor":8},{"not_picked":["MilkyWay","OneTimeOff"],"picked":"BigCrunch","floor":10},{"not_picked":["SprinkleStarSeal","UnstableBomb"],"picked":"Orbital","floor":11},{"not_picked":["NonDirectionalLaser","SporeBomb"],"picked":"AsteroidBelt","floor":12},{"not_picked":["OneTimeOff","NonDirectionalLaser"],"picked":"WitchLeyline","floor":14},{"not_picked":["SatelliteIllusion","BinaryStars"],"picked":"BlazingStar","floor":16},{"not_picked":["NonDirectionalLaser","SporeBomb"],"picked":"GravityBeat","floor":18},{"not_picked":["MilkyWay+1","EnergyRecoil+1"],"picked":"WitchOfGreed+1","floor":19}],"player_experience":261218,"relics_obtained":[{"floor":6,"key":"Mastiff:ReiMu"},{"floor":8,"key":"Orichalcum"},{"floor":9,"key":"HoshigumaDish"}],"event_choices":[],"is_beta":false,"boss_relics":[{"not_picked":["Astrolabe","SlaversCollar"],"picked":"Cursed Key"}],"items_purged_floors":[],"is_endless":false,"potions_floor_spawned":[7,8,10,12,16],"killed_by":"Gensokyo:Mirror_and_Dog","ascension_level":1}}