{"host":"r2b8ojg4o4pyvjvq","time":1610817523,"event":{"mods":["Arknights The Spire","BaseMod","Colored Map","Highlight Path","Hubris","Minty Spire (QoL Compilation)","Quick Restart","Replay The Spire","StSLib","SuperFastMode"],"gold_per_floor":[117,117,133,133,133,167,178,178,178,203,216,232,232,247,247,347,347,357,42,42,42,42,42,62,62,62,107,136,232,262,29,29,143,143,171,92,92,92,92,132,132,175,175,175,138,138,170,170,170,170,170,170,22,65,65,65],"floor_reached":55,"language":"ENG","playtime":1676,"items_purged":["ats:Strike V","Voices"],"score":724,"play_id":"880e3a93-f40b-44a4-847f-f227dbc6bcfc","local_time":"20210116181843","is_ascension_mode":false,"campfire_choices":[{"floor":13,"key":"REST"},{"floor":15,"key":"REST"},{"data":"ats:Explosion Area Strengthen","floor":23,"key":"SMITH"},{"data":"ats:Red Shift","floor":25,"key":"SMITH"},{"floor":32,"key":"REST"},{"floor":49,"key":"RECALL"},{"data":"ats:Demon Strength","floor":52,"key":"SMITH"}],"circlet_count":0,"master_deck":["ats:Strike S","ats:Armor Crushing Shot","ats:Defend","ats:Defend","ats:Defend","ats:Emotion Absorption","ats:Hammer On+1","ats:Shell Defense+1","ats:Charging Defense","ats:Shell Defense","ats:Hammer On","ats:Collapsing Strike","ats:Explosion Area Strengthen+1","ats:Curse Doll","ats:Shadow Assault","ats:Hammer On+1","ats:Disruption Kick+1","ats:Red Shift+1","ats:Demon Strength+1","ats:Part Time Job","ats:Poison Spread+1","ats:Ambush+1","ats:Wolf Pack","ats:Spore Proliferation+1","ats:Leaping Hammer+1"],"relics":["ats:Sanity","NeowsBlessing","Ginger","ats:Originium","Bird Faced Urn","Replay:Bottled Snecko","Vajra","ats:Omniscience","Tiny Chest","ats:Gyao","Bronze Scales","hubris:RunicObelisk","Replay:Wax Seal","Replay:Multitool","Akabeko","Smiling Mask","InkBottle","ReplayTheSpireMod:CursedCoin","ats:Ability Aura","hubris:Icosahedron","Bag of Marbles","Dead Branch"],"acts_visited":["Exordium","TheCity","TheBeyond","TheEnding"],"potions_floor_usage":[10,16,27,27,27,30,40,50,55],"damage_taken":[{"damage":0,"enemies":"Small Slimes","floor":1,"turns":1},{"damage":0,"enemies":"2 Louse","floor":3,"turns":1},{"damage":0,"enemies":"Lagavulin","floor":6,"turns":1},{"damage":2,"enemies":"Cultist","floor":7,"turns":4},{"damage":44,"enemies":"Gremlin Nob","floor":10,"turns":5},{"damage":0,"enemies":"Looter","floor":11,"turns":2},{"damage":10,"enemies":"2 Fungi Beasts","floor":12,"turns":3},{"damage":0,"enemies":"3 Louse","floor":14,"turns":2},{"damage":45,"enemies":"Hexaghost","floor":16,"turns":11},{"damage":10,"enemies":"Spheric Guardian","floor":18,"turns":5},{"damage":0,"enemies":"Chosen","floor":24,"turns":4},{"damage":24,"enemies":"Book of Stabbing","floor":27,"turns":5},{"damage":10,"enemies":"Sentry and Sphere","floor":28,"turns":4},{"damage":15,"enemies":"Snake Plant","floor":30,"turns":3},{"damage":53,"enemies":"Pondfish","floor":33,"turns":10},{"damage":8,"enemies":"3 Darklings","floor":35,"turns":5},{"damage":31,"enemies":"Reptomancer","floor":40,"turns":5},{"damage":26,"enemies":"R_Hoarder","floor":42,"turns":7},{"damage":7,"enemies":"3 Shapes","floor":47,"turns":5},{"damage":42,"enemies":"Awakened One","floor":50,"turns":14},{"damage":82,"enemies":"Shield and Spear","floor":54,"turns":10},{"damage":35,"enemies":"The Heart","floor":55,"turns":3}],"seed_played":"1708426211474881373","potions_obtained":[{"floor":7,"key":"Explosive Potion"},{"floor":12,"key":"PowerPotion"},{"floor":14,"key":"Cursed Concoction"},{"floor":16,"key":"Strength Potion"},{"floor":18,"key":"Fruit Juice"},{"floor":28,"key":"Ancient Potion"},{"floor":30,"key":"Fruit Juice"},{"floor":35,"key":"CultistPotion"},{"floor":40,"key":"SpeedPotion"},{"floor":42,"key":"Strength Potion"},{"floor":54,"key":"BlessingOfTheForge"}],"is_trial":false,"path_per_floor":["M","?","M","?","?","E","M","?","T","E","M","M","R","M","R","B",null,"M","$","?","?","?","R","M","R","T","E","M","T","M","$","R","B",null,"M","$","?","?","T","E","R","E","T","R","$","R","M","?","R","B",null,"R","$","E","B"],"character_chosen":"DOCTOR_CLASS","items_purchased":["ats:Disruption Kick","Tiny Chest","ats:Ambush","Replay:Wax Seal","ReplayTheSpireMod:CursedCoin","ats:Ability Aura","Bag of Marbles"],"campfire_rested":3,"item_purchase_floors":[19,19,31,36,45,45,53],"current_hp_per_floor":[72,54,54,54,54,54,52,57,57,16,16,6,29,29,52,17,77,67,67,67,67,67,67,67,67,67,51,46,46,36,36,62,22,87,79,79,79,79,79,58,82,58,58,82,82,82,80,80,80,76,83,83,83,16,0,0],"gold":65,"neow_bonus":"THREE_ENEMY_KILL","is_daily":false,"chose_seed":false,"campfire_upgraded":3,"win_rate":0.0,"timestamp":1610817523,"path_taken":["M","?","M","?","?","E","M","?","T","E","M","M","R","M","R","BOSS","M","$","?","?","?","R","M","R","T","E","M","?","M","?","R","BOSS","M","$","?","?","?","E","R","E","T","R","$","R","M","?","R","BOSS","R","$","E","BOSS"],"items_purchased_type":["Card","Relic","Card","Relic","Relic","Relic","Relic"],"build_version":"2020-12-22","purchased_purges":2,"victory":false,"max_hp_per_floor":[72,72,72,72,72,72,72,77,77,77,77,77,77,77,77,77,77,77,77,77,77,77,77,77,77,77,82,82,82,87,87,87,87,87,87,87,83,83,83,83,83,83,83,83,83,83,83,83,83,83,83,83,83,83,83,83],"card_choices":[{"not_picked":["ats:Powerful Strike","ats:Hook Shot"],"picked":"ats:Hammer On","floor":1},{"not_picked":["ats:Cat Scratch","ats:Poison Spread"],"picked":"ats:Shell Defense","floor":3},{"not_picked":["ats:Shadow Raid","ats:Powerful Strike"],"picked":"ats:Charging Defense","floor":6},{"not_picked":["ats:Volcano","ats:Assault Order"],"picked":"ats:Shell Defense","floor":7},{"not_picked":["ats:Ignite","ats:Assault Order"],"picked":"ats:Hammer On","floor":10},{"not_picked":["ats:Shadow Raid","ats:Consecutive Shot Auto"],"picked":"ats:Collapsing Strike","floor":11},{"not_picked":["ats:Steam Pump","ats:Ignite"],"picked":"ats:Explosion Area Strengthen","floor":12},{"not_picked":["ats:Childhood Dance","ats:Hammer On"],"picked":"ats:Curse Doll","floor":14},{"not_picked":["ats:Ambush","ats:Nebulous Foxfire"],"picked":"ats:Shadow Assault","floor":16},{"not_picked":["ats:Curse Doll","ats:Powerful Strike"],"picked":"ats:Hammer On","floor":18},{"not_picked":["ats:Curse Doll","ats:Consecutive Shot Auto"],"picked":"ats:Red Shift","floor":24},{"not_picked":["ats:Childhood Dance","ats:Assault Order"],"picked":"ats:Demon Strength","floor":27},{"not_picked":["ats:Sword Rain","ats:Curse Doll+1"],"picked":"ats:Part Time Job","floor":28},{"not_picked":["ats:Charging Defense","ats:Childhood Dance"],"picked":"ats:Poison Spread+1","floor":30},{"not_picked":["ats:Shadow Assault","ats:Nebulous Foxfire"],"picked":"ats:Wolf Pack","floor":33},{"not_picked":["ats:Leaping Hammer","ats:Cat Scratch+1","ats:Song Of Battle+1"],"picked":"SKIP","floor":35},{"not_picked":["ats:Very Hot Blade+1","ats:Sunburst+1"],"picked":"ats:Spore Proliferation+1","floor":40},{"not_picked":["ats:Collapsing Strike+1","ats:Counter Healing Mode+1"],"picked":"ats:Leaping Hammer+1","floor":42},{"not_picked":["ats:Consecutive Shot Auto+1","ats:Revitalization","ats:Shell Defense+1"],"picked":"SKIP","floor":47},{"not_picked":["ats:Durian","ats:Healing Strengthening+1","ats:Revitalization+1"],"picked":"SKIP","floor":54}],"player_experience":380591,"relics_obtained":[{"floor":6,"key":"ats:Originium"},{"floor":6,"key":"Bird Faced Urn"},{"floor":9,"key":"Replay:Bottled Snecko"},{"floor":10,"key":"ats:Originium"},{"floor":10,"key":"Vajra"},{"floor":26,"key":"ats:Gyao"},{"floor":27,"key":"ats:Originium"},{"floor":27,"key":"Bronze Scales"},{"floor":39,"key":"Replay:Multitool"},{"floor":40,"key":"Akabeko"},{"floor":42,"key":"Smiling Mask"},{"floor":43,"key":"InkBottle"},{"floor":54,"key":"Dead Branch"}],"event_choices":[{"damage_healed":0,"gold_gain":0,"player_choice":"Success","damage_taken":18,"relics_obtained":["Ginger"],"max_hp_gain":0,"max_hp_loss":0,"event_name":"Scrap Ooze","floor":2,"gold_loss":0},{"damage_healed":0,"gold_gain":0,"player_choice":"Grow","damage_taken":0,"max_hp_gain":0,"max_hp_loss":0,"event_name":"Living Wall","floor":4,"gold_loss":0,"cards_upgraded":["ats:Hammer On"]},{"damage_healed":0,"gold_gain":0,"player_choice":"Donut","damage_taken":0,"max_hp_gain":5,"max_hp_loss":0,"event_name":"Big Fish","floor":8,"gold_loss":0},{"cards_removed":["ats:Strike C"],"damage_healed":0,"gold_gain":0,"player_choice":"Offered Basic","damage_taken":0,"max_hp_gain":0,"max_hp_loss":0,"event_name":"Bonfire Elementals","floor":22,"gold_loss":0},{"damage_healed":0,"gold_gain":0,"player_choice":"Max HP","damage_taken":0,"max_hp_gain":0,"max_hp_loss":4,"event_name":"Winding Halls","floor":37,"gold_loss":0},{"cards_removed":["ats:Strike G"],"damage_healed":0,"gold_gain":0,"player_choice":"Card Removal","damage_taken":0,"max_hp_gain":0,"max_hp_loss":0,"event_name":"Wheel of Change","floor":38,"gold_loss":0},{"damage_healed":0,"gold_gain":0,"player_choice":"Forge","damage_taken":0,"max_hp_gain":0,"max_hp_loss":0,"event_name":"Accursed Blacksmith","floor":48,"gold_loss":0,"cards_upgraded":["ats:Ambush"]}],"is_beta":false,"boss_relics":[{"not_picked":["hubris:BlackHole","Ring of Chaos"],"picked":"ats:Omniscience"},{"not_picked":["Snecko Eye","Painkiller Herb"],"picked":"hubris:RunicObelisk"}],"items_purged_floors":[31,45],"is_endless":false,"potions_floor_spawned":[7,12,14,16,18,28,30,35,40,42,54],"killed_by":"The Heart","ascension_level":0}}