{"host":"ss2ocoam53r2lno0","time":1610820654,"event":{"mods":["Act Like it!","BaseMod","ChefMod","Clockwork Mod","Colored Powertips","Curses Come First","Displayed Cursed Tome","Downfall","Evolution","Googly Eyes","Hallownest","Highlight Path","Minty Spire (QoL Compilation)","Poor People Problems","Rare Cards Sparkle","Robot Space Explorer","Shade Mod","Shop Mod","Spicy Shops","StSLib","The Marked"],"gold_per_floor":[113,188,138,138,156,182,182,200,200,200,211,227,152,187,187,286,286,304,304,314,60,75,102,102,102,171,203,217,235,261,278,278,382,382,399,449,459,277,277,277,304,315,365,365,240,240,275,275,275,275],"floor_reached":51,"language":"ENG","playtime":3768,"items_purged":["Clockwork:Strike","Clockwork:Shield","Clockwork:SystemHardening"],"score":1437,"play_id":"8e9c1ae4-1f15-4a01-8b38-1acbad27a5a5","local_time":"20210116191054","is_ascension_mode":true,"campfire_choices":[{"data":"Clockwork:UnlimitedCogworks","floor":7.0,"key":"SMITH"},{"data":"Clockwork:LogisticRegression","floor":15.0,"key":"SMITH"},{"floor":25.0,"key":"REST"},{"floor":32,"key":"REST"},{"data":"Clockwork:WarmUp","floor":40,"key":"SMITH"},{"data":"Clockwork:Pluck","floor":44,"key":"SMITH"},{"data":"Panache","floor":49,"key":"SMITH"}],"circlet_count":0,"master_deck":["Clockwork:Pluck+1","Clockwork:Pluck","Clockwork:WarmUp+1","Clockwork:UnlimitedCogworks+1","Clockwork:LogisticRegression+1","Clockwork:KaliMa","Clockwork:ZeroPointEnergy","Panache+1"],"relics":["Clockwork:MomentumEngine","EVO:Axolotl","Sundial","Strawberry","Clockwork:GoldenCog","Orichalcum","Guardian:PocketSentry","Black Star","Nunchaku","Clockwork:BeatingHeart","Ornamental Fan","Potion Belt","Mercury Hourglass","Lizard Tail","Incense Burner","Centennial Puzzle","Pocketwatch","sneckomod:SneckoTalon","Calipers","Frozen Egg 2","Mango","Bronze Scales","Shuriken","Art of War","Ancient Tea Set"],"acts_visited":["Exordium","TheCity","TheBeyond"],"potions_floor_usage":[33,36,36],"damage_taken":[{"damage":5.0,"enemies":"2 Louse","floor":1.0,"turns":3.0},{"damage":0.0,"enemies":"Small Slimes","floor":5.0,"turns":4.0},{"damage":0.0,"enemies":"Lagavulin","floor":6.0,"turns":9.0},{"damage":0.0,"enemies":"Cultist","floor":8.0,"turns":4.0},{"damage":5.0,"enemies":"Red Slaver","floor":11.0,"turns":5.0},{"damage":1.0,"enemies":"Exordium Wildlife","floor":12.0,"turns":4.0},{"damage":0.0,"enemies":"Gremlin Nob","floor":14.0,"turns":4.0},{"damage":14.0,"enemies":"Slime Boss","floor":16.0,"turns":7.0},{"damage":0.0,"enemies":"Chosen","floor":18.0,"turns":4.0},{"damage":11.0,"enemies":"Shell Parasite","floor":20.0,"turns":4.0},{"damage":7.0,"enemies":"Centurion and Healer","floor":22.0,"turns":3.0},{"damage":21.0,"enemies":"Gremlin Leader","floor":23.0,"turns":3.0},{"damage":0,"enemies":"Book of Stabbing","floor":27,"turns":3},{"damage":15,"enemies":"Shelled Parasite and Fungi","floor":28,"turns":3},{"damage":6,"enemies":"Cultist and Chosen","floor":29,"turns":4},{"damage":13,"enemies":"Gremlin Leader","floor":30,"turns":4},{"damage":0,"enemies":"3 Cultists","floor":31,"turns":2},{"damage":0,"enemies":"Automaton","floor":33,"turns":3},{"damage":0,"enemies":"3 Shapes","floor":35,"turns":2},{"damage":14,"enemies":"Mind Bloom Boss Battle","floor":36,"turns":3},{"damage":0,"enemies":"Orb Walker","floor":37,"turns":2},{"damage":0,"enemies":"Giant Head","floor":41,"turns":3},{"damage":0,"enemies":"Spire Growth","floor":42,"turns":2},{"damage":0,"enemies":"Nemesis","floor":47,"turns":3},{"damage":0,"enemies":"Donu and Deca","floor":50,"turns":1}],"seed_played":"-1439042089860289685","potions_obtained":[{"floor":5.0,"key":"hexamod:SoulburnPotion"},{"floor":8.0,"key":"sneckomod:MuddlingPotion"},{"floor":10.0,"key":"DistilledChaos"},{"floor":10.0,"key":"Block Potion"},{"floor":14.0,"key":"DuplicationPotion"},{"floor":16.0,"key":"Dexterity Potion"},{"floor":18.0,"key":"Swift Potion"},{"floor":28,"key":"SpeedPotion"},{"floor":30,"key":"PowerPotion"},{"floor":31,"key":"DistilledChaos"},{"floor":35,"key":"Energy Potion"},{"floor":41,"key":"SkillPotion"}],"is_trial":false,"path_per_floor":["M","?","?","?","M","E","R","M","T","?","M","M","$","E","R","B",null,"M","?","M","$","M","E","?","R","T","E","M","M","E","M","R","B",null,"M","?","M","$","?","R","E","M","T","R","$","T","E","?","R","B",null],"character_chosen":"CLOCKWORK","items_purchased":["Nunchaku","Panache"],"campfire_rested":2,"item_purchase_floors":[21,38],"current_hp_per_floor":[72,61,61,58,58,65,65,65,65,65,60,59,59,59,59,45,80,80,62,51,51,44,23,23,52,52,52,37,31,18,18,47,47,85,85,71,71,71,71,71,85,85,85,85,85,85,85,85,85,85],"gold":275,"neow_bonus":"REMOVE_CARD","is_daily":false,"chose_seed":false,"campfire_upgraded":5,"win_rate":0.0,"timestamp":1610820654,"path_taken":["M","?","?","?","M","E","R","M","T","?","M","?","?","E","R","BOSS","M","?","M","$","M","E","?","R","T","E","M","M","E","M","R","BOSS","M","?","M","$","?","R","E","M","T","R","$","?","E","?","R","BOSS"],"items_purchased_type":["Relic","Card"],"build_version":"2020-12-22","purchased_purges":3,"victory":true,"max_hp_per_floor":[85,85,85,85,85,92,92,92,92,92,92,92,92,92,92,92,92,92,97,97,97,97,97,97,97,97,97,97,97,97,97,97,97,97,97,97,97,97,92,92,106,106,106,106,106,106,106,106,106,106],"card_choices":[{"not_picked":["Clockwork:CraftCopperScales","Clockwork:SystemHardening"],"picked":"Clockwork:CogShield","floor":1.0},{"not_picked":["Clockwork:CogShield","Clockwork:Pluck","Clockwork:Minimalism"],"picked":"SKIP","floor":5.0},{"not_picked":["Clockwork:Improve","Clockwork:Minimalism"],"picked":"Clockwork:UnlimitedCogworks","floor":6.0},{"not_picked":["Clockwork:RampUp","Clockwork:CogToss","Clockwork:Friction"],"picked":"SKIP","floor":8.0},{"not_picked":["Clockwork:CogShield","Clockwork:ChargingBlade"],"picked":"Clockwork:LogisticRegression","floor":11.0},{"not_picked":["Clockwork:PerfectedShield","Clockwork:AdaptiveShield"],"picked":"Clockwork:CraftMomentumEngine","floor":12.0},{"not_picked":["Clockwork:AdaptiveCannon","Clockwork:Pluck","Clockwork:Improve"],"picked":"SKIP","floor":14.0},{"not_picked":["Clockwork:PerfectForm","Clockwork:CraftQuicksilverHourglass"],"picked":"Clockwork:KaliMa","floor":16.0},{"not_picked":["Clockwork:SnapKeep","Clockwork:AdaptiveShield+1"],"picked":"Clockwork:SystemHardening","floor":18.0},{"not_picked":["Clockwork:SystemHardening","Clockwork:ChargingShield","Clockwork:CogShield"],"picked":"SKIP","floor":20.0},{"not_picked":["Clockwork:CogShield","Clockwork:Friction+1","Clockwork:Improve"],"picked":"SKIP","floor":22.0},{"not_picked":["Clockwork:CogShield","Clockwork:HoardingStrike+1","Clockwork:SystemScan"],"picked":"SKIP","floor":23.0},{"not_picked":["Clockwork:LogisticRegression","Clockwork:AdaptiveCannon","Clockwork:Redundancy"],"picked":"SKIP","floor":27},{"not_picked":["Clockwork:SpurOn","Clockwork:CraftBloodPhial+1","Clockwork:Redundancy"],"picked":"SKIP","floor":28},{"not_picked":["Clockwork:HeadStart","Clockwork:Clone"],"picked":"Clockwork:ZeroPointEnergy","floor":29},{"not_picked":["Clockwork:ElasticNanites","Clockwork:CraftBloodPhial","Clockwork:StasisBreak"],"picked":"SKIP","floor":30},{"not_picked":["Clockwork:Scour","Clockwork:CogShield+1","Clockwork:AdaptiveCannon+1"],"picked":"SKIP","floor":31},{"not_picked":["Clockwork:TimeWalk","Clockwork:Inspiration"],"picked":"Clockwork:CraftMomentumEngine","floor":33},{"not_picked":["Clockwork:ReserveSystems","Clockwork:SnapKeep","Clockwork:Redundancy+1"],"picked":"SKIP","floor":35},{"not_picked":["Clockwork:CogToss+1","Clockwork:PerfectedStrike+1"],"picked":"Clockwork:Downsize+1","floor":36},{"not_picked":["Clockwork:AdaptiveShield","Clockwork:Pluck+1","Clockwork:CogBarrier"],"picked":"SKIP","floor":37},{"not_picked":["Clockwork:Pluck","Clockwork:AdaptiveShield","Clockwork:EnthusiasticStrike"],"picked":"SKIP","floor":41},{"not_picked":["Clockwork:Pluck","Clockwork:AdaptiveShield","Clockwork:EnthusiasticStrike"],"picked":"SKIP","floor":41},{"not_picked":["Clockwork:Selectivity+1","Clockwork:InertialShield+1","Clockwork:MechanicalMass+1"],"picked":"SKIP","floor":42},{"not_picked":["Clockwork:CogShield","Clockwork:SnapKeep","Clockwork:ForgeStrike+1"],"picked":"SKIP","floor":47}],"player_experience":751465,"relics_obtained":[{"floor":6.0,"key":"Strawberry"},{"floor":9.0,"key":"Orichalcum"},{"floor":14.0,"key":"Guardian:PocketSentry"},{"floor":23.0,"key":"Ornamental Fan"},{"floor":23.0,"key":"Potion Belt"},{"floor":26.0,"key":"Mercury Hourglass"},{"floor":27,"key":"Lizard Tail"},{"floor":27,"key":"Incense Burner"},{"floor":30,"key":"Centennial Puzzle"},{"floor":30,"key":"Pocketwatch"},{"floor":36,"key":"Calipers"},{"floor":41,"key":"Frozen Egg 2"},{"floor":41,"key":"Mango"},{"floor":43,"key":"Bronze Scales"},{"floor":46,"key":"Shuriken"},{"floor":47,"key":"Art of War"},{"floor":47,"key":"Ancient Tea Set"}],"event_choices":[{"damage_healed":0.0,"max_hp_gain":0.0,"max_hp_loss":0.0,"gold_gain":75.0,"event_name":"World of Goop","player_choice":"Gather Gold","floor":2.0,"gold_loss":0.0,"damage_taken":11.0},{"cards_removed":["Clockwork:Shield"],"damage_healed":0.0,"max_hp_gain":0.0,"max_hp_loss":0.0,"gold_gain":0.0,"event_name":"The Cleric","player_choice":"Card Removal","floor":3.0,"gold_loss":50.0,"damage_taken":0.0},{"damage_healed":0.0,"max_hp_gain":0.0,"max_hp_loss":0.0,"gold_gain":0.0,"event_name":"Scrap Ooze","player_choice":"Success","floor":4.0,"gold_loss":0.0,"damage_taken":3.0,"relics_obtained":["Sundial"]},{"damage_healed":0.0,"max_hp_gain":0.0,"max_hp_loss":0.0,"gold_gain":0.0,"event_name":"Lab","player_choice":"Got Potions","floor":10.0,"gold_loss":0.0,"damage_taken":0.0},{"damage_healed":0.0,"max_hp_gain":5.0,"max_hp_loss":0.0,"gold_gain":0.0,"event_name":"Forgotten Altar","player_choice":"Shed Blood","floor":19.0,"gold_loss":0.0,"damage_taken":23.0},{"damage_healed":0.0,"max_hp_gain":0.0,"max_hp_loss":0.0,"gold_gain":0.0,"event_name":"Ghosts","player_choice":"Ignored","floor":24.0,"gold_loss":0.0,"damage_taken":0.0},{"damage_healed":0,"gold_gain":0,"player_choice":"Fight","damage_taken":0,"max_hp_gain":0,"max_hp_loss":0,"event_name":"MindBloom","floor":36,"gold_loss":0},{"damage_healed":0,"gold_gain":0,"player_choice":"Max HP","damage_taken":0,"max_hp_gain":0,"max_hp_loss":5,"event_name":"Winding Halls","floor":39,"gold_loss":0},{"cards_removed":["Clockwork:Pluck"],"damage_healed":0,"gold_gain":0,"player_choice":"Removed Attack","damage_taken":0,"max_hp_gain":0,"max_hp_loss":0,"event_name":"Falling","floor":48,"gold_loss":0}],"is_beta":false,"boss_relics":[{"not_picked":["Fusion Hammer","Astrolabe"],"picked":"Black Star"},{"not_picked":["SacredBark","Sozu"],"picked":"sneckomod:SneckoTalon"}],"items_purged_floors":[13,21,45],"is_endless":false,"potions_floor_spawned":[5,8,14,16,18,28,30,31,35,41],"ascension_level":8}}