{"host":"ndpbn7fqb3wjbd7p","time":1610841276,"event":{"mods":["AchievementEnabler","Act Like it!","AlwaysNeverKeys","BaseMod","Better Vampires","Block Reminder","Colored Powertips","DeckTracker","Defuse TimeMaze Blight","Friendly Minions","Hallownest","Hermit","Highlight Path","MarisaÅiñ∂âJÅ@ñÇóùçπÅj","Minty Spire (QoL Compilation)","Permanent Neow","Shade Mod","StSLib","SuperFastMode","Synergy Search","The Mystic","Unceasing Turn Reminder","Wandering Minibosses","egg"],"gold_per_floor":[109,109,109,127,52,52,81,96,96,96,111,111,111,27,27,103,103,114,114,114,114,129,139,89,89,89,89,89],"floor_reached":27,"language":"ENG","playtime":1131,"items_purged":["Defend_G","Strike_G","Defend_G"],"score":366,"play_id":"10695096-60d3-49f4-90f6-c438c7a4886e","local_time":"20210117005436","is_ascension_mode":true,"campfire_choices":[{"data":"Choke","floor":6,"key":"SMITH"},{"floor":10,"key":"REST"},{"data":"Neutralize","floor":12,"key":"SMITH"},{"data":"Calculated Gamble","floor":15,"key":"SMITH"}],"circlet_count":0,"master_deck":["AscendersBane","Defend_G+1","Survivor","Neutralize+1","Choke+1","Flying Knee","Heel Hook","Calculated Gamble+1","Unload","CurseOfTheBell","Well Laid Plans+1","Bite","Bite","Bite","Tactician","Tactician","Forethought","Storm of Steel"],"relics":["Ring of the Snake","Akabeko","FossilizedHelix","Smiling Mask","Matryoshka","Singing Bowl","Calling Bell","Thread and Needle","Darkstone Periapt","War Paint","Gremlin Horn","Toxic Egg 2"],"acts_visited":["Exordium","TheCity"],"potions_floor_usage":[16,18,27],"damage_taken":[{"damage":2,"enemies":"Jaw Worm","floor":1,"turns":4},{"damage":0,"enemies":"Small Slimes","floor":4,"turns":2},{"damage":44,"enemies":"Lagavulin","floor":7,"turns":8},{"damage":0,"enemies":"Cultist","floor":8,"turns":2},{"damage":0,"enemies":"Large Slime","floor":11,"turns":5},{"damage":27,"enemies":"Hexaghost","floor":16,"turns":11},{"damage":9,"enemies":"Spheric Guardian","floor":18,"turns":4},{"damage":0,"enemies":"Chosen","floor":22,"turns":5},{"damage":0,"enemies":"Centurion and Healer","floor":23,"turns":5},{"damage":57,"enemies":"Book of Stabbing","floor":27,"turns":5}],"seed_played":"6276782922215095888","potions_obtained":[{"floor":7,"key":"DuplicationPotion"},{"floor":16,"key":"AttackPotion"},{"floor":23,"key":"Swift Potion"}],"is_trial":false,"path_per_floor":["M","?","?","M","$","R","E","M","T","R","M","R","?","$","R","B",null,"M","?","?","?","M","M","$","?","T","E"],"character_chosen":"THE_SILENT","items_purchased":["Calculated Gamble"],"campfire_rested":1,"item_purchase_floors":[14],"current_hp_per_floor":[57,62,62,62,62,62,18,18,18,39,39,39,34,34,34,7,55,46,26,26,26,42,52,52,52,52,0,0],"gold":89,"neow_bonus":"RANDOM_COMMON_RELIC","is_daily":false,"chose_seed":false,"campfire_upgraded":3,"win_rate":0.0,"timestamp":1610841276,"path_taken":["M","?","?","?","$","R","E","M","T","R","M","R","?","$","R","BOSS","M","?","?","?","M","M","$","?","T","E"],"items_purchased_type":["Card"],"build_version":"2020-12-22","purchased_purges":3,"victory":false,"max_hp_per_floor":[66,71,71,71,71,71,71,71,71,71,71,71,71,71,71,71,71,71,76,76,57,57,57,57,57,57,57,57],"card_choices":[{"not_picked":["Deflect","Prepared"],"picked":"Deadly Poison","floor":1},{"not_picked":["Cloak And Dagger","Deflect"],"picked":"Choke","floor":4},{"not_picked":["Noxious Fumes","Dagger Spray"],"picked":"Flying Knee","floor":7},{"not_picked":["Dodge and Roll","Bane","Poisoned Stab"],"picked":"SKIP","floor":8},{"not_picked":["Cloak And Dagger","Terror"],"picked":"Heel Hook","floor":11},{"not_picked":["Wraith Form v2","Bullet Time"],"picked":"Unload","floor":16},{"not_picked":["PiercingWail","Footwork"],"picked":"Well Laid Plans+1","floor":18},{"not_picked":["Deadly Poison","Backflip"],"picked":"Tactician","floor":22},{"not_picked":["Riddle With Holes","Skewer"],"picked":"Tactician","floor":23}],"player_experience":1136927,"relics_obtained":[{"floor":7,"key":"Smiling Mask"},{"floor":9,"key":"Matryoshka"},{"floor":17,"key":"Thread and Needle"},{"floor":17,"key":"Darkstone Periapt"},{"floor":17,"key":"War Paint"},{"floor":26,"key":"Gremlin Horn"},{"floor":26,"key":"Toxic Egg 2"}],"event_choices":[{"damage_healed":0,"gold_gain":0,"player_choice":"Donut","damage_taken":0,"max_hp_gain":5,"max_hp_loss":0,"event_name":"Big Fish","floor":2,"gold_loss":0},{"cards_removed":["Deadly Poison"],"damage_healed":0,"gold_gain":0,"player_choice":"Gave Card","damage_taken":0,"relics_obtained":["FossilizedHelix"],"max_hp_gain":0,"max_hp_loss":0,"event_name":"WeMeetAgain","floor":3,"gold_loss":0},{"damage_healed":0,"gold_gain":0,"player_choice":"Success","damage_taken":5,"relics_obtained":["Singing Bowl"],"max_hp_gain":0,"max_hp_loss":0,"event_name":"Scrap Ooze","floor":13,"gold_loss":0},{"damage_healed":0,"gold_gain":0,"player_choice":"Shed Blood","damage_taken":25,"max_hp_gain":5,"max_hp_loss":0,"event_name":"Forgotten Altar","floor":19,"gold_loss":0},{"cards_removed":["Defend_G"],"damage_healed":0,"gold_gain":0,"player_choice":"Elegance","damage_taken":0,"max_hp_gain":0,"max_hp_loss":0,"event_name":"Back to Basics","floor":20,"gold_loss":0},{"damage_healed":0,"gold_gain":0,"player_choice":"Became a vampire","damage_taken":0,"max_hp_gain":0,"max_hp_loss":19,"event_name":"Vampires","floor":21,"gold_loss":0,"cards_obtained":["Bite","Bite","Bite","Bite"]},{"damage_healed":0,"gold_gain":0,"cards_transformed":["Bite","Defend_G"],"player_choice":"Became Test Subject","damage_taken":0,"max_hp_gain":0,"max_hp_loss":0,"event_name":"Drug Dealer","floor":25,"gold_loss":0,"cards_obtained":["Forethought","Storm of Steel"]}],"is_beta":false,"boss_relics":[{"not_picked":["Snecko Eye","SacredBark"],"picked":"Calling Bell"}],"items_purged_floors":[5,14,24],"is_endless":false,"potions_floor_spawned":[7,16,23],"killed_by":"Book of Stabbing","ascension_level":15}}