{"host":"8i4doyxqctgl5qb0","time":1610835272,"event":{"mods":["AchievementEnabler","BaseMod","Block Reminder","Colored Powertips","Minty Spire (QoL Compilation)","Permanent Neow","Potion Indicator Mod","Rare Cards Sparkle","StSLib","SuperFastMode","The Jungle"],"gold_per_floor":[362,380,146,163,163,163,190,190,271,25,38,53,53,63,63,63,63],"floor_reached":16,"language":"ZHS","playtime":422,"items_purged":["Strike_B"],"score":158,"play_id":"c3243675-6628-4a66-901b-9b9c2c7ac452","local_time":"20210117061432","is_ascension_mode":true,"campfire_choices":[{"floor":6,"key":"REST"},{"floor":8,"key":"REST"},{"floor":15,"key":"REST"}],"circlet_count":0,"master_deck":["AscendersBane","Strike_B","Strike_B","Strike_B","Defend_B","Defend_B","Defend_B","Defend_B","Zap","Dualcast","Self Repair","Conserve Battery","Capacitor","Reinforced Body","Tempest","Loop","Stack","Sunder","Leap","Double Energy","Blizzard","Skim"],"relics":["Cracked Core","Dream Catcher","Sundial","Runic Capacitor","Anchor"],"acts_visited":["Exordium"],"potions_floor_usage":[11],"damage_taken":[{"damage":12,"enemies":"Jaw Worm","floor":1,"turns":3},{"damage":4,"enemies":"Small Slimes","floor":2,"turns":4},{"damage":9,"enemies":"2 Louse","floor":4,"turns":2},{"damage":46,"enemies":"3 Sentries","floor":7,"turns":9},{"damage":2,"enemies":"Looter","floor":11,"turns":5},{"damage":20,"enemies":"Lots of Slimes","floor":12,"turns":5},{"damage":0,"enemies":"Large Slime","floor":14,"turns":6},{"damage":57,"enemies":"Slime Boss","floor":16,"turns":10}],"seed_played":"-413919276862619459","potions_obtained":[{"floor":2,"key":"FearPotion"},{"floor":14,"key":"SmokeBomb"}],"is_trial":false,"path_per_floor":["M","M","$","M","?","R","E","R","T","$","M","M","?","M","R","B"],"character_chosen":"DEFECT","items_purchased":["Capacitor","Reinforced Body","Tempest","Runic Capacitor","Leap"],"campfire_rested":3,"item_purchase_floors":[3,3,3,10,10],"current_hp_per_floor":[38,41,41,32,32,54,15,37,37,37,42,29,22,29,51,0,0],"gold":63,"neow_bonus":"TWO_FIFTY_GOLD","is_daily":false,"chose_seed":false,"campfire_upgraded":0,"win_rate":0.0,"timestamp":1610835272,"path_taken":["M","M","$","M","?","R","E","R","T","$","M","M","?","M","R","BOSS"],"items_purchased_type":["Card","Card","Card","Relic","Card"],"build_version":"2020-12-22","purchased_purges":1,"victory":false,"max_hp_per_floor":[75,75,75,75,75,75,75,75,75,75,75,75,75,75,75,75,75],"card_choices":[{"not_picked":["Streamline","Turbo"],"picked":"Self Repair","floor":1},{"not_picked":["Barrage","Rebound"],"picked":"Conserve Battery","floor":2},{"not_picked":["Go for the Eyes","Ball Lightning"],"picked":"Loop","floor":4},{"not_picked":["Rip and Tear","Compile Driver"],"picked":"Stack","floor":7},{"not_picked":["Beam Cell","Barrage"],"picked":"Sunder","floor":8},{"not_picked":["Rebound","Redo"],"picked":"Double Energy","floor":11},{"not_picked":["Redo","Go for the Eyes","Reprogram"],"picked":"SKIP","floor":12},{"not_picked":["Cold Snap","Redo"],"picked":"Blizzard","floor":14},{"not_picked":["Ball Lightning","Rebound"],"picked":"Skim","floor":15}],"player_experience":154457,"relics_obtained":[{"floor":7,"key":"Dream Catcher"},{"floor":9,"key":"Sundial"}],"event_choices":[{"damage_healed":0,"gold_gain":0,"player_choice":"Ignored","damage_taken":0,"max_hp_gain":0,"max_hp_loss":0,"event_name":"Golden Wing","floor":5,"gold_loss":0},{"damage_healed":0,"gold_gain":0,"player_choice":"Success","damage_taken":7,"relics_obtained":["Anchor"],"max_hp_gain":0,"max_hp_loss":0,"event_name":"Scrap Ooze","floor":13,"gold_loss":0}],"is_beta":false,"boss_relics":[],"items_purged_floors":[10],"is_endless":false,"potions_floor_spawned":[2,14],"killed_by":"Slime Boss","ascension_level":11}}