{"host":"z2t3rxuzpenn68te","time":1610811293,"event":{"mods":["BaseMod","Marisa£®ÏF”Í°°ƒß¿Ì…≥£©","Minty Spire (QoL Compilation)","Replay The Spire","StSLib"],"gold_per_floor":[114,114,129,194,194,194,194,209,234,234,234],"floor_reached":10,"language":"ZHS","playtime":376,"items_purged":[],"score":56,"play_id":"3fc078e6-d945-4a33-920f-3f5d05cf7a4a","local_time":"20210116233453","daily_mods":["Allstar","Flight","Night Terrors"],"is_ascension_mode":false,"campfire_choices":[{"data":"ReplayRNGCard","floor":6,"key":"SMITH"}],"circlet_count":0,"master_deck":["Strike_B","Strike_B","Strike_B","Strike_B","Defend_B","Defend_B","Defend_B","Defend_B","Zap","Dualcast","Impatience","Jack Of All Trades","Dramatic Entrance+1","Violence","Specialist","Sweeping Beam","ReplayRNGCard+1","Zap","Redo"],"relics":["Cracked Core","Vajra","Replay:Antivirus Software"],"acts_visited":["Exordium"],"potions_floor_usage":[10,10],"damage_taken":[{"damage":0,"enemies":"2 Louse","floor":1,"turns":1},{"damage":0,"enemies":"Small Slimes","floor":3,"turns":1},{"damage":11,"enemies":"Jaw Worm","floor":8,"turns":2},{"damage":14,"enemies":"Gremlin Nob","floor":10,"turns":3}],"seed_played":"2700428786693623746","potions_obtained":[{"floor":3,"key":"Elixir"},{"floor":4,"key":"LiquidMemories"},{"floor":4,"key":"DuplicationPotion"}],"is_trial":false,"path_per_floor":["M","?","M","?","?","R","?","M","T","E"],"character_chosen":"DEFECT","items_purchased":[],"campfire_rested":0,"item_purchase_floors":[],"current_hp_per_floor":[75,75,75,45,70,70,70,59,59,45,45],"gold":234,"neow_bonus":"","is_daily":true,"chose_seed":false,"campfire_upgraded":1,"win_rate":0.0,"timestamp":1610811293,"path_taken":["M","?","M","?","?","R","?","?","T","E"],"items_purchased_type":[],"build_version":"2020-12-22","purchased_purges":0,"victory":false,"max_hp_per_floor":[75,75,75,75,75,75,75,75,75,75,75],"card_choices":[{"not_picked":["ReplayTheSpireMod:Reroute Power","Rebound"],"picked":"Sweeping Beam","floor":1},{"not_picked":["ReplayTheSpireMod:Reroute Power","Undo","Hologram"],"picked":"SKIP","floor":3},{"not_picked":["Ball Lightning","Hello World"],"picked":"ReplayRNGCard","floor":4},{"not_picked":["Rebound","Go for the Eyes"],"picked":"Redo","floor":8}],"player_experience":163603,"relics_obtained":[{"floor":4,"key":"Vajra"},{"floor":9,"key":"Replay:Antivirus Software"}],"event_choices":[{"damage_healed":0,"gold_gain":0,"player_choice":"Grow","damage_taken":0,"max_hp_gain":0,"max_hp_loss":0,"event_name":"Living Wall","floor":2,"gold_loss":0,"cards_upgraded":["Dramatic Entrance"]},{"damage_healed":25,"gold_gain":0,"player_choice":"Banana","damage_taken":0,"max_hp_gain":0,"max_hp_loss":0,"event_name":"Big Fish","floor":5,"gold_loss":0},{"damage_healed":0,"gold_gain":0,"player_choice":"1 cards matched","damage_taken":0,"max_hp_gain":0,"max_hp_loss":0,"event_name":"Match and Keep!","floor":7,"gold_loss":0,"cards_obtained":["Zap"]}],"is_beta":false,"boss_relics":[],"items_purged_floors":[],"is_endless":false,"potions_floor_spawned":[3],"killed_by":"Gremlin Nob","ascension_level":0}}