{"host":"jkgg7n5hn1slsm35","time":1610790248,"event":{"mods":["Aspiration","BaseMod","BetterRewards","Conspire","Googly Eyes","Gremlin Skip","Halation","Highlight Path","Hubris","Infinite Spire","Minty Spire (QoL Compilation)","Permanent Neow","StSLib","SuperFastMode","vexMod"],"gold_per_floor":[113,126,51,51,63,96,96,112,112,27,27,57,57,57,57,154,154,168,68,68,68,81,81,110,110,136,136,51,86,86,105,105,204,204,220,220,270,280,294,294,305,305,354,368,368,384,384,384,384],"floor_reached":48,"language":"ENG","playtime":1216,"items_purged":["Strike_R","Strike_R"],"score":481,"play_id":"88e5db54-3b74-40a4-908e-e07c400d014e","local_time":"20210116104408","is_ascension_mode":false,"campfire_choices":[{"data":"Flex","floor":7,"key":"SMITH"},{"data":"Metallicize","floor":11,"key":"SMITH"},{"data":"Heavy Blade","floor":13,"key":"SMITH"},{"data":"Iron Wave","floor":15,"key":"SMITH"},{"data":"Shrug It Off","floor":23,"key":"SMITH"},{"floor":25,"key":"REST"},{"data":"Spot Weakness","floor":27,"key":"SMITH"},{"floor":30,"key":"REST"},{"data":"Cleave","floor":32,"key":"SMITH"},{"data":"Body Slam","floor":40,"key":"SMITH"},{"data":"Iron Wave","floor":42,"key":"SMITH"}],"circlet_count":0,"master_deck":["Strike_R","Strike_R","Strike_R","Defend_R","Defend_R","Defend_R","Defend_R","Bash","Flex+1","Iron Wave+1","Clash","Spot Weakness+1","Shrug It Off","Metallicize+1","Heavy Blade+1","Shrug It Off+1","Cleave+1","Clash","Body Slam+1","Body Slam+1","Iron Wave+1","Rage","Metallicize"],"relics":["Burning Blood","Bird Faced Urn","Anchor","Regal Pillow","hubris:SphereOfDissonance","hubris:AstralHammer","Centennial Puzzle","Toy Ornithopter","infinitespire:ShieldingShard","halation:EternalFortune","hubris:FunFungus","halation:KoshaPiece","aspiration:StickyExplosives_weak","hubris:Towel"],"acts_visited":["Exordium","TheCity","TheBeyond"],"potions_floor_usage":[6,12,22,22,33],"damage_taken":[{"damage":0,"enemies":"Cultist","floor":1,"turns":4},{"damage":5,"enemies":"Small Slimes","floor":2,"turns":3},{"damage":1,"enemies":"Jaw Worm","floor":5,"turns":4},{"damage":0,"enemies":"Lagavulin","floor":6,"turns":1},{"damage":0,"enemies":"Large Slime","floor":8,"turns":4},{"damage":13,"enemies":"Gremlin Nob","floor":12,"turns":4},{"damage":30,"enemies":"Slime Boss","floor":16,"turns":9},{"damage":26,"enemies":"Spheric Guardian","floor":18,"turns":7},{"damage":0,"enemies":"2 Thieves","floor":22,"turns":3},{"damage":40,"enemies":"Nightmare","floor":24,"turns":14},{"damage":26,"enemies":"conspire:MimicChest","floor":29,"turns":10},{"damage":13,"enemies":"Snecko","floor":31,"turns":5},{"damage":46,"enemies":"hubris:MusketHawk","floor":33,"turns":10},{"damage":2,"enemies":"Orb Walker","floor":35,"turns":3},{"damage":16,"enemies":"Mind Bloom Boss Battle","floor":37,"turns":8},{"damage":0,"enemies":"3 Shapes","floor":38,"turns":3},{"damage":17,"enemies":"Maw","floor":39,"turns":7},{"damage":0,"enemies":"4 Shapes","floor":41,"turns":5},{"damage":0,"enemies":"3 Darklings","floor":44,"turns":7},{"damage":25,"enemies":"Sphere and 2 Shapes","floor":46,"turns":7},{"damage":70,"enemies":"Reptomancer","floor":48,"turns":3}],"seed_played":"-4268692328271180897","potions_obtained":[{"floor":2,"key":"PowerPotion"},{"floor":4,"key":"Strength Potion"},{"floor":4,"key":"infinitespire:BlackPotion"},{"floor":12,"key":"infinitespire:BlackPotion"},{"floor":16,"key":"Explosive Potion"},{"floor":22,"key":"BlessingOfTheForge"},{"floor":24,"key":"Block Potion"},{"floor":31,"key":"HeartOfIron"},{"floor":33,"key":"SpeedPotion"},{"floor":37,"key":"Block Potion"}],"is_trial":false,"path_per_floor":["M","M","$","?","M","E","R","M","T","$","R","E","R","?","R","B",null,"M","$","?","$","M","R","NM","R","T","R","?","?","R","M","R","B",null,"M","?","?","M","M","R","M","R","T","M","T","M","?","E"],"character_chosen":"IRONCLAD","items_purchased":["Shrug It Off","Metallicize"],"campfire_rested":2,"item_purchase_floors":[10,10],"current_hp_per_floor":[72,72,72,72,72,72,72,72,72,72,72,65,65,65,65,43,72,54,54,54,54,60,60,28,64,64,64,64,46,72,65,65,32,72,72,75,65,73,64,64,74,74,74,75,75,60,60,0,0],"gold":384,"neow_bonus":"ONE_RARE_RELIC","is_daily":false,"chose_seed":false,"campfire_upgraded":9,"win_rate":0.0,"timestamp":1610790248,"path_taken":["M","M","?","?","?","E","R","M","T","$","R","E","R","?","R","BOSS","M","$","?","$","M","R","NM","R","T","R","?","?","R","M","R","BOSS","M","?","?","M","M","R","M","R","T","?","?","M","?","E"],"items_purchased_type":["Card","Card"],"build_version":"2020-12-22","purchased_purges":2,"victory":false,"max_hp_per_floor":[72,72,72,72,72,72,72,72,72,72,72,72,72,72,72,72,72,72,72,72,72,72,72,72,72,72,72,72,72,72,72,72,72,72,72,75,75,75,75,75,75,75,75,75,75,75,75,75,75],"card_choices":[{"not_picked":["Heavy Blade","hubris:CleavingFinish"],"picked":"Flex","floor":1},{"not_picked":["Dark Embrace","Headbutt"],"picked":"Iron Wave","floor":2},{"not_picked":["Second Wind","Intimidate","Searing Blow"],"picked":"SKIP","floor":5},{"not_picked":["Headbutt","Offering"],"picked":"Clash","floor":6},{"not_picked":["Headbutt","Uppercut"],"picked":"Spot Weakness","floor":8},{"not_picked":["Headbutt","Brutality"],"picked":"Heavy Blade","floor":12},{"not_picked":["Pommel Strike","Clothesline+1"],"picked":"Shrug It Off","floor":18},{"not_picked":["Sentinel","Dual Wield","Armaments"],"picked":"SKIP","floor":22},{"not_picked":["Clash","Flex"],"picked":"Cleave","floor":24},{"not_picked":["Blood for Blood+1","Havoc"],"picked":"Clash","floor":29},{"not_picked":["hubris:SharpeningStone+1","Intimidate","Combust"],"picked":"SKIP","floor":31},{"not_picked":["Uppercut","conspire:ExplosiveBarrier+1"],"picked":"Body Slam+1","floor":35},{"not_picked":["Wild Strike+1","Searing Blow+1"],"picked":"Body Slam","floor":37},{"not_picked":["Headbutt","Havoc","Evolve"],"picked":"SKIP","floor":38},{"not_picked":["Flame Barrier","Headbutt","Carnage"],"picked":"SKIP","floor":39},{"not_picked":["hubris:SharpeningStone+1","Spot Weakness+1"],"picked":"Iron Wave","floor":41},{"not_picked":["Second Wind+1","Thunderclap+1"],"picked":"Rage","floor":44},{"not_picked":["Havoc","hubris:ReadiedAction+1"],"picked":"Metallicize","floor":46}],"player_experience":1841751,"relics_obtained":[{"floor":6,"key":"Anchor"},{"floor":9,"key":"Regal Pillow"},{"floor":12,"key":"hubris:SphereOfDissonance"},{"floor":24,"key":"hubris:AstralHammer"},{"floor":26,"key":"Centennial Puzzle"},{"floor":29,"key":"infinitespire:ShieldingShard"},{"floor":37,"key":"hubris:FunFungus"},{"floor":43,"key":"halation:KoshaPiece"},{"floor":45,"key":"aspiration:StickyExplosives_weak"}],"event_choices":[{"damage_healed":0,"gold_gain":0,"player_choice":"Got Potions","damage_taken":0,"max_hp_gain":0,"max_hp_loss":0,"event_name":"Lab","floor":4,"gold_loss":0},{"damage_healed":0,"gold_gain":0,"player_choice":"Bought 0 Potions","damage_taken":0,"max_hp_gain":0,"max_hp_loss":0,"event_name":"The Woman in Blue","floor":14,"gold_loss":0},{"damage_healed":0,"gold_gain":0,"player_choice":"Obtained Relic","damage_taken":0,"relics_obtained":["Toy Ornithopter"],"max_hp_gain":0,"max_hp_loss":0,"event_name":"Addict","floor":28,"gold_loss":85},{"damage_healed":0,"gold_gain":0,"player_choice":"Fight","damage_taken":0,"max_hp_gain":0,"max_hp_loss":0,"event_name":"MindBloom","floor":37,"gold_loss":0}],"is_beta":false,"boss_relics":[{"not_picked":["Mark of Pain","halation:Risk","Snecko Eye"]},{"not_picked":["vexMod:RockOfEvil","halation:HeavySnake","hubris:VirtuousBlindfold"]}],"items_purged_floors":[3,19],"is_endless":true,"potions_floor_spawned":[2,5,12,16,22,24,31,33,35,37,39],"killed_by":"Reptomancer","ascension_level":0}}