{"host":"8ew8rkkqvnu5a0j4","time":1610785771,"event":{"mods":["AchievementEnabler","BaseMod","Colored Powertips","Koishi","LagranYue(¿≠∏Ò¿ °§‘¬)","Marisa£®ÏF”Í°°ƒß¿Ì…≥£©","Minty Spire (QoL Compilation)","Quick Restart","Rare Cards Sparkle","Remilia£®¿Ÿ√◊¿Ú—«£©","Replay The Spire","Shop Mod","StSLib","The Bug Knight","The Cursed","The Hierophant","The Servant 0.9.4","Youmu£®ªÍ∆«—˝√Œ£©"],"gold_per_floor":[117,130,205,224,238,238,257,280,333,347,357,367,380,380,380,380,380],"floor_reached":16,"language":"ZHS","playtime":938,"items_purged":[],"score":132,"play_id":"d28632e6-1ac4-4711-8bb4-60090265652b","local_time":"20210116162931","is_ascension_mode":true,"campfire_choices":[{"data":"FloweringNight","floor":6,"key":"SMITH"},{"floor":15,"key":"REST"}],"circlet_count":0,"master_deck":["Strike_S","Strike_S","Strike_S","Defend_S","Defend_S","Defend_S","Defend_S","KidneyShot","Exchange","ShatteredReality","Snipe","ShatteredReality","Alleviate","FloweringNight+1","TimeWarp","BottledTime"],"relics":["Uniform","LagranYue:RandomDrawCardRelic","Centennial Puzzle","Replay:Wax Seal"],"acts_visited":["Exordium"],"potions_floor_usage":[12,12,16],"damage_taken":[{"damage":0,"enemies":"Jaw Worm","floor":1,"turns":4},{"damage":2,"enemies":"Cultist","floor":2,"turns":6},{"damage":8,"enemies":"2 Louse","floor":4,"turns":2},{"damage":5,"enemies":"Large Slime","floor":5,"turns":6},{"damage":8,"enemies":"Lots of Slimes","floor":7,"turns":2},{"damage":10,"enemies":"3 Louse","floor":10,"turns":3},{"damage":9,"enemies":"Red Slaver","floor":11,"turns":3},{"damage":3,"enemies":"Large Slime","floor":12,"turns":4},{"damage":1,"enemies":"Exordium Wildlife","floor":13,"turns":3},{"damage":32,"enemies":"Fading Forest","floor":16,"turns":11}],"seed_played":"-5221262346337560238","potions_obtained":[{"floor":2,"key":"FearPotion"},{"floor":5,"key":"Weak Potion"},{"floor":7,"key":"DistilledChaos"}],"is_trial":false,"path_per_floor":["M","M","?","M","M","R","M","T","T","M","M","M","M","?","R","B"],"character_chosen":"THE_SERVANT","items_purchased":[],"campfire_rested":1,"item_purchase_floors":[],"current_hp_per_floor":[59,57,46,38,33,33,25,25,25,15,6,3,2,2,21,0,0],"gold":380,"neow_bonus":"THREE_CARDS","is_daily":false,"chose_seed":false,"campfire_upgraded":1,"win_rate":0.0,"timestamp":1610785771,"path_taken":["M","M","?","M","M","R","M","?","T","M","?","M","M","?","R","BOSS"],"items_purchased_type":[],"build_version":"2020-12-22","purchased_purges":0,"victory":false,"max_hp_per_floor":[65,65,65,65,65,65,65,65,65,65,65,65,65,65,65,65,65],"card_choices":[{"not_picked":["ReturningBlade","WasteNot"],"picked":"ShatteredReality","floor":0},{"not_picked":["Unruled","Replace"],"picked":"Snipe","floor":1},{"not_picked":["WasteNot","Sabotage"],"picked":"ShatteredReality","floor":2},{"not_picked":["MoonPhase","Starlight"],"picked":"Alleviate","floor":4},{"not_picked":["DoubleEdge","Alleviate"],"picked":"FloweringNight","floor":5},{"not_picked":["Rearm","Spin","Hightail"],"picked":"SKIP","floor":7},{"not_picked":["Spin","Replace"],"picked":"TimeWarp","floor":10},{"not_picked":["DancingSilver","Snipe","Starlight"],"picked":"SKIP","floor":11},{"not_picked":["Read","Unruled"],"picked":"BottledTime","floor":12},{"not_picked":["Replace","Contraction","BestPractice"],"picked":"SKIP","floor":13}],"player_experience":503716,"relics_obtained":[{"floor":8,"key":"Centennial Puzzle"},{"floor":9,"key":"Replay:Wax Seal"}],"event_choices":[{"damage_healed":0,"gold_gain":75,"player_choice":"Gather Gold","damage_taken":11,"max_hp_gain":0,"max_hp_loss":0,"event_name":"World of Goop","floor":3,"gold_loss":0},{"cards_removed":["Strike_S"],"damage_healed":0,"gold_gain":0,"player_choice":"Purged","damage_taken":0,"max_hp_gain":0,"max_hp_loss":0,"event_name":"Purifier","floor":14,"gold_loss":0}],"is_beta":false,"boss_relics":[],"items_purged_floors":[],"is_endless":false,"potions_floor_spawned":[2,5,7],"killed_by":"Fading Forest","ascension_level":7}}