{"host":"4id8injl4bo2b6ih","time":1610840527,"event":{"mods":["Act Like it!","BaseMod","Better Third Choice","Colored Map","Downfall","Friendly Minions","Hermit","Highlight Path","Ironclad Rager","Minty Spire (QoL Compilation)","Relic Stats","Robot Space Explorer","Shop Mod","Spicy Shops","StSLib"],"gold_per_floor":[99,118,131,142,161,191,191,191,191,91,0,0,0,18,37,37,37],"floor_reached":16,"language":"ENG","playtime":840,"items_purged":[],"score":107,"play_id":"dabebd10-acc8-473b-bb72-386f93feda12","local_time":"20210117004207","is_ascension_mode":true,"campfire_choices":[{"data":"bronze:CloningBeam","floor":1.0,"key":"SMITH"},{"floor":8.0,"key":"RECALL"},{"data":"bronze:Verify","floor":10,"key":"SMITH"},{"floor":12,"key":"REST"}],"circlet_count":0,"master_deck":["bronze:Strike","bronze:Strike","bronze:Strike","bronze:Strike","bronze:Defend","bronze:Defend","bronze:Defend","bronze:Defend","bronze:Replicate","bronze:Goto","bronze:CloningBeam+1","bronze:GetLatest","bronze:Iterate","bronze:Verify+1","bronze:ItsAFeature","bronze:Repulsor","bronze:Spike","bronze:WhirlingStrike","bronze:GetLatest","bronze:GetLatest","bronze:Frontload"],"relics":["bronze:BronzeCore","Meat on the Bone","downfall:HeartBlessingBlue","DollysMirror"],"acts_visited":["Exordium"],"potions_floor_usage":[16,16],"damage_taken":[{"damage":1.0,"enemies":"Cultist","floor":2.0,"turns":3.0},{"damage":0.0,"enemies":"2 Louse","floor":3.0,"turns":4.0},{"damage":0.0,"enemies":"Small Slimes","floor":4.0,"turns":3.0},{"damage":4.0,"enemies":"Blue Slaver","floor":5.0,"turns":4.0},{"damage":7.0,"enemies":"Gremlin Nob","floor":6.0,"turns":3.0},{"damage":18,"enemies":"Gremlin Nob","floor":9,"turns":5},{"damage":5,"enemies":"downfall:FleeingMerchant","floor":11,"turns":4},{"damage":12,"enemies":"Exordium Thugs","floor":14,"turns":6},{"damage":7,"enemies":"2 Fungi Beasts","floor":15,"turns":4},{"damage":61,"enemies":"DF_ARCHETYPE_STREAMLINE","floor":16,"turns":6}],"seed_played":"2741961595394951310","potions_obtained":[{"floor":3.0,"key":"FearPotion"},{"floor":6.0,"key":"DuplicationPotion"},{"floor":14,"key":"LiquidMemories"}],"is_trial":false,"path_per_floor":["R","M","M","M","M","E","T","R","?","R","$","R","?","M","M","B"],"character_chosen":"THE_AUTOMATON","items_purchased":["DollysMirror"],"campfire_rested":1,"item_purchase_floors":[11],"current_hp_per_floor":[70,69,69,69,65,58,58,58,40,50,45,69,69,57,50,0,0],"gold":37,"neow_bonus":"THREE_CARDS","is_daily":false,"chose_seed":false,"campfire_upgraded":2,"win_rate":0.0,"timestamp":1610840527,"path_taken":["R","M","M","M","?","E","T","R","?","R","$","R","?","?","M","BOSS"],"items_purchased_type":["Relic"],"build_version":"2020-12-22","purchased_purges":0,"victory":false,"max_hp_per_floor":[70,70,70,70,70,70,70,70,70,80,80,80,80,80,80,80,80],"relic_stats":{"counters":[10,42],"obtain_stats":[{"bronze:BronzeCore":0,"downfall:HeartBlessingBlue":10,"DollysMirror":11,"Meat on the Bone":6},{"bronze:BronzeCore":0,"downfall:HeartBlessingBlue":6,"DollysMirror":7,"Meat on the Bone":5},{"bronze:BronzeCore":0,"downfall:HeartBlessingBlue":22,"DollysMirror":26,"Meat on the Bone":17}],"Meat on the Bone":0},"card_choices":[{"not_picked":["bronze:CutThrough","bronze:Overheat"],"picked":"bronze:CloningBeam","floor":0.0},{"not_picked":["bronze:DelayedSlice","bronze:WhirlingStrike"],"picked":"bronze:GetLatest","floor":2.0},{"not_picked":["bronze:Shield","bronze:Deprecate"],"picked":"bronze:Iterate","floor":3.0},{"not_picked":["bronze:BugBarrage","bronze:BuggyMess"],"picked":"bronze:Verify","floor":4.0},{"not_picked":["bronze:ForceShield","bronze:WildBeam"],"picked":"bronze:ItsAFeature","floor":5.0},{"not_picked":["bronze:CloningBeam","bronze:Terminator"],"picked":"bronze:Repulsor","floor":6.0},{"not_picked":[],"picked":"bronze:Spike","floor":9},{"not_picked":["bronze:DarkDash","bronze:WildBeam"],"picked":"bronze:WhirlingStrike","floor":11},{"not_picked":["bronze:Deprecate","bronze:BugBarrage","bronze:BitShift"],"picked":"SKIP","floor":14},{"not_picked":["bronze:FollowUp","bronze:Overheat"],"picked":"bronze:Frontload","floor":15}],"player_experience":451879,"relics_obtained":[{"floor":6.0,"key":"Meat on the Bone"}],"event_choices":[],"is_beta":false,"boss_relics":[],"items_purged_floors":[],"is_endless":false,"potions_floor_spawned":[3,6,14],"killed_by":"DF_ARCHETYPE_STREAMLINE","ascension_level":1}}