{"host":"9tdk3zzhmpo6o3dg","time":1610780717,"event":{"mods":["AchievementEnabler","BaseMod","Downfall","Marisa£®ÏF”Í°°ƒß¿Ì…≥£©","Minty Spire (QoL Compilation)","Shop Mod","StSLib","The Cursed","The Marked","The Servant 0.9.4"],"gold_per_floor":[119,131,131,131,152,152,186,186,212,65,65,79,29,44,44,164,164,180,80,106,129,142,142,180,180,203,226,242,242,167,190,190,314,314,335,113,138,90,90,90,117,117,117,151,151,151,151,165,165,165],"floor_reached":51,"language":"ZHS","playtime":3213,"items_purged":["theMarked:Strike","theMarked:Strike"],"score":693,"play_id":"4f6043ee-cee3-4a33-b312-f8dc43a1c251","local_time":"20210116150517","is_ascension_mode":false,"campfire_choices":[{"data":"theMarked:PowerFlow","floor":6.0,"key":"SMITH"},{"data":"theMarked:ReduceFriction","floor":11.0,"key":"SMITH"},{"data":"theMarked:Static","floor":15.0,"key":"SMITH"},{"data":"theMarked:Static","floor":23.0,"key":"SMITH"},{"data":"theMarked:HeightenedSenses","floor":29.0,"key":"SMITH"},{"data":"theMarked:Electrify","floor":32.0,"key":"SMITH"},{"data":"theMarked:Overcharge","floor":40,"key":"SMITH"},{"data":"theMarked:Indomitable","floor":42,"key":"SMITH"},{"data":"theMarked:MaelstromOfLightning","floor":45,"key":"SMITH"},{"floor":49,"key":"REST"}],"circlet_count":0,"master_deck":["theMarked:Strike+1","theMarked:Defend","theMarked:Defend+1","theMarked:SoldierOfQuellstein","theMarked:PowerFlow+1","theMarked:HeightenedSenses+1","theMarked:Static+1","theMarked:RepellingDischarge","theMarked:ReduceFriction+1","theMarked:ChannelForce","theMarked:Static+1","theMarked:Overcharge+1","theMarked:Aftermath","theMarked:Indomitable+1","theMarked:Electrify+1","theMarked:FavorableWinds","Wraith","theMarked:MaelstromOfLightning+1"],"relics":["theMarked:ArtifactOfAir","NeowsBlessing","Golden Idol","Tiny Chest","Bronze Scales","Runic Pyramid","Ancient Tea Set","theMarked:KettuFlask","Potion Belt","Empty Cage","Boot","Blue Candle","theMarked:NailFile"],"acts_visited":["Exordium","TheCity","TheBeyond"],"potions_floor_usage":[50,50,50],"damage_taken":[{"damage":0.0,"enemies":"Jaw Worm","floor":1.0,"turns":1.0},{"damage":0.0,"enemies":"Small Slimes","floor":2.0,"turns":1.0},{"damage":0.0,"enemies":"2 Louse","floor":5.0,"turns":1.0},{"damage":14.0,"enemies":"3 Sentries","floor":7.0,"turns":7.0},{"damage":1.0,"enemies":"Exordium Wildlife","floor":12.0,"turns":3.0},{"damage":7.0,"enemies":"Looter","floor":14.0,"turns":2.0},{"damage":20.0,"enemies":"The Guardian","floor":16.0,"turns":8.0},{"damage":0.0,"enemies":"Chosen","floor":18.0,"turns":4.0},{"damage":6.0,"enemies":"3 Byrds","floor":21.0,"turns":4.0},{"damage":0.0,"enemies":"Cultist and Chosen","floor":22.0,"turns":4.0},{"damage":34.0,"enemies":"Gremlin Leader","floor":24.0,"turns":4.0},{"damage":0.0,"enemies":"Centurion and Healer","floor":27.0,"turns":4.0},{"damage":0.0,"enemies":"Snake Plant","floor":28.0,"turns":3.0},{"damage":0.0,"enemies":"Cultist and Chosen","floor":31.0,"turns":3.0},{"damage":18.0,"enemies":"Collector","floor":33.0,"turns":6.0},{"damage":3.0,"enemies":"Orb Walker","floor":35.0,"turns":3.0},{"damage":2.0,"enemies":"3 Darklings","floor":37.0,"turns":4.0},{"damage":14,"enemies":"Giant Head","floor":44,"turns":5},{"damage":15,"enemies":"Jaw Worm Horde","floor":48,"turns":3},{"damage":25,"enemies":"Awakened One","floor":50,"turns":6}],"seed_played":"-124648876891855542","potions_obtained":[{"floor":1.0,"key":"BlessingOfTheForge"},{"floor":5.0,"key":"theMarked:ChargePotion"},{"floor":12.0,"key":"Ancient Potion"},{"floor":14.0,"key":"Swift Potion"},{"floor":24.0,"key":"SpeedPotion"},{"floor":31.0,"key":"SteroidPotion"},{"floor":37.0,"key":"DistilledChaos"}],"is_trial":false,"path_per_floor":["M","M","?","?","M","R","E","?","T","$","R","M","?","M","R","B",null,"M","$","T","M","M","R","E","?","T","M","M","R","?","M","R","B",null,"M","$","M","$","?","R","T","R","T","E","R","?","?","M","R","B",null],"character_chosen":"THE_DEFAULT","items_purchased":["theMarked:ReduceFriction","Regen Potion","Regen Potion","EssenceOfSteel","Energy Potion"],"campfire_rested":1,"item_purchase_floors":[10,36,36,36,38],"current_hp_per_floor":[70,70,65,52,52,52,38,38,38,38,38,37,37,30,30,10,65,65,65,65,59,59,59,25,25,25,25,25,25,25,25,25,7,65,62,62,60,60,60,60,60,60,60,46,46,46,46,31,49,58],"gold":165,"neow_bonus":"THREE_ENEMY_KILL","is_daily":false,"chose_seed":false,"campfire_upgraded":9,"win_rate":0.0,"timestamp":1610780717,"path_taken":["M","M","?","?","M","R","E","?","T","?","R","M","?","M","R","BOSS","M","$","?","M","M","R","E","?","T","M","M","R","?","M","R","BOSS","M","$","M","$","?","R","?","R","T","E","R","?","?","M","R","BOSS"],"items_purchased_type":["Card","Potion","Potion","Potion","Potion"],"build_version":"2020-12-22","purchased_purges":2,"victory":true,"max_hp_per_floor":[70,70,65,65,65,65,65,65,65,65,65,65,65,65,65,65,65,65,65,65,65,65,65,65,65,65,65,65,65,65,65,65,65,65,65,65,65,65,65,65,65,65,65,65,65,62,62,62,62,62],"card_choices":[{"not_picked":["theMarked:MysticalArsenal","theMarked:BanishingStrike"],"picked":"theMarked:PowerFlow","floor":1.0},{"not_picked":["theMarked:Parkour","theMarked:TwofoldDefense"],"picked":"theMarked:HeightenedSenses","floor":2.0},{"not_picked":["theMarked:Overcharge","theMarked:Electrify"],"picked":"theMarked:Static","floor":5.0},{"not_picked":["theMarked:BanishingStrike","theMarked:ResourceFulStrike"],"picked":"theMarked:RepellingDischarge","floor":7.0},{"not_picked":["theMarked:Parkour","theMarked:HeightenedSenses","theMarked:ResourceFulStrike"],"picked":"SKIP","floor":12.0},{"not_picked":["theMarked:WastefulAttack","theMarked:WardOff","theMarked:Improvise"],"picked":"SKIP","floor":14.0},{"not_picked":["theMarked:UnarmedFury","theMarked:Abjuration"],"picked":"theMarked:ChannelForce","floor":16.0},{"not_picked":["theMarked:TunnelVision","theMarked:ElectricStrings+1"],"picked":"theMarked:Static","floor":18.0},{"not_picked":["theMarked:TwofoldDefense+1","theMarked:RepellingDischarge"],"picked":"theMarked:WardOff+1","floor":21.0},{"not_picked":["theMarked:MagicAdept","theMarked:SwordAndMagic+1","theMarked:ParalyzingBlade+1"],"picked":"SKIP","floor":22.0},{"not_picked":["theMarked:ParalyzingBlade","theMarked:Convert"],"picked":"theMarked:Overcharge","floor":24.0},{"not_picked":["theMarked:Convert+1","theMarked:StartUp+1"],"picked":"theMarked:Aftermath","floor":27.0},{"not_picked":["theMarked:ElectricStrings+1","theMarked:StartUp"],"picked":"theMarked:Indomitable","floor":28.0},{"not_picked":["theMarked:Overthink","theMarked:ResourceFulStrike+1"],"picked":"theMarked:Electrify","floor":31.0},{"not_picked":["theMarked:TakeOffHeels","theMarked:Snap"],"picked":"theMarked:FavorableWinds","floor":33.0},{"not_picked":["theMarked:Frustration+1","theMarked:Electrify+1","theMarked:Aftermath+1"],"picked":"SKIP","floor":35.0},{"not_picked":["theMarked:ResourceFulStrike","theMarked:RepellingDischarge+1","theMarked:ChainLightning"],"picked":"SKIP","floor":37.0},{"not_picked":["theMarked:ElectricStrings+1","theMarked:Frustration+1"],"picked":"theMarked:MaelstromOfLightning","floor":44},{"not_picked":["theMarked:WastefulAttack","theMarked:Standoff+1","theMarked:WardOff+1"],"picked":"SKIP","floor":48}],"player_experience":133073,"relics_obtained":[{"floor":7.0,"key":"Tiny Chest"},{"floor":9.0,"key":"Bronze Scales"},{"floor":20.0,"key":"Ancient Tea Set"},{"floor":24.0,"key":"theMarked:KettuFlask"},{"floor":26.0,"key":"Potion Belt"},{"floor":41,"key":"Boot"},{"floor":43,"key":"Blue Candle"},{"floor":44,"key":"theMarked:NailFile"}],"event_choices":[{"damage_healed":0.0,"max_hp_gain":0.0,"max_hp_loss":5.0,"gold_gain":0.0,"event_name":"Golden Idol","player_choice":"Lose Max HP","floor":3.0,"gold_loss":0.0,"damage_taken":0.0,"relics_obtained":["Golden Idol"]},{"damage_healed":0.0,"max_hp_gain":0.0,"max_hp_loss":0.0,"gold_gain":0.0,"event_name":"Shining Light","player_choice":"Entered Light","floor":4.0,"gold_loss":0.0,"damage_taken":13.0,"cards_upgraded":["theMarked:Strike","theMarked:Defend"]},{"cards_removed":["theMarked:Strike"],"damage_healed":0.0,"max_hp_gain":0.0,"max_hp_loss":0.0,"gold_gain":0.0,"event_name":"The Cleric","player_choice":"Card Removal","floor":13.0,"gold_loss":50.0,"damage_taken":0.0},{"damage_healed":0.0,"max_hp_gain":0.0,"max_hp_loss":0.0,"gold_gain":0.0,"event_name":"Cursed Tome","player_choice":"Ignored","floor":25.0,"gold_loss":0.0,"damage_taken":0.0},{"cards_removed":["theMarked:Strike"],"damage_healed":0.0,"max_hp_gain":0.0,"max_hp_loss":0.0,"gold_gain":0.0,"event_name":"Beggar","player_choice":"Gave Gold","floor":30.0,"gold_loss":75.0,"damage_taken":0.0},{"damage_healed":0,"gold_gain":0,"player_choice":"Ignored","damage_taken":0,"max_hp_gain":0,"max_hp_loss":0,"event_name":"OrinTheCat","floor":39,"gold_loss":0},{"damage_healed":0,"gold_gain":0,"player_choice":"Max HP","damage_taken":0,"max_hp_gain":0,"max_hp_loss":3,"event_name":"Winding Halls","floor":46,"gold_loss":0},{"cards_removed":["theMarked:WardOff"],"damage_healed":0,"gold_gain":0,"player_choice":"Removed Skill","damage_taken":0,"max_hp_gain":0,"max_hp_loss":0,"event_name":"Falling","floor":47,"gold_loss":0}],"is_beta":false,"boss_relics":[{"not_picked":["Coffee Dripper","Black Star"],"picked":"Runic Pyramid"},{"not_picked":["Snecko Eye","Astrolabe"],"picked":"Empty Cage"}],"items_purged_floors":[10,19],"is_endless":false,"potions_floor_spawned":[1,5,12,14,21,24,31,37,44,48],"ascension_level":0}}