{"host":"cdcsem0stf6rethc","time":1610810646,"event":{"mods":["AchievementEnabler","BaseMod","Colored Map","Highlight Path","Minty Spire (QoL Compilation)","StSLib","The Animator","¡¾ÒÅÎï¿¨ÅÆ¡¿REMEMod"],"gold_per_floor":[110,110,110,110,125,125,143,162,210,210,230,249,249,261,261,291,291],"floor_reached":16,"language":"ZHS","playtime":708,"items_purged":[],"score":94,"play_id":"e94a9818-bdc4-416b-a14c-09e203180675","local_time":"20210116232406","is_ascension_mode":false,"campfire_choices":[{"data":"animator:ChihayaOhtori","floor":6,"key":"SMITH"},{"data":"animator:SougenEsaka","floor":10,"key":"SMITH"},{"data":"animator:Shimako","floor":13,"key":"SMITH"},{"data":"animator:YoshinoHaruhiko","floor":15,"key":"SMITH"}],"circlet_count":0,"master_deck":["animator:Strike_GoblinSlayer","animator:Defend_GoblinSlayer+1","animator:Strike","animator:Strike","animator:Strike","animator:Defend","animator:Defend","animator:Defend","animator:LizardPriest","animator:DwarfShaman+1","animator:SwordMaiden","animator:SougenEsaka+1","animator:ChihayaOhtori+1","animator:YoshinoHaruhiko+1","animator:SougenEsaka","animator:Shimako+1","animator:KaguyaHouraisan"],"relics":["animator:LivingPicture","animator:TheMissingPiece","REME_ComplimentaryCards","NeowsBlessing","Sundial","Lantern"],"acts_visited":["Exordium"],"potions_floor_usage":[16,16,16],"damage_taken":[{"damage":0,"enemies":"Jaw Worm","floor":1,"turns":2},{"damage":0,"enemies":"Small Slimes","floor":5,"turns":1},{"damage":0,"enemies":"2 Louse","floor":7,"turns":1},{"damage":28,"enemies":"Gremlin Gang","floor":8,"turns":5},{"damage":0,"enemies":"Large Slime","floor":11,"turns":4},{"damage":7,"enemies":"Exordium Wildlife","floor":12,"turns":4},{"damage":0,"enemies":"Lots of Slimes","floor":14,"turns":1},{"damage":19,"enemies":"Hexaghost","floor":16,"turns":8}],"seed_played":"9111852453187418537","potions_obtained":[{"floor":1,"key":"REME_GoldPotion"},{"floor":8,"key":"animator:FalseLifePotion"},{"floor":12,"key":"SpeedPotion"}],"is_trial":false,"path_per_floor":["M","?","?","?","M","R","M","M","T","R","M","M","R","M","R","B"],"character_chosen":"THE_ANIMATOR","items_purchased":[],"campfire_rested":0,"item_purchase_floors":[],"current_hp_per_floor":[66,53,50,50,50,50,50,22,22,22,22,15,15,15,15,0,0],"gold":291,"neow_bonus":"THREE_ENEMY_KILL","is_daily":false,"chose_seed":true,"campfire_upgraded":4,"win_rate":0.0,"timestamp":1610810646,"path_taken":["M","?","?","?","M","R","M","?","T","R","M","M","R","M","R","BOSS"],"items_purchased_type":[],"build_version":"2020-12-22","purchased_purges":0,"victory":false,"max_hp_per_floor":[66,66,66,66,66,66,66,66,66,66,66,66,66,66,66,66,66],"card_choices":[{"not_picked":["animator:ElricEdward","animator:Illya"],"picked":"animator:SougenEsaka","floor":1},{"not_picked":["animator:Assassin","animator:Gluttony"],"picked":"animator:ChihayaOhtori","floor":5},{"not_picked":["animator:YamaiSisters","animator:YuukaKazami"],"picked":"animator:YoshinoHaruhiko","floor":7},{"not_picked":["animator:Assassin","animator:Gluttony"],"picked":"animator:SougenEsaka","floor":11},{"not_picked":["animator:ReimuHakurei","animator:Illya"],"picked":"animator:Shimako","floor":12},{"not_picked":["animator:Assassin","animator:Berserker"],"picked":"animator:KaguyaHouraisan","floor":14}],"player_experience":182000,"relics_obtained":[{"floor":9,"key":"Lantern"}],"event_choices":[{"damage_healed":0,"gold_gain":0,"player_choice":"Entered Light","damage_taken":13,"max_hp_gain":0,"max_hp_loss":0,"event_name":"Shining Light","floor":2,"gold_loss":0,"cards_upgraded":["animator:Defend_GoblinSlayer","animator:DwarfShaman"]},{"damage_healed":0,"gold_gain":0,"player_choice":"Success","damage_taken":3,"relics_obtained":["Sundial"],"max_hp_gain":0,"max_hp_loss":0,"event_name":"Scrap Ooze","floor":3,"gold_loss":0},{"damage_healed":0,"gold_gain":0,"player_choice":"Ignored","damage_taken":0,"max_hp_gain":0,"max_hp_loss":0,"event_name":"Liars Game","floor":4,"gold_loss":0}],"is_beta":false,"boss_relics":[],"items_purged_floors":[],"is_endless":false,"potions_floor_spawned":[1,8,12],"killed_by":"Hexaghost","ascension_level":0}}