{"host":"paldcvh53cshz2ra","time":1610785214,"event":{"mods":["BaseMod","Downfall","Marisa????????","Minty Spire (QoL Compilation)","Quick Restart","Robot Space Explorer","StSLib","The Bug Knight","The Cursed","The Forsaken","The Servant 0.9.4","The Wild Card"],"gold_per_floor":[111,111,122,122,122,122,43,84,84,84,100,123,123,139,139,262,262,277,8,21,21,40,40,80,80,107,128,128,128,172,185,185,308,308,329,89,105,130,130,130,154,154,154,172,172,172,191,204,204,204,204],"floor_reached":50,"language":"ENG","playtime":4204,"items_purged":["Injury"],"score":559,"play_id":"a3ea6f06-13f7-43ce-b460-cad956438e40","local_time":"20210116092014","is_ascension_mode":false,"campfire_choices":[{"data":"RobotSpaceExplorer:MiniBoosters","floor":6.0,"key":"SMITH"},{"data":"theWildCard:Metatron","floor":10.0,"key":"SMITH"},{"data":"RobotSpaceExplorer:Fix","floor":13.0,"key":"SMITH"},{"data":"RobotSpaceExplorer:SurgingStrike","floor":15.0,"key":"SMITH"},{"data":"RobotSpaceExplorer:ChargingLaser","floor":23.0,"key":"SMITH"},{"data":"RobotSpaceExplorer:ScrapMissile","floor":25.0,"key":"SMITH"},{"floor":32.0,"key":"REST"},{"data":"RobotSpaceExplorer:LaserBurst","floor":40,"key":"SMITH"},{"floor":42,"key":"REST"},{"data":"RobotSpaceExplorer:Arsenal","floor":45,"key":"SMITH"},{"data":"RobotSpaceExplorer:Ammunition","floor":49,"key":"SMITH"}],"circlet_count":0,"master_deck":["RobotSpaceExplorer:Scan","RobotSpaceExplorer:MiniLasers","RobotSpaceExplorer:GlueShot","theWildCard:Metatron+1","RobotSpaceExplorer:MiniBoosters+1","RobotSpaceExplorer:Fix+1","RobotSpaceExplorer:GlueShot","RobotSpaceExplorer:FrostMissile","RobotSpaceExplorer:IronShell","RobotSpaceExplorer:SurgingStrike+1","RobotSpaceExplorer:ChargingLaser+1","RobotSpaceExplorer:Fix+1","RobotSpaceExplorer:PowerCollector","RobotSpaceExplorer:Reload","RobotSpaceExplorer:ImprovisedAttack+1","RobotSpaceExplorer:ScrapMissile+1","RobotSpaceExplorer:GlueShot+1","RobotSpaceExplorer:PowerCollector","RobotSpaceExplorer:StarLightning+1","RobotSpaceExplorer:FreezingShield+1","RobotSpaceExplorer:SurgingShield","RobotSpaceExplorer:Arsenal+1","RobotSpaceExplorer:IronShell","RobotSpaceExplorer:FranticSearch","RobotSpaceExplorer:LaserBurst+1","RobotSpaceExplorer:SelfCleaning","RobotSpaceExplorer:GlueShot","RobotSpaceExplorer:TurboDodge","RobotSpaceExplorer:SurgingStrike","RobotSpaceExplorer:ImprovisedAttack+1","RobotSpaceExplorer:PowerGlove","RobotSpaceExplorer:DoubleBlock+1","RobotSpaceExplorer:DualCore+1","RobotSpaceExplorer:ScrapMissile+1","RobotSpaceExplorer:RigExplosive+1","RobotSpaceExplorer:PowerGlove+1","RobotSpaceExplorer:Ammunition+1"],"relics":["RobotSpaceExplorer:RoboCore","NeowsBlessing","Akabeko","Golden Idol","Gambling Chip","Omamori","SacredBark","Toy Ornithopter","Dream Catcher","HollowMod:PaleOreRelic","Art of War","MealTicket","Pandora\u0027s Box","Eternal Feather","Darkstone Periapt"],"acts_visited":["Exordium","TheCity","TheBeyond"],"potions_floor_usage":[44,47,47,47,50,50,50],"damage_taken":[{"damage":0.0,"enemies":"Small Slimes","floor":1.0,"turns":1.0},{"damage":0.0,"enemies":"Jaw Worm","floor":3.0,"turns":1.0},{"damage":0.0,"enemies":"Lagavulin","floor":8.0,"turns":1.0},{"damage":0.0,"enemies":"Cultist","floor":11.0,"turns":4.0},{"damage":9.0,"enemies":"Blue Slaver","floor":12.0,"turns":4.0},{"damage":0.0,"enemies":"3 Louse","floor":14.0,"turns":1.0},{"damage":33.0,"enemies":"The Guardian","floor":16.0,"turns":15.0},{"damage":21.0,"enemies":"Shell Parasite","floor":18.0,"turns":7.0},{"damage":9.0,"enemies":"2 Thieves","floor":20.0,"turns":3.0},{"damage":20.0,"enemies":"Shelled Parasite and Fungi","floor":22.0,"turns":6.0},{"damage":10.0,"enemies":"HollowMod:Nosk","floor":24.0,"turns":6.0},{"damage":21.0,"enemies":"Centurion and Healer","floor":27.0,"turns":4.0},{"damage":27.0,"enemies":"Slavers","floor":30.0,"turns":2.0},{"damage":21.0,"enemies":"Sentry and Sphere","floor":31.0,"turns":4.0},{"damage":62.0,"enemies":"Automaton","floor":33.0,"turns":9.0},{"damage":14.0,"enemies":"3 Shapes","floor":35.0,"turns":3.0},{"damage":5.0,"enemies":"3 Darklings","floor":37.0,"turns":3.0},{"damage":48.0,"enemies":"Writhing Mass","floor":38.0,"turns":6.0},{"damage":52,"enemies":"Transient","floor":41,"turns":5},{"damage":16,"enemies":"Spire Growth","floor":44,"turns":6},{"damage":35,"enemies":"Writhing Mass","floor":47,"turns":6},{"damage":9,"enemies":"3 Darklings","floor":48,"turns":2},{"damage":93,"enemies":"Awakened One","floor":50,"turns":8}],"seed_played":"-6583917324371389957","potions_obtained":[{"floor":8.0,"key":"champ:CounterPotion"},{"floor":11.0,"key":"champ:CounterPotion"},{"floor":16.0,"key":"Strength Potion"},{"floor":22.0,"key":"RobotSpaceExplorer:RecyclePotion"},{"floor":24.0,"key":"LiquidMemories"},{"floor":27.0,"key":"Ancient Potion"},{"floor":33.0,"key":"Dexterity Potion"},{"floor":41,"key":"SkillPotion"},{"floor":44,"key":"Block Potion"}],"is_trial":false,"path_per_floor":["M","?","M","?","?","R","$","E","T","R","M","M","R","M","R","B",null,"M","$","M","?","M","R","E","R","T","M","?","?","E","M","R","B",null,"M","$","M","M","?","R","M","R","T","M","R","?","M","M","R","B"],"character_chosen":"RobotSpaceExplorer","items_purchased":["RobotSpaceExplorer:Fix","Toy Ornithopter","Fire Potion","Eternal Feather"],"campfire_rested":2,"item_purchase_floors":[7,19,19,36],"current_hp_per_floor":[75,75,75,63,63,63,63,63,63,63,67,62,62,62,62,35,75,60,60,63,63,55,55,67,67,67,63,63,63,47,32,54,4,75,61,75,70,34,34,52,6,46,46,41,62,62,48,45,66,0,0],"gold":204,"neow_bonus":"THREE_ENEMY_KILL","is_daily":false,"chose_seed":false,"campfire_upgraded":9,"win_rate":0.0,"timestamp":1610785214,"path_taken":["M","?","M","?","?","R","?","E","T","R","M","M","R","M","R","BOSS","M","$","M","?","M","R","E","R","T","?","?","?","E","M","R","BOSS","M","$","M","M","?","R","M","R","T","M","R","?","?","M","R","BOSS"],"items_purchased_type":["Card","Relic","Potion","Relic"],"build_version":"2020-12-22","purchased_purges":1,"victory":false,"max_hp_per_floor":[75,75,75,75,75,75,75,75,75,75,75,75,75,75,75,75,75,75,75,75,75,75,75,75,75,75,75,75,75,75,75,75,75,75,75,75,75,75,75,75,75,75,75,75,75,75,75,75,75,75,75],"card_choices":[{"not_picked":["RobotSpaceExplorer:Ammunition","RobotSpaceExplorer:DualCore"],"picked":"RobotSpaceExplorer:GlueShot","floor":1.0},{"not_picked":["RobotSpaceExplorer:DoubleFind","RobotSpaceExplorer:FreezeRay"],"picked":"RobotSpaceExplorer:MiniBoosters","floor":3.0},{"not_picked":["RobotSpaceExplorer:GlueSpray","RobotSpaceExplorer:MetalStrike"],"picked":"RobotSpaceExplorer:GlueShot","floor":8.0},{"not_picked":["RobotSpaceExplorer:Smokescreen","RobotSpaceExplorer:FreezingShield"],"picked":"RobotSpaceExplorer:FrostMissile","floor":11.0},{"not_picked":["RobotSpaceExplorer:ShovelStrike","RobotSpaceExplorer:FranticSearch"],"picked":"RobotSpaceExplorer:IronShell","floor":12.0},{"not_picked":["RobotSpaceExplorer:Ammunition","RobotSpaceExplorer:FranticSearch"],"picked":"RobotSpaceExplorer:SurgingStrike","floor":14.0},{"not_picked":["RobotSpaceExplorer:BlastShield","RobotSpaceExplorer:Autoloader"],"picked":"RobotSpaceExplorer:ChargingLaser","floor":16.0},{"not_picked":["RobotSpaceExplorer:SwiftStep","RobotSpaceExplorer:StunGrenade"],"picked":"RobotSpaceExplorer:Fix+1","floor":18.0},{"not_picked":["RobotSpaceExplorer:Electroshield","RobotSpaceExplorer:FranticSearch"],"picked":"RobotSpaceExplorer:PowerCollector","floor":20.0},{"not_picked":["RobotSpaceExplorer:Counterblock","RobotSpaceExplorer:SwiftStep+1"],"picked":"RobotSpaceExplorer:ImprovisedAttack+1","floor":22.0},{"not_picked":["RobotSpaceExplorer:LaserBurst+1","RobotSpaceExplorer:ImprovisedAttack"],"picked":"RobotSpaceExplorer:ScrapMissile","floor":24.0},{"not_picked":["RobotSpaceExplorer:Electropulse","RobotSpaceExplorer:ShovelStrike"],"picked":"RobotSpaceExplorer:GlueShot+1","floor":27.0},{"not_picked":["RobotSpaceExplorer:MiniDrones+1","RobotSpaceExplorer:Pulsar"],"picked":"RobotSpaceExplorer:StarLightning+1","floor":30.0},{"not_picked":["RobotSpaceExplorer:FranticSearch","RobotSpaceExplorer:Ammunition"],"picked":"RobotSpaceExplorer:FreezingShield+1","floor":31.0},{"not_picked":["RobotSpaceExplorer:Ammunition","RobotSpaceExplorer:SelfCleaning+1"],"picked":"RobotSpaceExplorer:SurgingShield","floor":32.0},{"not_picked":["RobotSpaceExplorer:ChargingLaser","RobotSpaceExplorer:ShockMissile"],"picked":"RobotSpaceExplorer:Arsenal","floor":33.0},{"not_picked":["RobotSpaceExplorer:Counterblock+1","RobotSpaceExplorer:FreezeRay"],"picked":"RobotSpaceExplorer:ImprovisedAttack+1","floor":35.0},{"not_picked":["RobotSpaceExplorer:StunGrenade","RobotSpaceExplorer:Ammunition"],"picked":"RobotSpaceExplorer:PowerGlove","floor":37.0},{"not_picked":["RobotSpaceExplorer:Electropulse+1","RobotSpaceExplorer:SlimeMissile"],"picked":"RobotSpaceExplorer:DoubleBlock+1","floor":38.0},{"not_picked":["RobotSpaceExplorer:ImprovisedAttack","RobotSpaceExplorer:LaserBurst"],"picked":"RobotSpaceExplorer:DualCore+1","floor":41},{"not_picked":["RobotSpaceExplorer:IronShell","RobotSpaceExplorer:RigExplosive"],"picked":"RobotSpaceExplorer:ScrapMissile+1","floor":42},{"not_picked":["RobotSpaceExplorer:JunkDive+1","RobotSpaceExplorer:ShovelStrike"],"picked":"RobotSpaceExplorer:RigExplosive+1","floor":44},{"not_picked":["RobotSpaceExplorer:SlimeMissile","RobotSpaceExplorer:Electroshield+1"],"picked":"RobotSpaceExplorer:PowerGlove+1","floor":47},{"not_picked":["RobotSpaceExplorer:ImprovisedAttack","RobotSpaceExplorer:FranticSearch+1"],"picked":"RobotSpaceExplorer:Ammunition","floor":48}],"player_experience":2045321,"relics_obtained":[{"floor":8.0,"key":"Gambling Chip"},{"floor":9.0,"key":"Omamori"},{"floor":24.0,"key":"Dream Catcher"},{"floor":26.0,"key":"HollowMod:PaleOreRelic"},{"floor":30.0,"key":"MealTicket"},{"floor":43,"key":"Darkstone Periapt"}],"event_choices":[{"damage_healed":0.0,"max_hp_gain":0.0,"max_hp_loss":0.0,"gold_gain":0.0,"event_name":"Scrap Ooze","player_choice":"Success","floor":4.0,"gold_loss":0.0,"damage_taken":12.0,"relics_obtained":["Akabeko"]},{"damage_healed":0.0,"max_hp_gain":0.0,"max_hp_loss":0.0,"gold_gain":0.0,"event_name":"Golden Idol","player_choice":"Take Wound","floor":5.0,"gold_loss":0.0,"damage_taken":0.0,"relics_obtained":["Golden Idol"],"cards_obtained":["Injury"]},{"damage_healed":0.0,"max_hp_gain":0.0,"max_hp_loss":0.0,"gold_gain":0.0,"cards_transformed":["RobotSpaceExplorer:Defend"],"event_name":"Transmorgrifier","player_choice":"Transformed","floor":21.0,"gold_loss":0.0,"damage_taken":0.0,"cards_obtained":["RobotSpaceExplorer:Reload"]},{"damage_healed":0.0,"max_hp_gain":0.0,"max_hp_loss":0.0,"gold_gain":0.0,"event_name":"The Library","player_choice":"Read","floor":28.0,"gold_loss":0.0,"damage_taken":0.0,"cards_obtained":["RobotSpaceExplorer:PowerCollector"]},{"damage_healed":0.0,"max_hp_gain":0.0,"max_hp_loss":0.0,"gold_gain":0.0,"event_name":"The Mausoleum","player_choice":"Opened","floor":29.0,"gold_loss":0.0,"damage_taken":0.0,"relics_obtained":["Art of War"]},{"damage_healed":0,"gold_gain":0,"player_choice":"Ignored","damage_taken":0,"max_hp_gain":0,"max_hp_loss":0,"event_name":"Mysterious Sphere","floor":39,"gold_loss":0},{"damage_healed":0,"gold_gain":0,"player_choice":"Ignored","damage_taken":0,"max_hp_gain":0,"max_hp_loss":0,"event_name":"NoteForYourself","floor":46,"gold_loss":0}],"is_beta":false,"boss_relics":[{"not_picked":["Calling Bell","Snecko Eye"],"picked":"SacredBark"},{"not_picked":["Astrolabe","Tiny House"],"picked":"Pandora\u0027s Box"}],"items_purged_floors":[19],"is_endless":false,"potions_floor_spawned":[8,11,16,22,24,27,33,41,44],"killed_by":"Awakened One","ascension_level":0}}