{"host":"1hzg86ju9fvxh562","time":1610767798,"event":{"mods":["AchievementEnabler","Act Like it!","AlwaysNeverKeys","BaseMod","Bestiary","Better Altar","Better Match","Better Note","Better Sensory Stone","Better Skull","Better Third Choice","Colored Map","Colored Powertips","Curses Come First","Displayed Cursed Tome","Filter the Spire","Highlight Path","Keyboard Shortcuts","Minty Spire (QoL Compilation)","Rare Cards Sparkle","Relic Sorter","Relic Stats","ShortenTheSpire","Spicy Shops","StSLib","SuperFastMode","everything is the same but u backflip on backflip","slay the spire mod where everything is the same but ironclad has a cowboy hat"],"gold_per_floor":[111,111,186,199,213,224,241,166,166,94,107,123,123,141,141,244,244,258,258,258,271,285,310,310,310,310,320,332,84,94,108,108,108,108],"floor_reached":33,"language":"ENG","playtime":1305,"items_purged":["Strike_R","Strike_R"],"score":265,"play_id":"16a5d0e6-c88a-4826-9ca8-3125df5c7a63","local_time":"20210116012958","is_ascension_mode":false,"campfire_choices":[{"floor":15,"key":"REST"},{"data":"Flex","floor":24,"key":"SMITH"},{"data":"Pommel Strike","floor":32,"key":"SMITH"}],"circlet_count":0,"master_deck":["Strike_R","Strike_R","Defend_R","Defend_R","Defend_R","Bash","Cleave","Wild Strike","Flex+1","Warcry","Evolve","Shrug It Off","Reaper","Burning Pact","Flex","Impervious","Pommel Strike+1","Whirlwind+1","Seeing Red+1","Blasphemy","Seeing Red"],"relics":["Mark of Pain","Prayer Wheel","Runic Dome","Question Card","Ornamental Fan","Mummified Hand","Brimstone"],"acts_visited":["Exordium","TheCity"],"potions_floor_usage":[7,14,16,16,23,23,31,33],"damage_taken":[{"damage":11,"enemies":"Jaw Worm","floor":1,"turns":2},{"damage":7,"enemies":"Small Slimes","floor":4,"turns":3},{"damage":0,"enemies":"Cultist","floor":5,"turns":2},{"damage":11,"enemies":"2 Fungi Beasts","floor":6,"turns":3},{"damage":12,"enemies":"Blue Slaver","floor":7,"turns":2},{"damage":8,"enemies":"Exordium Thugs","floor":11,"turns":3},{"damage":0,"enemies":"Large Slime","floor":12,"turns":4},{"damage":6,"enemies":"3 Louse","floor":14,"turns":4},{"damage":43,"enemies":"The Guardian","floor":16,"turns":12},{"damage":12,"enemies":"3 Byrds","floor":18,"turns":7},{"damage":5,"enemies":"Spheric Guardian","floor":21,"turns":3},{"damage":18,"enemies":"Snake Plant","floor":22,"turns":4},{"damage":39,"enemies":"Slavers","floor":23,"turns":4},{"damage":10,"enemies":"Chosen and Byrds","floor":27,"turns":3},{"damage":17,"enemies":"Sentry and Sphere","floor":28,"turns":4},{"damage":6,"enemies":"Centurion and Healer","floor":30,"turns":4},{"damage":0,"enemies":"Shelled Parasite and Fungi","floor":31,"turns":1},{"damage":26,"enemies":"Collector","floor":33,"turns":2}],"seed_played":"890490439675147581","potions_obtained":[{"floor":4,"key":"EntropicBrew"},{"floor":16,"key":"EssenceOfSteel"},{"floor":21,"key":"Explosive Potion"},{"floor":27,"key":"PowerPotion"},{"floor":30,"key":"SkillPotion"}],"is_trial":false,"path_per_floor":["M","?","?","M","M","M","M","$","T","$","M","M","?","M","R","B",null,"M","?","T","M","M","E","R","?","T","M","M","$","M","M","R","B"],"character_chosen":"IRONCLAD","items_purchased":["Evolve","Brimstone"],"campfire_rested":1,"item_purchase_floors":[10,29],"current_hp_per_floor":[69,62,51,44,44,33,21,21,21,21,13,13,13,19,43,3,80,72,72,72,67,49,28,28,28,28,18,11,11,21,21,21,0,0],"gold":108,"neow_bonus":"BOSS_RELIC","is_daily":false,"chose_seed":false,"campfire_upgraded":2,"win_rate":0.0,"timestamp":1610767798,"path_taken":["M","?","?","M","M","M","M","$","T","?","M","?","?","M","R","BOSS","M","?","?","M","M","E","R","?","T","M","M","$","?","M","R","BOSS"],"items_purchased_type":["Card","Relic"],"build_version":"2020-12-22","purchased_purges":2,"victory":false,"max_hp_per_floor":[80,80,80,80,80,80,80,80,80,80,80,80,80,80,80,80,80,80,80,80,80,80,80,80,80,80,80,80,80,80,80,80,80,80],"relic_stats":{"counters":[18,67],"Ornamental Fan":[4],"Mummified Hand":[3],"Prayer Wheel":10,"Question Card":13,"obtain_stats":[{"Runic Dome":17,"Ornamental Fan":23,"Mummified Hand":26,"Brimstone":29,"Prayer Wheel":9,"Mark of Pain":0,"Question Card":20,"Burning Blood":0},{"Runic Dome":9,"Ornamental Fan":13,"Mummified Hand":13,"Brimstone":15,"Prayer Wheel":5,"Mark of Pain":0,"Question Card":10,"Burning Blood":0},{"Runic Dome":35,"Ornamental Fan":53,"Mummified Hand":53,"Brimstone":60,"Prayer Wheel":12,"Mark of Pain":0,"Question Card":42,"Burning Blood":0}]},"card_choices":[{"not_picked":["Flex","Sever Soul"],"picked":"Cleave","floor":1},{"not_picked":["Body Slam","Thunderclap"],"picked":"Wild Strike","floor":4},{"not_picked":["Searing Blow","Clash"],"picked":"Flex","floor":5},{"not_picked":["Anger","Rampage"],"picked":"Warcry","floor":6},{"not_picked":["Headbutt","Exhume","Thunderclap"],"picked":"SKIP","floor":7},{"not_picked":["Iron Wave","Armaments"],"picked":"Shrug It Off","floor":11},{"not_picked":["Clothesline","Rage","Warcry"],"picked":"SKIP","floor":11},{"not_picked":["Blood for Blood","Heavy Blade"],"picked":"Reaper","floor":12},{"not_picked":["Rampage","Twin Strike"],"picked":"Burning Pact","floor":12},{"not_picked":["Disarm","Battle Trance"],"picked":"Flex","floor":14},{"not_picked":["Heavy Blade","Shrug It Off","Burning Pact"],"picked":"SKIP","floor":14},{"not_picked":["Berserk","Exhume"],"picked":"Impervious","floor":16},{"not_picked":["Flex","Feel No Pain"],"picked":"Pommel Strike","floor":18},{"not_picked":["Headbutt","Power Through+1"],"picked":"Whirlwind+1","floor":18},{"not_picked":["Power Through","Clothesline","Heavy Blade","Cleave+1"],"picked":"SKIP","floor":21},{"not_picked":["Feel No Pain","Clothesline","Headbutt","Entrench"],"picked":"SKIP","floor":21},{"not_picked":["Clothesline+1","Headbutt","Metallicize"],"picked":"Seeing Red+1","floor":22},{"not_picked":["Clash","Fiend Fire","Flex","Dual Wield+1"],"picked":"SKIP","floor":22},{"not_picked":["Dual Wield","Thunderclap","Headbutt","Body Slam+1"],"picked":"SKIP","floor":23},{"not_picked":["Sword Boomerang","Warcry","Whirlwind"],"picked":"Seeing Red","floor":27},{"not_picked":["Havoc+1","Feel No Pain","Thunderclap","Entrench"],"picked":"SKIP","floor":27},{"not_picked":["Clothesline","Cleave","Sever Soul","Disarm"],"picked":"SKIP","floor":28},{"not_picked":["Barricade","Armaments","Headbutt","Iron Wave"],"picked":"SKIP","floor":28},{"not_picked":["Power Through+1","Wild Strike+1","Blood for Blood","True Grit"],"picked":"SKIP","floor":30},{"not_picked":["Wild Strike","Perfected Strike+1","Combust+1","Metallicize"],"picked":"SKIP","floor":30},{"not_picked":["Feel No Pain","Seeing Red","Armaments+1","Flex"],"picked":"SKIP","floor":31},{"not_picked":["Anger","Shrug It Off","Twin Strike","Rupture+1"],"picked":"SKIP","floor":31}],"player_experience":466660,"relics_obtained":[{"floor":9,"key":"Prayer Wheel"},{"floor":20,"key":"Question Card"},{"floor":23,"key":"Ornamental Fan"},{"floor":26,"key":"Mummified Hand"}],"event_choices":[{"cards_removed":["Defend_R"],"damage_healed":0,"gold_gain":0,"player_choice":"Card Removal","damage_taken":7,"max_hp_gain":0,"max_hp_loss":0,"event_name":"Golden Wing","floor":2,"gold_loss":0},{"damage_healed":0,"gold_gain":75,"player_choice":"Gold","damage_taken":11,"max_hp_gain":0,"max_hp_loss":0,"event_name":"betterThird:BetterGoop","floor":3,"gold_loss":0},{"damage_healed":0,"gold_gain":0,"player_choice":"LEAVE","damage_taken":0,"max_hp_gain":0,"max_hp_loss":0,"event_name":"betterThird:BetterScrap","floor":13,"gold_loss":0,"cards_obtained":["Study"]},{"cards_removed":["Strike_R"],"damage_healed":0,"gold_gain":0,"player_choice":"Purged","damage_taken":0,"max_hp_gain":0,"max_hp_loss":0,"event_name":"Purifier","floor":19,"gold_loss":0},{"cards_removed":["Reaper"],"damage_healed":0,"gold_gain":0,"player_choice":"Take \u0026 Give","damage_taken":0,"max_hp_gain":0,"max_hp_loss":0,"event_name":"betterNote:BetterNote","floor":25,"gold_loss":0,"cards_obtained":["Blasphemy"]}],"is_beta":false,"boss_relics":[{"not_picked":["Cursed Key","Empty Cage"],"picked":"Runic Dome"}],"items_purged_floors":[8,29],"is_endless":false,"potions_floor_spawned":[4,7,11,16,21,27,30],"killed_by":"Collector","ascension_level":0}}