{"host":"kda2p2afd6bvz6qo","time":1610757608,"event":{"mods":["BaseMod","Colored Map","Minty Spire (QoL Compilation)","Relic Stats"],"gold_per_floor":[115,128,53,53,69,94,94,112,137,153,163,163,163,191,191,268,268,286,201,213,232,6,6,40,40,40,72,44,44,72,72,72,146,146,157,41,41,61,77,77,105,129,154,183,195,195],"floor_reached":45,"language":"ENG","playtime":2644,"items_purged":["Strike_G","Endless Agony"],"score":1122,"play_id":"5a264343-18cd-4849-9889-f10fabfe6005","local_time":"20210116004008","is_ascension_mode":true,"campfire_choices":[{"data":"Dagger Spray","floor":7.0,"key":"SMITH"},{"floor":12.0,"key":"REST"},{"data":"Flechettes","floor":15.0,"key":"SMITH"},{"floor":23.0,"key":"REST"},{"data":"Dash","floor":25.0,"key":"SMITH"},{"data":"Calculated Gamble","floor":29.0,"key":"SMITH"},{"floor":32.0,"key":"REST"},{"data":"Bouncing Flask","floor":40,"key":"SMITH"}],"circlet_count":0,"master_deck":["AscendersBane","Survivor","Neutralize+1","CurseOfTheBell","Dagger Spray+1","Calculated Gamble+1","Dash+1","Envenom+1","All Out Attack","Deadly Poison","Flechettes+1","Phantasmal Killer","Sucker Punch+1","Dagger Spray","Eviscerate","Infinite Blades","Bullet Time","Corpse Explosion","Backstab","PiercingWail","Backflip","Dodge and Roll","Trip+1","Bouncing Flask+1","Dagger Spray+1"],"relics":["Calling Bell","Lantern","Paper Crane","Pocketwatch","Ancient Tea Set","MealTicket","Strawberry","Busted Crown","Vajra","Membership Card","Tiny Chest","Bag of Preparation","FossilizedHelix","Darkstone Periapt","Pandora\u0027s Box","Pantograph","Bag of Marbles","MawBank"],"acts_visited":["Exordium","TheCity","TheBeyond"],"potions_floor_usage":[33,33,39,41,45],"damage_taken":[{"damage":0.0,"enemies":"Jaw Worm","floor":1.0,"turns":5.0},{"damage":0.0,"enemies":"Small Slimes","floor":2.0,"turns":4.0},{"damage":3.0,"enemies":"Cultist","floor":5.0,"turns":5.0},{"damage":12.0,"enemies":"3 Sentries","floor":6.0,"turns":8.0},{"damage":2.0,"enemies":"Blue Slaver","floor":8.0,"turns":4.0},{"damage":0.0,"enemies":"Lots of Slimes","floor":10.0,"turns":1.0},{"damage":0.0,"enemies":"Large Slime","floor":11.0,"turns":4.0},{"damage":2.0,"enemies":"Lagavulin","floor":14.0,"turns":7.0},{"damage":37.0,"enemies":"Slime Boss","floor":16.0,"turns":8.0},{"damage":13.0,"enemies":"Chosen","floor":18.0,"turns":4.0},{"damage":13.0,"enemies":"2 Thieves","floor":20.0,"turns":3.0},{"damage":12.0,"enemies":"Snecko","floor":21.0,"turns":4.0},{"damage":0.0,"enemies":"Gremlin Leader","floor":24.0,"turns":5.0},{"damage":26.0,"enemies":"Book of Stabbing","floor":27.0,"turns":5.0},{"damage":0.0,"enemies":"Gremlin Leader","floor":30.0,"turns":6.0},{"damage":15,"enemies":"Collector","floor":33,"turns":6},{"damage":6,"enemies":"3 Shapes","floor":35,"turns":6},{"damage":0,"enemies":"3 Darklings","floor":38,"turns":2},{"damage":22,"enemies":"Jaw Worm Horde","floor":39,"turns":3},{"damage":31,"enemies":"Nemesis","floor":41,"turns":7},{"damage":21,"enemies":"Spire Growth","floor":44,"turns":4},{"damage":2,"enemies":"Maw","floor":45,"turns":3}],"seed_played":"-4959747778003597710","potions_obtained":[{"floor":5.0,"key":"Strength Potion"},{"floor":6.0,"key":"Explosive Potion"},{"floor":14.0,"key":"Explosive Potion"},{"floor":18.0,"key":"AttackPotion"},{"floor":24.0,"key":"LiquidBronze"},{"floor":33,"key":"SteroidPotion"},{"floor":39,"key":"Block Potion"},{"floor":41,"key":"AttackPotion"}],"is_trial":false,"path_per_floor":["M","M","?","?","M","E","R","M","T","M","M","R","?","E","R","B",null,"M","?","M","M","$","R","E","R","T","E","$","R","E","?","R","B",null,"M","$","?","M","M","R","E","T","T","M","M"],"character_chosen":"THE_SILENT","items_purchased":["Membership Card","SteroidPotion","FearPotion","Dodge and Roll","Trip"],"campfire_rested":3,"item_purchase_floors":[22,22,28,36,36],"current_hp_per_floor":[59,59,59,52,49,37,37,35,35,35,35,54,34,39,39,2,55,42,42,29,17,32,53,53,53,53,27,42,42,42,21,44,29,66,60,75,75,75,53,53,22,22,22,1,0,0],"gold":195,"neow_bonus":"BOSS_RELIC","is_daily":false,"chose_seed":false,"campfire_upgraded":5,"win_rate":0.0,"timestamp":1610757608,"path_taken":["M","M","?","?","M","E","R","M","T","M","M","R","?","E","R","BOSS","M","?","M","M","$","R","E","R","T","E","$","R","E","?","R","BOSS","M","$","?","M","?","R","E","?","T","?","M"],"items_purchased_type":["Relic","Potion","Potion","Card","Card"],"build_version":"2020-12-22","purchased_purges":2,"victory":false,"max_hp_per_floor":[66,66,66,66,66,66,66,66,66,66,66,66,66,73,73,73,73,73,73,73,73,73,73,73,73,73,73,73,73,73,78,78,78,78,78,78,78,78,78,78,78,78,78,78,78,78],"relic_stats":{"Darkstone Periapt":0,"Busted Crown":24,"counters":[22,104],"Pantograph":0,"MealTicket":45,"Tiny Chest":1,"Pandora\u0027s Box":["Endless Agony","Eviscerate","Infinite Blades","Bullet Time","Corpse Explosion","Backstab","PiercingWail"],"Bag of Preparation":[18],"MawBank":24,"obtain_stats":[{"Darkstone Periapt":30,"Lantern":0,"Vajra":19,"Bag of Preparation":26,"Paper Crane":0,"Ancient Tea Set":6,"MawBank":43,"Calling Bell":0,"Busted Crown":17,"Strawberry":14,"Pantograph":41,"MealTicket":9,"Tiny Chest":24,"Pandora\u0027s Box":34,"Bag of Marbles":42,"Membership Card":22,"FossilizedHelix":27,"Ring of the Snake":0,"Pocketwatch":0},{"Darkstone Periapt":15,"Lantern":0,"Vajra":10,"Bag of Preparation":13,"Paper Crane":0,"Ancient Tea Set":4,"MawBank":20,"Calling Bell":0,"Busted Crown":9,"Strawberry":8,"Pantograph":20,"MealTicket":5,"Tiny Chest":13,"Pandora\u0027s Box":16,"Bag of Marbles":20,"Membership Card":12,"FossilizedHelix":14,"Ring of the Snake":0,"Pocketwatch":0},{"Darkstone Periapt":73,"Lantern":0,"Vajra":50,"Bag of Preparation":62,"Paper Crane":0,"Ancient Tea Set":22,"MawBank":97,"Calling Bell":0,"Busted Crown":46,"Strawberry":38,"Pantograph":97,"MealTicket":26,"Tiny Chest":62,"Pandora\u0027s Box":79,"Bag of Marbles":97,"Membership Card":57,"FossilizedHelix":67,"Ring of the Snake":0,"Pocketwatch":0}],"Pocketwatch":[205]},"card_choices":[{"not_picked":["Bane","All Out Attack"],"picked":"Dagger Spray","floor":1.0},{"not_picked":["Deflect","Bane"],"picked":"Calculated Gamble","floor":2.0},{"not_picked":["Deadly Poison","Outmaneuver"],"picked":"Dash","floor":5.0},{"not_picked":["Dodge and Roll","Outmaneuver"],"picked":"Envenom","floor":6.0},{"not_picked":["Backflip","Bane"],"picked":"All Out Attack","floor":8.0},{"not_picked":["Infinite Blades","Blade Dance"],"picked":"Deadly Poison","floor":10.0},{"not_picked":["Dodge and Roll","Blade Dance","Deflect"],"picked":"SKIP","floor":11.0},{"not_picked":["Well Laid Plans","Infinite Blades"],"picked":"Flechettes","floor":14.0},{"not_picked":["Storm of Steel","Bullet Time"],"picked":"Phantasmal Killer","floor":16.0},{"not_picked":["Slice"],"picked":"SKIP","floor":18.0},{"not_picked":[],"picked":"Sucker Punch+1","floor":20.0},{"not_picked":["Cloak And Dagger"],"picked":"SKIP","floor":21.0},{"not_picked":["Sucker Punch"],"picked":"SKIP","floor":24.0},{"not_picked":["Slice"],"picked":"SKIP","floor":27.0},{"not_picked":[],"picked":"Dagger Spray","floor":30.0},{"not_picked":[],"picked":"Backflip","floor":35},{"not_picked":[],"picked":"Bouncing Flask","floor":38},{"not_picked":["Slice"],"picked":"SKIP","floor":39},{"not_picked":["Dagger Spray"],"picked":"SKIP","floor":41},{"not_picked":[],"picked":"Dagger Spray+1","floor":44}],"player_experience":129635,"relics_obtained":[{"floor":0.0,"key":"Lantern"},{"floor":0.0,"key":"Paper Crane"},{"floor":0.0,"key":"Pocketwatch"},{"floor":6.0,"key":"Ancient Tea Set"},{"floor":9.0,"key":"MealTicket"},{"floor":14.0,"key":"Strawberry"},{"floor":24.0,"key":"Tiny Chest"},{"floor":26.0,"key":"Bag of Preparation"},{"floor":27.0,"key":"FossilizedHelix"},{"floor":30.0,"key":"Darkstone Periapt"},{"floor":41,"key":"Pantograph"},{"floor":42,"key":"Bag of Marbles"},{"floor":43,"key":"MawBank"}],"event_choices":[{"cards_removed":["Strike_G"],"damage_healed":0.0,"max_hp_gain":0.0,"max_hp_loss":0.0,"gold_gain":0.0,"event_name":"The Cleric","player_choice":"Card Removal","floor":3.0,"gold_loss":75.0,"damage_taken":0.0},{"cards_removed":["Defend_G"],"damage_healed":0.0,"max_hp_gain":0.0,"max_hp_loss":0.0,"gold_gain":0.0,"event_name":"Golden Wing","player_choice":"Card Removal","floor":4.0,"gold_loss":0.0,"damage_taken":7.0},{"damage_healed":0.0,"max_hp_gain":0.0,"max_hp_loss":0.0,"gold_gain":0.0,"event_name":"Shining Light","player_choice":"Entered Light","floor":13.0,"gold_loss":0.0,"damage_taken":20.0,"cards_upgraded":["Envenom","Neutralize"]},{"damage_healed":0.0,"max_hp_gain":0.0,"max_hp_loss":0.0,"gold_gain":0.0,"event_name":"Addict","player_choice":"Obtained Relic","floor":19.0,"gold_loss":85.0,"damage_taken":0.0,"relics_obtained":["Vajra"]},{"damage_healed":0.0,"max_hp_gain":5.0,"max_hp_loss":0.0,"gold_gain":0.0,"event_name":"Forgotten Altar","player_choice":"Shed Blood","floor":31.0,"gold_loss":0.0,"damage_taken":26.0},{"damage_healed":0,"gold_gain":0,"player_choice":"Upgraded","damage_taken":0,"max_hp_gain":0,"max_hp_loss":0,"event_name":"Upgrade Shrine","floor":37,"gold_loss":0,"cards_upgraded":["Trip"]}],"is_beta":false,"boss_relics":[{"not_picked":["Runic Dome","HoveringKite"],"picked":"Busted Crown"},{"not_picked":["Sozu","Coffee Dripper"],"picked":"Pandora\u0027s Box"}],"items_purged_floors":[22,36],"is_endless":false,"potions_floor_spawned":[5,6,14,18,24,33,39,41],"killed_by":"Maw","ascension_level":20}}