{"host":"2tgyrzvaa7l04o2e","time":1610810595,"event":{"mods":["BaseMod","Highlight Path","Minty Spire (QoL Compilation)","Permanent Neow","Relic Stats"],"gold_per_floor":[115,115,131,131,55,55,55,72,125,155,169,169,169],"floor_reached":12,"language":"ENG","playtime":381,"items_purged":[],"score":156,"play_id":"05b7c77a-f351-4092-ae14-f428c81c4ba4","local_time":"20210116162315","is_ascension_mode":true,"campfire_choices":[{"data":"Apotheosis","floor":6,"key":"SMITH"}],"circlet_count":0,"master_deck":["AscendersBane","Strike_G","Strike_G","Strike_G","Strike_G","Strike_G","Defend_G","Defend_G","Defend_G","Defend_G","Survivor","Neutralize","Apotheosis+1","Bouncing Flask","Dagger Spray","Footwork+1","Deadly Poison","PiercingWail"],"relics":["Ring of the Snake","Nunchaku","Eternal Feather"],"acts_visited":["Exordium"],"potions_floor_usage":[12],"damage_taken":[{"damage":4,"enemies":"Small Slimes","floor":1,"turns":5},{"damage":5,"enemies":"2 Louse","floor":3,"turns":3},{"damage":1,"enemies":"Jaw Worm","floor":8,"turns":3},{"damage":10,"enemies":"3 Sentries","floor":10,"turns":6},{"damage":0,"enemies":"Large Slime","floor":11,"turns":4},{"damage":46,"enemies":"Gremlin Nob","floor":12,"turns":4}],"seed_played":"8356870471122630161","potions_obtained":[{"floor":1,"key":"BlessingOfTheForge"}],"is_trial":false,"path_per_floor":["M","?","M","?","$","R","?","M","T","E","M","E"],"character_chosen":"THE_SILENT","items_purchased":["Footwork"],"campfire_rested":0,"item_purchase_floors":[5],"current_hp_per_floor":[55,48,43,48,48,48,48,47,47,37,37,0,0],"gold":169,"neow_bonus":"RANDOM_COLORLESS_2","is_daily":false,"chose_seed":false,"campfire_upgraded":1,"win_rate":0.0,"timestamp":1610810595,"path_taken":["M","?","M","?","?","R","?","M","T","E","?","E"],"items_purchased_type":["Card"],"build_version":"2020-12-22","purchased_purges":0,"victory":false,"max_hp_per_floor":[60,60,60,65,65,65,65,65,65,65,65,65,65],"relic_stats":{"Nunchaku":[2],"counters":[6,25],"Eternal Feather":0,"obtain_stats":[{"Nunchaku":9,"Eternal Feather":10,"Ring of the Snake":0},{"Nunchaku":3,"Eternal Feather":4,"Ring of the Snake":0},{"Nunchaku":11,"Eternal Feather":17,"Ring of the Snake":0}],"Ring of the Snake":[12]},"card_choices":[{"not_picked":["Secret Technique","Thinking Ahead"],"picked":"Apotheosis","floor":0},{"not_picked":["Sucker Punch","Heel Hook"],"picked":"Bouncing Flask","floor":1},{"not_picked":["Sucker Punch","Dodge and Roll"],"picked":"Dagger Spray","floor":3},{"not_picked":["Slice","Endless Agony"],"picked":"Deadly Poison","floor":8},{"not_picked":["Reflex","Dagger Throw","Blade Dance"],"picked":"SKIP","floor":10},{"not_picked":["Finisher","Noxious Fumes"],"picked":"PiercingWail","floor":11}],"player_experience":601772,"relics_obtained":[{"floor":9,"key":"Nunchaku"},{"floor":10,"key":"Eternal Feather"}],"event_choices":[{"cards_removed":["Defend_G"],"damage_healed":0,"gold_gain":0,"player_choice":"Card Removal","damage_taken":7,"max_hp_gain":0,"max_hp_loss":0,"event_name":"Golden Wing","floor":2,"gold_loss":0},{"damage_healed":0,"gold_gain":0,"player_choice":"Donut","damage_taken":0,"max_hp_gain":5,"max_hp_loss":0,"event_name":"Big Fish","floor":4,"gold_loss":0},{"damage_healed":0,"gold_gain":0,"player_choice":"Forge","damage_taken":0,"max_hp_gain":0,"max_hp_loss":0,"event_name":"Accursed Blacksmith","floor":7,"gold_loss":0,"cards_upgraded":["Footwork"]}],"is_beta":false,"boss_relics":[],"items_purged_floors":[],"is_endless":false,"potions_floor_spawned":[1],"killed_by":"Gremlin Nob","ascension_level":20}}