{"host":"cyiefo55v5hz1ih5","time":1610830855,"event":{"mods":["BaseMod","Downfall","GifTheSpireLib","Hubris","Minty Spire (QoL Compilation)","StSLib"],"gold_per_floor":[99,119,119,134,234,251,251,270,170,183,93,93,93,24,140,140,140,140],"floor_reached":16,"language":"ENG","playtime":3627,"items_purged":["champ:Strike"],"score":122,"play_id":"0019e8cd-92ad-46c9-93ba-e743c6e3dc94","local_time":"20210116160055","is_ascension_mode":true,"campfire_choices":[{"data":"champ:Taunt","floor":1.0,"key":"SMITH"},{"data":"champ:Backstep","floor":9.0,"key":"SMITH"}],"circlet_count":0,"master_deck":["champ:Strike","champ:Strike","champ:Strike","champ:Defend","champ:Defend","champ:Defend","champ:Defend","champ:Execute","champ:Taunt+1","champ:DeathBlow+1","champ:AdrenalArmor","champ:Backstep+1","champ:FocusedDefense","champ:FanOfKnives+1","Pain","champ:FlashCut"],"relics":["champ:ChampionCrown","downfall:HeartBlessingBlue","hubris:Icosahedron"],"acts_visited":["Exordium"],"potions_floor_usage":[16,16,16],"damage_taken":[{"damage":16.0,"enemies":"Cultist","floor":2.0,"turns":4.0},{"damage":16.0,"enemies":"Jaw Worm","floor":4.0,"turns":3.0},{"damage":12.0,"enemies":"Small Slimes","floor":6.0,"turns":4.0},{"damage":12.0,"enemies":"2 Fungi Beasts","floor":8.0,"turns":4.0},{"damage":28.0,"enemies":"Exordium Thugs","floor":10.0,"turns":5.0},{"damage":30.0,"enemies":"downfall:FleeingMerchant","floor":11.0,"turns":4.0},{"damage":44.0,"enemies":"downfall:FleeingMerchant","floor":14.0,"turns":4.0},{"damage":40.0,"enemies":"Blue Slaver","floor":15.0,"turns":2.0},{"damage":90,"enemies":"IC_STATUS_ARCHETYPE","floor":16,"turns":8}],"seed_played":"756600981836687803","potions_obtained":[{"floor":2.0,"key":"Block Potion"},{"floor":3.0,"key":"Swift Potion"},{"floor":3.0,"key":"GamblersBrew"},{"floor":10.0,"key":"ColorlessPotion"}],"is_trial":false,"path_per_floor":["R","M","?","M","?","M","T","M","R","M","$","?","?","$","M","B"],"character_chosen":"THE_CHAMP","items_purchased":["champ:FlashCut"],"campfire_rested":0,"item_purchase_floors":[14],"current_hp_per_floor":[99,98,98,92,92,90,90,88,98,90,90,90,90,76,61,0,0,0],"gold":140,"neow_bonus":"TEN_PERCENT_HP_BONUS","is_daily":false,"chose_seed":false,"campfire_upgraded":2,"win_rate":0.0,"timestamp":1610830855,"path_taken":["R","M","?","?","?","M","T","M","R","M","?","?","?","$","M","BOSS"],"items_purchased_type":["Card"],"build_version":"2020-12-22","purchased_purges":1,"victory":false,"max_hp_per_floor":[99,99,99,99,99,99,99,99,109,109,109,109,109,109,109,109,109,109],"card_choices":[{"not_picked":["champ:BladeFlurry","champ:CrownThrow"],"picked":"champ:DeathBlow","floor":2.0},{"not_picked":["champ:SetATrap","champ:ShieldSlam"],"picked":"champ:AdrenalArmor","floor":4.0},{"not_picked":["champ:ShieldSigil","champ:EnGarde"],"picked":"champ:Backstep","floor":6.0},{"not_picked":["champ:FancyFootwork","champ:Circumvent"],"picked":"champ:FocusedDefense","floor":8.0},{"not_picked":["champ:BerserkersShout","champ:ShieldSigil","champ:TornadoPunch"],"picked":"SKIP","floor":10.0},{"not_picked":["champ:BringItOn","champ:TornadoPunch"],"picked":"champ:FanOfKnives","floor":11.0},{"not_picked":["champ:ShieldSlam","champ:PreemptiveStrike","champ:EnchantShield"],"picked":"SKIP","floor":14.0},{"not_picked":["champ:FlashCut","champ:AdrenalArmor","champ:BladeFlurry"],"picked":"SKIP","floor":15.0}],"player_experience":775040,"relics_obtained":[],"event_choices":[{"damage_healed":0.0,"max_hp_gain":0.0,"max_hp_loss":0.0,"gold_gain":0.0,"event_name":"Lab","player_choice":"Got Potions","floor":3.0,"gold_loss":0.0,"damage_taken":0.0}],"is_beta":false,"boss_relics":[],"items_purged_floors":[11],"is_endless":false,"potions_floor_spawned":[2,10],"killed_by":"IC_STATUS_ARCHETYPE","ascension_level":1}}