{"host":"8rwnpls8n88jrgbg","time":1610767053,"event":{"mods":["AchievementEnabler","BaseMod","Colored Map","Colored Powertips","DeckTracker","Keyboard Shortcuts","Minty Spire (QoL Compilation)","Relic Stats","StSLib","SuperFastMode"],"gold_per_floor":[18,31,31,31,51,51,85,105,132,49,49,69,89,120,120,197,197,211,231,231,231,247,247,31,56,56,82,101,119,119,119,119,119,119],"floor_reached":33,"language":"KOR","playtime":2098,"items_purged":[],"score":644,"play_id":"78b87c79-96dc-415b-8685-c404b4f37486","local_time":"20210116121733","is_ascension_mode":true,"campfire_choices":[{"data":"Dagger Spray","floor":6.0,"key":"SMITH"},{"data":"Glass Knife","floor":11.0,"key":"SMITH"},{"data":"Night Terror","floor":15.0,"key":"SMITH"},{"floor":23.0,"key":"REST"},{"data":"Footwork","floor":30,"key":"SMITH"},{"data":"Tactician","floor":32,"key":"SMITH"}],"circlet_count":0,"master_deck":["AscendersBane","Defend_G","Defend_G","Defend_G","Survivor","Neutralize","Malaise","Poisoned Stab","Dagger Spray+1","Quick Slash","Backstab","PiercingWail","Masterful Stab","Glass Knife+1","PiercingWail","Leg Sweep","Night Terror+1","Corpse Explosion","Acrobatics","Masterful Stab","Unload","Tactician+1","Acrobatics","Footwork+1"],"relics":["Ring of the Snake","PreservedInsect","Potion Belt","Centennial Puzzle","Empty Cage","Sling","Toy Ornithopter","Oddly Smooth Stone"],"acts_visited":["Exordium","TheCity"],"potions_floor_usage":[33,33],"damage_taken":[{"damage":1.0,"enemies":"Small Slimes","floor":1.0,"turns":4.0},{"damage":3.0,"enemies":"2 Louse","floor":2.0,"turns":3.0},{"damage":0.0,"enemies":"Cultist","floor":5.0,"turns":3.0},{"damage":37.0,"enemies":"Gremlin Nob","floor":7.0,"turns":5.0},{"damage":0.0,"enemies":"Gremlin Gang","floor":8.0,"turns":4.0},{"damage":0.0,"enemies":"Blue Slaver","floor":12.0,"turns":2.0},{"damage":0.0,"enemies":"2 Fungi Beasts","floor":13.0,"turns":2.0},{"damage":9.0,"enemies":"Lagavulin","floor":14.0,"turns":7.0},{"damage":1.0,"enemies":"The Guardian","floor":16.0,"turns":11.0},{"damage":4.0,"enemies":"Chosen","floor":18.0,"turns":4.0},{"damage":8.0,"enemies":"2 Thieves","floor":19.0,"turns":3.0},{"damage":14.0,"enemies":"Shelled Parasite and Fungi","floor":22.0,"turns":4.0},{"damage":0.0,"enemies":"Gremlin Leader","floor":25.0,"turns":3.0},{"damage":8.0,"enemies":"Book of Stabbing","floor":27.0,"turns":5.0},{"damage":2.0,"enemies":"Snecko","floor":28.0,"turns":6.0},{"damage":1,"enemies":"Centurion and Healer","floor":29,"turns":5},{"damage":72,"enemies":"Collector","floor":33,"turns":12}],"seed_played":"-784390220684132325","potions_obtained":[{"floor":1.0,"key":"LiquidBronze"},{"floor":4.0,"key":"Fruit Juice"},{"floor":4.0,"key":"Weak Potion"},{"floor":5.0,"key":"Explosive Potion"},{"floor":13.0,"key":"Dexterity Potion"},{"floor":22.0,"key":"Fire Potion"},{"floor":28.0,"key":"SneckoOil"}],"is_trial":false,"path_per_floor":["M","M","?","?","M","R","E","M","T","$","R","M","M","E","R","B",null,"M","M","?","?","M","R","$","E","T","E","M","M","R","?","R","B"],"character_chosen":"THE_SILENT","items_purchased":["Glass Knife","Tactician","Sling"],"campfire_rested":1,"item_purchase_floors":[10,24,24],"current_hp_per_floor":[58,55,55,60,60,60,23,23,23,23,23,23,23,14,14,13,57,53,45,45,45,31,52,52,52,52,49,47,46,46,46,46,0,0],"gold":119,"neow_bonus":"TRANSFORM_TWO_CARDS","is_daily":false,"chose_seed":false,"campfire_upgraded":5,"win_rate":0.0,"timestamp":1610767053,"path_taken":["M","M","?","?","?","R","E","M","T","$","R","M","M","E","R","BOSS","M","?","?","?","M","R","$","E","T","E","M","M","R","?","R","BOSS"],"items_purchased_type":["Card","Card","Relic"],"build_version":"2020-12-22","purchased_purges":0,"victory":false,"max_hp_per_floor":[66,66,66,71,71,71,71,71,71,71,71,71,71,71,71,71,71,71,71,71,71,71,71,71,71,71,71,71,71,71,71,71,71,71],"relic_stats":{"Centennial Puzzle":[24],"counters":[17,83],"PreservedInsect":128,"obtain_stats":[{"Potion Belt":9,"Centennial Puzzle":14,"Oddly Smooth Stone":27,"PreservedInsect":7,"Empty Cage":17,"Sling":24,"Toy Ornithopter":25,"Ring of the Snake":0},{"Potion Belt":5,"Centennial Puzzle":8,"Oddly Smooth Stone":14,"PreservedInsect":4,"Empty Cage":9,"Sling":12,"Toy Ornithopter":13,"Ring of the Snake":0},{"Potion Belt":19,"Centennial Puzzle":30,"Oddly Smooth Stone":60,"PreservedInsect":15,"Empty Cage":41,"Sling":52,"Toy Ornithopter":55,"Ring of the Snake":0}],"Toy Ornithopter":15,"Ring of the Snake":[34]},"card_choices":[{"not_picked":["Concentrate","Prepared"],"picked":"Dagger Spray","floor":1.0},{"not_picked":["Underhanded Strike","Backflip"],"picked":"Quick Slash","floor":2.0},{"not_picked":["Distraction","Poisoned Stab","Setup"],"picked":"SKIP","floor":5.0},{"not_picked":["Reflex","Flying Knee"],"picked":"PiercingWail","floor":7.0},{"not_picked":["Backflip","PiercingWail"],"picked":"Masterful Stab","floor":8.0},{"not_picked":["Deadly Poison","Prepared"],"picked":"PiercingWail","floor":12.0},{"not_picked":["Well Laid Plans","Terror"],"picked":"Leg Sweep","floor":13.0},{"not_picked":["Flying Knee","Infinite Blades"],"picked":"Night Terror","floor":14.0},{"not_picked":["Bullet Time","Tools of the Trade"],"picked":"Corpse Explosion","floor":16.0},{"not_picked":["Leg Sweep","Dagger Spray"],"picked":"Acrobatics","floor":18.0},{"not_picked":["Dagger Spray","Prepared","PiercingWail"],"picked":"SKIP","floor":19.0},{"not_picked":["Underhanded Strike","Skewer","Bouncing Flask"],"picked":"SKIP","floor":22.0},{"not_picked":["Caltrops","Accuracy"],"picked":"Acrobatics","floor":25.0},{"not_picked":["Cloak And Dagger","Infinite Blades+1","Leg Sweep"],"picked":"SKIP","floor":27.0},{"not_picked":["Underhanded Strike","Quick Slash","Prepared"],"picked":"SKIP","floor":28.0},{"not_picked":["Backflip","Backstab"],"picked":"Footwork","floor":29}],"player_experience":1507747,"relics_obtained":[{"floor":7.0,"key":"PreservedInsect"},{"floor":9.0,"key":"Potion Belt"},{"floor":14.0,"key":"Centennial Puzzle"},{"floor":25.0,"key":"Toy Ornithopter"},{"floor":27.0,"key":"Oddly Smooth Stone"}],"event_choices":[{"damage_healed":0.0,"max_hp_gain":0.0,"max_hp_loss":0.0,"gold_gain":0.0,"cards_transformed":["Strike_G"],"event_name":"Living Wall","player_choice":"Change","floor":3.0,"gold_loss":0.0,"damage_taken":0.0,"cards_obtained":["Backstab"]},{"damage_healed":0.0,"max_hp_gain":0.0,"max_hp_loss":0.0,"gold_gain":0.0,"event_name":"Lab","player_choice":"Got Potions","floor":4.0,"gold_loss":0.0,"damage_taken":0.0},{"damage_healed":0.0,"max_hp_gain":0.0,"max_hp_loss":0.0,"gold_gain":0.0,"cards_transformed":["Strike_G","Defend_G"],"event_name":"Drug Dealer","player_choice":"Became Test Subject","floor":20.0,"gold_loss":0.0,"damage_taken":0.0,"cards_obtained":["Masterful Stab","Unload"]},{"damage_healed":0.0,"max_hp_gain":0.0,"max_hp_loss":0.0,"gold_gain":0.0,"event_name":"Cursed Tome","player_choice":"Ignored","floor":21.0,"gold_loss":0.0,"damage_taken":0.0},{"damage_healed":0,"gold_gain":0,"player_choice":"Ignored","damage_taken":0,"max_hp_gain":0,"max_hp_loss":0,"event_name":"Vampires","floor":31,"gold_loss":0}],"is_beta":false,"boss_relics":[{"not_picked":["Busted Crown","WristBlade"],"picked":"Empty Cage"}],"items_purged_floors":[],"is_endless":false,"potions_floor_spawned":[1,5,13,22,28],"killed_by":"Collector","ascension_level":20}}