{"host":"0ricjaa7rfq9v76t","time":1610803301,"event":{"mods":["AchievementEnabler","Aspiration","BaseMod","Better Vampires","Colored Powertips","Highlight Path","Hubris","Infinite Spire","Minty Spire (QoL Compilation)","Quick Restart","Rare Cards Sparkle","Relic Sorter","Replay The Spire","StSLib","SuperFastMode","Synergy Search","The Cursed","The Disciple","The Jungle","The Runesmith"],"gold_per_floor":[114,126,126,141,141,141,169,169,192,192,192,224,224,241,241,241,241],"floor_reached":16,"language":"ENG","playtime":738,"items_purged":[],"score":108,"play_id":"63d1cec3-67fc-4ec9-878f-b43c37865ab1","local_time":"20210116212141","is_ascension_mode":false,"campfire_choices":[{"floor":6,"key":"REST"},{"floor":8,"key":"REST"},{"floor":11,"key":"REST"},{"floor":13,"key":"REST"},{"data":"Regret","floor":15,"key":"PURGE"}],"circlet_count":0,"master_deck":["Strike_B","Strike_B","Strike_B","Strike_B","Defend_B","Defend_B","Defend_B","Defend_B","Zap","Dualcast","Seek","Loop","Heatsinks","Stack","hubris:Ukulele"],"relics":["Cracked Core","Orichalcum","aspiration:FaultyCoupler","aspiration:ChemicalBlood","Juzu Bracelet"],"acts_visited":["Exordium"],"potions_floor_usage":[12,12,12,16,16,16],"damage_taken":[{"damage":4,"enemies":"Cultist","floor":1,"turns":4},{"damage":3,"enemies":"Jaw Worm","floor":2,"turns":4},{"damage":18,"enemies":"Small Slimes","floor":4,"turns":4},{"damage":55,"enemies":"Lagavulin","floor":7,"turns":7},{"damage":16,"enemies":"3 Sentries","floor":12,"turns":6},{"damage":13,"enemies":"Looter","floor":14,"turns":4},{"damage":39,"enemies":"The Guardian","floor":16,"turns":6}],"seed_played":"5108707330117778732","potions_obtained":[{"floor":1,"key":"BlessingOfTheForge"},{"floor":2,"key":"CultistPotion"},{"floor":7,"key":"Strength Potion"}],"is_trial":false,"path_per_floor":["M","M","?","M","?","R","E","R","T","?","R","E","R","M","R","B"],"character_chosen":"DEFECT","items_purchased":[],"campfire_rested":4,"item_purchase_floors":[],"current_hp_per_floor":[64,61,61,43,43,63,8,28,28,28,48,32,52,39,39,0,0],"gold":241,"neow_bonus":"THREE_RARE_CARDS","is_daily":false,"chose_seed":false,"campfire_upgraded":0,"win_rate":0.0,"timestamp":1610803301,"path_taken":["M","?","?","M","?","R","E","R","T","?","R","E","R","M","R","BOSS"],"items_purchased_type":[],"build_version":"2020-12-22","purchased_purges":0,"victory":false,"max_hp_per_floor":[68,68,68,68,68,68,68,68,68,68,68,68,68,68,68,68,68],"card_choices":[{"not_picked":["Core Surge","Buffer"],"picked":"Seek","floor":0},{"not_picked":["Leap","Stack"],"picked":"Loop","floor":1},{"not_picked":["Undo","Chaos"],"picked":"BasicCrystalCard","floor":2},{"not_picked":["Hologram","Reprogram","Force Field"],"picked":"SKIP","floor":4},{"not_picked":["Capacitor","Steam"],"picked":"Heatsinks","floor":7},{"not_picked":["Hologram","BasicCrystalCard"],"picked":"Stack","floor":12},{"not_picked":["Auto Shields","Beam Cell"],"picked":"hubris:Ukulele","floor":14}],"player_experience":163552,"relics_obtained":[{"floor":7,"key":"aspiration:FaultyCoupler"},{"floor":9,"key":"aspiration:ChemicalBlood"},{"floor":12,"key":"Juzu Bracelet"}],"event_choices":[{"damage_healed":0,"gold_gain":0,"player_choice":"Box","damage_taken":0,"relics_obtained":["Orichalcum"],"max_hp_gain":0,"max_hp_loss":0,"event_name":"Big Fish","floor":3,"gold_loss":0,"cards_obtained":["Regret"]},{"damage_healed":0,"gold_gain":0,"player_choice":"Ignored","damage_taken":0,"max_hp_gain":0,"max_hp_loss":0,"event_name":"Shining Light","floor":10,"gold_loss":0}],"is_beta":false,"boss_relics":[],"items_purged_floors":[],"is_endless":false,"potions_floor_spawned":[1,2,7],"killed_by":"The Guardian","ascension_level":0}}