{"host":"natui9yr7uuq78xo","time":1610770527,"event":{"mods":["Arknights The Spire","BaseMod","Better Third Choice","BetterRewards","Minty Spire (QoL Compilation)","StSLib"],"gold_per_floor":[116,134,144,144,144,144,172,183,183,183,203,216,216,216,216,337,337,350,374,393,393,406,406,406,406],"floor_reached":24,"language":"ENG","playtime":1361,"items_purged":[],"score":200,"play_id":"c2ac6963-103f-4825-a2f9-6c981703ce9e","local_time":"20210115181527","is_ascension_mode":false,"campfire_choices":[{"data":"ats:Cat Scratch","floor":6.0,"key":"SMITH"},{"floor":10.0,"key":"REST"},{"floor":15.0,"key":"REST"}],"circlet_count":0,"master_deck":["ats:Strike S","ats:Armor Crushing Shot","ats:Defend","ats:Defend","ats:Defend","ats:Emotion Absorption","ats:Cat Scratch+1","ats:Hammer On","ats:Sword Rain","ats:Ignite","ats:Healing Drone","ats:Shell Defense","ats:Ambush","ats:Magnetic Hammer","ats:Powerful Strike","ats:Magnetic Hammer","ats:Steam Pump"],"relics":["ats:Sanity","ats:Originium","Pantograph","HornCleat","Golden Idol","Empty Cage","Enchiridion"],"acts_visited":["TheCity"],"potions_floor_usage":[22,22],"damage_taken":[{"damage":5.0,"enemies":"Cultist","floor":1.0,"turns":4.0},{"damage":1.0,"enemies":"Jaw Worm","floor":2.0,"turns":3.0},{"damage":4.0,"enemies":"Small Slimes","floor":3.0,"turns":4.0},{"damage":38.0,"enemies":"Lagavulin","floor":7.0,"turns":9.0},{"damage":7.0,"enemies":"3 Louse","floor":8.0,"turns":2.0},{"damage":4.0,"enemies":"Exordium Thugs","floor":11.0,"turns":4.0},{"damage":33.0,"enemies":"Exordium Wildlife","floor":12.0,"turns":10.0},{"damage":80.0,"enemies":"The Guardian","floor":16.0,"turns":16.0},{"damage":8.0,"enemies":"3 Byrds","floor":18.0,"turns":6.0},{"damage":28.0,"enemies":"Spheric Guardian","floor":19.0,"turns":8.0},{"damage":45.0,"enemies":"Cultist and Chosen","floor":20.0,"turns":10.0},{"damage":22,"enemies":"Snake Plant","floor":22,"turns":7},{"damage":14,"enemies":"Book of Stabbing","floor":24,"turns":6}],"seed_played":"-8476390604781970431","potions_obtained":[{"floor":8.0,"key":"ColorlessPotion"},{"floor":12.0,"key":"Regen Potion"},{"floor":16.0,"key":"FearPotion"},{"floor":22,"key":"EssenceOfSteel"}],"is_trial":false,"path_per_floor":["M","M","M","$","?","R","E","M","T","R","M","M","?","?","R","B",null,"M","M","M","?","M","?","E"],"character_chosen":"DOCTOR_CLASS","items_purchased":[],"campfire_rested":2,"item_purchase_floors":[],"current_hp_per_floor":[60,59,55,55,55,55,17,10,10,35,31,16,21,21,46,32,84,82,63,38,22,35,35,36,36],"gold":406,"neow_bonus":"TWENTY_PERCENT_HP_BONUS","is_daily":false,"chose_seed":false,"campfire_upgraded":1,"win_rate":0.0,"timestamp":1610770527,"path_taken":["M","M","M","?","?","R","E","?","T","R","M","M","?","?","R","BOSS","M","M","M","?","M","?","E"],"items_purchased_type":[],"build_version":"2020-12-22","purchased_purges":0,"victory":false,"max_hp_per_floor":[86,86,86,86,86,86,86,86,86,86,86,86,91,84,84,84,84,84,84,84,84,84,84,84,84],"card_choices":[{"not_picked":["ats:Apocalypse","ats:Flexible Camouflage"],"picked":"ats:Cat Scratch","floor":1.0},{"not_picked":["ats:Cat Scratch","ats:Curse Doll"],"picked":"ats:Hammer On","floor":2.0},{"not_picked":["ats:Assault Order","ats:Powerful Strike"],"picked":"ats:Sword Rain","floor":3.0},{"not_picked":["ats:Demon Strength","ats:Flexible Camouflage"],"picked":"ats:Ignite","floor":7.0},{"not_picked":["ats:Poison Spread","ats:Revitalization","ats:Hammer On"],"picked":"SKIP","floor":8.0},{"not_picked":["ats:Disruption Kick","ats:Consecutive Shot Auto"],"picked":"ats:Healing Drone","floor":11.0},{"not_picked":["ats:Revitalization","ats:Assault Order"],"picked":"ats:Shell Defense","floor":12.0},{"not_picked":["ats:Echo Reverb","ats:Durian"],"picked":"ats:Ambush","floor":16.0},{"not_picked":["ats:Leaping Hammer+1","ats:Assault Order"],"picked":"ats:Magnetic Hammer","floor":18.0},{"not_picked":["ats:Leaping Hammer","ats:Sunburst","ats:Curse Doll"],"picked":"SKIP","floor":19.0},{"not_picked":["ats:Closed Bolt Burst Fire","ats:Assault Order+1"],"picked":"ats:Powerful Strike","floor":20.0},{"not_picked":["ats:Sword Rain","ats:Flexible Camouflage+1","ats:Revitalization"],"picked":"SKIP","floor":22}],"player_experience":331706,"relics_obtained":[{"floor":7.0,"key":"ats:Originium"},{"floor":7.0,"key":"Pantograph"},{"floor":9.0,"key":"HornCleat"},{"floor":21.0,"key":"Enchiridion"}],"event_choices":[{"damage_healed":0.0,"max_hp_gain":0.0,"max_hp_loss":0.0,"gold_gain":0.0,"event_name":"NoteForYourself","player_choice":"Ignored","floor":5.0,"gold_loss":0.0,"damage_taken":0.0},{"damage_healed":0.0,"max_hp_gain":5.0,"max_hp_loss":0.0,"gold_gain":0.0,"event_name":"Big Fish","player_choice":"Donut","floor":13.0,"gold_loss":0.0,"damage_taken":0.0},{"damage_healed":0.0,"max_hp_gain":0.0,"max_hp_loss":7.0,"gold_gain":0.0,"event_name":"Golden Idol","player_choice":"Lose Max HP","floor":14.0,"gold_loss":0.0,"damage_taken":0.0,"relics_obtained":["Golden Idol"]},{"damage_healed":0.0,"max_hp_gain":0.0,"max_hp_loss":0.0,"gold_gain":0.0,"event_name":"Cursed Tome","player_choice":"Obtained Book","floor":21.0,"gold_loss":0.0,"damage_taken":16.0},{"damage_healed":0,"gold_gain":0,"cards_transformed":["ats:Strike C","ats:Strike G"],"player_choice":"Became Test Subject","damage_taken":0,"max_hp_gain":0,"max_hp_loss":0,"event_name":"Drug Dealer","floor":23,"gold_loss":0,"cards_obtained":["ats:Magnetic Hammer","ats:Steam Pump"]}],"is_beta":false,"boss_relics":[{"not_picked":["Snecko Eye","Fusion Hammer"],"picked":"Empty Cage"}],"items_purged_floors":[],"is_endless":false,"potions_floor_spawned":[8,12,16,19,22],"killed_by":"Book of Stabbing","ascension_level":0}}