{"host":"hzinic87vu8p95wn","time":1610813711,"event":{"mods":["BaseMod","Minty Spire (QoL Compilation)"],"gold_per_floor":[113,113,113,113,127,127,170,185,208,231,74,97,47,88,88,183,183,199,199,249,269,137,137,137,137],"floor_reached":24,"language":"ENG","playtime":669,"items_purged":["Strike_P"],"score":435,"play_id":"8d9e4d7b-856f-4f77-bcbd-ece95af8674c","local_time":"20210117031511","is_ascension_mode":true,"campfire_choices":[{"data":"DevaForm","floor":6.0,"key":"SMITH"},{"data":"Eruption","floor":15.0,"key":"SMITH"},{"floor":23,"key":"REST"}],"circlet_count":0,"master_deck":["AscendersBane","Strike_P","Strike_P+1","Strike_P","Defend_P","Defend_P","Defend_P","Defend_P","Eruption+1","Vigilance","DevaForm+1","SashWhip","Consecrate+1","EmptyBody","CutThroughFate","FollowUp","TalkToTheHand","FlurryOfBlows","MasterReality","CurseOfTheBell","Prostrate","EmptyFist"],"relics":["PureWater","NeowsBlessing","Golden Idol","Whetstone","Bronze Scales","Lee\u0027s Waffle","Centennial Puzzle","Calling Bell","Oddly Smooth Stone","Blue Candle","StoneCalendar","MutagenicStrength"],"acts_visited":["Exordium","TheCity"],"potions_floor_usage":[18],"damage_taken":[{"damage":0.0,"enemies":"2 Louse","floor":1.0,"turns":1.0},{"damage":0.0,"enemies":"Small Slimes","floor":5.0,"turns":1.0},{"damage":0.0,"enemies":"Gremlin Nob","floor":7.0,"turns":1.0},{"damage":0.0,"enemies":"Cultist","floor":8.0,"turns":2.0},{"damage":2.0,"enemies":"Gremlin Gang","floor":10.0,"turns":3.0},{"damage":4.0,"enemies":"2 Fungi Beasts","floor":12.0,"turns":3.0},{"damage":6.0,"enemies":"Lagavulin","floor":14.0,"turns":7.0},{"damage":32.0,"enemies":"Hexaghost","floor":16.0,"turns":8.0},{"damage":36,"enemies":"Spheric Guardian","floor":18,"turns":5},{"damage":15,"enemies":"Shell Parasite","floor":21,"turns":2},{"damage":5,"enemies":"Gremlin Leader","floor":24,"turns":2}],"seed_played":"3502224873556916405","potions_obtained":[{"floor":1.0,"key":"SkillPotion"},{"floor":7.0,"key":"SpeedPotion"},{"floor":16.0,"key":"GamblersBrew"}],"is_trial":false,"path_per_floor":["M","?","?","?","M","R","E","M","T","M","$","M","$","E","R","B",null,"M","?","?","M","$","R","E"],"character_chosen":"WATCHER","items_purchased":["Lee\u0027s Waffle","FlurryOfBlows","Strength Potion"],"campfire_rested":1,"item_purchase_floors":[11,13,22],"current_hp_per_floor":[61,38,43,43,43,43,43,43,43,41,80,76,76,70,70,38,70,34,34,34,19,19,43,38,38],"gold":137,"neow_bonus":"THREE_ENEMY_KILL","is_daily":false,"chose_seed":false,"campfire_upgraded":2,"win_rate":0.0,"timestamp":1610813711,"path_taken":["M","?","?","?","?","R","E","?","T","?","$","?","$","E","R","BOSS","M","?","?","?","$","R","E"],"items_purchased_type":["Relic","Card","Potion"],"build_version":"2020-12-22","purchased_purges":1,"victory":false,"max_hp_per_floor":[68,68,73,73,73,73,73,73,73,73,80,80,80,80,80,80,80,80,80,80,80,80,80,80,80],"card_choices":[{"not_picked":["SignatureMove","Collect","Swivel"],"picked":"SKIP","floor":1.0},{"not_picked":["SandsOfTime","SashWhip"],"picked":"Consecrate","floor":5.0},{"not_picked":["ClearTheMind","Evaluate"],"picked":"EmptyBody","floor":7.0},{"not_picked":["Evaluate","EmptyBody"],"picked":"CutThroughFate","floor":8.0},{"not_picked":["WaveOfTheHand","CutThroughFate"],"picked":"FollowUp","floor":10.0},{"not_picked":["BowlingBash","ConjureBlade"],"picked":"TalkToTheHand","floor":12.0},{"not_picked":["SashWhip","Crescendo","ClearTheMind"],"picked":"SKIP","floor":14.0},{"not_picked":["Blasphemy","Omniscience"],"picked":"MasterReality","floor":16.0},{"not_picked":["JustLucky","CrushJoints+1"],"picked":"Prostrate","floor":18},{"not_picked":["Conclude+1","ForeignInfluence"],"picked":"EmptyFist","floor":21}],"player_experience":1577690,"relics_obtained":[{"floor":7.0,"key":"Whetstone"},{"floor":9.0,"key":"Bronze Scales"},{"floor":14.0,"key":"Centennial Puzzle"},{"floor":17.0,"key":"Oddly Smooth Stone"},{"floor":17.0,"key":"Blue Candle"},{"floor":17.0,"key":"StoneCalendar"}],"event_choices":[{"damage_healed":0.0,"max_hp_gain":0.0,"max_hp_loss":0.0,"gold_gain":0.0,"event_name":"Golden Idol","player_choice":"Take Damage","floor":2.0,"gold_loss":0.0,"damage_taken":23.0,"relics_obtained":["Golden Idol"]},{"damage_healed":0.0,"max_hp_gain":5.0,"max_hp_loss":0.0,"gold_gain":0.0,"event_name":"Big Fish","player_choice":"Donut","floor":3.0,"gold_loss":0.0,"damage_taken":0.0},{"damage_healed":0.0,"max_hp_gain":0.0,"max_hp_loss":0.0,"gold_gain":0.0,"event_name":"Match and Keep!","player_choice":"2 cards matched","floor":4.0,"gold_loss":0.0,"damage_taken":0.0,"cards_obtained":["DevaForm","SashWhip"]},{"damage_healed":0,"gold_gain":0,"player_choice":"Inject Mutagens","damage_taken":0,"relics_obtained":["MutagenicStrength"],"max_hp_gain":0,"max_hp_loss":0,"event_name":"Drug Dealer","floor":19,"gold_loss":0},{"damage_healed":0,"gold_gain":100,"player_choice":"Bet on Murderer","damage_taken":0,"max_hp_gain":0,"max_hp_loss":0,"event_name":"The Joust","floor":20,"gold_loss":50}],"is_beta":false,"boss_relics":[{"not_picked":["Pandora\u0027s Box","Cursed Key"],"picked":"Calling Bell"}],"items_purged_floors":[22],"is_endless":false,"potions_floor_spawned":[1,7,8,16],"killed_by":"Gremlin Leader","ascension_level":18}}