{"host":"sc0o2qwpf9j16a4i","time":1610815581,"event":{"mods":["AchievementEnabler","BaseMod","BetterRewards","Block Reminder","Colored Map","Colored Powertips","Custom Start","Highlight Path","Minty Spire (QoL Compilation)","Relic Stats"],"gold_per_floor":[113,131,20,20,40,40,68,68,95,95,95,95,124,136,148,237,249,276,301,363,375,5,32,67,67,112,112,125,125,152,152,152,231,231,242,259,18,240,256,256,281,308,308,308,341,341,351,367,367,367,367],"floor_reached":50,"language":"ENG","playtime":2334,"items_purged":["Outmaneuver"],"score":1209,"play_id":"13e23ee3-ee32-405b-8720-b4ecd4e36497","local_time":"20210116184621","is_ascension_mode":true,"campfire_choices":[{"floor":6.0,"key":"REST"},{"floor":10.0,"key":"REST"},{"floor":12.0,"key":"REST"},{"data":"Bouncing Flask","floor":15.0,"key":"SMITH"},{"floor":25.0,"key":"REST"},{"floor":29,"key":"REST"},{"floor":32,"key":"REST"},{"floor":40,"key":"RECALL"},{"data":"Catalyst","floor":44,"key":"SMITH"},{"floor":49,"key":"REST"}],"circlet_count":0,"master_deck":["AscendersBane","Survivor","Neutralize","Bane","Blur","Tools of the Trade","Calculated Gamble","Footwork","Doppelganger","Venomology","Underhanded Strike+1","Flying Knee","Quick Slash","Blade Dance","Dash","Night Terror","Terror","Bouncing Flask+1","Adrenaline","PiercingWail","Catalyst+1","Malaise","Footwork","Skewer+1","Leg Sweep+1","Dodge and Roll+1","Deadly Poison","Corpse Explosion","Catalyst+1","Bullet Time","Footwork","Underhanded Strike","Tactician","Acrobatics+1"],"relics":["Pandora\u0027s Box","Dream Catcher","Centennial Puzzle","Vajra","MawBank","Snecko Eye","White Beast Statue","MealTicket","Red Mask","Bottled Tornado","Busted Crown","Membership Card","The Specimen","Peace Pipe","Ninja Scroll","InkBottle","Orichalcum"],"acts_visited":["Exordium","TheCity","TheBeyond"],"potions_floor_usage":[30,30,33,33,33,35,36,39,39,41,42,42,45,45,47,48,50,50],"damage_taken":[{"damage":5.0,"enemies":"Jaw Worm","floor":1.0,"turns":11.0},{"damage":7.0,"enemies":"2 Louse","floor":2.0,"turns":4.0},{"damage":10.0,"enemies":"Small Slimes","floor":5.0,"turns":3.0},{"damage":35.0,"enemies":"3 Sentries","floor":7.0,"turns":9.0},{"damage":0.0,"enemies":"Lagavulin","floor":13.0,"turns":4.0},{"damage":8.0,"enemies":"The Guardian","floor":16.0,"turns":10.0},{"damage":0.0,"enemies":"Spheric Guardian","floor":18.0,"turns":3.0},{"damage":5.0,"enemies":"Chosen","floor":19.0,"turns":4.0},{"damage":12.0,"enemies":"Gremlin Leader","floor":23.0,"turns":9.0},{"damage":15.0,"enemies":"Masked Bandits","floor":24.0,"turns":3.0},{"damage":3,"enemies":"Snecko","floor":28,"turns":7},{"damage":33,"enemies":"Slavers","floor":30,"turns":6},{"damage":1,"enemies":"Collector","floor":33,"turns":8},{"damage":3,"enemies":"3 Darklings","floor":35,"turns":3},{"damage":6,"enemies":"Orb Walker","floor":36,"turns":2},{"damage":7,"enemies":"Sphere and 2 Shapes","floor":39,"turns":5},{"damage":0,"enemies":"Mind Bloom Boss Battle","floor":41,"turns":5},{"damage":21,"enemies":"Nemesis","floor":42,"turns":7},{"damage":28,"enemies":"Giant Head","floor":45,"turns":6},{"damage":3,"enemies":"Spire Growth","floor":47,"turns":4},{"damage":9,"enemies":"Maw","floor":48,"turns":3},{"damage":24,"enemies":"Donu and Deca","floor":50,"turns":4}],"seed_played":"-1079739893467745470","potions_obtained":[{"floor":7.0,"key":"CunningPotion"},{"floor":16.0,"key":"EssenceOfSteel"},{"floor":19.0,"key":"ColorlessPotion"},{"floor":24.0,"key":"Strength Potion"},{"floor":30,"key":"GhostInAJar"},{"floor":33,"key":"Swift Potion"},{"floor":35,"key":"Strength Potion"},{"floor":36,"key":"PowerPotion"},{"floor":39,"key":"Strength Potion"},{"floor":41,"key":"Ancient Potion"},{"floor":42,"key":"Ancient Potion"},{"floor":45,"key":"Explosive Potion"},{"floor":48,"key":"Block Potion"}],"is_trial":false,"path_per_floor":["M","M","$","?","M","R","E","?","T","R","?","R","E","?","R","B",null,"M","M","?","?","$","E","?","R","T","?","M","R","E","?","R","B",null,"M","M","$","?","M","R","?","E","T","R","E","T","M","M","R","B"],"character_chosen":"THE_SILENT","items_purchased":["Quick Slash","AttackPotion","Footwork","White Beast Statue","Membership Card","Footwork","Underhanded Strike"],"campfire_rested":7,"item_purchase_floors":[3,3,22,22,37,37,37],"current_hp_per_floor":[54,47,47,47,37,56,21,21,21,40,40,59,59,64,64,56,67,67,62,62,62,62,50,35,56,56,56,53,71,38,38,59,58,68,65,64,71,71,64,64,64,43,43,43,15,15,12,3,24,0,0],"gold":367,"neow_bonus":"BOSS_RELIC","is_daily":false,"chose_seed":false,"campfire_upgraded":2,"win_rate":0.0,"timestamp":1610815581,"path_taken":["M","M","$","?","M","R","E","?","T","R","?","R","E","?","R","BOSS","M","M","?","?","$","E","?","R","T","?","?","R","E","?","R","BOSS","M","M","$","?","M","R","?","E","T","R","E","?","?","M","R","BOSS"],"items_purchased_type":["Card","Potion","Card","Relic","Relic","Card","Card"],"build_version":"2020-12-22","purchased_purges":1,"victory":false,"max_hp_per_floor":[66,66,66,66,66,66,66,66,66,66,66,66,66,71,71,71,71,71,71,71,71,71,71,71,71,71,71,71,71,71,71,71,71,71,71,71,71,71,71,71,71,71,71,71,71,71,71,71,71,71,71],"relic_stats":{"Peace Pipe":0,"Dream Catcher":6,"Centennial Puzzle":[45],"Busted Crown":18,"counters":[22,120],"Snecko Eye":[160,153,147,144],"Pandora\u0027s Box":["Bane","Blur","Tools of the Trade","Doppelganger","Calculated Gamble","Outmaneuver","Footwork","Doppelganger","Venomology","Setup"],"MealTicket":7,"Orichalcum":[18],"MawBank":108,"obtain_stats":[{"The Specimen":41,"Vajra":11,"Bottled Tornado":30,"Orichalcum":46,"MawBank":13,"White Beast Statue":22,"Peace Pipe":42,"Dream Catcher":7,"Centennial Puzzle":9,"Busted Crown":34,"Ninja Scroll":43,"Snecko Eye":17,"Pandora\u0027s Box":0,"MealTicket":23,"Red Mask":24,"Membership Card":37,"InkBottle":45,"Ring of the Snake":0},{"The Specimen":17,"Vajra":4,"Bottled Tornado":12,"Orichalcum":19,"MawBank":5,"White Beast Statue":8,"Peace Pipe":18,"Dream Catcher":4,"Centennial Puzzle":4,"Busted Crown":13,"Ninja Scroll":18,"Snecko Eye":6,"Pandora\u0027s Box":0,"MealTicket":9,"Red Mask":10,"Membership Card":15,"InkBottle":19,"Ring of the Snake":0},{"The Specimen":96,"Vajra":27,"Bottled Tornado":73,"Orichalcum":109,"MawBank":31,"White Beast Statue":48,"Peace Pipe":103,"Dream Catcher":27,"Centennial Puzzle":27,"Busted Crown":81,"Ninja Scroll":103,"Snecko Eye":41,"Pandora\u0027s Box":0,"MealTicket":57,"Red Mask":60,"Membership Card":86,"InkBottle":109,"Ring of the Snake":0}],"InkBottle":[4]},"card_choices":[{"not_picked":["Distraction","Reflex"],"picked":"Underhanded Strike","floor":1.0},{"not_picked":["Dagger Spray","Finisher"],"picked":"Flying Knee","floor":2.0},{"not_picked":["Outmaneuver","Calculated Gamble"],"picked":"Blade Dance","floor":5.0},{"not_picked":["Prepared","PiercingWail"],"picked":"Dash","floor":7.0},{"not_picked":["Blade Dance","Backflip"],"picked":"Night Terror","floor":10.0},{"not_picked":["Bane","Predator"],"picked":"Terror","floor":12.0},{"not_picked":["Slice","Underhanded Strike"],"picked":"Bouncing Flask","floor":13.0},{"not_picked":["Unload","Tools of the Trade"],"picked":"Adrenaline","floor":16.0},{"not_picked":["Quick Slash","Flying Knee+1"],"picked":"PiercingWail","floor":18.0},{"not_picked":["Slice+1","Skewer"],"picked":"Catalyst","floor":19.0},{"not_picked":["Dagger Spray+1","Blade Dance"],"picked":"Skewer+1","floor":23.0},{"not_picked":["Distraction+1","Setup"],"picked":"Leg Sweep+1","floor":24.0},{"not_picked":["Choke","Flying Knee"],"picked":"Dodge and Roll+1","floor":25.0},{"not_picked":["Well Laid Plans","Endless Agony","Calculated Gamble"],"picked":"SKIP","floor":28},{"not_picked":["Dagger Spray","Cloak And Dagger"],"picked":"Deadly Poison","floor":30},{"not_picked":["Expertise","Dash"],"picked":"Catalyst+1","floor":32},{"not_picked":["A Thousand Cuts","Phantasmal Killer"],"picked":"Bullet Time","floor":33},{"not_picked":["Escape Plan"],"picked":"SKIP","floor":35},{"not_picked":["Quick Slash"],"picked":"SKIP","floor":36},{"not_picked":["Prepared"],"picked":"SKIP","floor":39},{"not_picked":["Dagger Spray"],"picked":"SKIP","floor":42},{"not_picked":[],"picked":"Tactician","floor":45},{"not_picked":["Flying Knee+1"],"picked":"SKIP","floor":47},{"not_picked":[],"picked":"Acrobatics+1","floor":48}],"player_experience":663294,"relics_obtained":[{"floor":7.0,"key":"Dream Catcher"},{"floor":9.0,"key":"Centennial Puzzle"},{"floor":13.0,"key":"MawBank"},{"floor":23.0,"key":"MealTicket"},{"floor":24.0,"key":"Red Mask"},{"floor":30,"key":"Bottled Tornado"},{"floor":41,"key":"The Specimen"},{"floor":42,"key":"Peace Pipe"},{"floor":43,"key":"Ninja Scroll"},{"floor":45,"key":"InkBottle"},{"floor":46,"key":"Orichalcum"}],"event_choices":[{"damage_healed":0.0,"max_hp_gain":0.0,"max_hp_loss":0.0,"gold_gain":0.0,"event_name":"Living Wall","player_choice":"Grow","floor":4.0,"gold_loss":0.0,"damage_taken":0.0,"cards_upgraded":["Underhanded Strike"]},{"damage_healed":0.0,"max_hp_gain":0.0,"max_hp_loss":0.0,"gold_gain":0.0,"event_name":"Shining Light","player_choice":"Ignored","floor":8.0,"gold_loss":0.0,"damage_taken":0.0},{"damage_healed":0.0,"max_hp_gain":0.0,"max_hp_loss":0.0,"gold_gain":0.0,"event_name":"Dead Adventurer","player_choice":"Searched \u00271\u0027 times","floor":11.0,"gold_loss":0.0,"damage_taken":0.0,"relics_obtained":["Vajra"]},{"damage_healed":0.0,"max_hp_gain":5.0,"max_hp_loss":0.0,"gold_gain":0.0,"event_name":"Big Fish","player_choice":"Donut","floor":14.0,"gold_loss":0.0,"damage_taken":0.0},{"damage_healed":0.0,"max_hp_gain":0.0,"max_hp_loss":0.0,"gold_gain":50.0,"event_name":"Nest","player_choice":"Stole From Cult","floor":20.0,"gold_loss":0.0,"damage_taken":0.0},{"damage_healed":0.0,"max_hp_gain":0.0,"max_hp_loss":0.0,"gold_gain":0.0,"cards_transformed":["Doppelganger","Setup"],"event_name":"Drug Dealer","player_choice":"Became Test Subject","floor":21.0,"gold_loss":0.0,"damage_taken":0.0,"cards_obtained":["Malaise","Doppelganger"]},{"damage_healed":0.0,"max_hp_gain":0.0,"max_hp_loss":0.0,"gold_gain":0.0,"event_name":"Masked Bandits","player_choice":"Fought Bandits","floor":24.0,"gold_loss":0.0,"damage_taken":0.0},{"cards_removed":["Doppelganger"],"damage_healed":0,"gold_gain":0,"player_choice":"Elegance","damage_taken":0,"max_hp_gain":0,"max_hp_loss":0,"event_name":"Back to Basics","floor":27,"gold_loss":0},{"damage_healed":0,"gold_gain":0,"player_choice":"Read","damage_taken":0,"max_hp_gain":0,"max_hp_loss":0,"event_name":"The Library","floor":31,"gold_loss":0,"cards_obtained":["Corpse Explosion"]},{"damage_healed":0,"gold_gain":222,"player_choice":"Wore Mask","damage_taken":0,"max_hp_gain":0,"max_hp_loss":0,"event_name":"Tomb of Lord Red Mask","floor":38,"gold_loss":0},{"damage_healed":0,"gold_gain":0,"player_choice":"Fight","damage_taken":0,"max_hp_gain":0,"max_hp_loss":0,"event_name":"MindBloom","floor":41,"gold_loss":0}],"is_beta":false,"boss_relics":[{"not_picked":["SacredBark","Fusion Hammer"],"picked":"Snecko Eye"},{"not_picked":["Calling Bell","SlaversCollar"],"picked":"Busted Crown"}],"items_purged_floors":[22],"is_endless":false,"potions_floor_spawned":[5,7,13,16,19,23,24,28,30,33,35,36,39,41,42,45,47,48],"killed_by":"Donu and Deca","ascension_level":20}}