{"host":"8gp6t7ud4bifk0zs","time":1610769524,"event":{"mods":["AchievementEnabler","BaseMod","Minty Spire (QoL Compilation)","StSLib","everything is the same but u backflip on backflip"],"gold_per_floor":[110,128,145,20,20,20,46,46,46,74,91,91,102,115,115,216,216,233,248,268,268,64,98,98,148,148,198,198,213,150,165,165,267,267,284,384,125,144,157,157,168,168,195,295,295,306,218,244,244,244],"floor_reached":51,"language":"KOR","playtime":2653,"items_purged":["Defend_G","Dash+1","Dagger Spray+1","Venomology","Venomology+1"],"score":1009,"play_id":"a2177afd-e3b1-4f4c-85ec-7f5a2a368422","local_time":"20210116125844","is_ascension_mode":true,"campfire_choices":[{"data":"Concentrate","floor":6.0,"key":"SMITH"},{"data":"Calculated Gamble","floor":8.0,"key":"SMITH"},{"data":"Footwork","floor":12.0,"key":"SMITH"},{"data":"Venomology","floor":15.0,"key":"SMITH"},{"data":"Infinite Blades","floor":24,"key":"PURGE"},{"data":"Setup","floor":28,"key":"PURGE"},{"data":"Tactician","floor":32,"key":"SMITH"},{"data":"Sucker Punch+1","floor":40,"key":"PURGE"},{"data":"Underhanded Strike+1","floor":42,"key":"PURGE"},{"data":"Cloak And Dagger+1","floor":45,"key":"PURGE"},{"data":"Caltrops","floor":49,"key":"PURGE"}],"circlet_count":0,"master_deck":["Survivor","Neutralize","Calculated Gamble+1","Footwork+1","Concentrate+1","Prepared","Acrobatics","Quick Slash+1","Adrenaline","Backflip","Backstab+1","Grand Finale+1","Acrobatics","Backflip+1","Tactician+1","Die Die Die+1","Prepared+1"],"relics":["Ring of the Snake","Potion Belt","White Beast Statue","SacredBark","Toy Ornithopter","SsserpentHead","Shuriken","The Courier","Molten Egg 2","Pandora\u0027s Box","Peace Pipe","Membership Card","War Paint","TungstenRod","HornCleat","SlaversCollar","Turnip","Lantern","TheAbacus","Boot","Happy Flower","Ice Cream","Bottled Lightning"],"acts_visited":["Exordium","TheCity","TheBeyond"],"potions_floor_usage":[16,16,16,19,19,20,20,20,21,21,23,23,29,29,29,31,33,33,33,33,33,33,33,35,35,35,35,35,38,38,39,41,41,41,41,41,41,44,44,44,44,46,50,50,50,50,50,50,50,50,50,50,50,50,50,50,50],"damage_taken":[{"damage":4.0,"enemies":"Jaw Worm","floor":1.0,"turns":3.0},{"damage":11.0,"enemies":"Cultist","floor":2.0,"turns":4.0},{"damage":0.0,"enemies":"2 Louse","floor":3.0,"turns":2.0},{"damage":24.0,"enemies":"Lagavulin","floor":7.0,"turns":10.0},{"damage":30.0,"enemies":"3 Sentries","floor":10.0,"turns":6.0},{"damage":6.0,"enemies":"2 Fungi Beasts","floor":11.0,"turns":4.0},{"damage":0.0,"enemies":"Exordium Wildlife","floor":13.0,"turns":2.0},{"damage":12.0,"enemies":"Lots of Slimes","floor":14.0,"turns":3.0},{"damage":29,"enemies":"The Guardian","floor":16,"turns":5},{"damage":15,"enemies":"3 Byrds","floor":18,"turns":3},{"damage":3,"enemies":"Chosen","floor":19,"turns":4},{"damage":15,"enemies":"3 Cultists","floor":20,"turns":4},{"damage":0,"enemies":"Snecko","floor":21,"turns":1},{"damage":55,"enemies":"Gremlin Leader","floor":23,"turns":7},{"damage":0,"enemies":"Snake Plant","floor":29,"turns":3},{"damage":2,"enemies":"Chosen and Byrds","floor":31,"turns":5},{"damage":0,"enemies":"Automaton","floor":33,"turns":2},{"damage":3,"enemies":"3 Shapes","floor":35,"turns":2},{"damage":0,"enemies":"2 Orb Walkers","floor":36,"turns":1},{"damage":16,"enemies":"3 Darklings","floor":38,"turns":3},{"damage":0,"enemies":"Spire Growth","floor":39,"turns":2},{"damage":0,"enemies":"Writhing Mass","floor":41,"turns":3},{"damage":0,"enemies":"Mind Bloom Boss Battle","floor":44,"turns":3},{"damage":0,"enemies":"3 Darklings","floor":46,"turns":1},{"damage":0,"enemies":"Giant Head","floor":48,"turns":1},{"damage":0,"enemies":"Awakened One","floor":50,"turns":3}],"seed_played":"-1853706153051390033","potions_obtained":[{"floor":1.0,"key":"Block Potion"},{"floor":2.0,"key":"SteroidPotion"},{"floor":3.0,"key":"Explosive Potion"},{"floor":7.0,"key":"ColorlessPotion"},{"floor":10.0,"key":"Block Potion"},{"floor":11.0,"key":"Weak Potion"},{"floor":13.0,"key":"ColorlessPotion"},{"floor":14.0,"key":"FearPotion"},{"floor":16,"key":"Regen Potion"},{"floor":19,"key":"FearPotion"},{"floor":20,"key":"PowerPotion"},{"floor":23,"key":"Weak Potion"},{"floor":29,"key":"Dexterity Potion"},{"floor":33,"key":"SteroidPotion"},{"floor":35,"key":"Fire Potion"},{"floor":36,"key":"BlessingOfTheForge"},{"floor":38,"key":"PowerPotion"},{"floor":39,"key":"EntropicBrew"},{"floor":41,"key":"Fruit Juice"},{"floor":44,"key":"Energy Potion"},{"floor":46,"key":"Weak Potion"},{"floor":48,"key":"SkillPotion"}],"is_trial":true,"path_per_floor":["M","M","M","$","?","R","E","R","T","E","M","R","M","M","R","B",null,"M","M","M","M","$","E","R","?","T","?","R","M","$","M","R","B",null,"M","?","$","M","M","R","M","R","T","?","R","M","$","E","R","B",null],"character_chosen":"THE_SILENT","items_purchased":["Prepared","War Paint","Lantern","TheAbacus","Toy Ornithopter","Boot"],"campfire_rested":0,"item_purchase_floors":[4,22,37,37,37,37],"current_hp_per_floor":[70,64,69,69,69,69,49,49,49,29,28,28,38,36,36,22,70,55,62,55,65,65,15,15,15,15,15,15,69,69,68,68,70,70,67,67,67,61,66,66,80,80,80,80,80,80,80,80,80,80],"gold":244,"neow_bonus":"","is_daily":false,"chose_seed":false,"campfire_upgraded":5,"win_rate":0.0,"timestamp":1610769524,"path_taken":["M","M","M","$","?","R","E","R","T","E","M","R","M","M","R","BOSS","M","M","M","M","$","E","R","?","T","?","R","M","$","M","R","BOSS","M","?","$","M","M","R","M","R","T","?","R","M","$","E","R","BOSS"],"items_purchased_type":["Card","Relic","Relic","Relic","Relic","Relic"],"build_version":"2020-12-22","purchased_purges":5,"victory":true,"max_hp_per_floor":[70,70,70,70,70,70,70,70,70,70,70,70,70,70,70,70,70,70,70,70,70,70,70,70,70,70,70,70,70,70,70,70,70,70,70,70,70,70,70,70,80,80,80,80,80,80,80,80,80,80],"card_choices":[{"not_picked":["Setup","Dagger Spray"],"picked":"Calculated Gamble","floor":1.0},{"not_picked":["Deadly Poison","Prepared"],"picked":"Footwork","floor":2.0},{"not_picked":["PiercingWail","Footwork"],"picked":"Concentrate","floor":3.0},{"not_picked":["Phantasmal Killer","Leg Sweep"],"picked":"Acrobatics","floor":7.0},{"not_picked":["Blade Dance","Backflip"],"picked":"Quick Slash+1","floor":10.0},{"not_picked":["Flying Knee+1","Catalyst"],"picked":"Underhanded Strike+1","floor":11.0},{"not_picked":["Outmaneuver","Cloak And Dagger"],"picked":"Dash+1","floor":13.0},{"not_picked":["Infinite Blades","Bane+1"],"picked":"Dagger Spray+1","floor":14.0},{"not_picked":["Unload+1","Glass Knife+1"],"picked":"Adrenaline","floor":16},{"not_picked":["Deflect","Sucker Punch+1","Masterful Stab+1"],"picked":"SKIP","floor":18},{"not_picked":["Masterful Stab+1","Setup+1"],"picked":"Acrobatics","floor":19},{"not_picked":["PiercingWail+1","Deflect"],"picked":"Backflip","floor":20},{"not_picked":["Cloak And Dagger","Leg Sweep","Prepared"],"picked":"SKIP","floor":23},{"not_picked":["Flying Knee+1","Underhanded Strike+1","Noxious Fumes"],"picked":"SKIP","floor":29},{"not_picked":["Outmaneuver","Flying Knee+1"],"picked":"Tactician","floor":31},{"not_picked":["Corpse Explosion","Tools of the Trade"],"picked":"Die Die Die+1","floor":33},{"not_picked":["Dagger Spray+1","Backstab+1"],"picked":"Prepared+1","floor":35},{"not_picked":["Bane+1","Poisoned Stab+1","Dagger Spray+1"],"picked":"SKIP","floor":38},{"not_picked":["Deflect+1","Quick Slash+1","Backflip"],"picked":"SKIP","floor":39},{"not_picked":["Sucker Punch+1","Deflect","Leg Sweep+1"],"picked":"SKIP","floor":41},{"not_picked":["Cloak And Dagger+1","Sucker Punch+1","After Image"],"picked":"SKIP","floor":46},{"not_picked":["Poisoned Stab+1","Endless Agony+1","Footwork"],"picked":"SKIP","floor":48}],"player_experience":229058,"relics_obtained":[{"floor":7.0,"key":"Shuriken"},{"floor":9.0,"key":"The Courier"},{"floor":10.0,"key":"Molten Egg 2"},{"floor":23,"key":"TungstenRod"},{"floor":26,"key":"HornCleat"},{"floor":36,"key":"Turnip"},{"floor":43,"key":"Happy Flower"},{"floor":44,"key":"Peace Pipe"},{"floor":48,"key":"Bottled Lightning"}],"event_choices":[{"damage_healed":0.0,"max_hp_gain":0.0,"max_hp_loss":0.0,"gold_gain":0.0,"event_name":"FaceTrader","player_choice":"Trade","floor":5.0,"gold_loss":0.0,"damage_taken":0.0,"relics_obtained":["SsserpentHead"]},{"damage_healed":0,"gold_gain":0,"player_choice":"Ignored","damage_taken":0,"max_hp_gain":0,"max_hp_loss":0,"event_name":"Ghosts","floor":25,"gold_loss":0},{"damage_healed":0,"gold_gain":0,"player_choice":"Ignored","damage_taken":0,"max_hp_gain":0,"max_hp_loss":0,"event_name":"Vampires","floor":27,"gold_loss":0},{"damage_healed":0,"gold_gain":0,"player_choice":"Fight","damage_taken":0,"max_hp_gain":0,"max_hp_loss":0,"event_name":"Mysterious Sphere","floor":36,"gold_loss":0},{"damage_healed":0,"gold_gain":0,"player_choice":"Fight","damage_taken":0,"max_hp_gain":0,"max_hp_loss":0,"event_name":"MindBloom","floor":44,"gold_loss":0}],"is_beta":false,"boss_relics":[{"not_picked":["Philosopher\u0027s Stone","Runic Pyramid"],"picked":"Pandora\u0027s Box"},{"not_picked":["Runic Dome","Ring of the Serpent"],"picked":"SlaversCollar"}],"items_purged_floors":[4,22,30,37,47],"is_endless":false,"potions_floor_spawned":[1,2,3,7,10,11,13,14,16,18,19,20,21,23,29,31,33,35,36,38,39,41,44,46,48],"ascension_level":3}}