{"host":"3oax8yz66k5njorr","time":1610815653,"event":{"mods":["AchievementEnabler","BaseMod","Colored Map","Colored Powertips","DeckTracker","Minty Spire (QoL Compilation)","Rare Cards Sparkle"],"gold_per_floor":[116,127,50,68,78,105,105,137,137,166,179,179,192,210,210,306,306,316,328,328,29,39,39,58,58,58,77,17,36,36,36,36,36,36],"floor_reached":33,"language":"KOR","playtime":1588,"items_purged":[],"score":286,"play_id":"c6c14c82-c520-4f6a-a264-a877fbbe8e4c","local_time":"20210117014733","is_ascension_mode":false,"campfire_choices":[{"floor":7.0,"key":"REST"},{"floor":15.0,"key":"REST"},{"floor":23.0,"key":"REST"},{"floor":25,"key":"REST"},{"floor":32,"key":"REST"}],"circlet_count":0,"master_deck":["Defend_G","Defend_G","Defend_G","Defend_G","Survivor","Neutralize","Cloak And Dagger","Bouncing Flask","Blur","Quick Slash","Dodge and Roll","Masterful Stab","Die Die Die","Dagger Throw","Well Laid Plans","Burst","Deflect+1","Skewer+1","Outmaneuver+1","Poisoned Stab","Backflip+1","Deadly Poison","Dodge and Roll+1","Accuracy","Quick Slash","Prepared+1","Ghostly+1","Ghostly+1","Ghostly+1","Ghostly+1","Ghostly+1"],"relics":["Ring of the Snake","Orichalcum","Art of War","Centennial Puzzle","Blood Vial","Odd Mushroom","Astrolabe","Tough Bandages","Toxic Egg 2"],"acts_visited":["Exordium","TheCity"],"potions_floor_usage":[24,27,29,30],"damage_taken":[{"damage":2.0,"enemies":"Small Slimes","floor":1.0,"turns":3.0},{"damage":3.0,"enemies":"Cultist","floor":2.0,"turns":4.0},{"damage":0.0,"enemies":"2 Louse","floor":4.0,"turns":2.0},{"damage":3.0,"enemies":"Red Slaver","floor":5.0,"turns":3.0},{"damage":28.0,"enemies":"3 Sentries","floor":6.0,"turns":7.0},{"damage":3.0,"enemies":"Gremlin Nob","floor":8.0,"turns":3.0},{"damage":3.0,"enemies":"The Mushroom Lair","floor":10.0,"turns":2.0},{"damage":4.0,"enemies":"2 Fungi Beasts","floor":11.0,"turns":3.0},{"damage":4.0,"enemies":"Blue Slaver","floor":13.0,"turns":2.0},{"damage":13.0,"enemies":"Large Slime","floor":14.0,"turns":6.0},{"damage":50.0,"enemies":"Hexaghost","floor":16.0,"turns":11.0},{"damage":22.0,"enemies":"Spheric Guardian","floor":18.0,"turns":5.0},{"damage":22.0,"enemies":"2 Thieves","floor":19.0,"turns":4.0},{"damage":29.0,"enemies":"Centurion and Healer","floor":22.0,"turns":9.0},{"damage":3,"enemies":"Snecko","floor":24,"turns":5},{"damage":22,"enemies":"Snake Plant","floor":27,"turns":5},{"damage":14,"enemies":"Cultist and Chosen","floor":29,"turns":9},{"damage":9,"enemies":"Colosseum Slavers","floor":30,"turns":6},{"damage":21,"enemies":"Collector","floor":33,"turns":12}],"seed_played":"3763578030206171640","potions_obtained":[{"floor":5.0,"key":"PowerPotion"},{"floor":6.0,"key":"BlessingOfTheForge"},{"floor":11.0,"key":"CunningPotion"},{"floor":13.0,"key":"Ancient Potion"},{"floor":14.0,"key":"Ancient Potion"},{"floor":18.0,"key":"GamblersBrew"},{"floor":22.0,"key":"Explosive Potion"},{"floor":27,"key":"GhostInAJar"}],"is_trial":false,"path_per_floor":["M","M","$","M","M","E","R","E","T","?","M","?","M","M","R","B",null,"M","M","?","$","M","R","M","R","T","M","?","M","?","?","R","B"],"character_chosen":"THE_SILENT","items_purchased":["Blur","Tough Bandages"],"campfire_rested":5,"item_purchase_floors":[3,21],"current_hp_per_floor":[68,65,65,65,62,34,55,52,52,51,49,49,47,36,57,9,70,48,28,28,28,1,22,21,42,42,22,22,10,3,3,13,0,0],"gold":36,"neow_bonus":"RANDOM_COMMON_RELIC","is_daily":false,"chose_seed":false,"campfire_upgraded":0,"win_rate":0.0,"timestamp":1610815653,"path_taken":["M","M","$","M","M","E","R","E","T","?","M","?","M","M","R","BOSS","M","M","?","$","M","R","M","R","T","M","?","?","?","?","R","BOSS"],"items_purchased_type":["Card","Relic"],"build_version":"2020-12-22","purchased_purges":0,"victory":false,"max_hp_per_floor":[70,70,70,70,70,70,70,70,70,70,70,70,70,70,70,70,70,70,70,70,70,70,70,70,70,70,70,70,70,70,35,35,35,35],"card_choices":[{"not_picked":["Backflip","Blur"],"picked":"Cloak And Dagger","floor":1.0},{"not_picked":["Catalyst","Noxious Fumes"],"picked":"Bouncing Flask","floor":2.0},{"not_picked":["Riddle With Holes","PiercingWail"],"picked":"Quick Slash","floor":4.0},{"not_picked":["Acrobatics","Tactician"],"picked":"Dodge and Roll","floor":5.0},{"not_picked":["Acrobatics","Bane"],"picked":"Masterful Stab","floor":6.0},{"not_picked":["All Out Attack","Catalyst"],"picked":"Die Die Die","floor":8.0},{"not_picked":["Caltrops","Riddle With Holes"],"picked":"Dagger Throw","floor":10.0},{"not_picked":["Deflect","Outmaneuver","Blade Dance"],"picked":"SKIP","floor":11.0},{"not_picked":["Dagger Spray","Underhanded Strike"],"picked":"Well Laid Plans","floor":13.0},{"not_picked":["Slice","Choke","Infinite Blades"],"picked":"SKIP","floor":14.0},{"not_picked":["Wraith Form v2","Bullet Time"],"picked":"Burst","floor":16.0},{"not_picked":["Distraction","Outmaneuver"],"picked":"Poisoned Stab","floor":18.0},{"not_picked":["Flechettes","Blade Dance+1"],"picked":"Backflip+1","floor":19.0},{"not_picked":["Backflip","Reflex","Accuracy"],"picked":"SKIP","floor":22.0},{"not_picked":["Noxious Fumes","Deadly Poison"],"picked":"Sucker Punch","floor":24},{"not_picked":["Underhanded Strike","Distraction+1"],"picked":"Dodge and Roll+1","floor":27},{"not_picked":["Dodge and Roll+1","Deadly Poison+1"],"picked":"Prepared+1","floor":29}],"player_experience":56446,"relics_obtained":[{"floor":6.0,"key":"Art of War"},{"floor":8.0,"key":"Centennial Puzzle"},{"floor":9.0,"key":"Blood Vial"},{"floor":10.0,"key":"Odd Mushroom"},{"floor":26,"key":"Toxic Egg 2"}],"event_choices":[{"damage_healed":0.0,"max_hp_gain":0.0,"max_hp_loss":0.0,"gold_gain":0.0,"event_name":"Mushrooms","player_choice":"Fought Mushrooms","floor":10.0,"gold_loss":0.0,"damage_taken":0.0},{"cards_removed":["Strike_G"],"damage_healed":0.0,"max_hp_gain":0.0,"max_hp_loss":0.0,"gold_gain":0.0,"event_name":"Bonfire Elementals","player_choice":"Offered Basic","floor":12.0,"gold_loss":0.0,"damage_taken":0.0},{"damage_healed":0.0,"max_hp_gain":0.0,"max_hp_loss":0.0,"gold_gain":0.0,"cards_transformed":["Strike_G","Strike_G"],"event_name":"Drug Dealer","player_choice":"Became Test Subject","floor":20.0,"gold_loss":0.0,"damage_taken":0.0,"cards_obtained":["Phantasmal Killer","Deadly Poison"]},{"damage_healed":0,"gold_gain":0,"cards_transformed":["Phantasmal Killer","Sucker Punch"],"player_choice":"Transformed Cards","damage_taken":0,"max_hp_gain":0,"max_hp_loss":0,"event_name":"Designer","floor":28,"gold_loss":60,"cards_obtained":["Accuracy","Quick Slash"]},{"damage_healed":0,"gold_gain":0,"player_choice":"Fight","damage_taken":0,"max_hp_gain":0,"max_hp_loss":0,"event_name":"Colosseum","floor":30,"gold_loss":0},{"damage_healed":0,"gold_gain":0,"player_choice":"Fled From Nobs","damage_taken":0,"max_hp_gain":0,"max_hp_loss":0,"event_name":"Colosseum","floor":30,"gold_loss":0},{"damage_healed":0,"gold_gain":0,"player_choice":"Became a Ghost","damage_taken":0,"max_hp_gain":0,"max_hp_loss":35,"event_name":"Ghosts","floor":31,"gold_loss":0,"cards_obtained":["Ghostly","Ghostly","Ghostly","Ghostly","Ghostly"]}],"is_beta":false,"boss_relics":[{"not_picked":["Tiny House","SacredBark"],"picked":"Astrolabe"}],"items_purged_floors":[],"is_endless":false,"potions_floor_spawned":[5,6,11,13,14,18,22,27],"killed_by":"Collector","ascension_level":0}}