{"host":"6ku2x95nvqi5d9hv","time":1610758847,"event":{"mods":["Act Like it!","BaseMod","Better-Laid Plans","Colored Map","Colored Powertips","Lobotomy","Minty Spire (QoL Compilation)","Shop Mod","StSLib","TestMod","[IsaacMod]以撒尖塔","【功能Mod】混沌之环修复补丁","篝火指南"],"gold_per_floor":[112,123,143,158,83,83,83],"floor_reached":6,"language":"ZHS","playtime":280,"items_purged":["Strike_R"],"score":38,"play_id":"13744f03-cb3c-40d8-8f6e-5b5e4fa6f584","local_time":"20210116090047","is_ascension_mode":false,"campfire_choices":[],"circlet_count":0,"master_deck":["Strike_R","Strike_R","Strike_R","Strike_R","Defend_R","Defend_R","Defend_R","Defend_R","Bash","BloodyBrimstone","Shrug It Off","SpiderBud","Burning Pact","CherryBlossoms","Yin","Carnage"],"relics":["Burning Blood","HushsDoor","testmod-TestBox","YumHeart","testmod-Alchemist","CogitoBucket"],"acts_visited":["Exordium"],"potions_floor_usage":[],"damage_taken":[{"damage":6,"enemies":"Small Slimes","floor":1,"turns":3},{"damage":1,"enemies":"2 Louse","floor":2,"turns":3},{"damage":1,"enemies":"Cultist","floor":3,"turns":4},{"damage":0,"enemies":"Exordium Thugs","floor":4,"turns":4},{"damage":0,"enemies":"3 Sentries","floor":6,"turns":2}],"seed_played":"6520569882872862076","potions_obtained":[{"floor":1,"key":"Block Potion"},{"floor":4,"key":"testmod-EscapePotion"}],"is_trial":false,"path_per_floor":["M","M","M","M","$","E"],"character_chosen":"IRONCLAD","items_purchased":[],"campfire_rested":0,"item_purchase_floors":[],"current_hp_per_floor":[80,80,80,80,80,0,0],"gold":83,"neow_bonus":"","is_daily":false,"chose_seed":false,"campfire_upgraded":0,"win_rate":0.0,"timestamp":1610758847,"path_taken":["M","M","M","M","$","E"],"items_purchased_type":[],"build_version":"2020-12-22","purchased_purges":1,"victory":false,"max_hp_per_floor":[80,80,80,80,80,80,80],"card_choices":[{"not_picked":[],"picked":"BloodyBrimstone","floor":0},{"not_picked":["Bomb","Clothesline"],"picked":"Shrug It Off","floor":1},{"not_picked":["BlackSwan","WallGazer"],"picked":"SpiderBud","floor":1},{"not_picked":["Cleave","Shrug It Off"],"picked":"Burning Pact","floor":2},{"not_picked":["ShyLook","PunishingBird"],"picked":"CherryBlossoms","floor":2},{"not_picked":["PunishingBird","ShyLook"],"picked":"Yin","floor":3},{"not_picked":["Pommel Strike","Thunderclap"],"picked":"Carnage","floor":3},{"not_picked":["Headbutt","Burning Pact","Dual Wield"],"picked":"SKIP","floor":4}],"player_experience":377061,"relics_obtained":[],"event_choices":[],"is_beta":false,"boss_relics":[],"items_purged_floors":[5],"is_endless":false,"potions_floor_spawned":[1,4],"killed_by":"3 Sentries","ascension_level":0}}