{"host":"jdbhgql29eqg6e2t","time":1610768909,"event":{"mods":["BaseMod","Hermit","Infinite Spire","Minty Spire (QoL Compilation)","Replay The Spire","Shop Mod","StSLib","The Cursed","The Disciple"],"gold_per_floor":[415,68,243,293,293,293,293],"floor_reached":6,"language":"ENG","playtime":460,"items_purged":[],"score":32,"play_id":"90e7b68c-f0c2-42de-8c58-6c2a1263715f","local_time":"20210116004829","daily_mods":["Heirloom","Time Dilation","Flight"],"is_ascension_mode":false,"campfire_choices":[],"circlet_count":0,"master_deck":["hermit:Strike_Hermit","hermit:Strike_Hermit","hermit:Strike_Hermit","hermit:Strike_Hermit","hermit:Defend_Hermit","hermit:Defend_Hermit","hermit:Defend_Hermit","hermit:Defend_Hermit","hermit:Snapshot","hermit:Covet","hermit:LowProfile","hermit:BigShot","hermit:Maintenance","hermit:GhostlyPresence","Hallucinations","Regret"],"relics":["hermit:Momento","Old Coin","Blue Doll","Ring of Greed","Tiny Chest","Replay:Wax Seal","ReplayTheSpireMod:Ring of Collecting"],"acts_visited":["Exordium"],"potions_floor_usage":[],"damage_taken":[{"damage":5,"enemies":"Small Slimes","floor":1,"turns":4},{"damage":102,"enemies":"Gremlin Nob","floor":6,"turns":7}],"seed_played":"7425733797699608404","potions_obtained":[],"is_trial":true,"path_per_floor":["M","$","?","?","?","E"],"character_chosen":"HERMIT","items_purchased":["Blue Doll","hermit:BigShot","hermit:Maintenance","hermit:GhostlyPresence"],"campfire_rested":0,"item_purchase_floors":[2,2,2,2],"current_hp_per_floor":[70,70,70,70,70,0,0],"gold":293,"neow_bonus":"","is_daily":false,"chose_seed":false,"campfire_upgraded":0,"win_rate":0.0,"timestamp":1610768909,"path_taken":["M","$","?","?","?","E"],"items_purchased_type":["Relic","Card","Card","Card"],"build_version":"2020-12-22","purchased_purges":0,"victory":false,"max_hp_per_floor":[75,75,75,75,75,75,75],"card_choices":[{"not_picked":["hermit:Virtue","hermit:Glare"],"picked":"hermit:LowProfile","floor":1}],"player_experience":527519,"relics_obtained":[{"floor":4,"key":"Ring of Greed"},{"floor":4,"key":"Tiny Chest"},{"floor":4,"key":"Replay:Wax Seal"},{"floor":4,"key":"ReplayTheSpireMod:Ring of Collecting"}],"event_choices":[{"damage_healed":0,"gold_gain":175,"player_choice":"AGREE","damage_taken":0,"max_hp_gain":0,"max_hp_loss":0,"event_name":"Liars Game","floor":3,"gold_loss":0,"cards_obtained":["Doubt"]},{"damage_healed":0,"gold_gain":0,"cards_transformed":["Doubt"],"player_choice":"Transformed","damage_taken":0,"max_hp_gain":0,"max_hp_loss":0,"event_name":"Transmorgrifier","floor":5,"gold_loss":0,"cards_obtained":["Regret"]}],"is_beta":false,"boss_relics":[],"items_purged_floors":[],"is_endless":false,"potions_floor_spawned":[],"killed_by":"Gremlin Nob","ascension_level":0}}