{"host":"e1wc9sdc4kdvhg3d","time":1610770256,"event":{"mods":["AchievementEnabler","BaseMod","BetterRewards","Minty Spire (QoL Compilation)","Relic Stats","StSLib"],"gold_per_floor":[117,117,117,134,147,180,180,209,209,241,241,268,284,303,303,303,303],"floor_reached":16,"language":"ENG","playtime":781,"items_purged":[],"score":234,"play_id":"5b202ca1-8376-4420-b637-4fe9c6d7418d","local_time":"20210115221056","is_ascension_mode":true,"campfire_choices":[{"data":"Bash","floor":7,"key":"SMITH"},{"floor":11,"key":"REST"},{"floor":15,"key":"REST"}],"circlet_count":0,"master_deck":["Strike_R","Strike_R+1","Strike_R+1","Strike_R","Defend_R","Defend_R","Defend_R","Defend_R","Bash+1","Shrug It Off","Disarm","Evolve","Demon Form","Spot Weakness","Clothesline","Pommel Strike"],"relics":["Burning Blood","PreservedInsect","ClockworkSouvenir","Tiny Chest","Mummified Hand","Matryoshka","Smiling Mask","Eternal Feather","Incense Burner","Whetstone"],"acts_visited":["Exordium"],"potions_floor_usage":[8,16,16],"damage_taken":[{"damage":7,"enemies":"Jaw Worm","floor":1,"turns":5},{"damage":2,"enemies":"2 Louse","floor":4,"turns":4},{"damage":4,"enemies":"Cultist","floor":5,"turns":4},{"damage":42,"enemies":"Gremlin Nob","floor":6,"turns":6},{"damage":18,"enemies":"Lagavulin","floor":8,"turns":5},{"damage":23,"enemies":"3 Sentries","floor":10,"turns":7},{"damage":28,"enemies":"Gremlin Nob","floor":12,"turns":5},{"damage":13,"enemies":"Gremlin Gang","floor":13,"turns":7},{"damage":4,"enemies":"Looter","floor":14,"turns":4},{"damage":46,"enemies":"Slime Boss","floor":16,"turns":11}],"seed_played":"4849476002364153671","potions_obtained":[{"floor":5,"key":"Ancient Potion"},{"floor":6,"key":"AttackPotion"},{"floor":10,"key":"ElixirPotion"},{"floor":13,"key":"Fire Potion"},{"floor":14,"key":"SkillPotion"}],"is_trial":false,"path_per_floor":["M","?","?","M","M","E","R","E","T","E","R","E","M","M","R","B"],"character_chosen":"IRONCLAD","items_purchased":["PreservedInsect","ClockworkSouvenir"],"campfire_rested":2,"item_purchase_floors":[0,0],"current_hp_per_floor":[71,68,68,72,74,38,38,26,26,9,39,17,10,12,45,0,0],"gold":303,"neow_bonus":"","is_daily":false,"chose_seed":false,"campfire_upgraded":1,"win_rate":0.0,"timestamp":1610770256,"path_taken":["M","?","?","M","?","E","R","E","T","E","R","E","M","?","R","BOSS"],"items_purchased_type":["Relic","Relic"],"build_version":"2020-12-22","purchased_purges":0,"victory":false,"max_hp_per_floor":[80,80,80,80,80,80,80,80,80,80,80,80,80,80,80,80,80],"relic_stats":{"counters":[26,138],"Mummified Hand":[6],"Tiny Chest":1,"Eternal Feather":15,"PreservedInsect":297,"Whetstone":["Strike_R","Heavy Blade","Strike_R","Strike_R"],"Smiling Mask":0,"obtain_stats":[{"Regal Pillow":25,"Calipers":21,"Gremlin Horn":26,"Blue Candle":23,"Eternal Feather":9,"PreservedInsect":0,"Pen Nib":9,"Omamori":10,"Incense Burner":10,"Whetstone":14,"MawBank":7,"Cursed Key":17,"Smiling Mask":9,"Burning Blood":0,"Old Coin":13,"ClockworkSouvenir":0,"Dream Catcher":27,"Matryoshka":8,"Mummified Hand":6,"Tiny Chest":2,"Red Mask":20},{"Regal Pillow":13,"Calipers":11,"Gremlin Horn":13,"Blue Candle":12,"Eternal Feather":21,"PreservedInsect":0,"Pen Nib":5,"Omamori":6,"Incense Burner":22,"Whetstone":8,"MawBank":5,"Cursed Key":9,"Smiling Mask":21,"Burning Blood":0,"Old Coin":7,"ClockworkSouvenir":16,"Dream Catcher":14,"Matryoshka":21,"Mummified Hand":20,"Tiny Chest":17,"Red Mask":11},{"Regal Pillow":63,"Calipers":52,"Gremlin Horn":63,"Blue Candle":58,"Eternal Feather":104,"PreservedInsect":0,"Pen Nib":19,"Omamori":24,"Incense Burner":111,"Whetstone":30,"MawBank":19,"Cursed Key":40,"Smiling Mask":104,"Burning Blood":0,"Old Coin":26,"ClockworkSouvenir":80,"Dream Catcher":71,"Matryoshka":104,"Mummified Hand":99,"Tiny Chest":85,"Red Mask":52}],"Burning Blood":144},"card_choices":[{"not_picked":["Headbutt","Armaments"],"picked":"Shrug It Off","floor":1},{"not_picked":["Iron Wave","Combust"],"picked":"Disarm","floor":4},{"not_picked":["Sword Boomerang","Rupture","Wild Strike"],"picked":"SKIP","floor":5},{"not_picked":["Sword Boomerang","Thunderclap"],"picked":"Evolve","floor":6},{"not_picked":["Berserk","Thunderclap"],"picked":"Demon Form","floor":8},{"not_picked":["Clash","Havoc","Headbutt"],"picked":"SKIP","floor":10},{"not_picked":["Warcry","Infernal Blade"],"picked":"Spot Weakness","floor":12},{"not_picked":["Wild Strike","Headbutt"],"picked":"Clothesline","floor":13},{"not_picked":["Fiend Fire","Pummel"],"picked":"Pommel Strike","floor":14}],"player_experience":456143,"relics_obtained":[{"floor":6,"key":"Mummified Hand"},{"floor":8,"key":"Matryoshka"},{"floor":9,"key":"Smiling Mask"},{"floor":9,"key":"Eternal Feather"},{"floor":10,"key":"Incense Burner"},{"floor":12,"key":"Whetstone"}],"event_choices":[{"damage_healed":0,"gold_gain":0,"player_choice":"Success","damage_taken":3,"relics_obtained":["Tiny Chest"],"max_hp_gain":0,"max_hp_loss":0,"event_name":"Scrap Ooze","floor":2,"gold_loss":0},{"cards_removed":["Strike_R"],"damage_healed":0,"gold_gain":0,"player_choice":"Purged","damage_taken":0,"max_hp_gain":0,"max_hp_loss":0,"event_name":"Purifier","floor":3,"gold_loss":0}],"is_beta":false,"boss_relics":[],"items_purged_floors":[],"is_endless":false,"potions_floor_spawned":[5,6,10,13,14],"killed_by":"Slime Boss","ascension_level":6}}