{"host":"sv70n8tirfk0oiuf","time":1610801008,"event":{"mods":["Act Like it!","BaseMod","Chen","Gensokyo","Marisa£®ÏF”Í°°ƒß¿Ì…≥£©","Minty Spire (QoL Compilation)","Reimu£®≤©¿ˆ¡È√Œ£©","Remilia£®¿Ÿ√◊¿Ú—«£©","StSLib","noobMod"],"gold_per_floor":[119,149,149,47,64,92,92,92,117,150,164,190,200,214,214,314,314,327,327,327,20,38,63,80,110,110,139,150,167,167,179,179,277,277,295,295,295,295,175,203,231,263,331,365,365,398,31,44,44,44,44,44,14,44,44],"floor_reached":56,"language":"ZHS","playtime":3786,"items_purged":[],"score":1733,"play_id":"3a929ad4-32e8-4a55-82ab-40934794b4d2","local_time":"20210116204328","is_ascension_mode":true,"campfire_choices":[{"data":"Revelation:ReiMu","floor":7,"key":"SMITH"},{"floor":15,"key":"REST"},{"floor":30,"key":"RECALL"},{"data":"YinYangSange:ReiMu","floor":32,"key":"SMITH"},{"floor":45,"key":"REST"},{"floor":49,"key":"REST"},{"data":"InherentArray:ReiMu","floor":52,"key":"SMITH"}],"circlet_count":0,"master_deck":["Strike_Lin:ReiMu+1","Strike_Lin:ReiMu","Strike_Lin:ReiMu","Defend_Lin:ReiMu","Defend_Lin:ReiMu","Defend_Lin:ReiMu","Defend_Lin:ReiMu","NB:ReiMu","Stagnation:ReiMu","Revelation:ReiMu+1","ManaGlint:ReiMu","Meditation:ReiMu","OrbThrow:ReiMu","Conquer:ReiMu","Authority:ReiMu","AlertArray:ReiMu","Revelation:ReiMu","Enchanting:ReiMu","FoulBorder2:ReiMu","InherentArray:ReiMu+1","RainPray2:ReiMu","Mountainwind:ReiMu","CleanRite:ReiMu","EmergencyTakeOff:ReiMu","Conquer:ReiMu+1","SpreadBorder2:ReiMu","LovePray:ReiMu","AlertArray:ReiMu","TightArray:ReiMu","LovePray:ReiMu","EmergencyTakeOff:ReiMu","YinYangSange:ReiMu+1","SealNeedle:ReiMu","HakureiPhantom:ReiMu","MikOfLucky:ReiMu+1","CardOfSanctity:ReiMu","CareerPray:ReiMu","Gathering:ReiMu+1","Crusade:ReiMu","EmergencyTakeOff:ReiMu+1","FoulBorder2:ReiMu","InherentArray:ReiMu+1","MikOfLucky:ReiMu","OctopathBindingBorder2:ReiMu+1"],"relics":["ice","CrownOfHeavens:ReiMu","Regal Pillow","Mango","Pantograph","Ancient Tea Set","Pocketwatch","Runic Dome","Nilry\u0027s Codex","Unceasing Top","Art of War","Tea:ReiMu","Juzu Bracelet","The Courier","DonationBox:ReiMu","Peace Pipe","Medical Kit","WingedGreaves","Whetstone","Gambling Chip","CrazyTorch:ReiMu","Blood Vial","Shuriken","SkyOrb:ReiMu","CheatingSign:ReiMu","Happy Flower","ScarletDevilRocket"],"acts_visited":["Gensokyo:Gensokyo","TheCity","Gensokyo:Gensokyoest","TheEnding"],"potions_floor_usage":[16,25],"damage_taken":[{"damage":0,"enemies":"Gensokyo:3_Fairies","floor":1,"turns":5},{"damage":52,"enemies":"Gensokyo:Aya","floor":2,"turns":10},{"damage":0,"enemies":"Gensokyo:Python","floor":5,"turns":3},{"damage":7,"enemies":"Gensokyo:Cirno","floor":6,"turns":6},{"damage":13,"enemies":"Gensokyo:Mamizou","floor":10,"turns":7},{"damage":0,"enemies":"Gensokyo:Gryphon","floor":11,"turns":4},{"damage":5,"enemies":"Gensokyo:Cirno","floor":12,"turns":6},{"damage":1,"enemies":"Gensokyo:CorruptedTreant","floor":13,"turns":4},{"damage":17,"enemies":"Gensokyo:Gryphon_and_Rabbit","floor":14,"turns":4},{"damage":23,"enemies":"Gensokyo:Yukari","floor":16,"turns":8},{"damage":6,"enemies":"3 Byrds","floor":18,"turns":3},{"damage":4,"enemies":"Shell Parasite","floor":22,"turns":4},{"damage":29,"enemies":"Gremlin Leader","floor":23,"turns":7},{"damage":38,"enemies":"Snake Plant","floor":24,"turns":5},{"damage":27,"enemies":"Slavers","floor":25,"turns":3},{"damage":15,"enemies":"Book of Stabbing","floor":27,"turns":3},{"damage":0,"enemies":"Centurion and Healer","floor":28,"turns":2},{"damage":0,"enemies":"Sentry and Sphere","floor":29,"turns":2},{"damage":0,"enemies":"Snake Plant","floor":31,"turns":1},{"damage":0,"enemies":"Automaton","floor":33,"turns":4},{"damage":0,"enemies":"Gensokyo:3_Boulders","floor":35,"turns":3},{"damage":3,"enemies":"Gensokyo:Marisa","floor":40,"turns":3},{"damage":12,"enemies":"Gensokyo:Kasen","floor":41,"turns":4},{"damage":21,"enemies":"Gensokyo:Marisa","floor":42,"turns":3},{"damage":0,"enemies":"Gensokyo:Doremy","floor":44,"turns":3},{"damage":18,"enemies":"Gensokyo:Marisa","floor":46,"turns":3},{"damage":0,"enemies":"Gensokyo:3_Bats","floor":48,"turns":2},{"damage":8,"enemies":"Gensokyo:Shinki","floor":50,"turns":5},{"damage":0,"enemies":"Shield and Spear","floor":54,"turns":2},{"damage":61,"enemies":"The Heart","floor":55,"turns":5}],"seed_played":"482713597292985556","potions_obtained":[{"floor":1,"key":"ZuzhouPotion:ReiMu"},{"floor":5,"key":"PowerPotion"},{"floor":13,"key":"LiquidFlight:ReiMu"},{"floor":18,"key":"DuplicationPotion"},{"floor":27,"key":"Dexterity Potion"},{"floor":28,"key":"PinkPotion:ReiMu"},{"floor":29,"key":"Regen Potion"},{"floor":35,"key":"BottledKami:ReiMu"}],"is_trial":false,"path_per_floor":["M","?","?","$","M","E","R","?","T","E","M","E","M","M","R","B",null,"M","?","?","$","M","E","M","E","T","E","M","M","R","M","R","B",null,"M","?","?","?","$","E","E","E","T","E","R","E","$","M","R","B",null,"R","$","E","B",null],"character_chosen":"REIMU","items_purchased":["Meditation:ReiMu","OrbThrow:ReiMu","Unceasing Top","Medical Kit","SkyOrb:ReiMu","CheatingSign:ReiMu","Happy Flower","MikOfLucky:ReiMu"],"campfire_rested":3,"item_purchase_floors":[4,4,21,39,47,47,47,53],"current_hp_per_floor":[65,65,58,58,58,51,51,51,51,38,38,33,32,15,65,67,127,121,105,105,105,101,72,39,12,12,179,179,179,179,179,179,185,191,191,115,87,87,87,84,72,51,51,51,129,113,113,115,220,212,222,222,222,222,163],"gold":44,"neow_bonus":"BOSS_RELIC","is_daily":false,"chose_seed":false,"campfire_upgraded":3,"win_rate":0.0,"timestamp":1610801008,"path_taken":["M","?","?","?","M","E","R","?","T","E","M","E","M","?","R","BOSS","M","?","?","$","M","E","M","E","T","E","M","M","R","M","R","BOSS","M","?","?","?","?","E","E","E","T","E","R","E","$","M","R","BOSS","R","$","E","BOSS"],"items_purchased_type":["Card","Card","Relic","Relic","Relic","Relic","Relic","Card"],"build_version":"2020-12-22","purchased_purges":0,"victory":true,"max_hp_per_floor":[65,66,80,80,82,90,90,90,90,92,96,105,108,117,117,127,127,151,151,151,151,156,164,173,181,181,185,185,185,185,185,185,191,191,192,192,192,192,192,198,202,209,209,212,212,218,218,220,220,222,222,222,222,224,302],"card_choices":[{"not_picked":["FineLineFantasy:ReiMu","Enchanting:ReiMu"],"picked":"Revelation:ReiMu","floor":1},{"not_picked":["SpreadBorder2:ReiMu","SubcavityInstant:ReiMu"],"picked":"ManaGlint:ReiMu","floor":2},{"not_picked":["KamiSacrifice:ReiMu","WonderfulDomain:ReiMu"],"picked":"Conquer:ReiMu","floor":5},{"not_picked":["SpringWay:ReiMu","ShadowOfCrow2:ReiMu"],"picked":"Authority:ReiMu","floor":6},{"not_picked":["AirStrike:ReiMu","Intuition:ReiMu"],"picked":"AlertArray:ReiMu","floor":8},{"not_picked":["Intuition:ReiMu","AirStrike:ReiMu"],"picked":"Revelation:ReiMu","floor":8},{"not_picked":["PhosphorusFlame:ReiMu","ForcedLanding:ReiMu"],"picked":"Enchanting:ReiMu","floor":10},{"not_picked":["Enchanting:ReiMu","SubAcupoint:ReiMu"],"picked":"FoulBorder2:ReiMu","floor":11},{"not_picked":["RainPray2:ReiMu","CleanRite:ReiMu"],"picked":"InherentArray:ReiMu","floor":12},{"not_picked":["YinYangSign:ReiMu","CareerPray:ReiMu"],"picked":"RainPray2:ReiMu","floor":13},{"not_picked":["SubAcupoint:ReiMu","AlertArray:ReiMu"],"picked":"Mountainwind:ReiMu","floor":14},{"not_picked":["OctopathSalyBorderN:ReiMu","Shading:ReiMu"],"picked":"CleanRite:ReiMu","floor":16},{"not_picked":["SafetyPray:ReiMu","KamiSacrifice:ReiMu"],"picked":"EmergencyTakeOff:ReiMu","floor":18},{"not_picked":["Dreaming2:ReiMu+1","ForcedLanding:ReiMu"],"picked":"SpreadBorder2:ReiMu","floor":22},{"not_picked":["AlertArray:ReiMu","Intuition:ReiMu"],"picked":"LovePray:ReiMu","floor":23},{"not_picked":["OrbThrow:ReiMu+1","Crusade:ReiMu"],"picked":"AlertArray:ReiMu","floor":24},{"not_picked":["TakeOff:ReiMu","LearningPray:ReiMu"],"picked":"TightArray:ReiMu","floor":25},{"not_picked":["PrayRite:ReiMu","Meditation:ReiMu"],"picked":"LovePray:ReiMu","floor":27},{"not_picked":["Enchanting:ReiMu","CollectionFlower2:ReiMu"],"picked":"EmergencyTakeOff:ReiMu","floor":28},{"not_picked":["SpreadBorder2:ReiMu","Enchanting:ReiMu"],"picked":"YinYangSange:ReiMu","floor":29},{"not_picked":["SubcavityInstant:ReiMu+1","PayForSelf:ReiMu"],"picked":"SealNeedle:ReiMu","floor":31},{"not_picked":["YinYang:ReiMu","Determination:ReiMu"],"picked":"HakureiPhantom:ReiMu","floor":33},{"not_picked":["OrbThrow:ReiMu","Intuition:ReiMu"],"picked":"MikOfLucky:ReiMu+1","floor":35},{"not_picked":["KamiSacrifice:ReiMu","SubAcupoint:ReiMu"],"picked":"CareerPray:ReiMu","floor":40},{"not_picked":["FantasyBorder:ReiMu","AlertArray:ReiMu"],"picked":"Gathering:ReiMu+1","floor":41},{"not_picked":["SafetyPray:ReiMu+1","WonderfulDomain:ReiMu"],"picked":"Crusade:ReiMu","floor":42},{"not_picked":["Enchanting:ReiMu+1","CareerPray:ReiMu+1"],"picked":"EmergencyTakeOff:ReiMu+1","floor":44},{"not_picked":["AlertArray:ReiMu+1","Intuition:ReiMu"],"picked":"FoulBorder2:ReiMu","floor":46},{"not_picked":["KamiSacrifice:ReiMu","SpringWay:ReiMu"],"picked":"InherentArray:ReiMu+1","floor":48},{"not_picked":["Conquer:ReiMu","CollectionFlower2:ReiMu+1"],"picked":"OctopathBindingBorder2:ReiMu+1","floor":54}],"player_experience":291358,"relics_obtained":[{"floor":2,"key":"Regal Pillow"},{"floor":6,"key":"Pantograph"},{"floor":10,"key":"Ancient Tea Set"},{"floor":12,"key":"Pocketwatch"},{"floor":19,"key":"Nilry\u0027s Codex"},{"floor":23,"key":"Art of War"},{"floor":25,"key":"Tea:ReiMu"},{"floor":26,"key":"Juzu Bracelet"},{"floor":27,"key":"The Courier"},{"floor":40,"key":"WingedGreaves"},{"floor":41,"key":"Whetstone"},{"floor":42,"key":"Gambling Chip"},{"floor":43,"key":"CrazyTorch:ReiMu"},{"floor":44,"key":"Blood Vial"},{"floor":46,"key":"Shuriken"},{"floor":54,"key":"ScarletDevilRocket"}],"event_choices":[{"damage_healed":0,"gold_gain":0,"player_choice":"Obtained Book","damage_taken":16,"max_hp_gain":0,"max_hp_loss":0,"event_name":"Cursed Tome","floor":19,"gold_loss":0},{"damage_healed":0,"gold_gain":0,"player_choice":"Read","damage_taken":0,"max_hp_gain":0,"max_hp_loss":0,"event_name":"The Library","floor":20,"gold_loss":0,"cards_obtained":["Conquer:ReiMu"]}],"is_beta":false,"boss_relics":[{"not_picked":["RedLine:ReiMu","Tiny House"],"picked":"Runic Dome"},{"not_picked":["Empty Cage","Calling Bell"],"picked":"DonationBox:ReiMu"}],"items_purged_floors":[],"is_endless":false,"potions_floor_spawned":[1,5,13,14,18,24,27,28,29,31,35,46],"ascension_level":3}}