{"host":"7sni158j623xchr2","time":1610825685,"event":{"mods":["BaseMod","Colored Map","Highlight Path","Minty Spire (QoL Compilation)","Permanent Neow","Potion Indicator Mod","Rare Cards Sparkle","Relic Sorter","Relic Stats","StSLib","everything is the same but u backflip on backflip"],"gold_per_floor":[219,219,68,80,80,108,120,120,143,173,173,204,204,216,216,312,312,312,411,411,9,9,53,53,4,4,49,75,75,104,114,114,220,220,239,263,51,70,80,93,93,134,181,181,181,118,157,157,157,157,157,157,17,53,53,53],"floor_reached":55,"language":"ENG","playtime":2824,"items_purged":["Strike_B","Strike_B","Strike_B"],"score":1017,"play_id":"fcd7360f-5f7c-459b-8755-8e9cc748402a","local_time":"20210116133445","is_ascension_mode":true,"campfire_choices":[{"data":"Zap","floor":8.0,"key":"SMITH"},{"data":"Rip and Tear","floor":11.0,"key":"SMITH"},{"data":"Hyperbeam","floor":13.0,"key":"SMITH"},{"data":"Genetic Algorithm","floor":15.0,"key":"SMITH"},{"data":"Coolheaded","floor":24.0,"key":"SMITH"},{"data":"Ghostly","floor":29.0,"key":"SMITH"},{"data":"Ghostly","floor":32.0,"key":"SMITH"},{"data":"Ghostly","floor":45,"key":"SMITH"},{"floor":49,"key":"RECALL"},{"data":"Seek","floor":52,"key":"SMITH"}],"circlet_count":0,"master_deck":["Strike_B+1","Defend_B","Defend_B","Defend_B","Zap+1","Dualcast+1","Cold Snap","Hyperbeam+1","Genetic Algorithm+1","Rip and Tear+1","BootSequence","Coolheaded+1","Compile Driver","All For One+1","Ball Lightning","Ghostly+1","Ghostly+1","Ghostly+1","Ghostly+1","Ghostly","Sweeping Beam","Electrodynamics+1","Coolheaded+1","Sweeping Beam+1","Seek+1","Glacier","Hologram+1"],"relics":["Cracked Core","Juzu Bracelet","Ancient Tea Set","FossilizedHelix","Bag of Marbles","SlaversCollar","CeramicFish","PreservedInsect","OrangePellets","Toy Ornithopter","The Courier","Bottled Flame","Inserter","Membership Card","Gremlin Horn","DataDisk","Bag of Preparation","Centennial Puzzle","Bronze Scales","Thread and Needle"],"acts_visited":["Exordium","TheCity","TheBeyond","TheEnding"],"potions_floor_usage":[39,47,50,55,55,55],"damage_taken":[{"damage":3.0,"enemies":"2 Louse","floor":1.0,"turns":3.0},{"damage":3.0,"enemies":"Small Slimes","floor":4.0,"turns":3.0},{"damage":24.0,"enemies":"Lagavulin","floor":6.0,"turns":6.0},{"damage":1.0,"enemies":"Cultist","floor":7.0,"turns":3.0},{"damage":4.0,"enemies":"3 Sentries","floor":10.0,"turns":3.0},{"damage":0.0,"enemies":"Gremlin Nob","floor":12.0,"turns":3.0},{"damage":0.0,"enemies":"Blue Slaver","floor":14.0,"turns":1.0},{"damage":0.0,"enemies":"Slime Boss","floor":16.0,"turns":6.0},{"damage":0.0,"enemies":"3 Byrds","floor":18.0,"turns":2.0},{"damage":2.0,"enemies":"Book of Stabbing","floor":23.0,"turns":4.0},{"damage":0.0,"enemies":"2 Thieves","floor":28.0,"turns":3.0},{"damage":0.0,"enemies":"Gremlin Leader","floor":30.0,"turns":7.0},{"damage":3.0,"enemies":"Centurion and Healer","floor":31.0,"turns":6.0},{"damage":10.0,"enemies":"Automaton","floor":33.0,"turns":12.0},{"damage":0.0,"enemies":"Orb Walker","floor":35.0,"turns":3.0},{"damage":0.0,"enemies":"3 Shapes","floor":36.0,"turns":3.0},{"damage":16,"enemies":"Spire Growth","floor":38,"turns":8},{"damage":19,"enemies":"Writhing Mass","floor":39,"turns":9},{"damage":0,"enemies":"Sphere and 2 Shapes","floor":40,"turns":4},{"damage":0,"enemies":"Reptomancer","floor":42,"turns":5},{"damage":0,"enemies":"Nemesis","floor":47,"turns":9},{"damage":9,"enemies":"Awakened One","floor":50,"turns":21},{"damage":20,"enemies":"Shield and Spear","floor":54,"turns":4},{"damage":33,"enemies":"The Heart","floor":55,"turns":9}],"seed_played":"-8908166057720222616","potions_obtained":[{"floor":1.0,"key":"SmokeBomb"},{"floor":10.0,"key":"Explosive Potion"},{"floor":12.0,"key":"SkillPotion"},{"floor":14.0,"key":"Energy Potion"},{"floor":31.0,"key":"Weak Potion"},{"floor":33.0,"key":"SkillPotion"},{"floor":36.0,"key":"FocusPotion"},{"floor":40,"key":"FearPotion"},{"floor":42,"key":"DistilledChaos"},{"floor":47,"key":"DuplicationPotion"}],"is_trial":false,"path_per_floor":["M","?","$","M","?","E","M","R","T","E","R","E","R","M","R","B",null,"M","?","?","$","?","E","R","$","T","?","M","R","E","M","R","B",null,"M","M","$","M","M","M","?","E","T","?","R","$","E","?","R","B",null,"R","$","E","B"],"character_chosen":"DEFECT","items_purchased":["Hyperbeam","PreservedInsect","OrangePellets","SkillPotion","Membership Card","Gremlin Horn","Centennial Puzzle","Bronze Scales","Swift Potion"],"campfire_rested":0,"item_purchase_floors":[3,21,21,25,37,37,53,53,53],"current_hp_per_floor":[72,57,57,54,54,30,29,29,29,25,25,25,25,25,25,25,75,75,75,75,75,75,73,73,73,73,37,37,37,37,34,34,27,37,37,37,37,21,7,7,7,7,7,7,7,7,12,12,12,8,37,37,37,17,0,0],"gold":53,"neow_bonus":"HUNDRED_GOLD","is_daily":false,"chose_seed":false,"campfire_upgraded":9,"win_rate":0.0,"timestamp":1610825685,"path_taken":["M","?","$","M","?","E","M","R","T","E","R","E","R","M","R","BOSS","M","?","?","?","?","E","R","$","T","?","M","R","E","M","R","BOSS","M","M","$","M","M","M","?","E","T","?","R","?","E","?","R","BOSS","R","$","E","BOSS"],"items_purchased_type":["Card","Relic","Relic","Potion","Relic","Relic","Relic","Relic","Potion"],"build_version":"2020-12-22","purchased_purges":3,"victory":false,"max_hp_per_floor":[75,75,75,75,75,75,75,75,75,75,75,75,75,75,75,75,75,75,75,75,75,75,75,75,75,75,37,37,37,37,37,37,37,37,37,37,37,37,37,37,37,37,37,37,37,37,37,37,37,37,37,37,37,37,37,37],"relic_stats":{"OrangePellets":[0],"Centennial Puzzle":[6],"Inserter":[33],"Gremlin Horn":[10,10],"counters":[24,137],"CeramicFish":117,"Bronze Scales":[129],"PreservedInsect":263,"Juzu Bracelet":3,"Bag of Preparation":[6],"obtain_stats":[{"Inserter":34,"Gremlin Horn":37,"CeramicFish":20,"Thread and Needle":54,"PreservedInsect":21,"The Courier":26,"Juzu Bracelet":6,"Bag of Preparation":47,"Ancient Tea Set":9,"SlaversCollar":17,"OrangePellets":21,"Bottled Flame":30,"DataDisk":42,"Centennial Puzzle":53,"Bronze Scales":53,"Bag of Marbles":12,"Membership Card":37,"Cracked Core":0,"FossilizedHelix":10,"Toy Ornithopter":23},{"Inserter":14,"Gremlin Horn":16,"CeramicFish":9,"Thread and Needle":23,"PreservedInsect":9,"The Courier":10,"Juzu Bracelet":3,"Bag of Preparation":21,"Ancient Tea Set":4,"SlaversCollar":8,"OrangePellets":9,"Bottled Flame":12,"DataDisk":20,"Centennial Puzzle":22,"Bronze Scales":22,"Bag of Marbles":6,"Membership Card":16,"Cracked Core":0,"FossilizedHelix":5,"Toy Ornithopter":10},{"Inserter":62,"Gremlin Horn":68,"CeramicFish":30,"Thread and Needle":128,"PreservedInsect":30,"The Courier":34,"Juzu Bracelet":12,"Bag of Preparation":103,"Ancient Tea Set":15,"SlaversCollar":28,"OrangePellets":30,"Bottled Flame":44,"DataDisk":94,"Centennial Puzzle":124,"Bronze Scales":124,"Bag of Marbles":21,"Membership Card":68,"Cracked Core":0,"FossilizedHelix":18,"Toy Ornithopter":34}],"Toy Ornithopter":33},"card_choices":[{"not_picked":["Undo","Hologram"],"picked":"Cold Snap","floor":1.0},{"not_picked":["Cold Snap","Hello World"],"picked":"Genetic Algorithm","floor":4.0},{"not_picked":["Beam Cell","Gash","Streamline"],"picked":"SKIP","floor":6.0},{"not_picked":["Aggregate","Streamline"],"picked":"Rip and Tear","floor":7.0},{"not_picked":["Streamline","Blizzard"],"picked":"BootSequence","floor":10.0},{"not_picked":["Hello World","Streamline"],"picked":"Coolheaded","floor":12.0},{"not_picked":["Beam Cell","Steam"],"picked":"Compile Driver","floor":14.0},{"not_picked":["Machine Learning","Seek"],"picked":"All For One","floor":16.0},{"not_picked":["Steam Power","Reinforced Body"],"picked":"Ball Lightning","floor":23.0},{"not_picked":["Darkness+1","Coolheaded"],"picked":"Sweeping Beam","floor":28.0},{"not_picked":["Streamline","Ball Lightning","Go for the Eyes"],"picked":"SKIP","floor":30.0},{"not_picked":["Steam","Barrage","Skim"],"picked":"SKIP","floor":31.0},{"not_picked":["Amplify","Reboot"],"picked":"Electrodynamics","floor":33.0},{"not_picked":["Doom and Gloom","Beam Cell+1"],"picked":"Coolheaded+1","floor":35.0},{"not_picked":["Compile Driver+1","FTL"],"picked":"Sweeping Beam+1","floor":36.0},{"not_picked":["Sweeping Beam","Hologram","Rebound+1"],"picked":"SKIP","floor":38},{"not_picked":["Ball Lightning+1","Cold Snap+1","Go for the Eyes"],"picked":"SKIP","floor":39},{"not_picked":["Steam","Skim","Hologram"],"picked":"SKIP","floor":40},{"not_picked":["Stack","Reprogram"],"picked":"Seek","floor":42},{"not_picked":["Stack","Turbo+1"],"picked":"Glacier","floor":47},{"not_picked":["Sweeping Beam+1","Redo+1"],"picked":"Hologram+1","floor":54}],"player_experience":1633861,"relics_obtained":[{"floor":6.0,"key":"Juzu Bracelet"},{"floor":9.0,"key":"Ancient Tea Set"},{"floor":10.0,"key":"FossilizedHelix"},{"floor":12.0,"key":"Bag of Marbles"},{"floor":23.0,"key":"Toy Ornithopter"},{"floor":26.0,"key":"The Courier"},{"floor":30.0,"key":"Bottled Flame"},{"floor":42,"key":"DataDisk"},{"floor":47,"key":"Bag of Preparation"},{"floor":54,"key":"Thread and Needle"}],"event_choices":[{"damage_healed":0.0,"max_hp_gain":0.0,"max_hp_loss":0.0,"gold_gain":0.0,"event_name":"Shining Light","player_choice":"Entered Light","floor":2.0,"gold_loss":0.0,"damage_taken":15.0,"cards_upgraded":["Strike_B","Dualcast"]},{"cards_removed":["Defend_B"],"damage_healed":0.0,"max_hp_gain":0.0,"max_hp_loss":0.0,"gold_gain":0.0,"event_name":"Purifier","player_choice":"Purged","floor":5.0,"gold_loss":0.0,"damage_taken":0.0},{"damage_healed":0.0,"max_hp_gain":0.0,"max_hp_loss":0.0,"gold_gain":99.0,"event_name":"Nest","player_choice":"Stole From Cult","floor":19.0,"gold_loss":0.0,"damage_taken":0.0},{"damage_healed":0.0,"max_hp_gain":0.0,"max_hp_loss":0.0,"gold_gain":0.0,"event_name":"The Mausoleum","player_choice":"Opened","floor":20.0,"gold_loss":0.0,"damage_taken":0.0,"relics_obtained":["CeramicFish"]},{"damage_healed":0.0,"max_hp_gain":0.0,"max_hp_loss":0.0,"gold_gain":0.0,"event_name":"Upgrade Shrine","player_choice":"Upgraded","floor":22.0,"gold_loss":0.0,"damage_taken":0.0,"cards_upgraded":["All For One"]},{"damage_healed":0.0,"max_hp_gain":0.0,"max_hp_loss":38.0,"gold_gain":0.0,"event_name":"Ghosts","player_choice":"Became a Ghost","floor":27.0,"gold_loss":0.0,"damage_taken":0.0,"cards_obtained":["Ghostly","Ghostly","Ghostly","Ghostly","Ghostly"]},{"damage_healed":0,"gold_gain":0,"player_choice":"Forge","damage_taken":0,"max_hp_gain":0,"max_hp_loss":0,"event_name":"Accursed Blacksmith","floor":41,"gold_loss":0,"cards_upgraded":["Electrodynamics"]},{"damage_healed":0,"gold_gain":0,"player_choice":"Upgraded","damage_taken":0,"max_hp_gain":0,"max_hp_loss":0,"event_name":"Upgrade Shrine","floor":44,"gold_loss":0,"cards_upgraded":["Ghostly"]},{"damage_healed":0,"gold_gain":0,"player_choice":"Ignored","damage_taken":0,"max_hp_gain":0,"max_hp_loss":0,"event_name":"Mysterious Sphere","floor":48,"gold_loss":0}],"is_beta":false,"boss_relics":[{"not_picked":["Ectoplasm","Coffee Dripper"],"picked":"SlaversCollar"},{"not_picked":["Tiny House","Runic Dome"],"picked":"Inserter"}],"items_purged_floors":[3,21,46],"is_endless":false,"potions_floor_spawned":[1,10,12,14,18,31,33,36,40,42,47],"killed_by":"The Heart","ascension_level":2}}