{"host":"5cnm2qapaqj5mmu7","time":1610814500,"event":{"mods":["BaseMod","Bestiary","Colored Map","Filter the Spire","Minty Spire (QoL Compilation)","StSLib"],"gold_per_floor":[112,122,134,134,147,174,174,184,232,232,110,127,302,377,377,472,472,487,0,0,16,16,16,16,31,31,31,31,46,46,62,62,163,163,183,197,211,0,17,17,34,34,34,34,34,34,52,52,52],"floor_reached":48,"language":"ENG","playtime":2524,"items_purged":["Strike_G"],"score":589,"play_id":"580d3c0c-50a7-4e70-8ac7-e35d37db9281","local_time":"20210116172820","is_ascension_mode":true,"campfire_choices":[{"data":"Venomology","floor":7.0,"key":"SMITH"},{"floor":10.0,"key":"REST"},{"data":"Calculated Gamble","floor":15.0,"key":"SMITH"},{"data":"Tactician","floor":23.0,"key":"SMITH"},{"data":"Bite","floor":24.0,"key":"SMITH"},{"floor":28.0,"key":"REST"},{"data":"Bite","floor":30.0,"key":"SMITH"},{"data":"Terror","floor":32.0,"key":"SMITH"},{"floor":40,"key":"REST"},{"floor":42,"key":"REST"},{"data":"Bandage Up","floor":44,"key":"SMITH"},{"data":"Burst","floor":46,"key":"SMITH"}],"circlet_count":0,"master_deck":["Defend_G","Defend_G","Defend_G","Defend_G","Survivor","Neutralize","Dash","Venomology+1","Flying Knee","Calculated Gamble+1","Tactician+1","Terror+1","Dagger Throw","Burst+1","CurseOfTheBell","Blade Dance","Bite","Bite","Bite+1","Bite+1","Bite","Blur","Bandage Up+1","Deflect+1","PiercingWail","After Image","Sucker Punch+1","Concentrate+1","Dash+1","Deadly Poison","Skewer+1"],"relics":["Ring of the Snake","Pocketwatch","InkBottle","Whetstone","Calling Bell","Strawberry","Shuriken","WingedGreaves","Pantograph","Empty Cage","Red Mask","Bottled Lightning"],"acts_visited":["Exordium","TheCity","TheBeyond"],"potions_floor_usage":[37,37,37,41,41,47,48,48],"damage_taken":[{"damage":0.0,"enemies":"Jaw Worm","floor":1.0,"turns":4.0},{"damage":0.0,"enemies":"Small Slimes","floor":2.0,"turns":3.0},{"damage":0.0,"enemies":"2 Louse","floor":3.0,"turns":3.0},{"damage":3.0,"enemies":"Looter","floor":5.0,"turns":3.0},{"damage":17.0,"enemies":"Gremlin Nob","floor":6.0,"turns":4.0},{"damage":11.0,"enemies":"3 Louse","floor":8.0,"turns":4.0},{"damage":0.0,"enemies":"2 Fungi Beasts","floor":12.0,"turns":2.0},{"damage":9.0,"enemies":"Slime Boss","floor":16.0,"turns":6.0},{"damage":17.0,"enemies":"Spheric Guardian","floor":18.0,"turns":4.0},{"damage":14.0,"enemies":"Chosen","floor":21.0,"turns":4.0},{"damage":33.0,"enemies":"Centurion and Healer","floor":25.0,"turns":6.0},{"damage":20.0,"enemies":"3 Cultists","floor":29.0,"turns":5.0},{"damage":11.0,"enemies":"Snecko","floor":31.0,"turns":3.0},{"damage":55.0,"enemies":"Champ","floor":33.0,"turns":11.0},{"damage":39.0,"enemies":"3 Darklings","floor":35.0,"turns":10.0},{"damage":14.0,"enemies":"Orb Walker","floor":36.0,"turns":3.0},{"damage":26,"enemies":"Jaw Worm Horde","floor":37,"turns":6},{"damage":46,"enemies":"Transient","floor":39,"turns":5},{"damage":48,"enemies":"Maw","floor":41,"turns":8},{"damage":26,"enemies":"4 Shapes","floor":47,"turns":8},{"damage":45,"enemies":"Writhing Mass","floor":48,"turns":3}],"seed_played":"-4337080714133075411","potions_obtained":[{"floor":12.0,"key":"FearPotion"},{"floor":29.0,"key":"ColorlessPotion"},{"floor":31.0,"key":"Strength Potion"},{"floor":35.0,"key":"ColorlessPotion"},{"floor":39,"key":"Swift Potion"},{"floor":41,"key":"Ancient Potion"}],"is_trial":false,"path_per_floor":["M","M","M","?","M","E","R","M","T","R","$","M","?","?","R","B",null,"M","?","?","M","?","R","R","M","T","?","R","M","R","M","R","B",null,"M","M","M","?","M","R","M","R","T","R","?","R","M","M"],"character_chosen":"THE_SILENT","items_purchased":["Underhanded Strike"],"campfire_rested":4,"item_purchase_floors":[11],"current_hp_per_floor":[45,45,45,42,41,26,26,17,17,38,38,40,40,29,29,22,65,50,50,50,38,38,38,38,18,18,6,29,35,35,39,39,50,70,63,54,43,43,16,39,14,37,37,37,37,37,36,0,0],"gold":52,"neow_bonus":"ONE_RARE_RELIC","is_daily":false,"chose_seed":false,"campfire_upgraded":8,"win_rate":0.0,"timestamp":1610814500,"path_taken":["M","M","M","?","M","E","R","M","T","R","$","M","?","?","R","BOSS","M","?","?","M","?","R","R","M","T","?","R","M","R","?","R","BOSS","M","M","M","?","M","R","M","R","T","R","?","R","M","M"],"items_purchased_type":["Card"],"build_version":"2020-12-22","purchased_purges":1,"victory":false,"max_hp_per_floor":[70,70,70,70,70,70,70,70,70,70,70,70,70,70,70,70,77,77,77,77,77,77,77,77,77,77,77,77,77,77,77,77,77,77,77,77,77,77,77,77,77,77,77,77,77,77,77,77,77],"card_choices":[{"not_picked":["Dagger Throw","Slice"],"picked":"Dash","floor":1.0},{"not_picked":["Outmaneuver","Cloak And Dagger"],"picked":"Venomology","floor":2.0},{"not_picked":["Slice","Quick Slash"],"picked":"Flying Knee","floor":3.0},{"not_picked":["Slice","Sucker Punch"],"picked":"Calculated Gamble","floor":5.0},{"not_picked":["Slice","Concentrate"],"picked":"Tactician","floor":6.0},{"not_picked":["Dodge and Roll","Bane"],"picked":"Terror","floor":8.0},{"not_picked":["Calculated Gamble","Grand Finale"],"picked":"Dagger Throw","floor":12.0},{"not_picked":["Storm of Steel","Unload"],"picked":"Burst","floor":16.0},{"not_picked":["Bane","Backflip","Sucker Punch"],"picked":"SKIP","floor":18.0},{"not_picked":["Storm of Steel","Flying Knee"],"picked":"Blade Dance","floor":21.0},{"not_picked":["Deadly Poison","Slice"],"picked":"Blur","floor":25.0},{"not_picked":["Skewer+1","Poisoned Stab"],"picked":"Deflect+1","floor":29.0},{"not_picked":["Blade Dance+1","Dagger Throw"],"picked":"PiercingWail","floor":31.0},{"not_picked":["Storm of Steel","Die Die Die"],"picked":"After Image","floor":33.0},{"not_picked":["Quick Slash+1","Bouncing Flask"],"picked":"Sucker Punch+1","floor":35.0},{"not_picked":["Distraction+1","Dodge and Roll","Endless Agony"],"picked":"SKIP","floor":36.0},{"not_picked":["Quick Slash","Reflex"],"picked":"Concentrate+1","floor":37},{"not_picked":["Reflex","PiercingWail+1"],"picked":"Dash+1","floor":39},{"not_picked":["Predator","Dagger Throw+1","Poisoned Stab+1"],"picked":"SKIP","floor":41},{"not_picked":["A Thousand Cuts","Quick Slash"],"picked":"Skewer+1","floor":47}],"player_experience":563737,"relics_obtained":[{"floor":6.0,"key":"InkBottle"},{"floor":9.0,"key":"Whetstone"},{"floor":17.0,"key":"Strawberry"},{"floor":17.0,"key":"Shuriken"},{"floor":17.0,"key":"WingedGreaves"},{"floor":26.0,"key":"Pantograph"},{"floor":43,"key":"Bottled Lightning"}],"event_choices":[{"damage_healed":0.0,"max_hp_gain":0.0,"max_hp_loss":0.0,"gold_gain":0.0,"event_name":"Scrap Ooze","player_choice":"Success","floor":4.0,"gold_loss":0.0,"damage_taken":3.0,"relics_obtained":["Blood Vial"]},{"damage_healed":0.0,"max_hp_gain":0.0,"max_hp_loss":0.0,"gold_gain":175.0,"event_name":"Liars Game","player_choice":"AGREE","floor":13.0,"gold_loss":0.0,"damage_taken":0.0,"cards_obtained":["Doubt"]},{"damage_healed":0.0,"max_hp_gain":0.0,"max_hp_loss":0.0,"gold_gain":75.0,"event_name":"World of Goop","player_choice":"Gather Gold","floor":14.0,"gold_loss":0.0,"damage_taken":11.0},{"damage_healed":0.0,"max_hp_gain":0.0,"max_hp_loss":0.0,"gold_gain":0.0,"event_name":"Masked Bandits","player_choice":"Paid Fearfully","floor":19.0,"gold_loss":487.0,"damage_taken":0.0},{"damage_healed":0.0,"max_hp_gain":0.0,"max_hp_loss":0.0,"gold_gain":0.0,"event_name":"Ghosts","player_choice":"Ignored","floor":20.0,"gold_loss":0.0,"damage_taken":0.0},{"damage_healed":0.0,"max_hp_gain":0.0,"max_hp_loss":0.0,"gold_gain":0.0,"event_name":"Vampires","player_choice":"Became a vampire (Vial)","floor":22.0,"relics_lost":["Blood Vial"],"gold_loss":0.0,"damage_taken":0.0,"cards_obtained":["Bite","Bite","Bite","Bite","Bite"]},{"damage_healed":0.0,"max_hp_gain":0.0,"max_hp_loss":0.0,"gold_gain":0.0,"event_name":"Knowing Skull","player_choice":"CARD ","floor":27.0,"potions_obtained":[],"gold_loss":0.0,"damage_taken":12.0,"cards_obtained":["Bandage Up"]},{"damage_healed":0,"gold_gain":0,"player_choice":"Paid","damage_taken":0,"relics_obtained":["Red Mask"],"max_hp_gain":0,"max_hp_loss":0,"event_name":"Tomb of Lord Red Mask","floor":38,"gold_loss":211},{"damage_healed":0,"gold_gain":0,"cards_transformed":["Underhanded Strike"],"player_choice":"Transformed","damage_taken":0,"max_hp_gain":0,"max_hp_loss":0,"event_name":"Transmorgrifier","floor":45,"gold_loss":0,"cards_obtained":["Deadly Poison"]}],"is_beta":false,"boss_relics":[{"not_picked":["Busted Crown","SacredBark"],"picked":"Calling Bell"},{"not_picked":["SlaversCollar","Philosopher\u0027s Stone"],"picked":"Empty Cage"}],"items_purged_floors":[11],"is_endless":false,"potions_floor_spawned":[8,12,29,31,35,36,39,41],"killed_by":"Writhing Mass","ascension_level":6}}