{"host":"h4qgcirtxz6qax9j","time":1610801600,"event":{"mods":["AchievementEnabler","BaseMod","Colored Powertips","Minty Spire (QoL Compilation)","StSLib","SuperFastMode","The Animator"],"gold_per_floor":[111,124,154,179,58,58,76,76,76,94,94,94,124,144,144,239,239,229,248,167,186,186,186,202,301,301,301,301],"floor_reached":27,"language":"KOR","playtime":1918,"items_purged":[],"score":217,"play_id":"2b47b186-68db-4757-87a0-161b03bfd74e","local_time":"20210116215320","is_ascension_mode":false,"campfire_choices":[{"data":"animator:Vanir","floor":6,"key":"SMITH"},{"data":"animator:Kazuma","floor":12,"key":"SMITH"},{"floor":15,"key":"REST"},{"data":"animator:Sora","floor":23,"key":"SMITH"}],"circlet_count":0,"master_deck":["animator:Strike_Konosuba","animator:Defend_Konosuba","animator:Strike","animator:Strike","animator:Strike","animator:Defend","animator:Defend","animator:Defend","animator:Kazuma+1","animator:Aqua","animator:MumenRider","animator:DolaRiku","animator:ShinjiMatou","animator:Vanir+1","animator:Darkness","animator:Sora+1","animator:Darkness","animator:DolaSchwi"],"relics":["animator:LivingPicture","animator:TheMissingPiece","NeowsBlessing","animator:CerealBox","animator:BattleDrones","animator:Buoy","animator:HolyGrailRelic","Eternal Feather"],"acts_visited":["Exordium","TheCity"],"potions_floor_usage":[16,16,21,27],"damage_taken":[{"damage":0,"enemies":"2 Louse","floor":1,"turns":1},{"damage":0,"enemies":"Cultist","floor":2,"turns":1},{"damage":0,"enemies":"Small Slimes","floor":3,"turns":1},{"damage":7,"enemies":"3 Louse","floor":4,"turns":5},{"damage":5,"enemies":"Large Slime","floor":7,"turns":8},{"damage":19,"enemies":"Exordium Wildlife","floor":10,"turns":6},{"damage":43,"enemies":"Gremlin Nob","floor":13,"turns":6},{"damage":0,"enemies":"Blue Slaver","floor":14,"turns":3},{"damage":52,"enemies":"The Guardian","floor":16,"turns":14},{"damage":16,"enemies":"2 Thieves","floor":18,"turns":4},{"damage":33,"enemies":"3 Byrds","floor":19,"turns":7},{"damage":28,"enemies":"Snecko","floor":21,"turns":8},{"damage":33,"enemies":"Snake Plant","floor":24,"turns":7},{"damage":25,"enemies":"Book of Stabbing","floor":27,"turns":5}],"seed_played":"-6086753996077091422","potions_obtained":[{"floor":1,"key":"SpeedPotion"},{"floor":4,"key":"SteroidPotion"},{"floor":7,"key":"SneckoOil"},{"floor":8,"key":"Regen Potion"},{"floor":19,"key":"EntropicBrew"},{"floor":21,"key":"Fruit Juice"}],"is_trial":false,"path_per_floor":["M","M","M","M","$","R","M","?","T","M","?","R","E","M","R","B",null,"M","M","$","M","?","R","M","?","T","E"],"character_chosen":"THE_ANIMATOR","items_purchased":["animator:CerealBox","animator:Darkness"],"campfire_rested":1,"item_purchase_floors":[5,20],"current_hp_per_floor":[66,66,66,59,59,59,56,56,56,39,61,61,22,25,45,20,75,61,32,32,11,37,37,8,8,8,0,0],"gold":301,"neow_bonus":"THREE_ENEMY_KILL","is_daily":false,"chose_seed":false,"campfire_upgraded":3,"win_rate":0.0,"timestamp":1610801600,"path_taken":["M","M","M","M","$","R","M","?","T","?","?","R","E","M","R","BOSS","M","M","$","M","?","R","M","?","T","E"],"items_purchased_type":["Relic","Card"],"build_version":"2020-12-22","purchased_purges":0,"victory":false,"max_hp_per_floor":[66,66,66,66,66,66,66,66,66,66,66,66,66,67,67,67,75,75,77,77,79,79,79,81,81,81,78,78],"card_choices":[{"not_picked":["animator:ChlammyZell","animator:Kazuma"],"picked":"animator:MumenRider","floor":1},{"not_picked":["animator:FielNirvalen","animator:IzunaHatsuse"],"picked":"animator:DolaRiku","floor":2},{"not_picked":["animator:Berserker","animator:Geryuganshoop"],"picked":"animator:ShinjiMatou","floor":3},{"not_picked":["animator:Mitsurugi","animator:Kazuma"],"picked":"animator:Vanir","floor":4},{"not_picked":["animator:Berserker","animator:Pride","animator:Verdia"],"picked":"SKIP","floor":7},{"not_picked":["animator:Laby","animator:Add","animator:EmiyaShirou"],"picked":"SKIP","floor":10},{"not_picked":["animator:Melzalgald","animator:ElricEdward","animator:ShinjiMatou"],"picked":"SKIP","floor":13},{"not_picked":["animator:Kazuma","animator:Mitsurugi"],"picked":"animator:Darkness","floor":14},{"not_picked":["animator:Saber","animator:Gilgamesh"],"picked":"animator:Sora","floor":16},{"not_picked":["animator:SilverFang","animator:Elsword","animator:Aisha"],"picked":"SKIP","floor":18},{"not_picked":["animator:Lancer","animator:Scar+1","animator:ElricAlphonse"],"picked":"SKIP","floor":19},{"not_picked":["animator:ElricAlphonse","animator:MumenRider","animator:Raven"],"picked":"SKIP","floor":21},{"not_picked":["animator:DolaCouronne","animator:FielNirvalen"],"picked":"animator:DolaSchwi","floor":24}],"player_experience":48027,"relics_obtained":[{"floor":9,"key":"animator:BattleDrones"},{"floor":13,"key":"animator:Buoy"},{"floor":26,"key":"Eternal Feather"}],"event_choices":[{"damage_healed":0,"gold_gain":0,"player_choice":"Got Potions","damage_taken":0,"max_hp_gain":0,"max_hp_loss":0,"event_name":"Lab","floor":8,"gold_loss":0},{"damage_healed":22,"gold_gain":0,"player_choice":"Banana","damage_taken":0,"max_hp_gain":0,"max_hp_loss":0,"event_name":"Big Fish","floor":11,"gold_loss":0},{"damage_healed":26,"gold_gain":0,"player_choice":"Heal","damage_taken":0,"max_hp_gain":0,"max_hp_loss":0,"event_name":"The Library","floor":22,"gold_loss":0},{"damage_healed":0,"gold_gain":99,"player_choice":"Stole From Cult","damage_taken":0,"max_hp_gain":0,"max_hp_loss":0,"event_name":"Nest","floor":25,"gold_loss":0}],"is_beta":false,"boss_relics":[{"not_picked":["Sozu","Calling Bell"],"picked":"animator:HolyGrailRelic"}],"items_purged_floors":[],"is_endless":false,"potions_floor_spawned":[1,4,7,10,13,19,21],"killed_by":"Book of Stabbing","ascension_level":0}}