{"host":"sr8h12zimc8zi8zs","time":1610782649,"event":{"mods":["2.2 Compatiblity","BaseMod","CapriCore","GifTheSpireLib","Minty Spire (QoL Compilation)","Permanent Neow","StSLib","The Dragon Tamer","The Jungle"],"gold_per_floor":[116,66,66,66,80,97,116,116,116,116,144,144,63,75,75,172,172,184,202,214,214,229,229,229,329,329,344,344,358,478,80,80,80,80,80],"floor_reached":33,"language":"KOR","playtime":2943,"items_purged":[],"score":299,"play_id":"5240b042-8dec-41bb-91a7-52218561b11f","local_time":"20210116163729","is_ascension_mode":false,"metric_token":607,"campfire_choices":[{"data":"DTMod:HeatWave","floor":8.0,"key":"SMITH"},{"floor":10.0,"key":"RECALL"},{"data":"DTMod:Training","floor":15.0,"key":"SMITH"},{"data":"DTMod:SealedStrike","floor":23.0,"key":"SMITH"},{"data":"DTMod:SealedStrike+1","floor":28.0,"key":"SMITH"},{"data":"DTMod:SealedStrike+2","floor":32.0,"key":"SMITH"}],"dtmod_dragon_data":[0,50,1,-1,12,0],"circlet_count":0,"master_deck":["DTMod:Strike","DTMod:Strike","DTMod:DoubleHit","DTMod:TargetDefense","DTMod:TargetDefense","DTMod:TargetDefense","DTMod:TargetDefense","DTMod:SwitchingTactic+1","DTMod:TauntingStrike","DTMod:Hide","DTMod:HeatWave+1","DTMod:FlameSlash","DTMod:Training+1","DTMod:DragonDance","DTMod:StunTrap","DTMod:SealedStrike+3","CurseOfTheBell","DTMod:ComboAttack","DTMod:HeatWave","DTMod:ExcessFootwork","DTMod:CrossStep","DTMod:DeepFocus","DTMod:DragonDance","DTMod:CalculatedDefense","DTMod:LightShield","DTMod:ComboAttack"],"relics":["DTMod:PactStone","Sundial","MealTicket","Calling Bell","Boot","Pantograph","Gambling Chip","Pear","Smiling Mask","DTMod:MindBender"],"acts_visited":["Exordium","Exordium"],"potions_floor_usage":[33],"damage_taken":[{"damage":0.0,"enemies":"2 Louse","floor":1.0,"turns":2.0},{"damage":0.0,"enemies":"Small Slimes","floor":5.0,"turns":4.0},{"damage":0.0,"enemies":"Cultist","floor":6.0,"turns":4.0},{"damage":0.0,"enemies":"2 Fungi Beasts","floor":7.0,"turns":4.0},{"damage":14.0,"enemies":"3 Sentries","floor":11.0,"turns":14.0},{"damage":0.0,"enemies":"Exordium Thugs","floor":12.0,"turns":1.0},{"damage":0.0,"enemies":"Blue Slaver","floor":14.0,"turns":6.0},{"damage":0.0,"enemies":"Hexaghost","floor":16.0,"turns":10.0},{"damage":11.0,"enemies":"theJungle:MUSHROOMGANG","floor":18.0,"turns":4.0},{"damage":0.0,"enemies":"theJungle:GiantWrat","floor":19.0,"turns":7.0},{"damage":0.0,"enemies":"theJungle:2_Snecko_Cultists","floor":20.0,"turns":3.0},{"damage":0.0,"enemies":"Snake Plant","floor":22.0,"turns":6.0},{"damage":7.0,"enemies":"theJungle:Lyon","floor":27.0,"turns":6.0},{"damage":15.0,"enemies":"theJungle:2_Flameangoes","floor":29.0,"turns":7.0},{"damage":3,"enemies":"theJungle:TotemBoss","floor":33,"turns":3}],"seed_played":"-5551844051831759829","potions_obtained":[{"floor":1.0,"key":"EssenceOfSteel"},{"floor":4.0,"key":"BlessingOfTheForge"},{"floor":4.0,"key":"SmokeBomb"},{"floor":16.0,"key":"SteroidPotion"},{"floor":18.0,"key":"ColorlessPotion"},{"floor":19.0,"key":"Ancient Potion"},{"floor":29.0,"key":"Weak Potion"}],"is_trial":false,"path_per_floor":["M","?","?","?","M","M","M","R","T","R","E","M","$","M","R","B",null,"M","M","M","?","M","R","T","?","T","M","R","M","?","$","R","B"],"character_chosen":"THE_DT","items_purchased":["DTMod:DragonDance","DTMod:MindBender","DTMod:CalculatedDefense","DTMod:LightShield","DTMod:ComboAttack"],"campfire_rested":0,"item_purchase_floors":[13,31,31,31,31],"current_hp_per_floor":[45,45,38,38,38,38,38,38,38,38,24,24,39,39,39,39,45,34,34,34,34,34,34,44,41,41,34,34,19,11,26,26,48,48,48],"gold":80,"neow_bonus":"UPGRADE_CARD","is_daily":false,"chose_seed":false,"campfire_upgraded":5,"win_rate":0.0,"timestamp":1610782649,"path_taken":["M","?","?","?","M","?","M","R","T","R","E","M","$","M","R","BOSS","M","M","M","?","?","R","?","?","T","M","R","M","?","$","R","BOSS"],"items_purchased_type":["Card","Relic","Card","Card","Card"],"build_version":"2020-12-22","purchased_purges":0,"victory":false,"max_hp_per_floor":[45,45,45,45,45,45,45,45,45,45,45,45,45,45,45,45,45,45,45,45,45,45,45,55,55,55,55,55,55,55,55,55,55,55,55],"card_choices":[{"not_picked":["DTMod:SneakAttack","DTMod:FlameSlash"],"picked":"DTMod:TauntingStrike","floor":1.0},{"not_picked":["DTMod:Observe","DTMod:Feint"],"picked":"DTMod:Hide","floor":5.0},{"not_picked":["DTMod:MagiciansMark","DTMod:Threaten"],"picked":"DTMod:HeatWave","floor":6.0},{"not_picked":["DTMod:MasterPlan","DTMod:Punisher"],"picked":"DTMod:FlameSlash","floor":7.0},{"not_picked":["DTMod:PurifyingFlame","DTMod:Punisher"],"picked":"DTMod:Training","floor":11.0},{"not_picked":["DTMod:Dissolve","DTMod:Cover"],"picked":"DTMod:StunTrap","floor":14.0},{"not_picked":["DTMod:TriAttack","DTMod:HeadStart"],"picked":"DTMod:SealedStrike","floor":16.0},{"not_picked":["DTMod:FlameSlash+1","DTMod:QuickFly","DTMod:MasterPlan"],"picked":"SKIP","floor":18.0},{"not_picked":["DTMod:Feint","DTMod:GhostSkin"],"picked":"DTMod:ComboAttack","floor":19.0},{"not_picked":["DTMod:MagicField","DTMod:LastStand"],"picked":"DTMod:HeatWave","floor":20.0},{"not_picked":["DTMod:HeatWave+1","DTMod:Weaken+1"],"picked":"DTMod:CrossStep","floor":22.0},{"not_picked":["DTMod:Weaken","DTMod:Cover"],"picked":"DTMod:DeepFocus","floor":27.0},{"not_picked":["DTMod:HeatWave","DTMod:Cover+1"],"picked":"DTMod:DragonDance","floor":29.0}],"player_experience":118779,"relics_obtained":[{"floor":11.0,"key":"MealTicket"},{"floor":17.0,"key":"Boot"},{"floor":17.0,"key":"Pantograph"},{"floor":17.0,"key":"Gambling Chip"},{"floor":24.0,"key":"Pear"},{"floor":26.0,"key":"Smiling Mask"}],"event_choices":[{"cards_removed":["DTMod:Strike"],"damage_healed":0.0,"max_hp_gain":0.0,"max_hp_loss":0.0,"gold_gain":0.0,"event_name":"The Cleric","player_choice":"Card Removal","floor":2.0,"gold_loss":50.0,"damage_taken":0.0},{"damage_healed":0.0,"max_hp_gain":0.0,"max_hp_loss":0.0,"gold_gain":0.0,"event_name":"Scrap Ooze","player_choice":"Success","floor":3.0,"gold_loss":0.0,"damage_taken":7.0,"relics_obtained":["Sundial"]},{"damage_healed":0.0,"max_hp_gain":0.0,"max_hp_loss":0.0,"gold_gain":0.0,"event_name":"Lab","player_choice":"Got Potions","floor":4.0,"gold_loss":0.0,"damage_taken":0.0},{"damage_healed":0.0,"max_hp_gain":0.0,"max_hp_loss":0.0,"gold_gain":0.0,"cards_transformed":["DTMod:Strike"],"event_name":"Transmorgrifier","player_choice":"Transformed","floor":21.0,"gold_loss":0.0,"damage_taken":0.0,"cards_obtained":["DTMod:ExcessFootwork"]}],"is_beta":false,"boss_relics":[{"not_picked":["SacredBark","Tiny House"],"picked":"Calling Bell"}],"items_purged_floors":[],"is_endless":false,"potions_floor_spawned":[1,12,16,18,19,29],"killed_by":"theJungle:TotemBoss","ascension_level":0}}