{"host":"08z5bj28eube4vug","time":1610839570,"event":{"mods":["2.2 Compatiblity","Abigail Mod","Act Like it!","BaseMod","Beaked The Cultist","Bestiary","Friendly Minions","Gensokyo","GungeonMod","Hallownest","Kiyohime????","Koishi","Lobotomy","Marisa????????","Minty Spire (QoL Compilation)","Prisma Mod","Remilia??????","Replay The Spire","StSLib","Td1madao Mod","The Alterego","The Bug Knight","The Jungle","The Sage","The Senshi","The Servant 0.9.4","Waifu the Spire","WarShipGirlsR/????R mod","Yuri Mod"],"gold_per_floor":[109,165,189,32,43,43,76,76,128,145,145,145,145,123,83,83,83,212,212,237,252,41,41,61,61,86,101,101,125,47,66,66,109,109,233,233,247,247,147,168,24,62,62,83,83,119,119,219,219,240,240,240],"floor_reached":53,"language":"ENG","playtime":3230,"items_purged":["Wraith","Pain"],"score":1141,"play_id":"62b01bbb-f852-4641-968f-607873f9548e","local_time":"20210117022610","is_ascension_mode":true,"campfire_choices":[{"data":"theSenshi:MoonPrincessHalation","floor":6.0,"key":"SMITH"},{"data":"theSenshi:SailorMarsAssists","floor":8.0,"key":"SMITH"},{"data":"theSenshi:MoonPrismPowerMakeUp","floor":11.0,"key":"SMITH"},{"floor":17.0,"key":"DIG"},{"data":"theSenshi:MercurysCunning","floor":25.0,"key":"SMITH"},{"data":"theSenshi:CrisisMakeUp","floor":32.0,"key":"SMITH"},{"data":"theSenshi:MoonGorgeousMeditation","floor":34.0,"key":"SMITH"},{"data":"theSenshi:JupitersPower","floor":43,"key":"SMITH"},{"data":"theSenshi:SailorVenusAssists","floor":49,"key":"SMITH"},{"data":"theSenshi:WarriorOfTheMoon","floor":51,"key":"SMITH"}],"circlet_count":0,"master_deck":["theSenshi:SailorKick","theSenshi:SailorKick","theSenshi:SailorKick","theSenshi:SailorKick","theSenshi:SailorBlock","theSenshi:SailorBlock","theSenshi:SailorBlock","theSenshi:SailorBlock","theSenshi:RoseThrow","theSenshi:MoonPrismPowerMakeUp+1","theSenshi:MoonKick","theSenshi:WarriorOfTheMoon+1","theSenshi:SailorMarsAssists+1","theSenshi:MoonPrincessHalation+1","theSenshi:SailorVenusAssists+1","theSenshi:SailorChibiMoonAssists","theSenshi:MoonGorgeousMeditation+1","theSenshi:JupitersPower+1","theSenshi:TuxedoSmokingBomber","theSenshi:SailorMercuryAssists+1","theSenshi:MercurysCunning+1","theSenshi:TuxedoMaskAssists","theSenshi:TallSilhouette","theSenshi:YouCanTalk+1","theSenshi:CrisisMakeUp+1","theSenshi:GlimpseOfThePast","theSenshi:InTheNickOfTime+1","theSenshi:CrisisMakeUp+1","theSenshi:TallSilhouette+1"],"relics":["theSenshi:TransformationBroochRelic","NeowsBlessing","DemoMod:PoisonVial","Anchor","Lee\u0027s Waffle","TungstenRod","DemoMod:ClearGuonStone","Golden Idol","DemoMod:Bottle","Snecko Heart","ReplayTheSpireMod:CursedCoin","DemoMod:Relodestone","WarpedTongs","FossilizedHelix","Omamori","Runic Pyramid","theSenshi:TiaraRelic","Pear","Toy Ornithopter"],"acts_visited":["Exordium","TheCity","TheBeyond"],"potions_floor_usage":[42,52],"damage_taken":[{"damage":0.0,"enemies":"Small Slimes","floor":1.0,"turns":1.0},{"damage":0.0,"enemies":"Jaw Worm","floor":5.0,"turns":1.0},{"damage":0.0,"enemies":"Gremlin Nob","floor":7.0,"turns":1.0},{"damage":0.0,"enemies":"Cultist","floor":10.0,"turns":3.0},{"damage":15.0,"enemies":"Slime Boss","floor":18.0,"turns":8.0},{"damage":0.0,"enemies":"Chosen","floor":20.0,"turns":4.0},{"damage":0.0,"enemies":"Spheric Guardian","floor":21.0,"turns":3.0},{"damage":4.0,"enemies":"Chosen and Byrds","floor":24.0,"turns":5.0},{"damage":6.0,"enemies":"3 Cultists","floor":26.0,"turns":5.0},{"damage":0.0,"enemies":"Centurion and Healer","floor":27.0,"turns":5.0},{"damage":11.0,"enemies":"Snecko","floor":29.0,"turns":5.0},{"damage":0.0,"enemies":"Snake Plant","floor":31.0,"turns":2.0},{"damage":19.0,"enemies":"Gremlin Leader","floor":33.0,"turns":5.0},{"damage":0.0,"enemies":"Collector","floor":35.0,"turns":8.0},{"damage":13.0,"enemies":"3 Shapes","floor":37.0,"turns":5.0},{"damage":5,"enemies":"3 Darklings","floor":40,"turns":5},{"damage":0,"enemies":"Giant Head","floor":42,"turns":8},{"damage":0,"enemies":"4 Shapes","floor":44,"turns":5},{"damage":9,"enemies":"Reptomancer","floor":46,"turns":5},{"damage":0,"enemies":"Transient","floor":50,"turns":5},{"damage":27,"enemies":"Donu and Deca","floor":52,"turns":8}],"seed_played":"4986616983057720930","potions_obtained":[{"floor":2.0,"key":"ColorlessPotion"},{"floor":5.0,"key":"BlessingOfTheForge"},{"floor":10.0,"key":"GamblersBrew"},{"floor":20.0,"key":"DistilledChaos"},{"floor":24.0,"key":"Strength Potion"},{"floor":27.0,"key":"LiquidBronze"},{"floor":35.0,"key":"Elixir"},{"floor":40,"key":"AttackPotion"},{"floor":50,"key":"Reflective Coating"}],"is_trial":false,"path_per_floor":["M","?","T","$","M","R","E","R","T","M","R","PTL","PTL","$","?","?","R","B",null,"M","M","$","?","M","R","M","M","T","M","$","M","R","E","R","B",null,"M","?","$","M","$","E","R","M","T","E","?","?","R","M","R","B",null],"character_chosen":"THE_SENSHI","items_purchased":["Lee\u0027s Waffle","theSenshi:SailorVenusAssists","ReplayTheSpireMod:CursedCoin","DemoMod:Relodestone","theSenshi:CrisisMakeUp","theSenshi:TiaraRelic"],"campfire_rested":0,"item_purchase_floors":[4,14,22,22,30,41],"current_hp_per_floor":[68,38,38,82,82,82,82,82,82,82,82,82,82,82,82,63,63,48,74,74,79,79,79,78,78,82,82,82,71,71,71,71,52,52,52,75,62,62,62,57,57,67,67,67,67,64,64,64,64,64,64,42],"gold":240,"neow_bonus":"THREE_ENEMY_KILL","is_daily":false,"chose_seed":false,"campfire_upgraded":9,"win_rate":0.0,"timestamp":1610839570,"path_taken":["M","?","?","$","?","R","E","R","T","M","R","PTL","PTL","$","?","?","R","BOSS","M","M","$","?","?","R","M","M","T","M","$","M","R","E","R","BOSS","M","?","$","M","$","E","R","M","T","E","?","?","R","?","R","BOSS"],"items_purchased_type":["Relic","Card","Relic","Relic","Card","Relic"],"build_version":"2020-12-22","purchased_purges":2,"victory":true,"max_hp_per_floor":[75,75,75,82,82,82,82,82,82,82,82,82,82,82,82,82,82,82,82,82,82,82,82,82,82,82,82,82,82,82,82,82,82,82,82,82,82,82,82,82,82,92,92,92,92,92,87,87,87,87,87,87],"card_choices":[{"not_picked":["theSenshi:TallSilhouette","theSenshi:SailorPlanetAttack"],"picked":"theSenshi:MoonKick","floor":1.0},{"not_picked":["theSenshi:RainbowMoonHeartAche","theSenshi:SailorMarsAssists"],"picked":"theSenshi:WarriorOfTheMoon","floor":2.0},{"not_picked":["theSenshi:SailorV","theSenshi:TallSilhouette"],"picked":"theSenshi:SailorMarsAssists","floor":2.0},{"not_picked":["theSenshi:EncouragingSpeech","theSenshi:SupersonicWaves"],"picked":"theSenshi:MoonPrincessHalation","floor":5.0},{"not_picked":["theSenshi:Sidestep","theSenshi:MercurysCunning","theSenshi:MoonHealingEscalation"],"picked":"SKIP","floor":7.0},{"not_picked":["theSenshi:MoonPrincessHalation","theSenshi:OdangoHead","theSenshi:LateForSchool"],"picked":"SKIP","floor":10.0},{"not_picked":[],"picked":"theSenshi:SailorChibiMoonAssists","floor":15.0},{"not_picked":[],"picked":"theSenshi:MoonGorgeousMeditation","floor":15.0},{"not_picked":["theSenshi:MoonGorgeousMeditation","theSenshi:SilverMoonCrystalPowerKiss"],"picked":"theSenshi:JupitersPower","floor":18.0},{"not_picked":["theSenshi:MoonPrincessHalation","theSenshi:EncouragingSpeech+1"],"picked":"theSenshi:TuxedoSmokingBomber","floor":20.0},{"not_picked":["theSenshi:EncouragingSpeech","theSenshi:HesSoDreamy"],"picked":"theSenshi:SailorMercuryAssists+1","floor":21.0},{"not_picked":["theSenshi:LateForSchool","theSenshi:SchoolBag"],"picked":"theSenshi:MercurysCunning","floor":24.0},{"not_picked":["theSenshi:DramaticEntrance","theSenshi:SupersonicWaves"],"picked":"theSenshi:TuxedoMaskAssists","floor":26.0},{"not_picked":["theSenshi:SteeledNerves","theSenshi:MoonPrincessHalation"],"picked":"theSenshi:TallSilhouette","floor":27.0},{"not_picked":["theSenshi:SailorMercuryAssists","theSenshi:MoonKick+1"],"picked":"theSenshi:YouCanTalk+1","floor":29.0},{"not_picked":["theSenshi:Sidestep","theSenshi:YouCanTalk","theSenshi:TuxedoSmokingBomber"],"picked":"SKIP","floor":31.0},{"not_picked":["theSenshi:SailorMercuryAssists","theSenshi:TuxedoSmokingBomber+1","theSenshi:SailorMarsAssists"],"picked":"SKIP","floor":33.0},{"not_picked":["theSenshi:SilverMoonCrystalPowerKiss","theSenshi:LunaSensingAllies"],"picked":"theSenshi:GlimpseOfThePast","floor":35.0},{"not_picked":["theSenshi:YouCanTalk","theSenshi:LateForSchool"],"picked":"theSenshi:InTheNickOfTime+1","floor":37.0},{"not_picked":["theSenshi:RainbowMoonHeartAche","theSenshi:SailorPlanetPower","theSenshi:SailorStarMakerAssists+1"],"picked":"SKIP","floor":40},{"not_picked":["theSenshi:TallSilhouette","theSenshi:SailorVenusAssists","theSenshi:ChibiMoonsLove"],"picked":"SKIP","floor":42},{"not_picked":["theSenshi:MoonPunch+1","theSenshi:MoonlightKnight+1"],"picked":"theSenshi:CrisisMakeUp+1","floor":44},{"not_picked":["theSenshi:TuxedoSmokingBomber","theSenshi:DramaticEntrance+1","theSenshi:Sidestep"],"picked":"SKIP","floor":46},{"not_picked":["theSenshi:EncouragingSpeech","theSenshi:SailorMarsAssists"],"picked":"theSenshi:TallSilhouette+1","floor":50}],"player_experience":798548,"relics_obtained":[{"floor":2.0,"key":"DemoMod:PoisonVial"},{"floor":3.0,"key":"Anchor"},{"floor":7.0,"key":"TungstenRod"},{"floor":9.0,"key":"DemoMod:ClearGuonStone"},{"floor":17.0,"key":"DemoMod:Bottle"},{"floor":28.0,"key":"FossilizedHelix"},{"floor":33.0,"key":"Omamori"},{"floor":42,"key":"Pear"},{"floor":46,"key":"Toy Ornithopter"}],"event_choices":[{"damage_healed":0.0,"max_hp_gain":0.0,"max_hp_loss":0.0,"gold_gain":0.0,"event_name":"Golden Idol","player_choice":"Take Damage","floor":16.0,"gold_loss":0.0,"damage_taken":20.0,"relics_obtained":["Golden Idol"]},{"damage_healed":0.0,"max_hp_gain":0.0,"max_hp_loss":0.0,"gold_gain":0.0,"event_name":"Accursed Blacksmith","player_choice":"Rummage","floor":23.0,"gold_loss":0.0,"damage_taken":0.0,"relics_obtained":["WarpedTongs"],"cards_obtained":["Pain"]},{"damage_healed":0,"gold_gain":0,"player_choice":"Ignored","damage_taken":0,"max_hp_gain":0,"max_hp_loss":0,"event_name":"OrinTheCat","floor":38,"gold_loss":0},{"damage_healed":0,"gold_gain":0,"player_choice":"Max HP","damage_taken":0,"max_hp_gain":0,"max_hp_loss":5,"event_name":"Winding Halls","floor":47,"gold_loss":0},{"damage_healed":0,"gold_gain":100,"player_choice":"Pray","damage_taken":0,"max_hp_gain":0,"max_hp_loss":0,"event_name":"Golden Shrine","floor":48,"gold_loss":0}],"is_beta":false,"boss_relics":[{"not_picked":["ChewingGum","Replay:Bronze Core"],"picked":"Snecko Heart"},{"not_picked":["SacredBark","Pandora\u0027s Box"],"picked":"Runic Pyramid"}],"items_purged_floors":[22,39],"is_endless":false,"potions_floor_spawned":[5,10,20,24,27,35,40,50],"ascension_level":7}}