{"host":"aq6j0shg22k0vr7s","time":1610768738,"event":{"mods":["2.2 Compatiblity","AchievementEnabler","BaseMod","Better Note","Colored Map","Downfall","Duelist Mod","GifTheSpireLib","Hermit","Marisa????????","Minty Spire (QoL Compilation)","Quick Restart","StSLib","Td1madao Mod","The Bug Knight","The Cursed"],"gold_per_floor":[118,137,156,156,1,36,36,67,67,67,67,18,18,43,43,43,43],"floor_reached":16,"language":"ENG","playtime":478,"items_purged":["Strike_R"],"score":138,"play_id":"4d32f883-06d0-4104-aa45-ae76e73a8064","local_time":"20210115194538","is_ascension_mode":true,"campfire_choices":[{"data":"Body Slam","floor":7,"key":"SMITH"},{"data":"Armaments","floor":11,"key":"SMITH"},{"data":"Entrench","floor":15,"key":"SMITH"}],"circlet_count":0,"master_deck":["Strike_R","Strike_R","Strike_R","Strike_R","Defend_R","Defend_R","Defend_R","Defend_R","Bash","Shrug It Off","Iron Wave+1","Cleave","Armaments+1","Body Slam+1","Pommel Strike","Cleave","theDuelist:DuelistAscender","Pain","theDuelist:CurseAging","theDuelist:VampireCurse","Corruption","Twin Strike","Entrench+1"],"relics":["Burning Blood","NeowsBlessing","HollowMod:LifeEnderRelic","Self Forming Clay","Kunai","Darkstone Periapt","Golden Idol"],"acts_visited":["Exordium"],"potions_floor_usage":[6,8],"damage_taken":[{"damage":0,"enemies":"Small Slimes","floor":1,"turns":1},{"damage":0,"enemies":"Jaw Worm","floor":2,"turns":1},{"damage":0,"enemies":"Cultist","floor":3,"turns":1},{"damage":19,"enemies":"Gremlin Nob","floor":6,"turns":5},{"damage":13,"enemies":"3 Sentries","floor":8,"turns":7},{"damage":3,"enemies":"Looter","floor":14,"turns":2},{"damage":57,"enemies":"Slime Boss","floor":16,"turns":11}],"seed_played":"6184677237670655317","potions_obtained":[{"floor":2,"key":"Dexterity Potion"},{"floor":3,"key":"Energy Potion"}],"is_trial":false,"path_per_floor":["M","M","M","?","$","E","R","E","T","?","R","$","?","M","R","B"],"character_chosen":"IRONCLAD","items_purchased":["Armaments","Body Slam","Twin Strike"],"campfire_rested":0,"item_purchase_floors":[5,5,12],"current_hp_per_floor":[80,80,80,80,80,67,67,60,60,84,84,84,84,87,87,30,30],"gold":43,"neow_bonus":"THREE_ENEMY_KILL","is_daily":false,"chose_seed":false,"campfire_upgraded":3,"win_rate":0.0,"timestamp":1610768738,"path_taken":["M","M","M","?","$","E","R","E","T","?","R","?","?","M","R","BOSS"],"items_purchased_type":["Card","Card","Card"],"build_version":"2020-12-22","purchased_purges":1,"victory":false,"max_hp_per_floor":[80,80,80,80,80,80,80,80,80,104,104,104,96,96,96,96,96],"card_choices":[{"not_picked":["Heavy Blade","Pummel"],"picked":"Shrug It Off","floor":1},{"not_picked":["Headbutt","Searing Blow"],"picked":"Iron Wave","floor":2},{"not_picked":["Headbutt","True Grit"],"picked":"Cleave","floor":3},{"not_picked":["Whirlwind","Limit Break"],"picked":"Pommel Strike","floor":6},{"not_picked":["Rampage","Clash"],"picked":"Cleave","floor":8},{"not_picked":["Shrug It Off","Cleave"],"picked":"Entrench","floor":14}],"player_experience":81827,"relics_obtained":[{"floor":6,"key":"HollowMod:LifeEnderRelic"},{"floor":8,"key":"Self Forming Clay"},{"floor":9,"key":"Kunai"}],"event_choices":[{"damage_healed":0,"gold_gain":0,"player_choice":"Grow","damage_taken":0,"max_hp_gain":0,"max_hp_loss":0,"event_name":"Living Wall","floor":4,"gold_loss":0,"cards_upgraded":["Iron Wave"]},{"damage_healed":0,"gold_gain":0,"player_choice":"Lose Max HP","damage_taken":0,"relics_obtained":["Golden Idol"],"max_hp_gain":0,"max_hp_loss":8,"event_name":"Golden Idol","floor":13,"gold_loss":0}],"is_beta":false,"boss_relics":[],"items_purged_floors":[5],"is_endless":false,"potions_floor_spawned":[2,3],"killed_by":"Slime Boss","ascension_level":1}}