{"host":"tpbmol9dayg75a5s","time":1610768078,"event":{"mods":["BaseMod","Bestiary","Block Reminder","Colored Powertips","Dark Map","Downfall","Minty Spire (QoL Compilation)","Relic Stats","StSLib"],"gold_per_floor":[99,114,124,134,150,180,180,180,190,77,77,112,12,12,25,123,123,123,139,152,62,80,90,144,177,377,396,427,327,31,31,46,143,143,143,157,174,174,174,193,220,231,231,248,278,278,278,98,113,113],"floor_reached":51,"language":"ENG","playtime":6015,"items_purged":["champ:Strike","Regret","downfall:Haunted"],"score":932,"play_id":"ee041e92-5f3f-46ed-9b32-0d5b7155819b","local_time":"20210116003438","is_ascension_mode":true,"campfire_choices":[{"data":"champ:Taunt","floor":1,"key":"SMITH"},{"floor":8,"key":"RECALL"},{"data":"champ:TornadoPunch","floor":11,"key":"SMITH"},{"floor":13,"key":"REST"},{"data":"champ:StanceDance","floor":18,"key":"SMITH"},{"floor":29,"key":"REST"},{"data":"champ:StanceDance","floor":35,"key":"SMITH"},{"floor":43,"key":"REST"},{"floor":47,"key":"REST"}],"circlet_count":0,"master_deck":["champ:Strike","champ:Defend","champ:Defend","champ:Defend","champ:Defend","champ:Execute+1","champ:Taunt+1","champ:Shatter","champ:Backstep","champ:StanceDance+1","champ:IronFortress","champ:GutPunch","champ:AdrenalArmor","champ:GutPunch","champ:SteelEdge","champ:TornadoPunch+1","champ:CalledShot","champ:SetATrap","champ:EnragedBash+1","champ:CrookedStrike","champ:LastStand","champ:RecklessLeap","champ:CrookedStrike+1","champ:Haymaker+1","champ:FanOfKnives","champ:ShieldThrow","champ:PreciseThrust+1","champ:StanceDance+1","champ:SwordSigil+1","expansioncontent:QuickStudy","champ:BringItOn","champ:EnchantCrown","champ:EndlessRage+1","Parasite","champ:StanceDance+1","expansioncontent:YouAreMine+1","champ:RageSigil+1","champ:Duel"],"relics":["champ:ChampionCrown","champ:SpectersHand","StoneCalendar","champ:GladiatorsBookOfMartialProwess","downfall:HeartBlessingRed","Cursed Key","Pen Nib","Ornamental Fan","White Beast Statue","downfall:HeartBlessingGreen","Busted Crown","Whetstone","Toxic Egg 2"],"acts_visited":["Exordium","TheCity","TheBeyond"],"potions_floor_usage":[9,16,25,33,33,42,50,50],"damage_taken":[{"damage":10,"enemies":"2 Louse","floor":2,"turns":3},{"damage":20,"enemies":"Small Slimes","floor":3,"turns":3},{"damage":10,"enemies":"Cultist","floor":4,"turns":5},{"damage":13,"enemies":"Exordium Wildlife","floor":5,"turns":4},{"damage":69,"enemies":"Lagavulin","floor":6,"turns":8},{"damage":30,"enemies":"Large Slime","floor":9,"turns":4},{"damage":25,"enemies":"downfall:FleeingMerchant","floor":10,"turns":4},{"damage":51,"enemies":"Gremlin Nob","floor":12,"turns":4},{"damage":2,"enemies":"Blue Slaver","floor":15,"turns":3},{"damage":20,"enemies":"IC_STATUS_ARCHETYPE","floor":16,"turns":8},{"damage":25,"enemies":"3 Byrds","floor":19,"turns":4},{"damage":5,"enemies":"Spheric Guardian","floor":20,"turns":1},{"damage":35,"enemies":"downfall:FleeingMerchant","floor":21,"turns":4},{"damage":30,"enemies":"Cultist and Chosen","floor":22,"turns":6},{"damage":43,"enemies":"Shelled Parasite and Fungi","floor":23,"turns":4},{"damage":32,"enemies":"Gremlin Leader","floor":25,"turns":6},{"damage":20,"enemies":"Snake Plant","floor":27,"turns":2},{"damage":40,"enemies":"Book of Stabbing","floor":28,"turns":4},{"damage":13,"enemies":"downfall:FleeingMerchant","floor":30,"turns":4},{"damage":10,"enemies":"3 Cultists","floor":32,"turns":2},{"damage":77,"enemies":"SI_MIRROR_ARCHETYPE","floor":33,"turns":11},{"damage":85,"enemies":"3 Darklings","floor":36,"turns":4},{"damage":10,"enemies":"Orb Walker","floor":37,"turns":2},{"damage":60,"enemies":"Maw","floor":40,"turns":6},{"damage":39,"enemies":"Sphere and 2 Shapes","floor":42,"turns":4},{"damage":61,"enemies":"Spire Growth","floor":44,"turns":4},{"damage":24,"enemies":"Giant Head","floor":45,"turns":6},{"damage":10,"enemies":"downfall:FleeingMerchant","floor":48,"turns":4},{"damage":61,"enemies":"Writhing Mass","floor":49,"turns":4},{"damage":20,"enemies":"DF_ARCHETYPE_ORBS","floor":50,"turns":7}],"seed_played":"-1031642925836704425","potions_obtained":[{"floor":3,"key":"SpeedPotion"},{"floor":6,"key":"Fire Potion"},{"floor":12,"key":"FearPotion"},{"floor":16,"key":"Fire Potion"},{"floor":22,"key":"PowerPotion"},{"floor":25,"key":"Weak Potion"},{"floor":30,"key":"Dexterity Potion"},{"floor":33,"key":"FearPotion"},{"floor":36,"key":"Block Potion"},{"floor":42,"key":"Explosive Potion"},{"floor":45,"key":"champ:CounterPotion"},{"floor":48,"key":"FairyPotion"},{"floor":49,"key":"SneckoOil"}],"is_trial":false,"path_per_floor":["R","M","M","M","M","E","T","R","M","$","R","E","R","?","M","B",null,"R","M","M","$","M","M","T","E","?","M","E","R","$","?","M","B",null,"R","M","M","?","?","M","T","M","R","M","E","?","R","$","M","B",null],"character_chosen":"THE_CHAMP","items_purchased":["champ:TornadoPunch","champ:CalledShot","expansioncontent:QuickStudy","champ:Duel"],"campfire_rested":4,"item_purchase_floors":[10,10,30,48],"current_hp_per_floor":[90,90,90,90,87,43,43,43,43,38,38,7,34,34,32,32,90,90,90,90,90,85,72,72,70,70,50,30,57,54,54,54,7,90,90,60,60,79,71,46,46,32,55,19,10,10,33,33,23,18],"gold":113,"neow_bonus":"THREE_CARDS","is_daily":false,"chose_seed":false,"campfire_upgraded":4,"win_rate":0.0,"timestamp":1610768078,"path_taken":["R","M","M","M","M","E","T","R","M","$","R","E","R","?","M","BOSS","R","M","M","$","M","M","T","E","?","M","E","R","$","?","M","BOSS","R","M","M","?","?","?","T","M","R","M","E","?","R","$","M","BOSS"],"items_purchased_type":["Card","Card","Card","Card"],"build_version":"2020-12-22","purchased_purges":3,"victory":true,"max_hp_per_floor":[90,90,90,90,90,90,90,90,90,90,90,90,90,90,90,90,90,90,90,90,90,90,90,90,90,90,90,90,90,90,90,90,90,90,90,90,90,79,79,79,79,79,79,79,79,79,79,79,79,79],"relic_stats":{"Busted Crown":20,"counters":[30,135],"Ornamental Fan":[80],"StoneCalendar":[135],"Pen Nib":[15],"Whetstone":["champ:EnragedBash","champ:Execute"],"Cursed Key":2,"obtain_stats":[{"downfall:HeartBlessingRed":13,"champ:ChampionCrown":0,"StoneCalendar":7,"downfall:HeartBlessingGreen":29,"Pen Nib":24,"Whetstone":41,"Cursed Key":17,"White Beast Statue":28,"champ:GladiatorsBookOfMartialProwess":12,"Busted Crown":34,"Ornamental Fan":25,"Toxic Egg 2":45,"champ:SpectersHand":6},{"downfall:HeartBlessingRed":8,"champ:ChampionCrown":0,"StoneCalendar":5,"downfall:HeartBlessingGreen":18,"Pen Nib":15,"Whetstone":24,"Cursed Key":10,"White Beast Statue":18,"champ:GladiatorsBookOfMartialProwess":8,"Busted Crown":21,"Ornamental Fan":16,"Toxic Egg 2":27,"champ:SpectersHand":5},{"downfall:HeartBlessingRed":35,"champ:ChampionCrown":0,"StoneCalendar":23,"downfall:HeartBlessingGreen":77,"Pen Nib":65,"Whetstone":106,"Cursed Key":46,"White Beast Statue":77,"champ:GladiatorsBookOfMartialProwess":35,"Busted Crown":94,"Ornamental Fan":71,"Toxic Egg 2":120,"champ:SpectersHand":23}]},"card_choices":[{"not_picked":["champ:RapidStrikes","champ:DefensiveShout"],"picked":"champ:Shatter","floor":0},{"not_picked":["champ:BringItOn","champ:BladeFlurry"],"picked":"champ:Backstep","floor":2},{"not_picked":["champ:TornadoPunch","champ:GutPunch"],"picked":"champ:StanceDance","floor":3},{"not_picked":["champ:Duel","champ:DefensiveShout"],"picked":"champ:IronFortress","floor":4},{"not_picked":["champ:ArenaPreparation","champ:RapidStrikes"],"picked":"champ:GutPunch","floor":5},{"not_picked":["champ:StrikeOfGenius","champ:BerserkersShout"],"picked":"champ:AdrenalArmor","floor":6},{"not_picked":["champ:FalseCounter","champ:BladeFlurry"],"picked":"champ:GutPunch","floor":9},{"not_picked":["champ:StanceDance","champ:CrownThrow"],"picked":"champ:SteelEdge","floor":10},{"not_picked":["champ:ShieldSigil","champ:BladeFlurry"],"picked":"champ:SetATrap","floor":12},{"not_picked":["champ:AdrenalArmor","champ:FocusedBerserking"],"picked":"champ:CrookedStrike","floor":15},{"not_picked":["champ:CheapShot","champ:TripleStrike"],"picked":"champ:LastStand","floor":16},{"not_picked":["champ:Shatter","champ:BerserkersShout"],"picked":"champ:RecklessLeap","floor":19},{"not_picked":["champ:Backstep","champ:CrownThrow"],"picked":"champ:CrookedStrike","floor":20},{"not_picked":["champ:FlashCut","champ:AdrenalArmor","champ:BerserkerStyle"],"picked":"SKIP","floor":21},{"not_picked":["champ:Shatter","champ:EnGarde"],"picked":"champ:Haymaker+1","floor":22},{"not_picked":["champ:FlashCut+1","champ:DefensiveShout"],"picked":"champ:FanOfKnives","floor":23},{"not_picked":["champ:CrookedStrike+1","champ:CrownThrow"],"picked":"champ:ShieldThrow","floor":25},{"not_picked":["champ:ViciousMockery","champ:SwordSigil"],"picked":"champ:PreciseThrust+1","floor":27},{"not_picked":["champ:CalledShot","champ:ViciousMockery+1"],"picked":"champ:StanceDance","floor":28},{"not_picked":["champ:TornadoPunch","champ:SteelEdge"],"picked":"champ:SwordSigil+1","floor":30},{"not_picked":["champ:DefensiveShout","champ:FlashCut+1"],"picked":"champ:BringItOn","floor":32},{"not_picked":["champ:MurderStrike","champ:SteelEdge"],"picked":"champ:EnchantCrown","floor":33},{"not_picked":["champ:Backstep"],"picked":"SKIP","floor":36},{"not_picked":[],"picked":"champ:EndlessRage+1","floor":37},{"not_picked":["champ:SkillfulDodge+1"],"picked":"SKIP","floor":40},{"not_picked":["champ:Lariat"],"picked":"SKIP","floor":42},{"not_picked":["champ:SwordSigil"],"picked":"SKIP","floor":44},{"not_picked":[],"picked":"champ:StanceDance+1","floor":45},{"not_picked":[],"picked":"expansioncontent:YouAreMine+1","floor":46},{"not_picked":[],"picked":"champ:RageSigil+1","floor":48},{"not_picked":["champ:SetATrap+1"],"picked":"SKIP","floor":49}],"player_experience":1016526,"relics_obtained":[{"floor":6,"key":"champ:SpectersHand"},{"floor":7,"key":"StoneCalendar"},{"floor":12,"key":"champ:GladiatorsBookOfMartialProwess"},{"floor":24,"key":"Pen Nib"},{"floor":25,"key":"Ornamental Fan"},{"floor":28,"key":"White Beast Statue"},{"floor":41,"key":"Whetstone"},{"floor":45,"key":"Toxic Egg 2"}],"event_choices":[{"damage_healed":0,"gold_gain":0,"cards_transformed":["champ:Strike"],"player_choice":"Change","damage_taken":0,"max_hp_gain":0,"max_hp_loss":0,"event_name":"Living Wall","floor":14,"gold_loss":0,"cards_obtained":["champ:EnragedBash"]},{"damage_healed":0,"gold_gain":0,"player_choice":"Ignored","damage_taken":0,"max_hp_gain":0,"max_hp_loss":0,"event_name":"Ghosts","floor":31,"gold_loss":0}],"is_beta":false,"boss_relics":[{"not_picked":["Coffee Dripper","Tiny House"],"picked":"Cursed Key"},{"not_picked":["Pandora\u0027s Box","bronze:MakeshiftBattery"],"picked":"Busted Crown"}],"items_purged_floors":[21,30,48],"is_endless":false,"potions_floor_spawned":[3,6,12,16,22,23,25,28,30,32,33,36,37,40,42,44,45,48,49],"ascension_level":4}}