{"host":"mydft8i2zzydgggw","time":1610834346,"event":{"mods":["AchievementEnabler","BaseMod","BetterRewards","Colored Map","Colored Powertips","DeckTracker","Keyboard Shortcuts","Minty Spire (QoL Compilation)","Rare Cards Sparkle","StSLib","SuperFastMode","everything is the same but u backflip on backflip"],"gold_per_floor":[115,127,141,160,160,194,194,211,211,230,256,43,43,43,43,149,149,167,176,195,228,252,252,296,296,322,334,356,377,416,445,457,582,594,629,261,280,169,169,169,189,207,233,38,38,83,111,125,125,125],"floor_reached":51,"language":"KOR","playtime":1979,"items_purged":["Strike_B","Defend_B","Defend_B","Strike_B"],"score":1017,"play_id":"4d28edc7-c4cc-498a-883f-f6bfd55c9d7b","local_time":"20210117065906","is_ascension_mode":true,"campfire_choices":[{"data":"Zap","floor":7.0,"key":"SMITH"},{"data":"Glacier","floor":15.0,"key":"SMITH"},{"data":"Coolheaded","floor":23.0,"key":"SMITH"},{"floor":27.0,"key":"REST"},{"floor":32.0,"key":"REST"},{"data":"Recycle","floor":40,"key":"SMITH"},{"data":"Biased Cognition","floor":49,"key":"SMITH"}],"circlet_count":0,"master_deck":["Defend_B","Defend_B","Zap+1","Dualcast","Rainbow+1","Glacier+1","Self Repair","FTL","Capacitor","Core Surge","Tempest","Defragment","Biased Cognition+1","Coolheaded+1","Heatsinks","Machine Learning","Leap","Recycle+1","Machine Learning","Coolheaded+1","Undo","Chaos+1","Cold Snap+1","Barrage+1","Compile Driver","Cold Snap","Heatsinks+1"],"relics":["FrozenCore","CultistMask","Smiling Mask","CeramicFish","Bag of Preparation","HornCleat","Empty Cage","Red Mask","Vajra","Enchiridion","MawBank","Membership Card","Art of War","Juzu Bracelet","Orrery","Lantern","Mummified Hand","Turnip"],"acts_visited":["Exordium","TheCity","TheBeyond"],"potions_floor_usage":[41,42,50,50],"damage_taken":[{"damage":13.0,"enemies":"Small Slimes","floor":1.0,"turns":4.0},{"damage":0.0,"enemies":"Cultist","floor":2.0,"turns":4.0},{"damage":4.0,"enemies":"2 Louse","floor":3.0,"turns":3.0},{"damage":9.0,"enemies":"Red Slaver","floor":4.0,"turns":4.0},{"damage":16.0,"enemies":"3 Sentries","floor":6.0,"turns":12.0},{"damage":2.0,"enemies":"Looter","floor":8.0,"turns":4.0},{"damage":3.0,"enemies":"Large Slime","floor":10.0,"turns":5.0},{"damage":5.0,"enemies":"Lots of Slimes","floor":11.0,"turns":4.0},{"damage":0.0,"enemies":"Hexaghost","floor":16.0,"turns":9.0},{"damage":2.0,"enemies":"Chosen","floor":18.0,"turns":4.0},{"damage":11.0,"enemies":"2 Thieves","floor":20.0,"turns":5.0},{"damage":12.0,"enemies":"Masked Bandits","floor":21.0,"turns":7.0},{"damage":0.0,"enemies":"Centurion and Healer","floor":22.0,"turns":15.0},{"damage":50.0,"enemies":"Book of Stabbing","floor":24.0,"turns":8.0},{"damage":0.0,"enemies":"Sentry and Sphere","floor":28.0,"turns":5.0},{"damage":22.0,"enemies":"Shelled Parasite and Fungi","floor":30.0,"turns":5.0},{"damage":8.0,"enemies":"Centurion and Healer","floor":31.0,"turns":10.0},{"damage":33,"enemies":"Collector","floor":33,"turns":15},{"damage":8,"enemies":"3 Shapes","floor":35,"turns":8},{"damage":9,"enemies":"3 Darklings","floor":37,"turns":10},{"damage":16,"enemies":"Transient","floor":41,"turns":5},{"damage":0,"enemies":"4 Shapes","floor":42,"turns":7},{"damage":9,"enemies":"2 Orb Walkers","floor":46,"turns":5},{"damage":0,"enemies":"Sphere and 2 Shapes","floor":47,"turns":5},{"damage":0,"enemies":"Jaw Worm Horde","floor":48,"turns":5},{"damage":15,"enemies":"Donu and Deca","floor":50,"turns":12}],"seed_played":"4309398415687135676","potions_obtained":[{"floor":1.0,"key":"Swift Potion"},{"floor":3.0,"key":"Fire Potion"},{"floor":6.0,"key":"Swift Potion"},{"floor":10.0,"key":"FocusPotion"},{"floor":18.0,"key":"SneckoOil"},{"floor":20.0,"key":"SteroidPotion"},{"floor":24.0,"key":"ColorlessPotion"},{"floor":33,"key":"DuplicationPotion"},{"floor":35,"key":"LiquidMemories"},{"floor":41,"key":"DuplicationPotion"},{"floor":48,"key":"SteroidPotion"}],"is_trial":false,"path_per_floor":["M","M","M","M","?","E","R","M","T","M","M","$","?","?","R","B",null,"M","?","M","?","M","R","E","?","T","R","M","?","M","M","R","B",null,"M","$","M","$","?","R","M","M","T","$","?","?","M","M","R","B",null],"character_chosen":"DEFECT","items_purchased":["Defragment","FairyPotion","Membership Card","Art of War","Juzu Bracelet","Undo","Orrery","Mummified Hand","Cold Snap"],"campfire_rested":2,"item_purchase_floors":[12,12,36,36,36,36,38,44,44],"current_hp_per_floor":[55,55,58,56,56,47,47,52,52,56,58,58,40,40,40,47,63,68,68,64,59,66,66,23,7,7,27,34,34,19,18,38,12,54,53,53,51,51,51,51,42,49,49,49,49,47,54,61,61,53],"gold":125,"neow_bonus":"THREE_RARE_CARDS","is_daily":false,"chose_seed":false,"campfire_upgraded":5,"win_rate":0.0,"timestamp":1610834346,"path_taken":["M","M","M","M","?","E","R","M","T","M","M","?","?","?","R","BOSS","M","?","M","?","M","R","E","?","T","R","M","?","M","?","R","BOSS","M","$","M","$","?","R","M","M","T","$","?","?","M","M","R","BOSS"],"items_purchased_type":["Card","Potion","Relic","Relic","Relic","Card","Relic","Relic","Card"],"build_version":"2020-12-22","purchased_purges":4,"victory":true,"max_hp_per_floor":[68,68,68,68,68,68,68,68,68,68,68,68,68,68,68,68,68,68,68,68,68,68,68,68,68,68,68,68,68,68,68,68,68,68,68,68,68,68,68,68,68,68,68,68,68,68,68,68,68,68],"card_choices":[{"not_picked":["Meteor Strike","Thunder Strike"],"picked":"Rainbow","floor":0.0},{"not_picked":["Redo","Ball Lightning"],"picked":"Glacier","floor":1.0},{"not_picked":["Auto Shields","Storm"],"picked":"Self Repair","floor":2.0},{"not_picked":["Steam","Turbo"],"picked":"FTL","floor":3.0},{"not_picked":["Cold Snap","Steam"],"picked":"Capacitor","floor":4.0},{"not_picked":["Reinforced Body","Sweeping Beam"],"picked":"Core Surge","floor":6.0},{"not_picked":["Rebound","Beam Cell","Conserve Battery"],"picked":"SKIP","floor":8.0},{"not_picked":["Stack","Beam Cell"],"picked":"Tempest","floor":10.0},{"not_picked":["Gash","Steam"],"picked":"Chill","floor":11.0},{"not_picked":["Fission","Machine Learning"],"picked":"Biased Cognition","floor":16.0},{"not_picked":["Sweeping Beam+1","Compile Driver","Redo"],"picked":"SKIP","floor":18.0},{"not_picked":["Genetic Algorithm","Compile Driver","Aggregate+1"],"picked":"SKIP","floor":20.0},{"not_picked":["Sweeping Beam","Reprogram"],"picked":"Heatsinks","floor":22.0},{"not_picked":["Conserve Battery","Cold Snap"],"picked":"Machine Learning","floor":24.0},{"not_picked":["White Noise","Reprogram","Ball Lightning+1"],"picked":"SKIP","floor":28.0},{"not_picked":["Leap","Barrage+1"],"picked":"Recycle","floor":30.0},{"not_picked":["Barrage","Cold Snap","Steam"],"picked":"SKIP","floor":31.0},{"not_picked":["Creative AI","Thunder Strike"],"picked":"Machine Learning","floor":33},{"not_picked":["Heatsinks+1","Double Energy+1"],"picked":"Coolheaded+1","floor":35},{"not_picked":["Darkness","Steam"],"picked":"Chaos+1","floor":37},{"not_picked":["Go for the Eyes+1","Glacier"],"picked":"Cold Snap+1","floor":38},{"not_picked":["Recycle+1","Machine Learning"],"picked":"Barrage+1","floor":38},{"not_picked":["Go for the Eyes","Steam Power"],"picked":"Compile Driver","floor":41},{"not_picked":["Coolheaded","Barrage+1","Compile Driver+1"],"picked":"SKIP","floor":42},{"not_picked":["Barrage+1","Consume+1"],"picked":"Heatsinks+1","floor":47},{"not_picked":["Hologram+1","Doom and Gloom","Beam Cell+1"],"picked":"SKIP","floor":48}],"player_experience":168948,"relics_obtained":[{"floor":6.0,"key":"Smiling Mask"},{"floor":9.0,"key":"CeramicFish"},{"floor":21.0,"key":"Red Mask"},{"floor":24.0,"key":"Vajra"},{"floor":25.0,"key":"Enchiridion"},{"floor":26.0,"key":"MawBank"},{"floor":43,"key":"Lantern"},{"floor":46,"key":"Turnip"}],"event_choices":[{"damage_healed":0.0,"max_hp_gain":0.0,"max_hp_loss":0.0,"gold_gain":0.0,"event_name":"FaceTrader","player_choice":"Trade","floor":5.0,"gold_loss":0.0,"damage_taken":0.0,"relics_obtained":["CultistMask"]},{"damage_healed":0.0,"max_hp_gain":0.0,"max_hp_loss":0.0,"gold_gain":0.0,"event_name":"Scrap Ooze","player_choice":"Success","floor":13.0,"gold_loss":0.0,"damage_taken":18.0,"relics_obtained":["Bag of Preparation"]},{"damage_healed":0.0,"max_hp_gain":0.0,"max_hp_loss":0.0,"gold_gain":0.0,"event_name":"WeMeetAgain","player_choice":"Gave Potion","floor":14.0,"gold_loss":0.0,"damage_taken":0.0,"relics_obtained":["HornCleat"]},{"damage_healed":0.0,"max_hp_gain":0.0,"max_hp_loss":0.0,"gold_gain":0.0,"event_name":"The Library","player_choice":"Read","floor":19.0,"gold_loss":0.0,"damage_taken":0.0,"cards_obtained":["Coolheaded"]},{"damage_healed":0.0,"max_hp_gain":0.0,"max_hp_loss":0.0,"gold_gain":0.0,"event_name":"Masked Bandits","player_choice":"Fought Bandits","floor":21.0,"gold_loss":0.0,"damage_taken":0.0},{"damage_healed":0.0,"max_hp_gain":0.0,"max_hp_loss":0.0,"gold_gain":0.0,"event_name":"Cursed Tome","player_choice":"Obtained Book","floor":25.0,"gold_loss":0.0,"damage_taken":16.0},{"damage_healed":0.0,"max_hp_gain":0.0,"max_hp_loss":0.0,"gold_gain":0.0,"event_name":"Match and Keep!","player_choice":"1 cards matched","floor":29.0,"gold_loss":0.0,"damage_taken":0.0,"cards_obtained":["Leap"]},{"cards_removed":["Chill"],"damage_healed":0,"gold_gain":0,"player_choice":"Removed Skill","damage_taken":0,"max_hp_gain":0,"max_hp_loss":0,"event_name":"Falling","floor":39,"gold_loss":0},{"damage_healed":0,"gold_gain":0,"player_choice":"Upgraded","damage_taken":0,"max_hp_gain":0,"max_hp_loss":0,"event_name":"Upgrade Shrine","floor":45,"gold_loss":0,"cards_upgraded":["Rainbow"]},{"damage_healed":0,"gold_gain":0,"player_choice":"Fight","damage_taken":0,"max_hp_gain":0,"max_hp_loss":0,"event_name":"Mysterious Sphere","floor":46,"gold_loss":0}],"is_beta":false,"boss_relics":[{"not_picked":["Calling Bell","Cursed Key"],"picked":"Empty Cage"},{"not_picked":["SlaversCollar","Coffee Dripper"],"picked":"FrozenCore"}],"items_purged_floors":[12,36,38,44],"is_endless":false,"potions_floor_spawned":[1,3,6,10,18,20,24,33,35,41,48],"ascension_level":8}}