{"host":"y3h3n3f7seyagppx","time":1610761176,"event":{"mods":["AlwaysNeverKeys","BaseMod","Better Vampires","Colored Powertips","DeckTracker","Emptier Cage","Minty Spire (QoL Compilation)","Permanent Neow","Quick Restart","Rare Cards Sparkle","Relic Sorter","Relic Stats","StSLib","Transform Curses"],"gold_per_floor":[19,29,29,29,47,47,74,18,41,41,69,79,79,92,92,171,171,182,182,182,182,194,194,194,194,194,225,237,237,5,37,37,114,114,130,130,148,148,148,182,182,210,234,264,276,296,312,337,337,337,337,337,337,15,50,50,50],"floor_reached":56,"language":"ENG","playtime":39010,"items_purged":["Defend_R"],"score":2037,"play_id":"501dc2c1-1ca7-4844-b748-3bb1a329276d","local_time":"20210115203936","is_ascension_mode":true,"campfire_choices":[{"data":"Armaments","floor":6.0,"key":"SMITH"},{"data":"Immolate","floor":13.0,"key":"SMITH"},{"data":"Carnage","floor":15.0,"key":"SMITH"},{"floor":23.0,"key":"REST"},{"floor":25.0,"key":"REST"},{"data":"Spot Weakness","floor":32.0,"key":"SMITH"},{"data":"Shrug It Off","floor":41.0,"key":"SMITH"},{"data":"Entrench","floor":49.0,"key":"SMITH"},{"data":"Feel No Pain","floor":53,"key":"SMITH"}],"circlet_count":0,"master_deck":["AscendersBane","Strike_R","Strike_R","Defend_R","Defend_R","Defend_R","Bash","Feel No Pain","Armaments+1","Feel No Pain+1","Shrug It Off+1","Immolate+1","Evolve","Reaper","Battle Trance+1","Spot Weakness+1","RitualDagger","Reaper","Offering","Barricade","Sword Boomerang","True Grit+1","Shrug It Off+1","Entrench+1","Whirlwind+1","Dark Shackles","Impervious"],"relics":["Burning Blood","Toy Ornithopter","Bag of Marbles","Thread and Needle","Mark of Pain","Enchiridion","Ornamental Fan","Juzu Bracelet","Sling","Ice Cream","Coffee Dripper","StoneCalendar","White Beast Statue","Regal Pillow","Strawberry","FossilizedHelix","Happy Flower","Bronze Scales"],"acts_visited":["Exordium","TheCity","TheBeyond","TheEnding"],"potions_floor_usage":[55,56,56],"damage_taken":[{"damage":1.0,"enemies":"2 Louse","floor":1.0,"turns":4.0},{"damage":9.0,"enemies":"Jaw Worm","floor":2.0,"turns":6.0},{"damage":3.0,"enemies":"Cultist","floor":5.0,"turns":5.0},{"damage":63.0,"enemies":"Gremlin Nob","floor":7.0,"turns":6.0},{"damage":8.0,"enemies":"3 Sentries","floor":11.0,"turns":10.0},{"damage":0.0,"enemies":"Lots of Slimes","floor":12.0,"turns":6.0},{"damage":0.0,"enemies":"3 Louse","floor":14.0,"turns":1.0},{"damage":40.0,"enemies":"The Guardian","floor":16.0,"turns":12.0},{"damage":8.0,"enemies":"3 Byrds","floor":18.0,"turns":5.0},{"damage":18.0,"enemies":"Shell Parasite","floor":22.0,"turns":4.0},{"damage":18.0,"enemies":"Gremlin Leader","floor":27.0,"turns":6.0},{"damage":27.0,"enemies":"3 Cultists","floor":28.0,"turns":5.0},{"damage":0.0,"enemies":"Slavers","floor":31.0,"turns":2.0},{"damage":83.0,"enemies":"Automaton","floor":33.0,"turns":10.0},{"damage":0.0,"enemies":"Orb Walker","floor":35.0,"turns":1.0},{"damage":56.0,"enemies":"3 Darklings","floor":37.0,"turns":7.0},{"damage":11.0,"enemies":"Nemesis","floor":40.0,"turns":5.0},{"damage":24.0,"enemies":"Reptomancer","floor":42.0,"turns":5.0},{"damage":44.0,"enemies":"Giant Head","floor":44.0,"turns":8.0},{"damage":16.0,"enemies":"Writhing Mass","floor":45.0,"turns":5.0},{"damage":6.0,"enemies":"Spire Growth","floor":46.0,"turns":7.0},{"damage":25.0,"enemies":"Maw","floor":47.0,"turns":16.0},{"damage":6.0,"enemies":"Mind Bloom Boss Battle","floor":48.0,"turns":9.0},{"damage":46.0,"enemies":"Time Eater","floor":50.0,"turns":10.0},{"damage":85,"enemies":"Awakened One","floor":51,"turns":22},{"damage":87,"enemies":"Shield and Spear","floor":55,"turns":11},{"damage":145,"enemies":"The Heart","floor":56,"turns":9}],"seed_played":"-2600552933060885163","potions_obtained":[{"floor":1.0,"key":"SkillPotion"},{"floor":2.0,"key":"Swift Potion"},{"floor":10.0,"key":"FairyPotion"},{"floor":12.0,"key":"SteroidPotion"},{"floor":16.0,"key":"EssenceOfSteel"},{"floor":18.0,"key":"SpeedPotion"},{"floor":40.0,"key":"Strength Potion"},{"floor":44.0,"key":"SkillPotion"},{"floor":47.0,"key":"EssenceOfSteel"},{"floor":55,"key":"DistilledChaos"}],"is_trial":false,"path_per_floor":["M","M","?","?","M","R","E","$","T","?","E","M","R","M","R","B",null,"M","?","?","?","M","R","?","R","T","E","M","?","$","E","R","B",null,"M","?","M","?","?","E","R","E","T","E","M","M","M","?","R","B","B",null,"R","$","E","B"],"character_chosen":"IRONCLAD","items_purchased":["Explosive Potion","Sling","Dark Shackles","Happy Flower","BloodPotion"],"campfire_rested":2,"item_purchase_floors":[8,30,54,54,54],"current_hp_per_floor":[73,70,70,70,73,73,16,16,16,16,19,25,25,31,31,23,62,64,43,22,22,10,34,28,52,52,80,72,72,72,80,80,21,65,71,71,76,76,76,76,76,58,58,60,73,83,83,83,83,80,83,83,83,83,68,0,0],"gold":50,"neow_bonus":"REMOVE_TWO","is_daily":false,"chose_seed":false,"campfire_upgraded":7,"win_rate":0.0,"timestamp":1610761176,"path_taken":["M","M","?","?","?","R","E","?","T","?","E","?","R","M","R","BOSS","M","?","?","?","M","R","?","R","T","E","M","?","?","E","R","BOSS","M","?","M","?","?","E","R","E","T","E","M","M","M","?","R","BOSS","BOSS","R","$","E","BOSS"],"items_purchased_type":["Potion","Relic","Card","Relic","Potion"],"build_version":"2020-12-22","purchased_purges":1,"victory":false,"max_hp_per_floor":[75,75,75,75,75,75,75,75,75,75,75,75,75,75,75,75,75,75,80,80,80,80,80,80,80,80,80,80,80,80,80,80,80,80,80,76,76,76,76,76,76,76,76,83,83,83,83,83,83,83,83,83,83,83,83,83,83],"relic_stats":{"Regal Pillow":0,"Happy Flower":[6],"counters":[27,197],"Ornamental Fan":[76],"Bronze Scales":[141],"StoneCalendar":[260],"Juzu Bracelet":1,"obtain_stats":[{"Ice Cream":31,"Regal Pillow":43,"Happy Flower":54,"Enchiridion":20,"Thread and Needle":11,"StoneCalendar":40,"Juzu Bracelet":27,"Sling":30,"Burning Blood":0,"White Beast Statue":42,"Ornamental Fan":26,"Strawberry":44,"Bronze Scales":55,"Mark of Pain":17,"Bag of Marbles":9,"Coffee Dripper":34,"Toy Ornithopter":7,"FossilizedHelix":48},{"Ice Cream":13,"Regal Pillow":18,"Happy Flower":25,"Enchiridion":9,"Thread and Needle":5,"StoneCalendar":17,"Juzu Bracelet":11,"Sling":12,"Burning Blood":0,"White Beast Statue":18,"Ornamental Fan":10,"Strawberry":19,"Bronze Scales":26,"Mark of Pain":8,"Bag of Marbles":4,"Coffee Dripper":14,"Toy Ornithopter":4,"FossilizedHelix":23},{"Ice Cream":72,"Regal Pillow":100,"Happy Flower":177,"Enchiridion":55,"Thread and Needle":31,"StoneCalendar":95,"Juzu Bracelet":65,"Sling":70,"Burning Blood":0,"White Beast Statue":100,"Ornamental Fan":59,"Strawberry":108,"Bronze Scales":188,"Mark of Pain":50,"Bag of Marbles":21,"Coffee Dripper":82,"Toy Ornithopter":21,"FossilizedHelix":145}],"Burning Blood":126,"Toy Ornithopter":30},"card_choices":[{"not_picked":["Ghostly Armor","Cleave"],"picked":"Feel No Pain","floor":1.0},{"not_picked":["Heavy Blade","Body Slam"],"picked":"Armaments","floor":2.0},{"not_picked":["Second Wind","Battle Trance"],"picked":"Carnage","floor":5.0},{"not_picked":["Body Slam","Power Through"],"picked":"Shrug It Off","floor":7.0},{"not_picked":["Heavy Blade","Seeing Red","Havoc"],"picked":"SKIP","floor":11.0},{"not_picked":["Second Wind","Inflame"],"picked":"Immolate","floor":12.0},{"not_picked":["Sword Boomerang","Warcry"],"picked":"Evolve","floor":14.0},{"not_picked":["Double Tap","Fiend Fire"],"picked":"Reaper","floor":16.0},{"not_picked":["Body Slam","Armaments"],"picked":"Battle Trance+1","floor":18.0},{"not_picked":["Evolve","Pommel Strike","Bludgeon"],"picked":"SKIP","floor":22.0},{"not_picked":["Heavy Blade","Inflame","Thunderclap"],"picked":"SKIP","floor":27.0},{"not_picked":["Heavy Blade","Inflame","Thunderclap"],"picked":"SKIP","floor":27.0},{"not_picked":["Flex","Wild Strike+1","Thunderclap"],"picked":"SKIP","floor":28.0},{"not_picked":["Heavy Blade","Wild Strike"],"picked":"Offering","floor":31.0},{"not_picked":["Double Tap","Brutality"],"picked":"Barricade","floor":33.0},{"not_picked":["Evolve","Warcry"],"picked":"Sword Boomerang","floor":35.0},{"not_picked":["Bloodletting","Warcry","Anger"],"picked":"SKIP","floor":37.0},{"not_picked":["Searing Blow","Juggernaut"],"picked":"True Grit+1","floor":40.0},{"not_picked":["Fire Breathing","Armaments"],"picked":"Shrug It Off+1","floor":42.0},{"not_picked":["Pommel Strike","Twin Strike"],"picked":"Entrench","floor":44.0},{"not_picked":["Cleave","Anger+1","True Grit"],"picked":"SKIP","floor":45.0},{"not_picked":["Havoc","Heavy Blade+1"],"picked":"Whirlwind+1","floor":46.0},{"not_picked":["Hemokinesis+1","Heavy Blade","Warcry"],"picked":"SKIP","floor":47.0},{"not_picked":["Hemokinesis+1","Heavy Blade","Warcry"],"picked":"SKIP","floor":47.0},{"not_picked":["Hemokinesis+1","Heavy Blade","Warcry"],"picked":"SKIP","floor":47.0},{"not_picked":["Sever Soul","Shrug It Off"],"picked":"Impervious","floor":55}],"player_experience":21019948,"relics_obtained":[{"floor":7.0,"key":"Toy Ornithopter"},{"floor":9.0,"key":"Bag of Marbles"},{"floor":11.0,"key":"Thread and Needle"},{"floor":20.0,"key":"Enchiridion"},{"floor":26.0,"key":"Ornamental Fan"},{"floor":27.0,"key":"Juzu Bracelet"},{"floor":31.0,"key":"Ice Cream"},{"floor":40.0,"key":"StoneCalendar"},{"floor":42.0,"key":"White Beast Statue"},{"floor":43.0,"key":"Regal Pillow"},{"floor":44.0,"key":"Strawberry"},{"floor":48.0,"key":"FossilizedHelix"},{"floor":55,"key":"Bronze Scales"}],"event_choices":[{"damage_healed":0.0,"max_hp_gain":0.0,"max_hp_loss":0.0,"gold_gain":0.0,"cards_transformed":["Strike_R"],"event_name":"Living Wall","player_choice":"Change","floor":3.0,"gold_loss":0.0,"damage_taken":0.0,"cards_obtained":["Clash"]},{"damage_healed":0.0,"max_hp_gain":0.0,"max_hp_loss":0.0,"gold_gain":0.0,"cards_transformed":["Clash"],"event_name":"Transmorgrifier","player_choice":"Transformed","floor":4.0,"gold_loss":0.0,"damage_taken":0.0,"cards_obtained":["Feel No Pain"]},{"damage_healed":0.0,"max_hp_gain":0.0,"max_hp_loss":0.0,"gold_gain":0.0,"event_name":"Lab","player_choice":"Got Potions","floor":10.0,"gold_loss":0.0,"damage_taken":0.0},{"damage_healed":0.0,"max_hp_gain":5.0,"max_hp_loss":0.0,"gold_gain":0.0,"event_name":"Forgotten Altar","player_choice":"Shed Blood","floor":19.0,"gold_loss":0.0,"damage_taken":26.0},{"damage_healed":0.0,"max_hp_gain":0.0,"max_hp_loss":0.0,"gold_gain":0.0,"event_name":"Cursed Tome","player_choice":"Obtained Book","floor":20.0,"gold_loss":0.0,"damage_taken":21.0},{"damage_healed":0.0,"max_hp_gain":0.0,"max_hp_loss":0.0,"gold_gain":0.0,"event_name":"The Library","player_choice":"Read","floor":21.0,"gold_loss":0.0,"damage_taken":0.0,"cards_obtained":["Spot Weakness"]},{"damage_healed":0.0,"max_hp_gain":0.0,"max_hp_loss":0.0,"gold_gain":0.0,"event_name":"Nest","player_choice":"Joined the Cult","floor":24.0,"gold_loss":0.0,"damage_taken":6.0,"cards_obtained":["RitualDagger"]},{"damage_healed":0.0,"max_hp_gain":0.0,"max_hp_loss":0.0,"gold_gain":0.0,"event_name":"Duplicator","player_choice":"Copied","floor":29.0,"gold_loss":0.0,"damage_taken":0.0,"cards_obtained":["Reaper"]},{"damage_healed":0.0,"max_hp_gain":0.0,"max_hp_loss":4.0,"gold_gain":0.0,"event_name":"Winding Halls","player_choice":"Max HP","floor":36.0,"gold_loss":0.0,"damage_taken":0.0},{"cards_removed":["Carnage"],"damage_healed":0.0,"max_hp_gain":0.0,"max_hp_loss":0.0,"gold_gain":0.0,"event_name":"Falling","player_choice":"Removed Attack","floor":38.0,"gold_loss":0.0,"damage_taken":0.0},{"damage_healed":0.0,"max_hp_gain":0.0,"max_hp_loss":0.0,"gold_gain":0.0,"event_name":"Tomb of Lord Red Mask","player_choice":"Ignored","floor":39.0,"gold_loss":0.0,"damage_taken":0.0},{"damage_healed":0.0,"max_hp_gain":0.0,"max_hp_loss":0.0,"gold_gain":0.0,"event_name":"MindBloom","player_choice":"Fight","floor":48.0,"gold_loss":0.0,"damage_taken":0.0}],"is_beta":false,"boss_relics":[{"not_picked":["Busted Crown","Runic Dome"],"picked":"Mark of Pain"},{"not_picked":["Philosopher\u0027s Stone","Sozu"],"picked":"Coffee Dripper"}],"items_purged_floors":[30],"is_endless":false,"potions_floor_spawned":[1,2,12,16,18,27,40,42,44,45,46,47,48,55],"killed_by":"The Heart","ascension_level":20}}