{"host":"6azrrw3tf7wb0f4b","time":1610806116,"event":{"mods":["BaseMod","DeckTracker","Minty Spire (QoL Compilation)","SuperFastMode"],"gold_per_floor":[109,109,109,128,128,128,148,148,172,184,196,242,254,282,294,404,416,440,551,580,44,44,44],"floor_reached":22,"language":"KOR","playtime":404,"items_purged":["Strike_B"],"score":291,"play_id":"96f2b9da-e9c9-4e93-905d-8313fd9dc3cb","local_time":"20210116230836","is_ascension_mode":true,"campfire_choices":[{"data":"Streamline","floor":6,"key":"SMITH"},{"data":"Go for the Eyes","floor":11,"key":"SMITH"},{"floor":13,"key":"REST"},{"floor":15,"key":"REST"}],"circlet_count":0,"master_deck":["AscendersBane","Strike_B+1","Strike_B+1","Strike_B","Defend_B","Defend_B","Defend_B","Defend_B","Zap","Dualcast","Streamline+1","Steam","Go for the Eyes+1","Cold Snap","Loop","Seek","Conserve Battery","Double Energy+1","Barrage","Redo"],"relics":["Cracked Core","Tiny Chest","Shuriken","Bottled Flame","MawBank","Symbiotic Virus","Inserter","Kunai","Vajra"],"acts_visited":["TheCity"],"potions_floor_usage":[14,16,18,22],"damage_taken":[{"damage":7,"enemies":"Small Slimes","floor":1,"turns":4},{"damage":7,"enemies":"Jaw Worm","floor":4,"turns":3},{"damage":0,"enemies":"2 Louse","floor":7,"turns":1},{"damage":25,"enemies":"3 Sentries","floor":12,"turns":6},{"damage":16,"enemies":"Exordium Wildlife","floor":14,"turns":3},{"damage":39,"enemies":"Slime Boss","floor":16,"turns":10},{"damage":14,"enemies":"Chosen","floor":18,"turns":5},{"damage":24,"enemies":"Shell Parasite","floor":20,"turns":7},{"damage":37,"enemies":"Cultist and Chosen","floor":22,"turns":5}],"seed_played":"-4203119891025648378","potions_obtained":[{"floor":7,"key":"EssenceOfDarkness"},{"floor":12,"key":"BlessingOfTheForge"},{"floor":16,"key":"EssenceOfSteel"},{"floor":20,"key":"Regen Potion"}],"is_trial":false,"path_per_floor":["M","?","?","M","T","R","M","T","T","$","R","E","R","M","R","B",null,"M","?","M","$","M"],"character_chosen":"DEFECT","items_purchased":["Kunai","Vajra","Barrage","Redo"],"campfire_rested":2,"item_purchase_floors":[21,21,21,21],"current_hp_per_floor":[61,46,46,39,39,39,39,39,39,39,39,14,36,20,42,3,57,43,43,19,19,0,0],"gold":44,"neow_bonus":"RANDOM_COMMON_RELIC","is_daily":false,"chose_seed":false,"campfire_upgraded":2,"win_rate":0.0,"timestamp":1610806116,"path_taken":["M","?","?","M","?","R","M","?","T","$","R","E","R","M","R","BOSS","M","?","M","$","M"],"items_purchased_type":["Relic","Relic","Card","Card"],"build_version":"2020-12-22","purchased_purges":1,"victory":false,"max_hp_per_floor":[75,75,75,75,75,75,75,75,75,75,75,75,75,75,75,75,75,75,75,75,75,75,75],"card_choices":[{"not_picked":["Genetic Algorithm","Gash"],"picked":"Streamline","floor":1},{"not_picked":["Barrage","Aggregate"],"picked":"Steam","floor":4},{"not_picked":["Coolheaded","Sweeping Beam"],"picked":"Go for the Eyes","floor":7},{"not_picked":["Rebound","Genetic Algorithm"],"picked":"Cold Snap","floor":12},{"not_picked":["Go for the Eyes","Hologram"],"picked":"Loop","floor":14},{"not_picked":["Machine Learning","Creative AI"],"picked":"Seek","floor":16},{"not_picked":["Cold Snap","FTL"],"picked":"Conserve Battery","floor":18},{"not_picked":["Hologram","Capacitor"],"picked":"Double Energy+1","floor":20}],"player_experience":722226,"relics_obtained":[{"floor":5,"key":"Shuriken"},{"floor":8,"key":"Bottled Flame"},{"floor":9,"key":"MawBank"},{"floor":12,"key":"Symbiotic Virus"}],"event_choices":[{"damage_healed":0,"gold_gain":0,"player_choice":"Entered Light","damage_taken":15,"max_hp_gain":0,"max_hp_loss":0,"event_name":"Shining Light","floor":2,"gold_loss":0,"cards_upgraded":["Strike_B","Strike_B"]},{"damage_healed":0,"gold_gain":0,"player_choice":"Ignored","damage_taken":0,"max_hp_gain":0,"max_hp_loss":0,"event_name":"Liars Game","floor":3,"gold_loss":0},{"damage_healed":0,"gold_gain":99,"player_choice":"Stole From Cult","damage_taken":0,"max_hp_gain":0,"max_hp_loss":0,"event_name":"Nest","floor":19,"gold_loss":0}],"is_beta":false,"boss_relics":[{"not_picked":["Velvet Choker","Busted Crown"],"picked":"Inserter"}],"items_purged_floors":[21],"is_endless":false,"potions_floor_spawned":[7,12,16,20],"killed_by":"Cultist and Chosen","ascension_level":12}}