{"host":"rcus31dlwi4i4y2l","time":1610784107,"event":{"mods":["AchievementEnabler","BaseMod","Downfall","Googly Eyes","Hermit","Marisa????????","Minty Spire (QoL Compilation)","StSLib","The Bug Knight","The Cursed","The IronCluck"],"gold_per_floor":[99,118,134,150,325,325,349,349,349,360,360,395,395,35,53,155,155,55,67,67,81,98,98,149,161,5,90,100,100,131,151,170,275,275,75,87,98,118,118,152,152,202,212,241,241,256,310,160,173,173,173,208,57,57,57,57,57,57],"floor_reached":56,"language":"ENG","playtime":9798,"items_purged":["Regret"],"score":881,"play_id":"3d8cf31a-76fb-408a-b5f2-b48cbe77fa1a","local_time":"20210116020147","is_ascension_mode":false,"campfire_choices":[{"data":"champ:Taunt","floor":1,"key":"SMITH"},{"data":"champ:IronFortress","floor":9,"key":"SMITH"},{"floor":11,"key":"RECALL"},{"data":"champ:FlashCut","floor":13,"key":"SMITH"},{"data":"champ:ShieldThrow","floor":18,"key":"SMITH"},{"data":"champ:Taunt","floor":23,"key":"SMITH"},{"data":"champ:StrikeOfGenius","floor":35,"key":"SMITH"},{"data":"champ:Improvising","floor":45,"key":"SMITH"},{"floor":54,"key":"REST"}],"circlet_count":0,"master_deck":["champ:Strike+1","champ:Strike","champ:Defend","champ:Defend","champ:Defend","champ:Defend","champ:Execute+1","champ:Taunt+1","champ:FlashCut+1","champ:IronFortress+1","champ:GutPunch","champ:VampiricStrike","champ:TornadoPunch","champ:ShieldSlam","champ:SetATrap","champ:FlashCut","champ:FalseCounter","champ:ShieldThrow+1","TheCursedMod:Dregs","champ:Taunt+1","champ:FocusedDefense","champ:Circumvent","champ:FocusedDefense","champ:ShieldWall","champ:FancyFootwork","champ:StanceDance","champ:FancyFootwork","champ:StrikeOfGenius+1","champ:CalledShot+1","expansioncontent:AwakenDeath","champ:Improvising+1","champ:DefensiveShout+1","champ:Parry","champ:BringItOn","champ:ShieldWall+1"],"relics":["champ:ChampionCrown","Bag of Marbles","Anchor","Bottled Flame","Blood Vial","Empty Cage","downfall:HeartBlessingGreen","StoneCalendar","SlaversCollar","downfall:HeartBlessingBlue","downfall:HeartBlessingRed","Bottled Tornado","Whetstone","Mango","Prayer Wheel","Lizard Tail","Du-Vu Doll","Bag of Preparation"],"acts_visited":["Exordium","TheCity","TheBeyond","TheEnding"],"potions_floor_usage":[28,33,40,40,40,44,46,50,50,55],"damage_taken":[{"damage":22,"enemies":"Small Slimes","floor":2,"turns":4},{"damage":10,"enemies":"Jaw Worm","floor":3,"turns":3},{"damage":10,"enemies":"Cultist","floor":4,"turns":4},{"damage":28,"enemies":"Large Slime","floor":10,"turns":7},{"damage":27,"enemies":"Lagavulin","floor":12,"turns":6},{"damage":13,"enemies":"downfall:FleeingMerchant","floor":14,"turns":4},{"damage":0,"enemies":"Lots of Slimes","floor":15,"turns":2},{"damage":70,"enemies":"DF_ARCHETYPE_STREAMLINE","floor":16,"turns":12},{"damage":0,"enemies":"Spheric Guardian","floor":19,"turns":4},{"damage":16,"enemies":"Snake Plant","floor":21,"turns":4},{"damage":6,"enemies":"3 Cultists","floor":22,"turns":5},{"damage":13,"enemies":"Snecko","floor":25,"turns":5},{"damage":20,"enemies":"downfall:FleeingMerchant","floor":26,"turns":4},{"damage":10,"enemies":"Centurion and Healer","floor":28,"turns":9},{"damage":27,"enemies":"Slavers","floor":30,"turns":7},{"damage":7,"enemies":"Snake Plant","floor":31,"turns":4},{"damage":15,"enemies":"3 Cultists","floor":32,"turns":5},{"damage":67,"enemies":"WA_ARCHETYPE_CALM","floor":33,"turns":10},{"damage":0,"enemies":"Orb Walker","floor":36,"turns":3},{"damage":1,"enemies":"3 Shapes","floor":37,"turns":6},{"damage":11,"enemies":"Spire Growth","floor":38,"turns":6},{"damage":28,"enemies":"Giant Head","floor":40,"turns":9},{"damage":10,"enemies":"Giant Head","floor":42,"turns":6},{"damage":39,"enemies":"Sphere and 2 Shapes","floor":43,"turns":7},{"damage":55,"enemies":"Nemesis","floor":44,"turns":9},{"damage":20,"enemies":"3 Darklings","floor":46,"turns":5},{"damage":2,"enemies":"2 Orb Walkers","floor":47,"turns":5},{"damage":40,"enemies":"Writhing Mass","floor":49,"turns":6},{"damage":229,"enemies":"SI_POISON_ARCHETYPE","floor":50,"turns":9},{"damage":60,"enemies":"downfall:CharBossMerchant","floor":52,"turns":8},{"damage":198,"enemies":"downfall:NeowBoss","floor":55,"turns":18},{"damage":153,"enemies":"downfall:NeowBossFinal","floor":56,"turns":8}],"seed_played":"6074895460350783148","potions_obtained":[{"floor":2,"key":"champ:CounterPotion"},{"floor":4,"key":"sneckomod:MuddlingPotion"},{"floor":15,"key":"CultistPotion"},{"floor":19,"key":"LiquidMemories"},{"floor":22,"key":"DuplicationPotion"},{"floor":30,"key":"sneckomod:MuddlingPotion"},{"floor":31,"key":"EntropicBrew"},{"floor":40,"key":"ColorlessPotion"},{"floor":42,"key":"champ:OpenerPotion"},{"floor":44,"key":"Swift Potion"},{"floor":47,"key":"Guardian:BlockOnCardUsePotion"},{"floor":52,"key":"champ:CounterPotion"}],"is_trial":false,"path_per_floor":["R","M","M","M","?","?","T","?","R","M","R","E","R","$","M","B",null,"R","M","?","M","M","R","T","M","$","?","M","?","E","M","M","B",null,"R","M","M","M","?","E","T","?","M","E","R","M","?","?","M","B",null,"E","$","R","B","B"],"character_chosen":"THE_CHAMP","items_purchased":["champ:SetATrap","Blood Vial","champ:FlashCut","champ:ShieldWall","champ:FancyFootwork","Bag of Preparation"],"campfire_rested":1,"item_purchase_floors":[14,14,14,26,26,53],"current_hp_per_floor":[99,97,97,97,97,97,97,97,97,89,89,82,82,79,81,43,99,99,99,99,93,94,94,94,93,80,62,64,59,49,49,51,6,99,109,109,108,98,98,97,97,113,91,63,63,50,50,133,98,23,133,98,98,133,20,0,0,0],"gold":57,"neow_bonus":"TEN_PERCENT_HP_BONUS","is_daily":false,"chose_seed":false,"campfire_upgraded":7,"win_rate":0.0,"timestamp":1610784107,"path_taken":["R","M","M","M","?","?","T","?","R","?","R","E","R","$","M","BOSS","R","M","?","M","M","R","T","M","?","?","M","?","E","?","M","BOSS","R","M","M","M","?","E","T","?","M","E","R","M","?","?","M","BOSS","E","$","R","BOSS","BOSS"],"items_purchased_type":["Card","Relic","Card","Card","Card","Relic"],"build_version":"2020-12-22","purchased_purges":1,"victory":false,"max_hp_per_floor":[99,99,99,99,99,99,99,99,99,99,99,99,99,99,99,99,99,99,99,99,99,99,99,99,99,99,99,99,99,99,99,99,99,99,109,109,109,109,109,109,109,123,123,123,123,123,123,133,133,133,133,133,133,133,133,133,133,133],"card_choices":[{"not_picked":["champ:PerfectedStrike","champ:Backstep"],"picked":"champ:FlashCut","floor":2},{"not_picked":["champ:GutPunch","champ:FocusedBerserking"],"picked":"champ:IronFortress","floor":3},{"not_picked":["champ:FaceSlap","champ:RapidStrikes"],"picked":"champ:GutPunch","floor":4},{"not_picked":["champ:BringItOn","champ:Parry"],"picked":"champ:VampiricStrike","floor":10},{"not_picked":["champ:PerfectedStrike","champ:PreciseThrust"],"picked":"champ:TornadoPunch","floor":12},{"not_picked":["champ:GutPunch","champ:Shatter"],"picked":"champ:ShieldSlam","floor":14},{"not_picked":["champ:EndlessRage","champ:PreciseThrust"],"picked":"champ:FalseCounter","floor":15},{"not_picked":["champ:MurderStrike","champ:TripleStrike"],"picked":"champ:ShieldThrow","floor":16},{"not_picked":["champ:SetATrap","champ:RapidStrikes","champ:GutPunch"],"picked":"SKIP","floor":19},{"not_picked":["champ:PreciseThrust","champ:PreemptiveStrike+1"],"picked":"champ:FocusedDefense","floor":21},{"not_picked":["champ:HeartStrike","champ:Parry+1"],"picked":"champ:Circumvent","floor":22},{"not_picked":["champ:PerfectedStrike","champ:Haymaker+1"],"picked":"champ:FocusedDefense","floor":25},{"not_picked":["champ:AdrenalArmor","champ:RapidStrikes","champ:Shatter"],"picked":"SKIP","floor":26},{"not_picked":["champ:RapidStrikes","champ:PreemptiveStrike","champ:TornadoPunch+1"],"picked":"SKIP","floor":28},{"not_picked":["champ:GutPunch+1","champ:Haymaker+1"],"picked":"champ:StanceDance","floor":30},{"not_picked":["champ:HeavySlash","champ:BerserkersShout","champ:RecklessLeap"],"picked":"SKIP","floor":31},{"not_picked":["champ:CrownThrow","champ:CrookedStrike"],"picked":"champ:FancyFootwork","floor":32},{"not_picked":["champ:VampiricStrike","champ:CheapShot"],"picked":"champ:StrikeOfGenius","floor":33},{"not_picked":["champ:Encircle+1","champ:EnGarde"],"picked":"champ:CalledShot+1","floor":36},{"not_picked":["champ:CrookedStrike","champ:Lariat+1","champ:Shatter"],"picked":"SKIP","floor":37},{"not_picked":["champ:GutPunch","champ:FocusedDefense+1","champ:FaceSlap+1"],"picked":"SKIP","floor":38},{"not_picked":["expansioncontent:HyperBeam","expansioncontent:PolyBeam"],"picked":"expansioncontent:AwakenDeath","floor":39},{"not_picked":["champ:Encircle","champ:DeathBlow","champ:CrookedStrike+1"],"picked":"SKIP","floor":40},{"not_picked":["champ:Duel+1","champ:EnGarde+1"],"picked":"champ:Improvising","floor":42},{"not_picked":["champ:RapidStrikes","champ:BladeFlurry","champ:IronFortress"],"picked":"SKIP","floor":43},{"not_picked":["champ:DeathBlow","champ:EnGarde","champ:Shatter+1"],"picked":"SKIP","floor":44},{"not_picked":["champ:Shatter+1","champ:Devastate"],"picked":"champ:DefensiveShout+1","floor":46},{"not_picked":["champ:FlashCut","champ:CrookedStrike+1"],"picked":"champ:Parry","floor":46},{"not_picked":["champ:PreciseThrust","champ:DefensiveShout"],"picked":"champ:BringItOn","floor":49},{"not_picked":["champ:GutPunch","champ:Haymaker+1","champ:EnGarde+1"],"picked":"SKIP","floor":49},{"not_picked":["champ:LastStand","champ:Endure+1"],"picked":"champ:ShieldWall+1","floor":52}],"player_experience":134863,"relics_obtained":[{"floor":7,"key":"Bag of Marbles"},{"floor":12,"key":"Bottled Flame"},{"floor":30,"key":"StoneCalendar"},{"floor":40,"key":"Bottled Tornado"},{"floor":41,"key":"Whetstone"},{"floor":42,"key":"Mango"},{"floor":44,"key":"Prayer Wheel"},{"floor":47,"key":"Lizard Tail"},{"floor":52,"key":"Du-Vu Doll"}],"event_choices":[{"cards_removed":["Doubt"],"damage_healed":0,"gold_gain":0,"player_choice":"Card Removal","damage_taken":0,"max_hp_gain":0,"max_hp_loss":0,"event_name":"The Cleric","floor":6,"gold_loss":0},{"damage_healed":0,"gold_gain":0,"player_choice":"Box","damage_taken":0,"relics_obtained":["Anchor"],"max_hp_gain":0,"max_hp_loss":0,"event_name":"Big Fish","floor":8,"gold_loss":0,"cards_obtained":["Regret"]},{"damage_healed":0,"gold_gain":0,"player_choice":"Fight","damage_taken":0,"max_hp_gain":0,"max_hp_loss":0,"event_name":"Mysterious Sphere","floor":47,"gold_loss":0}],"is_beta":false,"boss_relics":[{"not_picked":["champ:ChampionCrownUpgraded","Tiny House"],"picked":"Empty Cage"},{"not_picked":["bronze:MakeshiftBattery","Velvet Choker"],"picked":"SlaversCollar"}],"items_purged_floors":[14],"is_endless":false,"potions_floor_spawned":[2,4,15,19,22,30,31,32,40,42,44,47,52],"killed_by":"downfall:NeowBossFinal","ascension_level":0}}