{"host":"zq4tmp0p98b2vpa9","time":1610798270,"event":{"mods":["AchievementEnabler","BaseMod","Minty Spire (QoL Compilation)","Relic Stats"],"gold_per_floor":[111,130,1,1,14,14,31,62,62,76,88,88,88,88,88,214,214,228,246,260,284,307,307,29,29,52,52,77,77,96,109,109,234,234,252,271,271,19,19,19,38,38,120,120,145,179,179,210,210,210,210],"floor_reached":50,"language":"ENG","playtime":3956,"items_purged":["Decay","Hello World"],"score":531,"play_id":"368fd995-5481-496f-a08b-d5e79df144b0","local_time":"20210116125750","is_ascension_mode":true,"campfire_choices":[{"floor":6,"key":"DIG"},{"data":"Zap","floor":12,"key":"SMITH"},{"data":"Tempest","floor":15,"key":"SMITH"},{"data":"Fission","floor":23,"key":"SMITH"},{"data":"Defragment","floor":25,"key":"SMITH"},{"data":"Chill","floor":29,"key":"SMITH"},{"floor":32,"key":"REST"},{"data":"White Noise","floor":40,"key":"SMITH"},{"data":"Seek","floor":44,"key":"SMITH"},{"floor":47,"key":"RECALL"},{"floor":49,"key":"REST"}],"circlet_count":0,"master_deck":["Zap+1","BootSequence","Ball Lightning+1","Capacitor","Self Repair","Tempest+1","Loop","Steam Power","Electrodynamics","Force Field","Leap","Chill+1","Barrage","Leap","Fission+1","Defragment+1","Compile Driver+1","Bandage Up","Conserve Battery","Leap","Defragment+1","Storm","Self Repair+1","Seek+1","White Noise+1","Static Discharge","Machine Learning","Rainbow"],"relics":["Cracked Core","Shovel","Sundial","Nunchaku","Darkstone Periapt","Golden Idol","Pandora\u0027s Box","Whetstone","Empty Cage","Pear","Frozen Egg 2","InkBottle"],"acts_visited":["Exordium","TheCity","TheBeyond"],"potions_floor_usage":[8,16,20,28,33,33,41,48,50,50],"damage_taken":[{"damage":2,"enemies":"Small Slimes","floor":1,"turns":3},{"damage":6,"enemies":"Jaw Worm","floor":2,"turns":3},{"damage":1,"enemies":"2 Louse","floor":5,"turns":2},{"damage":3,"enemies":"Gremlin Gang","floor":7,"turns":5},{"damage":19,"enemies":"Gremlin Nob","floor":8,"turns":3},{"damage":5,"enemies":"Looter","floor":10,"turns":3},{"damage":6,"enemies":"Blue Slaver","floor":11,"turns":4},{"damage":37,"enemies":"The Guardian","floor":16,"turns":10},{"damage":0,"enemies":"3 Byrds","floor":18,"turns":2},{"damage":6,"enemies":"2 Thieves","floor":19,"turns":3},{"damage":19,"enemies":"Snake Plant","floor":20,"turns":3},{"damage":14,"enemies":"Centurion and Healer","floor":21,"turns":4},{"damage":12,"enemies":"Snecko","floor":22,"turns":5},{"damage":12,"enemies":"Snake Plant","floor":28,"turns":3},{"damage":0,"enemies":"Centurion and Healer","floor":30,"turns":5},{"damage":29,"enemies":"Snecko","floor":31,"turns":5},{"damage":30,"enemies":"Automaton","floor":33,"turns":8},{"damage":0,"enemies":"3 Shapes","floor":35,"turns":4},{"damage":1,"enemies":"Orb Walker","floor":36,"turns":3},{"damage":11,"enemies":"Transient","floor":41,"turns":5},{"damage":15,"enemies":"Writhing Mass","floor":45,"turns":4},{"damage":38,"enemies":"Giant Head","floor":46,"turns":8},{"damage":47,"enemies":"Reptomancer","floor":48,"turns":5},{"damage":72,"enemies":"Awakened One","floor":50,"turns":6}],"seed_played":"-1176303843182550776","potions_obtained":[{"floor":5,"key":"LiquidBronze"},{"floor":7,"key":"ColorlessPotion"},{"floor":16,"key":"DuplicationPotion"},{"floor":20,"key":"Strength Potion"},{"floor":22,"key":"Swift Potion"},{"floor":30,"key":"Swift Potion"},{"floor":31,"key":"Regen Potion"},{"floor":33,"key":"ColorlessPotion"},{"floor":36,"key":"Regen Potion"},{"floor":46,"key":"SkillPotion"},{"floor":48,"key":"Block Potion"}],"is_trial":false,"path_per_floor":["M","M","$","?","M","R","M","E","T","M","M","R","?","?","R","B",null,"M","M","M","M","M","R","$","R","T","?","M","R","M","M","R","B",null,"M","M","?","$","?","R","M","?","T","R","M","E","R","E","R","B"],"character_chosen":"DEFECT","items_purchased":["Ball Lightning","Bandage Up","Conserve Battery","Leap","Pear"],"campfire_rested":2,"item_purchase_floors":[3,24,24,24,38],"current_hp_per_floor":[73,67,67,60,59,59,56,37,37,39,40,40,40,40,40,10,69,69,63,44,37,32,32,32,32,32,32,24,24,35,6,26,32,69,69,69,69,79,75,75,75,75,75,75,70,53,53,27,49,0,0],"gold":210,"neow_bonus":"ONE_RARE_RELIC","is_daily":false,"chose_seed":false,"campfire_upgraded":7,"win_rate":0.0,"timestamp":1610798270,"path_taken":["M","M","$","?","M","R","M","E","T","M","M","R","?","?","R","BOSS","M","M","?","M","M","R","$","R","T","?","M","R","?","M","R","BOSS","M","M","?","$","?","R","M","?","T","R","M","E","R","E","R","BOSS"],"items_purchased_type":["Card","Card","Card","Card","Relic"],"build_version":"2020-12-22","purchased_purges":2,"victory":false,"max_hp_per_floor":[75,75,75,75,75,75,75,75,75,75,75,75,69,69,69,69,69,69,69,69,69,69,69,69,69,69,69,69,69,69,69,69,69,69,69,69,69,79,75,75,75,75,75,75,75,75,75,75,75,75,75],"relic_stats":{"Darkstone Periapt":0,"Nunchaku":[5],"Shovel":1,"counters":[24,105],"Sundial":[14],"Golden Idol":112,"Pandora\u0027s Box":["Force Field","Electrodynamics","Hello World","Leap","Chill","Barrage"],"Whetstone":["Compile Driver","Ball Lightning"],"obtain_stats":[{"Darkstone Periapt":9,"Nunchaku":8,"Shovel":0,"Pear":38,"Sundial":6,"Golden Idol":13,"Pandora\u0027s Box":17,"Whetstone":26,"Frozen Egg 2":46,"Cracked Core":0,"Empty Cage":34,"InkBottle":48},{"Darkstone Periapt":5,"Nunchaku":5,"Shovel":0,"Pear":19,"Sundial":3,"Golden Idol":7,"Pandora\u0027s Box":8,"Whetstone":13,"Frozen Egg 2":22,"Cracked Core":0,"Empty Cage":17,"InkBottle":23},{"Darkstone Periapt":16,"Nunchaku":16,"Shovel":0,"Pear":77,"Sundial":8,"Golden Idol":23,"Pandora\u0027s Box":33,"Whetstone":50,"Frozen Egg 2":94,"Cracked Core":0,"Empty Cage":70,"InkBottle":99}],"InkBottle":[3]},"card_choices":[{"not_picked":["Steam","Hologram"],"picked":"Coolheaded","floor":1},{"not_picked":["Sweeping Beam","Leap"],"picked":"BootSequence","floor":2},{"not_picked":["Compile Driver","Redo","Heatsinks"],"picked":"SKIP","floor":5},{"not_picked":["Steam Power","Gash"],"picked":"Capacitor","floor":7},{"not_picked":["Reboot","Conserve Battery"],"picked":"Self Repair","floor":8},{"not_picked":["Hologram","Chill"],"picked":"Tempest","floor":10},{"not_picked":["Tempest","Coolheaded"],"picked":"Loop","floor":11},{"not_picked":["Creative AI","Multi-Cast"],"picked":"Electrodynamics","floor":16},{"not_picked":["Go for the Eyes+1","Barrage+1"],"picked":"Leap","floor":18},{"not_picked":["Loop+1","Glacier"],"picked":"Beam Cell+1","floor":19},{"not_picked":["Sweeping Beam","Go for the Eyes"],"picked":"Fission","floor":20},{"not_picked":["Barrage+1","Compile Driver"],"picked":"Defragment","floor":21},{"not_picked":["Blizzard","Hologram"],"picked":"Compile Driver","floor":22},{"not_picked":["Sweeping Beam","Scrape"],"picked":"Storm","floor":28},{"not_picked":["Leap","Genetic Algorithm"],"picked":"Self Repair+1","floor":30},{"not_picked":["Reinforced Body","Rebound","Beam Cell"],"picked":"SKIP","floor":31},{"not_picked":["Electrodynamics","Biased Cognition"],"picked":"Seek","floor":33},{"not_picked":["Rebound","Sweeping Beam+1"],"picked":"White Noise","floor":35},{"not_picked":["Beam Cell+1","Genetic Algorithm+1"],"picked":"Static Discharge","floor":36},{"not_picked":["Rebound+1","Go for the Eyes"],"picked":"Machine Learning","floor":41},{"not_picked":["Stack","Capacitor","Coolheaded+1"],"picked":"SKIP","floor":45},{"not_picked":["Steam Power+1","Skim+1"],"picked":"Rainbow","floor":46},{"not_picked":["Double Energy","Hologram+1","Lockon"],"picked":"SKIP","floor":48}],"player_experience":241897,"relics_obtained":[{"floor":6,"key":"Sundial"},{"floor":8,"key":"Nunchaku"},{"floor":9,"key":"Darkstone Periapt"},{"floor":26,"key":"Whetstone"},{"floor":46,"key":"Frozen Egg 2"},{"floor":48,"key":"InkBottle"}],"event_choices":[{"cards_removed":["Strike_B"],"damage_healed":0,"gold_gain":0,"player_choice":"Card Removal","damage_taken":7,"max_hp_gain":0,"max_hp_loss":0,"event_name":"Golden Wing","floor":4,"gold_loss":0},{"damage_healed":0,"gold_gain":0,"player_choice":"Lose Max HP","damage_taken":0,"relics_obtained":["Golden Idol"],"max_hp_gain":0,"max_hp_loss":6,"event_name":"Golden Idol","floor":13,"gold_loss":0},{"damage_healed":0,"gold_gain":0,"cards_transformed":["Defend_B"],"player_choice":"Transformed","damage_taken":0,"max_hp_gain":0,"max_hp_loss":0,"event_name":"Transmorgrifier","floor":14,"gold_loss":0,"cards_obtained":["Steam Power"]},{"damage_healed":0,"gold_gain":0,"player_choice":"Copied","damage_taken":0,"max_hp_gain":0,"max_hp_loss":0,"event_name":"Duplicator","floor":27,"gold_loss":0,"cards_obtained":["Defragment"]},{"cards_removed":["Beam Cell"],"damage_healed":0,"gold_gain":0,"player_choice":"Removed Attack","damage_taken":0,"max_hp_gain":0,"max_hp_loss":0,"event_name":"Falling","floor":37,"gold_loss":0},{"damage_healed":0,"gold_gain":0,"player_choice":"Max HP","damage_taken":0,"max_hp_gain":0,"max_hp_loss":4,"event_name":"Winding Halls","floor":39,"gold_loss":0},{"cards_removed":["Coolheaded"],"damage_healed":0,"gold_gain":0,"player_choice":"Purged","damage_taken":0,"max_hp_gain":0,"max_hp_loss":0,"event_name":"Purifier","floor":42,"gold_loss":0}],"is_beta":false,"boss_relics":[{"not_picked":["Runic Dome","FrozenCore"],"picked":"Pandora\u0027s Box"},{"not_picked":["SacredBark","Calling Bell"],"picked":"Empty Cage"}],"items_purged_floors":[3,24],"is_endless":false,"potions_floor_spawned":[5,7,16,20,22,30,31,33,36,46,48],"killed_by":"Awakened One","ascension_level":1}}