{"host":"CKW","time":1610777030,"event":{"mods":["AchievementEnabler","BaseMod","Card Forge","Colored Powertips","Gold Saver","Googly Eyes","Highlight Path","Marisa£¨Ùöéë¡¡Øª×âÞÞ£©","Minty Spire (QoL Compilation)","Quick Restart","Rare Cards Sparkle","Shop Mod","StSLib","SuperFastMode"],"gold_per_floor":[554,554,570,15,15,43,43,62,62,62,98,113,127,160,160,256,256,267,40,56,56,70,70,0,13,13,13,13],"floor_reached":27,"language":"ENG","playtime":1459,"items_purged":["Strike_MRS"],"score":350,"play_id":"0cf7e7bc-7141-4047-8e0a-c7cee6a6dfdf","local_time":"20210116150350","is_ascension_mode":true,"campfire_choices":[{"data":"Thinking Ahead","floor":7.0,"key":"SMITH"},{"data":"NonDirectionalLaser","floor":10.0,"key":"SMITH"},{"data":"PowerUp","floor":15.0,"key":"SMITH"},{"data":"Panache","floor":23.0,"key":"SMITH"}],"circlet_count":0,"master_deck":["Strike_MRS","Strike_MRS","Strike_MRS","Defend_MRS","Defend_MRS","Defend_MRS","Defend_MRS","MasterSpark","UpSweep","Thinking Ahead+1","DragonMeteor","NonDirectionalLaser+1","FairyDestructionRay","PowerUp+1","PropBag+1","Panache+1","SporeBomb+1","StarDustReverie+1","AsteroidBelt+1","SuperNova+1","GasGiant+1","WitchLeyline+1","Orbital","JA+1"],"relics":["MiniHakkero","Hammer of Thor","Seething Fire","Anvil of the Gods","FaceOfCleric","MerchantsRug","Ice Cream","Mercury Hourglass","Sozu","Matryoshka","Letter Opener"],"acts_visited":["Exordium","TheCity"],"potions_floor_usage":[],"damage_taken":[{"damage":2.0,"enemies":"Jaw Worm","floor":1.0,"turns":3.0},{"damage":0.0,"enemies":"Cultist","floor":3.0,"turns":4.0},{"damage":30.0,"enemies":"3 Sentries","floor":6.0,"turns":9.0},{"damage":0.0,"enemies":"Small Slimes","floor":8.0,"turns":3.0},{"damage":15.0,"enemies":"Gremlin Gang","floor":12.0,"turns":4.0},{"damage":12.0,"enemies":"Large Slime","floor":13.0,"turns":3.0},{"damage":14.0,"enemies":"Gremlin Nob","floor":14.0,"turns":3.0},{"damage":0.0,"enemies":"Slime Boss","floor":16.0,"turns":6.0},{"damage":19.0,"enemies":"3 Byrds","floor":18.0,"turns":3.0},{"damage":23.0,"enemies":"2 Thieves","floor":20.0,"turns":3.0},{"damage":37.0,"enemies":"Snecko","floor":22.0,"turns":5.0},{"damage":33.0,"enemies":"Snake Plant","floor":25.0,"turns":4.0},{"damage":19,"enemies":"Book of Stabbing","floor":27,"turns":5}],"seed_played":"-7684610588708908829","potions_obtained":[{"floor":1.0,"key":"SpeedPotion"},{"floor":12.0,"key":"SkillPotion"},{"floor":13.0,"key":"EssenceOfSteel"},{"floor":16.0,"key":"DistilledChaos"}],"is_trial":false,"path_per_floor":["M","?","M","$","?","E","R","M","T","R","$","M","M","E","R","B",null,"M","$","M","?","M","R","$","M","T","E"],"character_chosen":"MARISA","items_purchased":["Mango","MerchantsRug","Fruit Juice","Panache","StarDustReverie"],"campfire_rested":0,"item_purchase_floors":[4,4,4,19,24],"current_hp_per_floor":[73,73,74,88,88,64,64,65,75,75,75,61,50,37,37,38,111,93,93,71,71,35,35,35,15,15,0,0],"gold":13,"neow_bonus":"RANDOM_COLORLESS_2","is_daily":false,"chose_seed":false,"campfire_upgraded":4,"win_rate":0.0,"timestamp":1610777030,"path_taken":["M","?","?","$","?","E","R","M","T","R","$","?","M","E","R","BOSS","M","$","M","?","?","R","$","M","T","E"],"items_purchased_type":["Relic","Relic","Potion","Card","Card"],"build_version":"2020-12-18","purchased_purges":1,"victory":false,"max_hp_per_floor":[75,75,76,90,90,96,96,97,107,107,107,108,109,110,110,111,111,112,112,113,113,114,114,114,115,115,115,115],"card_choices":[{"not_picked":["Transmutation","Sadistic Nature"],"picked":"Thinking Ahead","floor":0.0},{"not_picked":["DC","MysteriousBeam","GrandCross"],"picked":"SKIP","floor":1.0},{"not_picked":["6A","MagicChant"],"picked":"DragonMeteor","floor":3.0},{"not_picked":["GravityBeat","GrandCross","MilkyWay"],"picked":"SKIP","floor":6.0},{"not_picked":["AsteroidBelt","WitchOfGreed"],"picked":"NonDirectionalLaser","floor":8.0},{"not_picked":["AsteroidBelt","GrandCross"],"picked":"FairyDestructionRay","floor":12.0},{"not_picked":["AlicesGift","Orbital"],"picked":"PowerUp","floor":13.0},{"not_picked":["PowerUp","Robbery","ShootTheMoon"],"picked":"SKIP","floor":14.0},{"not_picked":["GalacticHalo","WitchOfGreed"],"picked":"PropBag","floor":18.0},{"not_picked":["Occultation","AlicesGift"],"picked":"SporeBomb+1","floor":20.0},{"not_picked":["GravityBeat","StarlightTyphoon","WitchOfGreed"],"picked":"SKIP","floor":22.0},{"not_picked":["DC","FairyDestructionRay"],"picked":"AsteroidBelt","floor":25.0}],"player_experience":232166,"relics_obtained":[{"floor":6.0,"key":"Ice Cream"},{"floor":9.0,"key":"Pear"},{"floor":14.0,"key":"Mercury Hourglass"},{"floor":26.0,"key":"Matryoshka"}],"event_choices":[{"damage_healed":0.0,"max_hp_gain":0.0,"max_hp_loss":0.0,"gold_gain":0.0,"event_name":"FaceTrader","player_choice":"Trade","floor":2.0,"gold_loss":0.0,"damage_taken":0.0,"relics_obtained":["FaceOfCleric"]},{"cards_removed":["Shame"],"damage_healed":0.0,"max_hp_gain":0.0,"max_hp_loss":0.0,"gold_gain":0.0,"event_name":"Fountain of Cleansing","player_choice":"Removed Curses","floor":5.0,"gold_loss":0.0,"damage_taken":0.0},{"damage_healed":0.0,"max_hp_gain":0.0,"max_hp_loss":0.0,"gold_gain":0.0,"event_name":"Lab","player_choice":"Got Potions","floor":21.0,"gold_loss":0.0,"damage_taken":0.0}],"is_beta":true,"boss_relics":[{"not_picked":["Velvet Choker","Runic Pyramid"],"picked":"Sozu"}],"items_purged_floors":[19],"is_endless":false,"potions_floor_spawned":[1,12,13,16,18],"killed_by":"Book of Stabbing","ascension_level":2}}