{"host":"h4qgcirtxz6qax9j","time":1610803731,"event":{"mods":["AchievementEnabler","BaseMod","Colored Powertips","Minty Spire (QoL Compilation)","StSLib","SuperFastMode","The Animator"],"gold_per_floor":[123,146,146,111,111,111,123,145,215,215,215],"floor_reached":10,"language":"KOR","playtime":430,"items_purged":[],"score":58,"play_id":"486e6cbf-e192-484f-8884-203613735e0d","local_time":"20210116222851","is_ascension_mode":false,"campfire_choices":[{"data":"animator:Aisha","floor":6,"key":"SMITH"}],"circlet_count":0,"master_deck":["animator:Strike_NoGameNoLife","animator:Defend_NoGameNoLife","animator:Strike","animator:Strike","animator:Strike","animator:Defend","animator:Defend","animator:Defend","animator:DolaSchwi","animator:DolaCouronne","animator:Shion","animator:Aisha","animator:Demiurge","animator:Aisha+1","animator:Shinoa","animator:Jibril"],"relics":["animator:LivingPicture","animator:TheMissingPiece","Dream Catcher","Mummified Hand"],"acts_visited":["Exordium"],"potions_floor_usage":[],"damage_taken":[{"damage":12,"enemies":"2 Louse","floor":1,"turns":3},{"damage":8,"enemies":"Cultist","floor":2,"turns":5},{"damage":3,"enemies":"Jaw Worm","floor":7,"turns":5},{"damage":25,"enemies":"2 Fungi Beasts","floor":8,"turns":7},{"damage":35,"enemies":"Lagavulin","floor":10,"turns":4}],"seed_played":"-6995138815140501185","potions_obtained":[{"floor":1,"key":"Swift Potion"},{"floor":8,"key":"AttackPotion"}],"is_trial":false,"path_per_floor":["M","M","?","$","T","R","M","M","T","E"],"character_chosen":"THE_ANIMATOR","items_purchased":["animator:Aisha"],"campfire_rested":0,"item_purchase_floors":[4],"current_hp_per_floor":[54,46,46,46,46,46,43,18,18,0,0],"gold":215,"neow_bonus":"THREE_CARDS","is_daily":false,"chose_seed":false,"campfire_upgraded":1,"win_rate":0.0,"timestamp":1610803731,"path_taken":["M","M","?","$","?","R","M","?","T","E"],"items_purchased_type":["Card"],"build_version":"2020-12-22","purchased_purges":0,"victory":false,"max_hp_per_floor":[66,66,66,66,66,66,66,66,66,66,66],"card_choices":[{"not_picked":["animator:Laby","animator:Kaijin"],"picked":"animator:Shion","floor":0},{"not_picked":["animator:Caster","animator:Shinoa"],"picked":"animator:Aisha","floor":1},{"not_picked":["animator:Shion","animator:Kazuma"],"picked":"animator:Demiurge","floor":2},{"not_picked":["animator:KrulTepes","animator:Berserker"],"picked":"animator:Shinoa","floor":7},{"not_picked":["animator:IzunaHatsuse","animator:DolaSchwi"],"picked":"animator:Jibril","floor":8}],"player_experience":51615,"relics_obtained":[{"floor":5,"key":"Dream Catcher"},{"floor":9,"key":"Mummified Hand"}],"event_choices":[{"damage_healed":0,"gold_gain":0,"player_choice":"Bought 0 Potions","damage_taken":0,"max_hp_gain":0,"max_hp_loss":0,"event_name":"The Woman in Blue","floor":3,"gold_loss":0}],"is_beta":false,"boss_relics":[],"items_purged_floors":[],"is_endless":false,"potions_floor_spawned":[1,8],"killed_by":"Lagavulin","ascension_level":0}}