{"host":"w67240tx264gh7zw","time":1610765886,"event":{"mods":["2.2 Compatiblity","AchievementEnabler","Aspiration","BaseMod","Better Third Choice","Block Reminder","Colored Powertips","Conspire","Fox Events","Halation","Hermit","Highlight Path","Hubris","Infinite Spire","Marked Mod","Minty Spire (QoL Compilation)","Poor People Problems","Quick Restart","RNG Fix","Rare Cards Sparkle","Relic Stats","Replay The Spire","Shop Mod","Spicy Shops","Spikes Relics","StSLib","The Blue Laboratory","??????REMEMod"],"gold_per_floor":[112,112,128,140,140,140,140,140,165,44,74,74,91,103,103,103,103],"floor_reached":16,"language":"ENG","playtime":676,"items_purged":[],"score":110,"play_id":"5b3eac8b-fc2e-4623-bd76-18ef430a4c84","local_time":"20210115185806","is_ascension_mode":true,"campfire_choices":[{"floor":7,"key":"RECALL"},{"floor":15,"key":"REST"}],"circlet_count":0,"master_deck":["Strike_B","Strike_B","Strike_B","Strike_B","Defend_B","Defend_B","Defend_B","Defend_B","Zap+1","Dualcast","Core Surge","Redo","Coolheaded","Redo","Ball Lightning","Clumsy","Ball Lightning","Conserve Battery","BootSequence"],"relics":["Cracked Core","REME_ComplimentaryCards","NeowsBlessing","halation:EternalFortune","halation:TwoAmDonut","halation:Trompette","hubris:FunFungus"],"acts_visited":["Exordium"],"potions_floor_usage":[16,16],"damage_taken":[{"damage":0,"enemies":"Jaw Worm","floor":1,"turns":1},{"damage":0,"enemies":"2 Louse","floor":3,"turns":1},{"damage":0,"enemies":"Small Slimes","floor":4,"turns":1},{"damage":35,"enemies":"Lagavulin","floor":11,"turns":6},{"damage":6,"enemies":"Blue Slaver","floor":13,"turns":2},{"damage":9,"enemies":"Large Slime","floor":14,"turns":4},{"damage":54,"enemies":"The Guardian","floor":16,"turns":9}],"seed_played":"-2164075676276080495","potions_obtained":[{"floor":3,"key":"Adrenaline Potion"},{"floor":11,"key":"Adrenaline Potion"}],"is_trial":false,"path_per_floor":["M","?","M","M","?","?","R","T","T","$","E","?","M","M","R","B"],"character_chosen":"DEFECT","items_purchased":["halation:Trompette"],"campfire_rested":1,"item_purchase_floors":[10],"current_hp_per_floor":[75,78,78,78,78,78,78,78,78,78,43,43,37,28,51,0,0],"gold":103,"neow_bonus":"THREE_ENEMY_KILL","is_daily":false,"chose_seed":false,"campfire_upgraded":0,"win_rate":0.0,"timestamp":1610765886,"path_taken":["M","?","M","M","?","?","R","?","T","$","E","?","M","?","R","BOSS"],"items_purchased_type":["Relic"],"build_version":"2020-12-22","purchased_purges":0,"victory":false,"max_hp_per_floor":[75,78,78,78,78,78,78,78,78,78,78,78,78,78,78,78,78],"relic_stats":{"counters":[7,24],"obtain_stats":[{"NeowsBlessing":0,"halation:EternalFortune":2,"hubris:FunFungus":11,"halation:TwoAmDonut":8,"Cracked Core":0,"halation:Trompette":10,"REME_ComplimentaryCards":0},{"NeowsBlessing":0,"halation:EternalFortune":1,"hubris:FunFungus":4,"halation:TwoAmDonut":3,"Cracked Core":0,"halation:Trompette":3,"REME_ComplimentaryCards":0},{"NeowsBlessing":0,"halation:EternalFortune":1,"hubris:FunFungus":9,"halation:TwoAmDonut":3,"Cracked Core":0,"halation:Trompette":3,"REME_ComplimentaryCards":0}]},"card_choices":[{"not_picked":["Beam Cell","ReplayTheSpireMod:System Scan"],"picked":"Redo","floor":1},{"not_picked":["conspire:SharedLibrary","REME_DataAnalysis"],"picked":"Coolheaded","floor":3},{"not_picked":["Steam","Rebound"],"picked":"Redo","floor":4},{"not_picked":["ReplayTheSpireMod:GoodbyeWorld","BasicCrystalCard"],"picked":"Ball Lightning","floor":11},{"not_picked":["Skim","Darkness"],"picked":"Conserve Battery","floor":13},{"not_picked":["Leap","Turbo"],"picked":"BootSequence","floor":14}],"player_experience":487466,"relics_obtained":[{"floor":8,"key":"halation:TwoAmDonut"},{"floor":11,"key":"hubris:FunFungus"}],"event_choices":[{"damage_healed":0,"gold_gain":0,"player_choice":"Leave","damage_taken":0,"max_hp_gain":0,"max_hp_loss":0,"event_name":"The Cleric","floor":5,"gold_loss":0}],"is_beta":false,"boss_relics":[],"items_purged_floors":[],"is_endless":false,"potions_floor_spawned":[3,11],"killed_by":"The Guardian","ascension_level":2}}