{"host":"oeotdbd679q6m6vu","time":1610762768,"event":{"mods":["Act Like it!","BaseMod","Colored Map","Decade(Õı–°√˜)","Downfall","Friendly Minions","Gensokyo","GifTheSpireLib","Highlight Path","Marisa£®ÏF”Í°°ƒß¿Ì…≥£©","Minty Spire (QoL Compilation)","Rare Cards Sparkle","Reimu£®≤©¿ˆ¡È√Œ£©","StSLib","The Animator","Youmu£®ªÍ∆«—˝√Œ£©"],"gold_per_floor":[99,99,99,99,99,99,125,400,429,442,475,136,198,198,211,308,308,308,308,308,308,308,322,322,322,347,297,49,74,92,27,42,152,152,52,52,70,89,89,89,89],"floor_reached":39,"language":"ZHS","playtime":2487,"items_purged":["Regret","hexamod:Defend"],"score":444,"play_id":"aee2eaa4-d204-4525-a057-1dcb9e9abe2b","local_time":"20210115210608","is_ascension_mode":false,"campfire_choices":[{"floor":1,"key":"RECALL"},{"data":"hexamod:ForkedFlame","floor":18,"key":"SMITH"},{"floor":35,"key":"REST"}],"circlet_count":0,"master_deck":["hexamod:Strike+1","hexamod:Defend+1","hexamod:Defend+1","hexamod:Defend+1","hexamod:Sear+1","hexamod:Float+1","hexamod:ThirdSeal","hexamod:SpectralSpark+1","hexamod:SpectralSpark+1","hexamod:ForkedFlame+1","hexamod:PhantomFireball+1","hexamod:FourthSeal","hexamod:FifthSeal","hexamod:Firestarter+1","hexamod:Firestarter+1","hexamod:SixthSeal","hexamod:FirstSeal","hexamod:Toasty+1","hexamod:ForkedFlame+1","hexamod:TimeOfNeed+1","hexamod:NightmareStrike+1","hexamod:GiftsFromTheDead+1","hexamod:FlamesFromBeyond+1","hexamod:SixthSeal","hexamod:ThermalTransfer+1","hexamod:SixthSeal","hexamod:ExtraCrispy+1","hexamod:FlamesFromBeyond+1","hexamod:ForkedFlame+1","hexamod:EmpoweredFlame+1","hexamod:ParanormalForm+1","hexamod:SecondSeal","hexamod:UnleashSpirits+1","expansioncontent:AwakenDeath+1","expansioncontent:Chronoboost+1","expansioncontent:LastStand+1"],"relics":["hexamod:SpiritBrand","downfall:HeartsMalice","Blood Vial","hexamod:InflammatoryLetter","CaptainsWheel","Meat on the Bone","Pantograph","Astrolabe","Bag of Marbles","Frozen Egg 2","InkBottle","ClockworkSouvenir","Smiling Mask","Fusion Hammer","downfall:HeartBlessingRed"],"acts_visited":["Exordium","TheCity","TheBeyond"],"potions_floor_usage":[11,13,13,13,13,15,15,16,16,28,28,29,31,33,38],"damage_taken":[{"damage":0,"enemies":"Cultist","floor":2,"turns":1},{"damage":0,"enemies":"Jaw Worm","floor":3,"turns":1},{"damage":0,"enemies":"2 Louse","floor":4,"turns":1},{"damage":26,"enemies":"Lagavulin","floor":9,"turns":6},{"damage":2,"enemies":"2 Fungi Beasts","floor":10,"turns":3},{"damage":32,"enemies":"3 Sentries","floor":11,"turns":7},{"damage":2,"enemies":"downfall:FleeingMerchant","floor":12,"turns":4},{"damage":5,"enemies":"Gremlin Nob","floor":13,"turns":3},{"damage":13,"enemies":"Lots of Slimes","floor":15,"turns":3},{"damage":21,"enemies":"IC_STATUS_ARCHETYPE","floor":16,"turns":5},{"damage":0,"enemies":"Chosen","floor":19,"turns":1},{"damage":33,"enemies":"Centurion and Healer","floor":23,"turns":7},{"damage":34,"enemies":"Book of Stabbing","floor":26,"turns":6},{"damage":0,"enemies":"downfall:FleeingMerchant","floor":28,"turns":5},{"damage":47,"enemies":"Gremlin Leader","floor":29,"turns":6},{"damage":15,"enemies":"Snecko","floor":30,"turns":4},{"damage":15,"enemies":"downfall:FleeingMerchant","floor":31,"turns":4},{"damage":22,"enemies":"Chosen and Byrds","floor":32,"turns":5},{"damage":49,"enemies":"DF_ARCHETYPE_CLAW","floor":33,"turns":7},{"damage":53,"enemies":"3 Darklings","floor":37,"turns":8},{"damage":22,"enemies":"3 Shapes","floor":38,"turns":3},{"damage":20,"enemies":"Maw","floor":39,"turns":2}],"seed_played":"5559911259841925965","potions_obtained":[{"floor":9,"key":"FearPotion"},{"floor":10,"key":"bronze:BurnAndBuffPotion"},{"floor":11,"key":"ColorlessPotion"},{"floor":12,"key":"EntropicBrew"},{"floor":13,"key":"EssenceOfSteel"},{"floor":15,"key":"champ:CounterPotion"},{"floor":23,"key":"hexamod:EctoCoolerPotion"},{"floor":26,"key":"Fire Potion"},{"floor":26,"key":"Block Potion"},{"floor":29,"key":"Fire Potion"},{"floor":30,"key":"Fire Potion"},{"floor":31,"key":"Fire Potion"},{"floor":32,"key":"ZuzhouPotion:ReiMu"},{"floor":33,"key":"GrandPatriotsElixir:ReiMu"},{"floor":37,"key":"BlessingOfTheForge"},{"floor":38,"key":"bronze:BurnAndBuffPotion"}],"is_trial":false,"path_per_floor":["R","M","M","M","?","?","T","?","E","M","E","$","?","?","M","B",null,"R","M","?","?","?","M","T","?","E","?","$","E","M","$","M","B",null,"R","?","M","M","M"],"character_chosen":"THE_SPIRIT","items_purchased":["Meat on the Bone","hexamod:ForkedFlame","ClockworkSouvenir"],"campfire_rested":1,"item_purchase_floors":[12,28,28],"current_hp_per_floor":[70,70,70,70,70,70,70,70,44,44,14,14,23,23,24,42,70,70,70,70,70,70,44,44,44,24,52,61,35,41,40,39,36,70,70,60,21,13,0,0,0],"gold":89,"neow_bonus":"THREE_ENEMY_KILL","is_daily":false,"chose_seed":false,"campfire_upgraded":1,"win_rate":0.0,"timestamp":1610762768,"path_taken":["R","M","M","?","?","?","T","?","E","?","E","$","?","?","M","BOSS","R","M","?","?","?","?","T","?","E","?","$","E","M","$","M","BOSS","R","?","M","M","M"],"items_purchased_type":["Relic","Card","Relic"],"build_version":"2020-12-22","purchased_purges":2,"victory":false,"max_hp_per_floor":[70,70,70,70,70,70,70,70,70,70,70,70,70,70,70,70,70,70,70,70,70,70,70,70,70,70,70,70,70,70,70,70,70,70,70,70,70,70,70,70,70],"card_choices":[{"not_picked":["hexamod:EmpoweredFlame","hexamod:NightmareStrike"],"picked":"hexamod:ThirdSeal","floor":2},{"not_picked":["hexamod:NightmareGuise","hexamod:BacktrackSmack"],"picked":"hexamod:SpectralSpark","floor":3},{"not_picked":["hexamod:GhostLash","hexamod:ShieldOfDarkness"],"picked":"hexamod:SpectralSpark","floor":4},{"not_picked":["hexamod:StepThrough","hexamod:EtherealExpedition"],"picked":"hexamod:ForkedFlame","floor":9},{"not_picked":["hexamod:SoulSteal","hexamod:AdvancingGuard","hexamod:RetreatToShadows"],"picked":"SKIP","floor":9},{"not_picked":["hexamod:NightmareGuise","hexamod:SpectersWail"],"picked":"hexamod:PhantomFireball","floor":10},{"not_picked":["hexamod:GhostLash","hexamod:HauntingEcho","hexamod:AdvancingGuard"],"picked":"SKIP","floor":10},{"not_picked":["hexamod:SwordOfDarkness","hexamod:NightmareGuise"],"picked":"hexamod:FourthSeal","floor":11},{"not_picked":["hexamod:SwordOfDarkness","hexamod:GhostOfSpirePresent","hexamod:NightmareStrike"],"picked":"SKIP","floor":11},{"not_picked":["hexamod:VolcanoVisage","hexamod:ShieldOfDarkness"],"picked":"hexamod:FifthSeal","floor":12},{"not_picked":["hexamod:BacktrackSmack","hexamod:Hexaguard"],"picked":"hexamod:Firestarter","floor":12},{"not_picked":["hexamod:Rewind","hexamod:ShieldOfDarkness"],"picked":"hexamod:Firestarter","floor":13},{"not_picked":["hexamod:FourthSeal","hexamod:FirstSeal"],"picked":"hexamod:SixthSeal","floor":15},{"not_picked":["hexamod:NightmareGuise","hexamod:HauntingEcho","hexamod:GhostLash"],"picked":"SKIP","floor":15},{"not_picked":["hexamod:ThirdSeal","hexamod:SecondSeal"],"picked":"hexamod:FirstSeal","floor":16},{"not_picked":["hexamod:GiftsFromTheDead","hexamod:TimeOfNeed"],"picked":"hexamod:Toasty","floor":16},{"not_picked":["hexamod:GiftsFromTheDead","hexamod:GhostflameInferno"],"picked":"hexamod:ForkedFlame","floor":16},{"not_picked":["hexamod:PhantomCloak","hexamod:PhantomFireball","hexamod:Haunt"],"picked":"SKIP","floor":19},{"not_picked":["hexamod:HeatMetal","hexamod:InspiringFlames"],"picked":"hexamod:FlamesFromBeyond+1","floor":23},{"not_picked":["hexamod:FirstSeal","hexamod:FourthSeal"],"picked":"hexamod:SixthSeal","floor":23},{"not_picked":["hexamod:Incineration","hexamod:NightmareGuise+1"],"picked":"hexamod:ThermalTransfer+1","floor":23},{"not_picked":["hexamod:FourthSeal","hexamod:ThirdSeal"],"picked":"hexamod:SixthSeal","floor":26},{"not_picked":["hexamod:NightmareGuise+1","hexamod:GhostOfSpireFuture+1"],"picked":"hexamod:ExtraCrispy+1","floor":26},{"not_picked":["hexamod:SuperheatedStrike","hexamod:CatchUp","hexamod:Rewind+1"],"picked":"SKIP","floor":26},{"not_picked":["hexamod:SpectralSpark","hexamod:GhostShield"],"picked":"hexamod:FlamesFromBeyond+1","floor":28},{"not_picked":["hexamod:ShieldOfDarkness+1","hexamod:ThermalTransfer","hexamod:FirstSeal"],"picked":"SKIP","floor":28},{"not_picked":["hexamod:FourthSeal","hexamod:FirstSeal","hexamod:SixthSeal"],"picked":"SKIP","floor":28},{"not_picked":["hexamod:SixthSeal","hexamod:ThirdSeal","hexamod:FirstSeal"],"picked":"SKIP","floor":29},{"not_picked":["hexamod:SpectralSpark","hexamod:SkipABeat","hexamod:SuperheatedStrike"],"picked":"SKIP","floor":29},{"not_picked":["hexamod:SixthSeal","hexamod:ThirdSeal","hexamod:FirstSeal"],"picked":"SKIP","floor":29},{"not_picked":["hexamod:SpectralSpark","hexamod:SkipABeat","hexamod:SuperheatedStrike"],"picked":"SKIP","floor":29},{"not_picked":["hexamod:SixthSeal","hexamod:ThirdSeal","hexamod:FirstSeal"],"picked":"SKIP","floor":29},{"not_picked":["hexamod:SpectralSpark","hexamod:SkipABeat","hexamod:SuperheatedStrike"],"picked":"SKIP","floor":29},{"not_picked":["hexamod:GhostOfSpirePast+1","hexamod:PhantomFireball"],"picked":"hexamod:EmpoweredFlame+1","floor":30},{"not_picked":["hexamod:EtherealExpedition","hexamod:FlamesFromBeyond","hexamod:ShieldOfDarkness"],"picked":"SKIP","floor":30},{"not_picked":["hexamod:NecessarySacrifice","hexamod:GhostOfSpireFuture+1"],"picked":"hexamod:ParanormalForm+1","floor":31},{"not_picked":["hexamod:BacktrackSmack","hexamod:GhostShield+1","hexamod:SpectersWail+1"],"picked":"SKIP","floor":31},{"not_picked":["hexamod:FirstSeal","hexamod:SixthSeal"],"picked":"hexamod:SecondSeal","floor":32},{"not_picked":["hexamod:NecessarySacrifice+1","hexamod:HauntingEcho+1","hexamod:BacktrackSmack+1"],"picked":"SKIP","floor":32},{"not_picked":["hexamod:AdvancingGuard","hexamod:SpectersWail","hexamod:NightmareGuise"],"picked":"SKIP","floor":32},{"not_picked":["hexamod:GiftsFromTheDead+1","hexamod:FlameSwitch"],"picked":"hexamod:UnleashSpirits","floor":33},{"not_picked":["expansioncontent:Chronoboost+1","expansioncontent:YouAreMine"],"picked":"expansioncontent:AwakenDeath+1","floor":36},{"not_picked":["expansioncontent:PolyBeam","expansioncontent:HyperBeam"],"picked":"expansioncontent:Chronoboost+1","floor":36},{"not_picked":["expansioncontent:PolyBeam","expansioncontent:HyperBeam"],"picked":"expansioncontent:LastStand+1","floor":36},{"not_picked":["hexamod:GhostShield","hexamod:NightmareGuise","hexamod:SuperheatedStrike"],"picked":"SKIP","floor":37},{"not_picked":["hexamod:NightmareStrike+1","hexamod:EtherealExpedition","hexamod:Hexaguard"],"picked":"SKIP","floor":37},{"not_picked":["hexamod:SecondSeal","hexamod:ThirdSeal","hexamod:FirstSeal"],"picked":"SKIP","floor":38},{"not_picked":["hexamod:SwordOfDarkness","hexamod:GhostShield","hexamod:ThermalTransfer"],"picked":"SKIP","floor":38}],"player_experience":327518,"relics_obtained":[{"floor":7,"key":"Blood Vial"},{"floor":9,"key":"hexamod:InflammatoryLetter"},{"floor":11,"key":"CaptainsWheel"},{"floor":13,"key":"Pantograph"},{"floor":24,"key":"Frozen Egg 2"},{"floor":26,"key":"InkBottle"},{"floor":29,"key":"Smiling Mask"}],"event_choices":[],"is_beta":false,"boss_relics":[{"not_picked":["Tiny House","Runic Pyramid"],"picked":"Astrolabe"},{"not_picked":["Snecko Eye","Black Star"],"picked":"Fusion Hammer"}],"items_purged_floors":[12,31],"is_endless":false,"potions_floor_spawned":[9,10,11,13,26,32,33],"killed_by":"Maw","ascension_level":0}}