{"host":"1mv6gj0zv8k9e9tz","time":1610808858,"event":{"mods":["AchievementEnabler","BaseMod","Better Third Choice","Colored Map","KOR Keyword Fix","Minty Spire (QoL Compilation)","Permanent Neow","Rare Cards Sparkle","StSLib"],"gold_per_floor":[115,134,154,165,165,165,178,198,248,248,248,248,248,262,262,262,262],"floor_reached":16,"language":"KOR","playtime":662,"items_purged":[],"score":169,"play_id":"2bd80e87-32b5-46b5-8d14-d2e7222b8f51","local_time":"20210116235418","is_ascension_mode":true,"campfire_choices":[{"data":"Burst","floor":6,"key":"SMITH"},{"floor":11,"key":"REST"},{"data":"Backflip","floor":13,"key":"SMITH"},{"data":"Poisoned Stab","floor":15,"key":"SMITH"}],"circlet_count":0,"master_deck":["AscendersBane","Strike_G","Strike_G","Strike_G","Strike_G","Strike_G","Defend_G","Defend_G","Defend_G","Defend_G","Defend_G","Survivor","Neutralize","Burst+1","Calculated Gamble","Escape Plan","Poisoned Stab+1","Backflip+1","Well Laid Plans"],"relics":["Ring of the Snake","Smiling Mask","Blood Vial"],"acts_visited":["Exordium"],"potions_floor_usage":[3,8,16,16],"damage_taken":[{"damage":7,"enemies":"2 Louse","floor":1,"turns":5},{"damage":0,"enemies":"Small Slimes","floor":2,"turns":3},{"damage":1,"enemies":"Cultist","floor":3,"turns":5},{"damage":1,"enemies":"Blue Slaver","floor":4,"turns":5},{"damage":6,"enemies":"Looter","floor":7,"turns":5},{"damage":24,"enemies":"Large Slime","floor":8,"turns":9},{"damage":0,"enemies":"2 Fungi Beasts","floor":14,"turns":5},{"damage":34,"enemies":"The Guardian","floor":16,"turns":13}],"seed_played":"-4912365217352179681","potions_obtained":[{"floor":1,"key":"AttackPotion"},{"floor":3,"key":"Swift Potion"},{"floor":7,"key":"Weak Potion"},{"floor":8,"key":"BlessingOfTheForge"},{"floor":14,"key":"SkillPotion"}],"is_trial":false,"path_per_floor":["M","M","M","M","?","R","M","M","T","?","R","?","R","M","R","B"],"character_chosen":"THE_SILENT","items_purchased":[],"campfire_rested":1,"item_purchase_floors":[],"current_hp_per_floor":[52,52,51,50,55,55,49,25,25,14,35,35,35,37,37,5,5],"gold":262,"neow_bonus":"ONE_RANDOM_RARE_CARD","is_daily":false,"chose_seed":false,"campfire_upgraded":3,"win_rate":0.0,"timestamp":1610808858,"path_taken":["M","M","M","M","?","R","M","M","T","?","R","?","R","M","R","BOSS"],"items_purchased_type":[],"build_version":"2020-12-22","purchased_purges":0,"victory":false,"max_hp_per_floor":[66,66,66,66,71,71,71,71,71,71,71,71,71,71,71,71,71],"card_choices":[{"not_picked":["Underhanded Strike","Quick Slash"],"picked":"Calculated Gamble","floor":1},{"not_picked":["Predator","Underhanded Strike"],"picked":"Escape Plan","floor":2},{"not_picked":["Eviscerate","Quick Slash"],"picked":"Poisoned Stab","floor":3},{"not_picked":["Escape Plan","Flying Knee"],"picked":"Backflip","floor":4},{"not_picked":["Dodge and Roll","Predator","Setup"],"picked":"SKIP","floor":7},{"not_picked":["Blade Dance","Underhanded Strike"],"picked":"Well Laid Plans","floor":8},{"not_picked":["Quick Slash","Flying Knee","Eviscerate"],"picked":"SKIP","floor":14}],"player_experience":532583,"relics_obtained":[{"floor":9,"key":"Smiling Mask"}],"event_choices":[{"damage_healed":0,"gold_gain":0,"player_choice":"Donut","damage_taken":0,"max_hp_gain":5,"max_hp_loss":0,"event_name":"Big Fish","floor":5,"gold_loss":0},{"damage_healed":0,"gold_gain":0,"player_choice":"Relic ","damage_taken":11,"max_hp_gain":0,"max_hp_loss":0,"event_name":"betterThird:BetterScrap","floor":10,"gold_loss":0,"cards_obtained":["Uppercut"]},{"damage_healed":0,"gold_gain":0,"player_choice":"Ignored","damage_taken":248,"max_hp_gain":0,"max_hp_loss":0,"event_name":"betterThird:BetterSerpent","floor":12,"gold_loss":0}],"is_beta":false,"boss_relics":[],"items_purged_floors":[],"is_endless":false,"potions_floor_spawned":[1,3,7,8,14],"killed_by":"The Guardian","ascension_level":16}}