{"host":"3asmp5aovk69ekg9","time":1610762242,"event":{"mods":["100% Spire Juice","BaseMod","BetterRewards","Colored Map","Colored Powertips","Dark Map","Hermit","Koishi","Magitek Elite","Minty Spire (QoL Compilation)","Permanent Neow","Remove Card Discount Mod","Shade Mod","StSLib","The Alterego","The Cursed","The Death Knight","The Fake Hero","The IronCluck","The Marked","The Senshi","The Wild Card"],"gold_per_floor":[109,109,109,129,149,29,54,71,71,86,96,116,31,31,31,159,159,204,1,1,17,42,80,80,121,121,146,189,189,109,132,132,251,131,151,11,30,49,69,69,102,125,125,163,222,242,517,105,105,105,105,105,28,62,62],"floor_reached":56,"language":"ENG","playtime":7231,"items_purged":["Moonworks:Strike","Moonworks:Defend","Moonworks:Defend","Moonworks:Strike","Moonworks:Defend","Moonworks:Strike","Moonworks:Strike","Moonworks:FinalBattle"],"score":1884,"play_id":"71de8d81-ad87-468a-a1ac-20a256bfbdb1","local_time":"20210115175722","is_ascension_mode":true,"campfire_choices":[{"data":"Moonworks:CookingTime","floor":6.0,"key":"SMITH"},{"data":"Moonworks:RagingMadness","floor":15.0,"key":"SMITH"},{"data":"Moonworks:MetallicMonocoque","floor":24.0,"key":"SMITH"},{"floor":32.0,"key":"RECALL"},{"data":"Moonworks:HolyNight","floor":40,"key":"SMITH"},{"data":"Moonworks:Dinner","floor":49,"key":"SMITH"},{"data":"Moonworks:SweetBattle","floor":52,"key":"SMITH"}],"circlet_count":0,"master_deck":["Moonworks:Defend","Moonworks:Ambush","Moonworks:ExtendedPhotonRifle","Good Instincts","Good Instincts","Moonworks:AwakeningOfTalent","Moonworks:RagingMadness+1","Moonworks:SakisCookie","Moonworks:CookingTime+1","Moonworks:IndiscriminateFireSupport","Moonworks:SakisCookie","Moonworks:Dinner+1","Moonworks:UnluckyCharm","Moonworks:Dinner","Moonworks:SweetBattle+1","Moonworks:DeployBits","Moonworks:BigMagnum","Moonworks:MiracleRedBeanIceCream","Moonworks:MetallicMonocoque+1","Moonworks:StiffCrystal+1","Moonworks:IndiscriminateFireSupport","Moonworks:WindyEnchantment+1","Moonworks:BigMagnum+1","Moonworks:TacticalRetreat","Moonworks:SinkOrSwim","Moonworks:RagingMadness","Moonworks:CrystalBarrier","Moonworks:HolyNight+1","Moonworks:BigMagnum+1","Moonworks:DeployBits+1","Moonworks:Dash","Moonworks:Dash","Moonworks:ExtendedPhotonRifle","Moonworks:RagingMadness","Moonworks:IndiscriminateFireSupport","Moonworks:RagingMadness"],"relics":["Moonworks:BrokenBomb","Moonworks:Homemark","Chemical X","Calipers","Omamori","Moonworks:GoldenDie","Meat on the Bone","HornCleat","Singing Bowl","Golden Idol","Black Star","Medical Kit","theSenshi:SuperSailorFukuRelic","Ribbon","Shuriken","InkBottle","Boot","Letter Opener","Question Card","Moonworks:LittleGull","SlaversCollar","StoneCalendar","Oddly Smooth Stone","Mango","DeathKnight:SindragosasSkull","MealTicket","Pocketwatch","Lee\u0027s Waffle","Nunchaku","DeathKnight:PutricidesVial","theSenshi:SpiralHeartMoonRodRelic"],"acts_visited":["Exordium","TheCity","TheBeyond","TheEnding"],"potions_floor_usage":[38,45,55],"damage_taken":[{"damage":5.0,"enemies":"Cultist","floor":1.0,"turns":4.0},{"damage":0.0,"enemies":"Small Slimes","floor":4.0,"turns":2.0},{"damage":2.0,"enemies":"Jaw Worm","floor":5.0,"turns":4.0},{"damage":9.0,"enemies":"3 Sentries","floor":7.0,"turns":3.0},{"damage":7.0,"enemies":"Exordium Wildlife","floor":8.0,"turns":4.0},{"damage":0.0,"enemies":"Gremlin Gang","floor":10.0,"turns":1.0},{"damage":10.0,"enemies":"Large Slime","floor":11.0,"turns":5.0},{"damage":0.0,"enemies":"Lots of Slimes","floor":12.0,"turns":1.0},{"damage":5.0,"enemies":"Lagavulin","floor":13.0,"turns":3.0},{"damage":10.0,"enemies":"Hexaghost","floor":16.0,"turns":6.0},{"damage":5.0,"enemies":"3 Byrds","floor":18.0,"turns":4.0},{"damage":8.0,"enemies":"Shell Parasite","floor":21.0,"turns":4.0},{"damage":9.0,"enemies":"Snake Plant","floor":22.0,"turns":3.0},{"damage":9.0,"enemies":"Book of Stabbing","floor":23.0,"turns":3.0},{"damage":0.0,"enemies":"Gremlin Leader","floor":25.0,"turns":3.0},{"damage":2.0,"enemies":"Cultist and Chosen","floor":27.0,"turns":4.0},{"damage":8.0,"enemies":"Book of Stabbing","floor":28.0,"turns":5.0},{"damage":24.0,"enemies":"Slavers","floor":30.0,"turns":4.0},{"damage":15.0,"enemies":"Snecko","floor":31.0,"turns":4.0},{"damage":6.0,"enemies":"Automaton","floor":33.0,"turns":6.0},{"damage":8.0,"enemies":"Orb Walker","floor":35.0,"turns":2.0},{"damage":32.0,"enemies":"3 Darklings","floor":37.0,"turns":5.0},{"damage":33,"enemies":"Maw","floor":38,"turns":6},{"damage":8,"enemies":"Spire Growth","floor":39,"turns":3},{"damage":20,"enemies":"Giant Head","floor":41,"turns":5},{"damage":24,"enemies":"Jaw Worm Horde","floor":42,"turns":3},{"damage":49,"enemies":"Nemesis","floor":44,"turns":7},{"damage":22,"enemies":"2 Orb Walkers","floor":45,"turns":3},{"damage":4,"enemies":"Maw","floor":46,"turns":5},{"damage":59,"enemies":"Awakened One","floor":50,"turns":5},{"damage":6,"enemies":"Shield and Spear","floor":54,"turns":2},{"damage":91,"enemies":"The Heart","floor":55,"turns":7}],"seed_played":"6626875023147699906","potions_obtained":[{"floor":1.0,"key":"FearPotion"},{"floor":11.0,"key":"Moonworks:OneHundredPercentOrangeJuicePotion"},{"floor":16.0,"key":"ColorlessPotion"},{"floor":21.0,"key":"FairyPotion"},{"floor":22.0,"key":"DeathKnight:RimePotion"},{"floor":25.0,"key":"LiquidMemories"},{"floor":33.0,"key":"DuplicationPotion"},{"floor":36.0,"key":"DeathKnight:BottledBloodEchoes"},{"floor":38,"key":"Ancient Potion"},{"floor":41,"key":"DeathKnight:RimePotion"}],"is_trial":false,"path_per_floor":["M","?","$","M","M","R","E","M","T","M","M","M","E","?","R","B",null,"M","$","?","M","M","E","R","E","T","M","E","?","E","M","R","B",null,"M","?","M","M","M","R","E","M","T","E","?","M","?","$","R","B",null,"R","$","E","B",null],"character_chosen":"THE_STARBREAKER","items_purchased":["Chemical X","Calipers","Moonworks:ExtendedPhotonRifle","Good Instincts","Omamori","Good Instincts","Moonworks:AwakeningOfTalent","Moonworks:GoldenDie","Moonworks:RagingMadness","Moonworks:SakisCookie","Moonworks:CookingTime","Moonworks:IndiscriminateFireSupport","Medical Kit","Moonworks:IndiscriminateFireSupport","Lee\u0027s Waffle","Nunchaku","Moonworks:RagingMadness","Moonworks:IndiscriminateFireSupport","Moonworks:RagingMadness"],"campfire_rested":0,"item_purchase_floors":[0,0,0,0,0,0,0,0,0,0,0,0,19,19,48,48,48,48,53],"current_hp_per_floor":[22,22,22,27,35,35,29,39,39,39,52,52,55,40,40,60,60,60,60,60,52,50,49,49,59,59,57,60,60,41,41,41,56,64,56,56,40,38,35,35,35,25,39,31,31,51,51,93,93,57,93,93,93,89,32],"gold":62,"neow_bonus":"","is_daily":false,"chose_seed":false,"campfire_upgraded":6,"win_rate":0.0,"timestamp":1610762242,"path_taken":["M","?","$","M","M","R","E","M","T","?","M","M","E","?","R","BOSS","M","$","?","M","M","E","R","E","T","M","E","?","E","M","R","BOSS","M","?","M","M","?","R","E","M","T","E","?","M","?","$","R","BOSS","R","$","E","BOSS"],"items_purchased_type":["Relic","Relic","Card","Card","Relic","Card","Card","Relic","Card","Card","Card","Card","Relic","Card","Relic","Relic","Card","Card","Card"],"build_version":"2020-12-22","purchased_purges":8,"victory":true,"max_hp_per_floor":[60,60,60,60,60,60,60,60,60,60,60,60,60,60,60,60,60,60,60,60,60,60,60,60,60,60,60,60,60,60,62,62,64,64,64,64,64,64,64,64,64,66,80,82,84,86,86,93,93,93,93,93,93,95,95],"card_choices":[{"not_picked":["Moonworks:CloudOfSeagulls","Moonworks:LulusLuckyEgg"],"picked":"Moonworks:SakisCookie","floor":1.0},{"not_picked":["Moonworks:RedAndBlue","Moonworks:RagingMadness"],"picked":"Moonworks:Dinner","floor":4.0},{"not_picked":["Moonworks:EvilSpyWorkPreparation","Moonworks:BigMagnum","Moonworks:Assault"],"picked":"SKIP","floor":5.0},{"not_picked":["Moonworks:ImOnFire","Moonworks:Gamble"],"picked":"Moonworks:UnluckyCharm","floor":7.0},{"not_picked":["Moonworks:BeyondHell","Moonworks:EvilSpyWorkPreparation"],"picked":"Moonworks:Dinner","floor":8.0},{"not_picked":["Moonworks:ImOnFire","Moonworks:CloudOfSeagulls"],"picked":"Moonworks:SweetBattle","floor":10.0},{"not_picked":["Moonworks:Assault","Moonworks:SakisCookie"],"picked":"Moonworks:DeployBits","floor":11.0},{"not_picked":["Moonworks:Heat300Percent","Moonworks:LulusLuckyEgg"],"picked":"Moonworks:BigMagnum","floor":12.0},{"not_picked":["Moonworks:ImOnFire","Moonworks:CompletionReward"],"picked":"Moonworks:MiracleRedBeanIceCream","floor":13.0},{"not_picked":["Moonworks:GoAway","Moonworks:Blazing"],"picked":"Moonworks:MetallicMonocoque","floor":16.0},{"not_picked":["Moonworks:DeployBits","Moonworks:Poppoformation+1"],"picked":"Moonworks:StiffCrystal+1","floor":18.0},{"not_picked":["Moonworks:ForcedRevival","Moonworks:Bloodlust"],"picked":"Moonworks:WindyEnchantment+1","floor":21.0},{"not_picked":["Moonworks:EvilSpyWorkPreparation","Moonworks:FullSpeedAlicianrone"],"picked":"Moonworks:BigMagnum+1","floor":22.0},{"not_picked":["Moonworks:NicePresent","Moonworks:JonathanRush"],"picked":"Moonworks:TacticalRetreat","floor":23.0},{"not_picked":["Moonworks:EvilSpyWorkPreparation","Moonworks:ReflectiveShell"],"picked":"Moonworks:SinkOrSwim","floor":25.0},{"not_picked":["Moonworks:DeployBits","Moonworks:NicePresent+1"],"picked":"Moonworks:RagingMadness","floor":27.0},{"not_picked":["Moonworks:AngelHand","Moonworks:JonathanRush"],"picked":"Moonworks:CrystalBarrier","floor":28.0},{"not_picked":["Moonworks:x16BigRocket","Moonworks:Heat300Percent"],"picked":"Moonworks:HolyNight","floor":30.0},{"not_picked":["Moonworks:SakisCookie","Moonworks:MixPhenomenon+1","Moonworks:ImOnFire","Moonworks:ReproductionOfRecords"],"picked":"Singing Bowl","floor":31.0},{"not_picked":["Moonworks:FinalBattle","Moonworks:HolyNight","Moonworks:EvilMastermind","Moonworks:SinkOrSwim"],"picked":"Singing Bowl","floor":33.0},{"not_picked":["Moonworks:CloudOfSeagulls","Moonworks:Bloodlust","Moonworks:SakisCookie"],"picked":"Moonworks:BigMagnum+1","floor":35.0},{"not_picked":["Moonworks:LulusLuckyEgg","Moonworks:LuckyCharm","Moonworks:UnpaidWork"],"picked":"Moonworks:DeployBits+1","floor":37.0},{"not_picked":["Moonworks:NicePresent+1","Moonworks:CastOff","Moonworks:SakisCookie+1"],"picked":"Moonworks:Dash","floor":38},{"not_picked":["Moonworks:IndiscriminateFireSupport","Moonworks:CloudOfSeagulls","Moonworks:LulusLuckyEgg"],"picked":"Moonworks:Dash","floor":39},{"not_picked":["Moonworks:FinalSurgery+1","Moonworks:BigBangBell+1","Moonworks:ImOnFire+1"],"picked":"Moonworks:ExtendedPhotonRifle","floor":41},{"not_picked":["Moonworks:AwakeningOfTalent","Moonworks:ImOnFire","Moonworks:IndiscriminateFireSupport","Moonworks:NicePresent+1"],"picked":"Singing Bowl","floor":42},{"not_picked":["Moonworks:LulusLuckyEgg+1","Moonworks:SinkOrSwim","Moonworks:NicePresent","Moonworks:BigBangBell"],"picked":"Singing Bowl","floor":44},{"not_picked":["Moonworks:CloudOfSeagulls+1","Moonworks:JonathanRush","Moonworks:ImOnFire+1","Moonworks:BigMagnum+1"],"picked":"Singing Bowl","floor":45},{"not_picked":["Moonworks:NicePresent+1","Moonworks:WindyEnchantment","Moonworks:DevilHand","Moonworks:EvilSpyWorkPreparation"],"picked":"Singing Bowl","floor":46},{"not_picked":["Moonworks:Wanted","Moonworks:NicePresent+1","Moonworks:IndiscriminateFireSupport","Moonworks:x16BigRocket"],"picked":"Singing Bowl","floor":54}],"player_experience":1209848,"relics_obtained":[{"floor":7.0,"key":"Meat on the Bone"},{"floor":9.0,"key":"HornCleat"},{"floor":13.0,"key":"Singing Bowl"},{"floor":23.0,"key":"theSenshi:SuperSailorFukuRelic"},{"floor":23.0,"key":"Ribbon"},{"floor":25.0,"key":"Shuriken"},{"floor":25.0,"key":"InkBottle"},{"floor":28.0,"key":"Boot"},{"floor":28.0,"key":"Letter Opener"},{"floor":30.0,"key":"Question Card"},{"floor":30.0,"key":"Moonworks:LittleGull"},{"floor":41,"key":"StoneCalendar"},{"floor":41,"key":"Oddly Smooth Stone"},{"floor":43,"key":"Mango"},{"floor":44,"key":"DeathKnight:SindragosasSkull"},{"floor":44,"key":"MealTicket"},{"floor":45,"key":"Pocketwatch"},{"floor":54,"key":"DeathKnight:PutricidesVial"},{"floor":54,"key":"theSenshi:SpiralHeartMoonRodRelic"}],"event_choices":[{"damage_healed":0.0,"max_hp_gain":0.0,"max_hp_loss":0.0,"gold_gain":0.0,"cards_transformed":["Moonworks:LongDistanceShot"],"event_name":"Transmorgrifier","player_choice":"Transformed","floor":2.0,"gold_loss":0.0,"damage_taken":0.0,"cards_obtained":["Moonworks:FinalBattle"]},{"damage_healed":0.0,"max_hp_gain":0.0,"max_hp_loss":0.0,"gold_gain":0.0,"event_name":"Golden Idol","player_choice":"Take Damage","floor":14.0,"gold_loss":0.0,"damage_taken":15.0,"relics_obtained":["Golden Idol"]},{"damage_healed":0.0,"max_hp_gain":0.0,"max_hp_loss":0.0,"gold_gain":0.0,"event_name":"Cursed Tome","player_choice":"Ignored","floor":20.0,"gold_loss":0.0,"damage_taken":0.0},{"damage_healed":0.0,"max_hp_gain":0.0,"max_hp_loss":0.0,"gold_gain":0.0,"event_name":"Ghosts","player_choice":"Ignored","floor":29.0,"gold_loss":0.0,"damage_taken":0.0},{"damage_healed":0.0,"max_hp_gain":0.0,"max_hp_loss":0.0,"gold_gain":0.0,"event_name":"The Woman in Blue","player_choice":"Bought 1 Potion","floor":36.0,"gold_loss":0.0,"damage_taken":0.0},{"damage_healed":0,"gold_gain":0,"player_choice":"Fight","damage_taken":0,"max_hp_gain":0,"max_hp_loss":0,"event_name":"Mysterious Sphere","floor":45,"gold_loss":0},{"damage_healed":0,"gold_gain":275,"player_choice":"Desecrate","damage_taken":0,"max_hp_gain":0,"max_hp_loss":0,"event_name":"Golden Shrine","floor":47,"gold_loss":0,"cards_obtained":["Regret"]}],"is_beta":false,"boss_relics":[{"not_picked":["Velvet Choker","Sozu"],"picked":"Black Star"},{"not_picked":["Snecko Eye","Pandora\u0027s Box"],"picked":"SlaversCollar"}],"items_purged_floors":[0,0,0,0,0,0,0,48],"is_endless":false,"potions_floor_spawned":[1,11,16,21,22,25,27,33,38,41,44],"ascension_level":2}}