{"host":"ds1yr10zonoc6w4a","time":1610815784,"event":{"mods":["AchievementEnabler","BaseMod","Better Match","Better Third Choice","BetterRewards","Energized Spire","Minty Spire (QoL Compilation)","StSLib","The Animator"],"gold_per_floor":[119,119,89,101,53,99,99,119,146,0,0,0,33,47,47,150,150,161,180,180,230,230,262,137,54,54,73,73,100,126,176,176,250,250,262,276,69,88,106,141,141,173,173,202,202,220,252,252,252,252,252,252],"floor_reached":51,"language":"ENG","playtime":8669,"items_purged":["animator:Strike","animator:Defend","animator:Strike","animator:Strike"],"score":2172,"play_id":"d07598df-5066-40ff-8b35-3b0dd5086bc6","local_time":"20210116094944","is_ascension_mode":true,"campfire_choices":[{"data":"animator:Kanaria","floor":15.0,"key":"SMITH"},{"data":"animator:Chaa","floor":32.0,"key":"SMITH"},{"floor":41,"key":"REST"},{"floor":49,"key":"RECALL"}],"circlet_count":0,"master_deck":["AscendersBane","animator:Strike_LogHorizon+1","animator:Defend_LogHorizon","animator:Defend","animator:Tohya","animator:Minori","animator:YoshinoHimekawa+1","animator:Shimakaze","animator:Serara","animator:Chaa+1","animator:Suigintou","animator:Hinaichigo","animator:TomoeKashiwaba","animator:Marielle","animator:SanaeKochiya","animator:Soujiro","animator:Kanaria+1","animator:Kagari","animator:Rayneshia","animator:KanadeTachibana","animator:SuikaIbuki","animator:Godan","animator:MarisaKirisame","animator:EriShiina","animator:Shirosaki","animator:Naotsugu","animator:Wiz","animator:SakuyaOhtori","animator:YoshinoHaruhiko","animator:NiaHonjou","animator:JunSakurada+7","animator:YukariYakumo","animator:KomachiOnozuka","animator:OrigamiTobiichi","animator:Suiseiseki+1","animator:MeguKakizaki","animator:HigakiRinne"],"relics":["animator:VividPicture","animator:ColorlessFragment","animator:PurgingStone","Vajra","FossilizedHelix","OrangePellets","animator:BattleDrones","Lizard Tail","animator:MantleOfTheStrategist","Anchor","Bronze Scales","Juzu Bracelet","CultistMask","Omamori","energizedSpire:SpiderWeb","Enchiridion","PreservedInsect","Paper Frog","Ornamental Fan","Prayer Wheel","Bottled Lightning","Mango","Thread and Needle","Centennial Puzzle"],"acts_visited":["Exordium","TheCity","TheBeyond"],"potions_floor_usage":[38,42,50],"damage_taken":[{"damage":0.0,"enemies":"Jaw Worm","floor":1.0,"turns":4.0},{"damage":0.0,"enemies":"Cultist","floor":4.0,"turns":5.0},{"damage":0.0,"enemies":"3 Sentries","floor":6.0,"turns":8.0},{"damage":0.0,"enemies":"Small Slimes","floor":8.0,"turns":4.0},{"damage":9.0,"enemies":"Lagavulin","floor":13.0,"turns":4.0},{"damage":1.0,"enemies":"Exordium Wildlife","floor":14.0,"turns":4.0},{"damage":19.0,"enemies":"Slime Boss","floor":16.0,"turns":12.0},{"damage":0.0,"enemies":"Spheric Guardian","floor":18.0,"turns":4.0},{"damage":0.0,"enemies":"3 Byrds","floor":19.0,"turns":4.0},{"damage":8.0,"enemies":"Book of Stabbing","floor":23.0,"turns":6.0},{"damage":1.0,"enemies":"Centurion and Healer","floor":27.0,"turns":8.0},{"damage":0.0,"enemies":"animator:HornedBat","floor":29.0,"turns":4.0},{"damage":0.0,"enemies":"Snecko","floor":30.0,"turns":5.0},{"damage":27.0,"enemies":"Collector","floor":33.0,"turns":7.0},{"damage":14,"enemies":"3 Shapes","floor":35,"turns":3},{"damage":23,"enemies":"3 Darklings","floor":36,"turns":6},{"damage":8,"enemies":"Jaw Worm Horde","floor":38,"turns":5},{"damage":0,"enemies":"4 Shapes","floor":39,"turns":4},{"damage":38,"enemies":"Giant Head","floor":40,"turns":7},{"damage":0,"enemies":"Nemesis","floor":42,"turns":5},{"damage":36,"enemies":"Giant Head","floor":44,"turns":8},{"damage":25,"enemies":"3 Darklings","floor":46,"turns":5},{"damage":0,"enemies":"Nemesis","floor":47,"turns":5},{"damage":36,"enemies":"Time Eater","floor":50,"turns":10},{"damage":30,"enemies":"Donu and Deca","floor":51,"turns":9}],"seed_played":"5846185978209613519","potions_obtained":[{"floor":3.0,"key":"GamblersBrew"},{"floor":3.0,"key":"Swift Potion"},{"floor":4.0,"key":"DistilledChaos"},{"floor":13.0,"key":"SteroidPotion"},{"floor":14.0,"key":"PowerPotion"},{"floor":16.0,"key":"FairyPotion"},{"floor":18.0,"key":"Dexterity Potion"},{"floor":20.0,"key":"animator:GrowthPotion"},{"floor":29.0,"key":"PowerPotion"},{"floor":30.0,"key":"Ancient Potion"},{"floor":36,"key":"EssenceOfSteel"},{"floor":40,"key":"AttackPotion"},{"floor":46,"key":"FairyPotion"},{"floor":47,"key":"animator:FalseLifePotion"}],"is_trial":false,"path_per_floor":["M","?","?","M","?","E","?","M","T","$","?","?","E","M","R","B",null,"M","M","?","?","?","E","$","$","T","M","?","E","M","?","R","B",null,"M","M","$","M","M","E","R","E","T","E","?","M","E","?","R","B","B"],"character_chosen":"THE_ANIMATOR","items_purchased":["animator:YoshinoHimekawa","Vajra","FossilizedHelix","OrangePellets","animator:Shimakaze","animator:Serara","animator:Chaa","animator:Suigintou","animator:BattleDrones","animator:MantleOfTheStrategist","animator:ColorlessFragment","animator:ChihayaOhtori","animator:Soujiro","animator:Kanaria","Regen Potion","animator:NiaHonjou"],"campfire_rested":1,"item_purchase_floors":[0,0,0,0,0,0,0,0,0,0,0,0,10,10,25,37],"current_hp_per_floor":[54,36,36,36,36,36,36,36,36,36,36,36,27,27,27,8,48,48,48,48,48,27,19,19,19,19,33,33,33,33,33,33,6,47,33,10,10,2,2,18,36,45,59,23,23,37,37,25,25,23,0,0],"gold":252,"neow_bonus":"","is_daily":false,"chose_seed":true,"campfire_upgraded":2,"win_rate":0.0,"timestamp":1610815784,"path_taken":["M","?","?","?","?","E","?","M","T","?","?","?","E","M","R","BOSS","M","M","?","?","?","E","?","$","T","M","?","E","M","?","R","BOSS","M","M","?","M","M","E","R","E","T","E","?","M","E","?","R","BOSS","BOSS"],"items_purchased_type":["Card","Relic","Relic","Relic","Card","Card","Card","Card","Relic","Relic","Relic","Card","Card","Card","Potion","Card"],"build_version":"2020-12-22","purchased_purges":4,"victory":false,"max_hp_per_floor":[60,60,60,60,60,60,60,60,60,60,60,60,60,61,61,61,61,61,61,61,61,61,61,61,61,61,61,61,61,61,61,61,61,61,61,61,61,61,61,61,61,61,75,75,75,75,75,75,75,75,75,75],"card_choices":[{"not_picked":["animator:OrigamiTobiichi","animator:Geryuganshoop"],"picked":"animator:Hinaichigo","floor":1.0},{"not_picked":["animator:ElricAlphonse","animator:Suiseiseki"],"picked":"animator:TomoeKashiwaba","floor":4.0},{"not_picked":["animator:Tohya","animator:Minori"],"picked":"animator:Marielle","floor":6.0},{"not_picked":["animator:AliceMargatroid","animator:Darkness"],"picked":"animator:SanaeKochiya","floor":8.0},{"not_picked":["animator:Souseiseki","animator:LuciaKonohana"],"picked":"animator:Kagari","floor":13.0},{"not_picked":["animator:Isuzu","animator:Marielle"],"picked":"animator:Rayneshia","floor":14.0},{"not_picked":["animator:Hans","animator:ChaikaTrabant"],"picked":"animator:KanadeTachibana","floor":16.0},{"not_picked":["animator:Ara","animator:AcuraTooru"],"picked":"animator:SuikaIbuki","floor":18.0},{"not_picked":["animator:Spearman","animator:ShidoItsuka"],"picked":"animator:Godan","floor":19.0},{"not_picked":["animator:SuikaIbuki","animator:SanaeKochiya"],"picked":"animator:MarisaKirisame","floor":23.0},{"not_picked":["animator:ReineMurasame","animator:Add"],"picked":"animator:EriShiina","floor":27.0},{"not_picked":["animator:Yusa","animator:SayakaMiki"],"picked":"animator:Shirosaki","floor":29.0},{"not_picked":["animator:Tetora","animator:Tohya"],"picked":"animator:Naotsugu","floor":30.0},{"not_picked":["animator:Soujiro","animator:Saber"],"picked":"animator:Wiz","floor":33.0},{"not_picked":["animator:YuiTsuruno","animator:Elsword"],"picked":"animator:SakuyaOhtori","floor":35},{"not_picked":["animator:ElricEdward","animator:Shinoa"],"picked":"animator:YoshinoHaruhiko","floor":36},{"not_picked":["animator:Suigintou","animator:NoriSakurada"],"picked":"animator:JunSakurada","floor":38},{"not_picked":["animator:YoshinoHimekawa","animator:NoriSakurada"],"picked":"animator:YukariYakumo","floor":39},{"not_picked":["animator:YoshinoHimekawa+1","animator:ReineMurasame"],"picked":"animator:KomachiOnozuka","floor":40},{"not_picked":["animator:NiaHonjou","animator:TohkaYatogami"],"picked":"animator:OrigamiTobiichi","floor":42},{"not_picked":["animator:SanaeKochiya","animator:Vanir"],"picked":"animator:Suiseiseki+1","floor":44},{"not_picked":["animator:MarisaKirisame","animator:DolaCouronne+1","animator:YoshinoHaruhiko"],"picked":"SKIP","floor":46},{"not_picked":["animator:Hinaichigo","animator:YoshinoHaruhiko","animator:Nanami"],"picked":"SKIP","floor":46},{"not_picked":["animator:Shirosaki","animator:TomoeKashiwaba"],"picked":"animator:MeguKakizaki","floor":47}],"player_experience":778407,"relics_obtained":[{"floor":6.0,"key":"Anchor"},{"floor":9.0,"key":"Bronze Scales"},{"floor":13.0,"key":"Omamori"},{"floor":22.0,"key":"Enchiridion"},{"floor":23.0,"key":"PreservedInsect"},{"floor":29.0,"key":"Ornamental Fan"},{"floor":40,"key":"Prayer Wheel"},{"floor":42,"key":"Bottled Lightning"},{"floor":43,"key":"Mango"},{"floor":44,"key":"Thread and Needle"},{"floor":47,"key":"Centennial Puzzle"}],"event_choices":[{"damage_healed":54.0,"max_hp_gain":0.0,"max_hp_loss":60.0,"gold_gain":0.0,"event_name":"betterThird:BetterShining","player_choice":"Upgrade","floor":2.0,"gold_loss":0.0,"damage_taken":18.0,"cards_upgraded":["animator:YoshinoHimekawa","animator:Strike_LogHorizon"]},{"damage_healed":0.0,"max_hp_gain":0.0,"max_hp_loss":0.0,"gold_gain":0.0,"event_name":"The Woman in Blue","player_choice":"Bought 2 Potions","floor":3.0,"gold_loss":0.0,"damage_taken":0.0},{"damage_healed":0.0,"max_hp_gain":0.0,"max_hp_loss":0.0,"gold_gain":0.0,"event_name":"betterThird:BetterGoop","player_choice":"Left","floor":5.0,"gold_loss":48.0,"damage_taken":0.0},{"cards_removed":["animator:Defend"],"damage_healed":0.0,"max_hp_gain":0.0,"max_hp_loss":0.0,"gold_gain":0.0,"event_name":"Living Wall","player_choice":"Forget","floor":7.0,"gold_loss":0.0,"damage_taken":0.0},{"cards_removed":["animator:ChihayaOhtori"],"damage_healed":0.0,"max_hp_gain":0.0,"max_hp_loss":0.0,"gold_gain":0.0,"event_name":"WeMeetAgain","player_choice":"Gave Card","floor":11.0,"gold_loss":0.0,"damage_taken":0.0,"relics_obtained":["Juzu Bracelet"]},{"damage_healed":0.0,"max_hp_gain":0.0,"max_hp_loss":0.0,"gold_gain":0.0,"event_name":"FaceTrader","player_choice":"Trade","floor":12.0,"gold_loss":0.0,"damage_taken":0.0,"relics_obtained":["CultistMask"]},{"damage_healed":0.0,"max_hp_gain":0.0,"max_hp_loss":0.0,"gold_gain":0.0,"event_name":"Lab","player_choice":"Got Potions","floor":20.0,"gold_loss":0.0,"damage_taken":0.0},{"damage_healed":0.0,"max_hp_gain":0.0,"max_hp_loss":0.0,"gold_gain":50.0,"event_name":"betterThird:BetterNest","player_choice":"Steal","floor":21.0,"gold_loss":0.0,"damage_taken":0.0},{"damage_healed":0.0,"max_hp_gain":0.0,"max_hp_loss":0.0,"gold_gain":0.0,"event_name":"Cursed Tome","player_choice":"Obtained Book","floor":22.0,"gold_loss":0.0,"damage_taken":21.0},{"damage_healed":0.0,"max_hp_gain":0.0,"max_hp_loss":0.0,"gold_gain":0.0,"event_name":"Addict","player_choice":"Stole Relic","floor":28.0,"gold_loss":0.0,"damage_taken":0.0,"relics_obtained":["Paper Frog"],"cards_obtained":["Shame"]},{"damage_healed":0.0,"max_hp_gain":0.0,"max_hp_loss":0.0,"gold_gain":50.0,"event_name":"Golden Shrine","player_choice":"Pray","floor":31.0,"gold_loss":0.0,"damage_taken":0.0},{"damage_healed":0,"gold_gain":0,"player_choice":"Ignored","damage_taken":0,"max_hp_gain":0,"max_hp_loss":0,"event_name":"Mysterious Sphere","floor":45,"gold_loss":0},{"damage_healed":0,"gold_gain":0,"player_choice":"Embrace Madness","damage_taken":12,"max_hp_gain":0,"max_hp_loss":0,"event_name":"Winding Halls","floor":48,"gold_loss":0,"cards_obtained":["animator:HigakiRinne"]}],"is_beta":false,"boss_relics":[{"not_picked":["energizedSpire:EnergizedDie","Velvet Choker"],"picked":"energizedSpire:SpiderWeb"},{"not_picked":["animator:HolyGrailRelic","Pandora\u0027s Box"],"picked":"animator:VividPicture"}],"items_purged_floors":[0,0,24,37],"is_endless":false,"potions_floor_spawned":[4,13,14,16,18,29,30,36,40,46,47],"killed_by":"Donu and Deca","ascension_level":20}}