{"host":"bydnmyvf669xu6ab","time":1610814618,"event":{"mods":["BaseMod","BetterRewards","Colored Map","Highlight Path","Minty Spire (QoL Compilation)","Poor People Problems","Rare Cards Sparkle","Relic Stats","Shop Mod","Spikes Relics","StSLib","SuperFastMode"],"gold_per_floor":[118,118,293,312,312,312,387,387,464,535,535,554,554,584,584,686,686,702,662,78,78,98,98,98,98,146,146,146,146],"floor_reached":28,"language":"ENG","playtime":1157,"items_purged":["Doubt"],"score":326,"play_id":"7718c891-b756-4514-9da7-d45f912fc05f","local_time":"20210116083018","is_ascension_mode":true,"campfire_choices":[{"data":"Reforge","floor":6.0,"key":"SMITH"},{"data":"Barricade","floor":8.0,"key":"SMITH"},{"data":"Inflame","floor":11.0,"key":"SMITH"},{"floor":13.0,"key":"RECALL"},{"data":"Heavy Blade","floor":15.0,"key":"SMITH"},{"data":"Berserk","floor":23,"key":"SMITH"},{"data":"Limit Break","floor":27,"key":"SMITH"}],"circlet_count":0,"master_deck":["Strike_R","Strike_R+1","Strike_R","Strike_R","Strike_R","Defend_R","Defend_R","Defend_R","Defend_R","Bash","Barricade+1","Reforge+1","Iron Wave","Inflame+1","Heavy Blade+1","Sword Boomerang+1","Berserk+1","Body Slam","Limit Break+1","PlatinumSkin","Shrug It Off","Dual Wield+1"],"relics":["Burning Blood","LugNut","Mercury Hourglass","Unceasing Top","HailfireSword","Chemical X","Regal Pillow","SnailShell"],"acts_visited":["Exordium","TheCity"],"potions_floor_usage":[28],"damage_taken":[{"damage":6.0,"enemies":"Small Slimes","floor":1.0,"turns":5.0},{"damage":8.0,"enemies":"Jaw Worm","floor":4.0,"turns":5.0},{"damage":3.0,"enemies":"2 Louse","floor":12.0,"turns":2.0},{"damage":13.0,"enemies":"Lagavulin","floor":14.0,"turns":7.0},{"damage":35.0,"enemies":"Slime Boss","floor":16.0,"turns":10.0},{"damage":32.0,"enemies":"Chosen","floor":18.0,"turns":5.0},{"damage":28,"enemies":"Shell Parasite","floor":22,"turns":5},{"damage":37,"enemies":"Cultist and Chosen","floor":28,"turns":7}],"seed_played":"3365495735222870616","potions_obtained":[{"floor":4.0,"key":"PowerPotion"},{"floor":12.0,"key":"FearPotion"},{"floor":18.0,"key":"SkillPotion"},{"floor":22,"key":"CultistPotion"}],"is_trial":false,"path_per_floor":["M","?","?","M","?","R","?","R","T","T","R","M","R","E","R","B",null,"M","?","$","$","M","R","?","T","T","R","M"],"character_chosen":"IRONCLAD","items_purchased":["Barricade","Reforge","Limit Break","PlatinumSkin","Chemical X","Regal Pillow","Shrug It Off"],"campfire_rested":0,"item_purchase_floors":[0,0,20,20,20,20,20],"current_hp_per_floor":[67,67,67,65,70,70,59,59,59,59,59,62,62,55,55,26,85,59,59,59,59,37,37,37,37,37,37,0,0],"gold":146,"neow_bonus":"","is_daily":false,"chose_seed":false,"campfire_upgraded":6,"win_rate":0.0,"timestamp":1610814618,"path_taken":["M","?","?","M","?","R","?","R","T","?","R","?","R","E","R","BOSS","M","?","?","$","M","R","?","?","T","R","M"],"items_purchased_type":["Card","Card","Card","Card","Relic","Relic","Card"],"build_version":"2020-12-22","purchased_purges":1,"victory":false,"max_hp_per_floor":[80,80,80,80,85,85,85,85,85,85,85,85,85,85,85,85,85,85,85,85,85,85,85,85,85,85,85,85,85],"relic_stats":{"Regal Pillow":0,"counters":[130,549],"Chemical X":[2],"obtain_stats":[{"infinitespire:BottledMercury":29,"Nilry\u0027s Codex":30,"Ginger":10,"Boot":54,"Sozu":17,"Blood Vial":20,"HornCleat":26,"DollysMirror":28,"Strawberry":31,"MealTicket":41,"infinitespire:Golems Mask":25,"Fusion Hammer":17,"Kunai":0,"Toxic Egg 2":0,"LugNut":2,"MerchantsRug":8,"Happy Flower":23,"Dead Branch":0,"Blue Candle":41,"Velvet Choker":17,"Pen Nib":8,"Letter Opener":0,"War Paint":0,"Question Card":11,"Shuriken":19,"infinitespire:Lychee Nut":26,"Bird Faced Urn":23,"Bronze Scales":22,"Molten Egg 2":0,"Pandora\u0027s Box":17,"Mark of Pain":17,"infinitespire:PuzzleCube":26,"Unceasing Top":14,"Darkstone Periapt":11,"SnailShell":43,"Regal Pillow":0,"Black Blood":34,"BrokenLever":12,"Incense Burner":38,"Bag of Preparation":0,"HeavenlyBonsai":24,"PrismaticShard":0,"Cursed Key":34,"Burning Blood":0,"ClockworkSouvenir":20,"HailfireSword":17,"Matryoshka":0,"Gambling Chip":40,"Pantograph":0,"RollingBoulder":13,"Red Mask":42,"Chemical X":0,"InkBottle":0,"Paper Frog":42,"Potion Belt":38,"Thread and Needle":39,"infinitespire:Joker Card":8,"infinitespire:FocusingShard":43,"PreservedInsect":0,"Omamori":12,"infinitespire:CheckeredPen":9,"infinitespire:Lucky Rock":9,"Mercury Hourglass":10,"Sandwich":34,"Busted Crown":34,"infinitespire:WardingShard":46,"infinitespire:Satchel":44,"SpikesRelics:DaevaFist":7,"Art of War":11,"GolemAmulet":46,"Membership Card":0,"Toy Ornithopter":23,"infinitespire:Midas Blood":13},{"infinitespire:BottledMercury":100,"Nilry\u0027s Codex":100,"Ginger":31,"Boot":82,"Sozu":68,"Blood Vial":115,"HornCleat":71,"DollysMirror":50,"Strawberry":52,"MealTicket":57,"infinitespire:Golems Mask":71,"Fusion Hammer":9,"Kunai":83,"Toxic Egg 2":0,"LugNut":28,"MerchantsRug":5,"Happy Flower":96,"Dead Branch":0,"Blue Candle":77,"Velvet Choker":91,"Pen Nib":5,"Letter Opener":27,"War Paint":0,"Question Card":111,"Shuriken":10,"infinitespire:Lychee Nut":15,"Bird Faced Urn":13,"Bronze Scales":69,"Molten Egg 2":61,"Pandora\u0027s Box":114,"Mark of Pain":46,"infinitespire:PuzzleCube":49,"Unceasing Top":126,"Darkstone Periapt":31,"SnailShell":25,"Regal Pillow":83,"Black Blood":19,"BrokenLever":65,"Incense Burner":56,"Bag of Preparation":83,"HeavenlyBonsai":37,"PrismaticShard":27,"Cursed Key":53,"Burning Blood":0,"ClockworkSouvenir":35,"HailfireSword":33,"Matryoshka":61,"Gambling Chip":23,"Pantograph":27,"RollingBoulder":66,"Red Mask":77,"Chemical X":61,"InkBottle":83,"Paper Frog":57,"Potion Belt":21,"Thread and Needle":56,"infinitespire:Joker Card":42,"infinitespire:FocusingShard":77,"PreservedInsect":83,"Omamori":6,"infinitespire:CheckeredPen":30,"infinitespire:Lucky Rock":87,"Mercury Hourglass":124,"Sandwich":102,"Busted Crown":73,"infinitespire:WardingShard":26,"infinitespire:Satchel":78,"SpikesRelics:DaevaFist":42,"Art of War":44,"GolemAmulet":79,"Membership Card":0,"Toy Ornithopter":70,"infinitespire:Midas Blood":90},{"infinitespire:BottledMercury":388,"Nilry\u0027s Codex":388,"Ginger":129,"Boot":332,"Sozu":289,"Blood Vial":461,"HornCleat":296,"DollysMirror":215,"Strawberry":223,"MealTicket":249,"infinitespire:Golems Mask":296,"Fusion Hammer":34,"Kunai":340,"Toxic Egg 2":0,"LugNut":114,"MerchantsRug":17,"Happy Flower":376,"Dead Branch":0,"Blue Candle":313,"Velvet Choker":365,"Pen Nib":17,"Letter Opener":111,"War Paint":0,"Question Card":439,"Shuriken":36,"infinitespire:Lychee Nut":54,"Bird Faced Urn":48,"Bronze Scales":290,"Molten Egg 2":268,"Pandora\u0027s Box":456,"Mark of Pain":199,"infinitespire:PuzzleCube":210,"Unceasing Top":523,"Darkstone Periapt":129,"SnailShell":102,"Regal Pillow":340,"Black Blood":75,"BrokenLever":278,"Incense Burner":242,"Bag of Preparation":340,"HeavenlyBonsai":154,"PrismaticShard":111,"Cursed Key":231,"Burning Blood":0,"ClockworkSouvenir":146,"HailfireSword":139,"Matryoshka":268,"Gambling Chip":93,"Pantograph":111,"RollingBoulder":281,"Red Mask":313,"Chemical X":268,"InkBottle":340,"Paper Frog":249,"Potion Belt":84,"Thread and Needle":242,"infinitespire:Joker Card":180,"infinitespire:FocusingShard":313,"PreservedInsect":340,"Omamori":21,"infinitespire:CheckeredPen":123,"infinitespire:Lucky Rock":351,"Mercury Hourglass":514,"Sandwich":401,"Busted Crown":304,"infinitespire:WardingShard":107,"infinitespire:Satchel":318,"SpikesRelics:DaevaFist":180,"Art of War":188,"GolemAmulet":321,"Membership Card":0,"Toy Ornithopter":294,"infinitespire:Midas Blood":361}],"Burning Blood":696,"Unceasing Top":[0],"Mercury Hourglass":[132]},"card_choices":[{"not_picked":["Armaments","Invigoration"],"picked":"Iron Wave","floor":1.0},{"not_picked":["Carnage","Sword Boomerang"],"picked":"Inflame","floor":4.0},{"not_picked":["True Grit","Perfected Strike"],"picked":"Heavy Blade","floor":12.0},{"not_picked":["True Grit","Fiend Fire"],"picked":"Sword Boomerang","floor":14.0},{"not_picked":["Fiend Fire","Double Tap"],"picked":"Berserk","floor":16.0},{"not_picked":["Iron Wave","Pommel Strike"],"picked":"Body Slam","floor":18.0},{"not_picked":["Headbutt+1","Anger"],"picked":"Dual Wield+1","floor":22}],"player_experience":2226124,"relics_obtained":[{"floor":9.0,"key":"LugNut"},{"floor":10.0,"key":"Mercury Hourglass"},{"floor":14.0,"key":"Unceasing Top"},{"floor":26,"key":"SnailShell"}],"event_choices":[{"damage_healed":0.0,"max_hp_gain":0.0,"max_hp_loss":0.0,"gold_gain":0.0,"event_name":"Golden Wing","player_choice":"Ignored","floor":2.0,"gold_loss":0.0,"damage_taken":0.0},{"damage_healed":0.0,"max_hp_gain":0.0,"max_hp_loss":0.0,"gold_gain":175.0,"event_name":"Liars Game","player_choice":"AGREE","floor":3.0,"gold_loss":0.0,"damage_taken":0.0,"cards_obtained":["Doubt"]},{"damage_healed":0.0,"max_hp_gain":5.0,"max_hp_loss":0.0,"gold_gain":0.0,"event_name":"Big Fish","player_choice":"Donut","floor":5.0,"gold_loss":0.0,"damage_taken":0.0},{"damage_healed":0.0,"max_hp_gain":0.0,"max_hp_loss":0.0,"gold_gain":75.0,"event_name":"World of Goop","player_choice":"Gather Gold","floor":7.0,"gold_loss":0.0,"damage_taken":11.0},{"damage_healed":0.0,"max_hp_gain":0.0,"max_hp_loss":0.0,"gold_gain":0.0,"event_name":"Designer","player_choice":"Upgraded Two","floor":19.0,"gold_loss":40.0,"damage_taken":0.0,"cards_upgraded":["Strike_R","Sword Boomerang"]},{"damage_healed":0,"gold_gain":0,"player_choice":"Ignored","damage_taken":0,"max_hp_gain":0,"max_hp_loss":0,"event_name":"Beggar","floor":24,"gold_loss":0}],"is_beta":false,"boss_relics":[{"not_picked":["Fusion Hammer","Ectoplasm"],"picked":"HailfireSword"}],"items_purged_floors":[20],"is_endless":false,"potions_floor_spawned":[4,12,18,22],"killed_by":"Cultist and Chosen","ascension_level":1}}