{"host":"qfrmffs8rw9cf08l","time":1610793390,"event":{"mods":["AchievementEnabler","Act Like it!","AlwaysNeverKeys","Arknights The Spire","BaseMod","Bestiary","Better Match","Better Note","Better Sensory Stone","Better Skull","Better Third Choice","Better Vampires","BetterRewards","Curses Come First","Custom Start","Gensokyo","Gold Saver","MarisaÅiñ∂âJÅ@ñÇóùçπÅj","Minty Spire (QoL Compilation)","Permanent Neow","Poor People Problems","Quick Restart","Relic Filter","Relic Sorter","Relic Stats","Shop Mod","StSLib"],"gold_per_floor":[670,770,783,798,812,812,843,843,870,900,900,916,238,251,251,356,356,371,398,412,436,3,34,34,65,92,92,124,124,124,143,143,240,240,257,257,269,281,336,336,347,374,374,399,417,417,444,444,444,444,444,444,38,68,68],"floor_reached":56,"language":"ENG","playtime":6572,"items_purged":["MaximisePower","SatelliteIllusion"],"score":2149,"play_id":"ec89b92a-0a6d-4507-95e1-1575df4069f8","local_time":"20210116183630","is_ascension_mode":true,"campfire_choices":[{"data":"MasterSpark","floor":6.0,"key":"SMITH"},{"data":"MilkyWay","floor":8.0,"key":"SMITH"},{"data":"EnergyRecoil","floor":11.0,"key":"SMITH"},{"data":"OneTimeOff","floor":15.0,"key":"SMITH"},{"data":"MillisecondPulsars","floor":24.0,"key":"SMITH"},{"data":"OneTimeOff","floor":27.0,"key":"SMITH"},{"data":"AbsoluteMagnitude","floor":29.0,"key":"SMITH"},{"data":"DeepEcoloBomb","floor":32.0,"key":"SMITH"},{"data":"AsteroidBelt","floor":40.0,"key":"SMITH"},{"data":"OortCloud","floor":46.0,"key":"SMITH"},{"data":"EnergyFlow","floor":49.0,"key":"SMITH"},{"data":"PulseMagic","floor":52.0,"key":"SMITH"}],"circlet_count":0,"master_deck":["MasterSpark+1","UpSweep","OortCloud+1","EnergyRecoil+1","MilkyWay+1","GalacticHalo","DeepEcoloBomb+1","FairyDestructionRay","NonDirectionalLaser","MagicAbsorber","OneTimeOff+1","AbsoluteMagnitude+1","OneTimeOff+1","SuperPerseids+1","MilkyWay","Orbital+1","MillisecondPulsars+1","ManaConvection","GalacticHalo","Parasite","Parasite","PulseMagic+1","ShootTheMoon","OneTimeOff+1","EventHorizon","GasGiant+1","Singularity+1","AsteroidBelt+1","GalacticHalo","EnergyFlow+1","Acceleration","Acceleration"],"relics":["MiniHakkero","Ornamental Fan","Nunchaku","InkBottle","Pen Nib","SimpleLauncher","MagicBroom","Frozen Eye","Bag of Preparation","Tiny Chest","Calipers","PreservedInsect","Medical Kit","Strawberry","Juzu Bracelet","TungstenRod","MerchantsRug","ShroomBag","Smiling Mask","War Paint","Art of War","DollysMirror","Bronze Scales","Toy Ornithopter","Centennial Puzzle","Molten Egg 2","Black Star","CatCart","Eternal Feather","Omamori","Pantograph","Dream Catcher","Boot","Singing Bowl","Ginger","Anchor","Blood Vial"],"acts_visited":["Exordium","TheCity","TheBeyond","TheEnding"],"potions_floor_usage":[55,55,55],"damage_taken":[{"damage":1.0,"enemies":"Jaw Worm","floor":1.0,"turns":3.0},{"damage":0.0,"enemies":"Cultist","floor":3.0,"turns":4.0},{"damage":1.0,"enemies":"Small Slimes","floor":4.0,"turns":3.0},{"damage":5.0,"enemies":"3 Louse","floor":5.0,"turns":5.0},{"damage":5.0,"enemies":"3 Sentries","floor":7.0,"turns":5.0},{"damage":12.0,"enemies":"Gremlin Nob","floor":10.0,"turns":3.0},{"damage":0.0,"enemies":"2 Fungi Beasts","floor":12.0,"turns":2.0},{"damage":3.0,"enemies":"Exordium Thugs","floor":14.0,"turns":4.0},{"damage":1.0,"enemies":"The Guardian","floor":16.0,"turns":10.0},{"damage":2.0,"enemies":"Shell Parasite","floor":18.0,"turns":4.0},{"damage":6.0,"enemies":"2 Thieves","floor":20.0,"turns":4.0},{"damage":0.0,"enemies":"Book of Stabbing","floor":23.0,"turns":5.0},{"damage":19.0,"enemies":"Slavers","floor":25.0,"turns":3.0},{"damage":6.0,"enemies":"Book of Stabbing","floor":28.0,"turns":3.0},{"damage":3.0,"enemies":"Cultist and Chosen","floor":31.0,"turns":3.0},{"damage":5.0,"enemies":"Collector","floor":33.0,"turns":7.0},{"damage":11.0,"enemies":"3 Shapes","floor":35.0,"turns":4.0},{"damage":0.0,"enemies":"Orb Walker","floor":37.0,"turns":3.0},{"damage":9.0,"enemies":"Jaw Worm Horde","floor":38.0,"turns":4.0},{"damage":0.0,"enemies":"Orin","floor":39.0,"turns":10.0},{"damage":3.0,"enemies":"3 Darklings","floor":41.0,"turns":5.0},{"damage":5.0,"enemies":"Giant Head","floor":42.0,"turns":5.0},{"damage":29.0,"enemies":"Nemesis","floor":44.0,"turns":3.0},{"damage":11.0,"enemies":"Spire Growth","floor":45.0,"turns":5.0},{"damage":0.0,"enemies":"Giant Head","floor":47.0,"turns":4.0},{"damage":22.0,"enemies":"Time Eater","floor":50.0,"turns":6.0},{"damage":23.0,"enemies":"Shield and Spear","floor":54.0,"turns":7.0},{"damage":35,"enemies":"The Heart","floor":55,"turns":6}],"seed_played":"-6006984371975980710","potions_obtained":[{"floor":1.0,"key":"Explosive Potion"},{"floor":10.0,"key":"AttackPotion"},{"floor":14.0,"key":"Energy Potion"},{"floor":16.0,"key":"Weak Potion"},{"floor":23.0,"key":"SneckoOil"},{"floor":25.0,"key":"Dexterity Potion"},{"floor":28.0,"key":"AttackPotion"},{"floor":31.0,"key":"PowerPotion"},{"floor":38.0,"key":"SkillPotion"},{"floor":41.0,"key":"Explosive Potion"},{"floor":42.0,"key":"ShroomBrew"},{"floor":47.0,"key":"GamblersBrew"},{"floor":54.0,"key":"Energy Potion"}],"is_trial":false,"path_per_floor":["M","?","M","M","M","R","E","R","T","E","R","M","$","M","R","B",null,"M","T","M","T","$","E","R","E","T","R","E","R","?","M","R","B",null,"M","?","M","M","?","R","M","E","T","E","M","R","E","T","R","B",null,"R","$","E","B",null],"character_chosen":"MARISA","items_purchased":["MagicBroom","Frozen Eye","Bag of Preparation","SimpleLauncher","Tiny Chest","OortCloud","EnergyRecoil","MilkyWay","Calipers","PreservedInsect","GalacticHalo","Medical Kit","MerchantsRug","Nunchaku","NonDirectionalLaser","MagicAbsorber","Ornamental Fan","War Paint","Art of War","ShootTheMoon","DollysMirror","Ginger","Acceleration"],"campfire_rested":0,"item_purchase_floors":[0,0,0,0,0,0,0,0,0,0,0,0,13,13,13,13,13,22,22,22,22,53,53],"current_hp_per_floor":[67,67,67,66,61,61,63,63,63,51,51,51,51,48,48,47,70,68,68,66,66,66,70,70,55,55,55,53,53,53,54,54,55,72,65,65,67,67,76,76,76,75,75,50,43,61,65,65,77,57,72,77,77,65,46],"gold":68,"neow_bonus":"","is_daily":false,"chose_seed":false,"campfire_upgraded":12,"win_rate":0.0,"timestamp":1610793390,"path_taken":["M","?","M","?","M","R","E","R","T","E","R","M","$","M","R","BOSS","M","?","M","?","$","E","R","E","T","R","E","R","?","M","R","BOSS","M","?","M","M","?","R","M","E","T","E","M","R","E","?","R","BOSS","R","$","E","BOSS"],"items_purchased_type":["Relic","Relic","Relic","Relic","Relic","Card","Card","Card","Relic","Relic","Card","Relic","Relic","Relic","Card","Card","Relic","Relic","Relic","Card","Relic","Relic","Card"],"build_version":"2020-12-22","purchased_purges":2,"victory":true,"max_hp_per_floor":[70,70,70,70,70,70,77,77,77,77,77,77,77,77,77,77,77,77,77,77,77,77,77,77,77,77,77,77,77,77,77,77,77,77,77,77,77,77,77,77,77,77,77,77,77,77,77,77,77,77,77,77,77,79,79],"relic_stats":{"Singing Bowl":32,"Bag of Preparation":[102],"Juzu Bracelet":2,"Ginger":[2],"Smiling Mask":55,"Boot":[17],"Blood Vial":18,"Nunchaku":[22],"Centennial Puzzle":[36],"Dream Catcher":0,"Pantograph":12,"Tiny Chest":4,"InkBottle":[12],"counters":[57,210],"Eternal Feather":35,"Pen Nib":[7],"PreservedInsect":864,"War Paint":["Defend_MRS","Defend_MRS","SuperPerseids","Orbital"],"Medical Kit":[34],"Ornamental Fan":[68],"Bronze Scales":[298],"Art of War":[24],"Black Star":14,"obtain_stats":[{"Calipers":48,"CeramicFish":13,"Vajra":21,"Ginger":53,"Bottled Tornado":43,"Boot":21,"Blood Vial":25,"Sozu":34,"Lizard Tail":6,"Centennial Puzzle":21,"DollysMirror":38,"Strawberry":9,"Prayer Wheel":21,"MealTicket":44,"Toxic Egg 2":0,"MerchantsRug":13,"BreadOfAWashokuLover":52,"Eternal Feather":42,"Pen Nib":30,"Letter Opener":54,"War Paint":21,"Question Card":21,"Akabeko":41,"Du-Vu Doll":21,"Bronze Scales":23,"Molten Egg 2":0,"Pandora\u0027s Box":17,"Black Star":0,"MiniHakkero":0,"CatCart":39,"StrikeDummy":26,"Unceasing Top":11,"Pocketwatch":0,"AmplifyWand":9,"Darkstone Periapt":20,"Lantern":25,"Regal Pillow":42,"Torii":21,"Singing Bowl":23,"StoneCalendar":20,"Mango":27,"Bag of Preparation":8,"Juzu Bracelet":21,"Smiling Mask":0,"Empty Cage":23,"Ancient Tea Set":29,"Gensokyo:LunaticRedEyes":12,"Frozen Eye":38,"Nunchaku":21,"Dream Catcher":47,"Matryoshka":0,"Shovel":0,"TheAbacus":38,"Mummified Hand":21,"Pantograph":40,"Tiny Chest":0,"HandmadeGrimoire":27,"SimpleLauncher":0,"InkBottle":43,"Potion Belt":0,"MagicBroom":0,"Thread and Needle":48,"The Courier":0,"PreservedInsect":30,"Omamori":0,"Frozen Egg 2":0,"Orichalcum":32,"MawBank":0,"Medical Kit":53,"ats:Gyao":0,"Mercury Hourglass":54,"Peace Pipe":0,"Calling Bell":6,"Strange Spoon":21,"ShroomBag":39,"CaptainsWheel":8,"Anchor":21,"Busted Crown":17,"Ornamental Fan":13,"Art of War":13,"Bag of Marbles":40,"Membership Card":0,"TungstenRod":42,"Toy Ornithopter":25},{"Calipers":26,"CeramicFish":8,"Vajra":11,"Ginger":55,"Bottled Tornado":22,"Boot":11,"Blood Vial":15,"Sozu":18,"Lizard Tail":5,"Centennial Puzzle":11,"DollysMirror":20,"Strawberry":6,"Prayer Wheel":11,"MealTicket":22,"Toxic Egg 2":0,"MerchantsRug":36,"BreadOfAWashokuLover":27,"Eternal Feather":51,"Pen Nib":16,"Letter Opener":28,"War Paint":11,"Question Card":11,"Akabeko":21,"Du-Vu Doll":11,"Bronze Scales":41,"Molten Egg 2":0,"Pandora\u0027s Box":38,"Black Star":0,"MiniHakkero":0,"CatCart":49,"StrikeDummy":15,"Unceasing Top":7,"Pocketwatch":0,"AmplifyWand":6,"Darkstone Periapt":11,"Lantern":15,"Regal Pillow":22,"Torii":11,"Singing Bowl":13,"StoneCalendar":11,"Mango":16,"Bag of Preparation":6,"Juzu Bracelet":11,"Smiling Mask":0,"Empty Cage":13,"Ancient Tea Set":16,"Gensokyo:LunaticRedEyes":7,"Frozen Eye":20,"Nunchaku":11,"Dream Catcher":54,"Matryoshka":0,"Shovel":0,"TheAbacus":20,"Mummified Hand":11,"Pantograph":21,"Tiny Chest":0,"HandmadeGrimoire":16,"SimpleLauncher":0,"InkBottle":51,"Potion Belt":0,"MagicBroom":29,"Thread and Needle":26,"The Courier":0,"PreservedInsect":16,"Omamori":0,"Frozen Egg 2":0,"Orichalcum":17,"MawBank":0,"Medical Kit":27,"ats:Gyao":0,"Mercury Hourglass":28,"Peace Pipe":0,"Calling Bell":5,"Strange Spoon":11,"ShroomBag":20,"CaptainsWheel":6,"Anchor":11,"Busted Crown":9,"Ornamental Fan":36,"Art of War":8,"Bag of Marbles":21,"Membership Card":0,"TungstenRod":22,"Toy Ornithopter":42},{"Calipers":72,"CeramicFish":31,"Vajra":44,"Ginger":197,"Bottled Tornado":66,"Boot":44,"Blood Vial":54,"Sozu":61,"Lizard Tail":19,"Centennial Puzzle":44,"DollysMirror":64,"Strawberry":24,"Prayer Wheel":44,"MealTicket":66,"Toxic Egg 2":0,"MerchantsRug":105,"BreadOfAWashokuLover":74,"Eternal Feather":179,"Pen Nib":55,"Letter Opener":75,"War Paint":44,"Question Card":44,"Akabeko":65,"Du-Vu Doll":44,"Bronze Scales":132,"Molten Egg 2":0,"Pandora\u0027s Box":119,"Black Star":0,"MiniHakkero":0,"CatCart":169,"StrikeDummy":54,"Unceasing Top":27,"Pocketwatch":0,"AmplifyWand":24,"Darkstone Periapt":44,"Lantern":54,"Regal Pillow":66,"Torii":44,"Singing Bowl":48,"StoneCalendar":44,"Mango":55,"Bag of Preparation":24,"Juzu Bracelet":44,"Smiling Mask":0,"Empty Cage":48,"Ancient Tea Set":55,"Gensokyo:LunaticRedEyes":27,"Frozen Eye":64,"Nunchaku":44,"Dream Catcher":191,"Matryoshka":0,"Shovel":0,"TheAbacus":64,"Mummified Hand":44,"Pantograph":65,"Tiny Chest":0,"HandmadeGrimoire":55,"SimpleLauncher":0,"InkBottle":179,"Potion Belt":0,"MagicBroom":80,"Thread and Needle":72,"The Courier":0,"PreservedInsect":55,"Omamori":0,"Frozen Egg 2":0,"Orichalcum":56,"MawBank":0,"Medical Kit":74,"ats:Gyao":0,"Mercury Hourglass":75,"Peace Pipe":0,"Calling Bell":19,"Strange Spoon":44,"ShroomBag":64,"CaptainsWheel":24,"Anchor":44,"Busted Crown":36,"Ornamental Fan":105,"Art of War":31,"Bag of Marbles":65,"Membership Card":0,"TungstenRod":66,"Toy Ornithopter":135}],"TungstenRod":46,"Toy Ornithopter":15},"card_choices":[{"not_picked":["AsteroidBelt","DragonMeteor","WitchLeyline"],"picked":"SKIP","floor":1.0},{"not_picked":["WitchLeyline","IllusionStar"],"picked":"DeepEcoloBomb","floor":3.0},{"not_picked":["IllusionStar","WitchOfGreed","Occultation"],"picked":"SKIP","floor":4.0},{"not_picked":["MysteriousBeam","AlicesGift","UnstableBomb"],"picked":"SKIP","floor":5.0},{"not_picked":["IllusionStar","Acceleration","OpenUniverse"],"picked":"SKIP","floor":7.0},{"not_picked":["SuperPerseids","Orbital","StarBarrage"],"picked":"SKIP","floor":10.0},{"not_picked":["OneTimeOff","ShootingEcho"],"picked":"FairyDestructionRay","floor":12.0},{"not_picked":["MilkyWay","LuminesStrike"],"picked":"OneTimeOff","floor":14.0},{"not_picked":["BinaryStars","UltimateShortwave"],"picked":"AbsoluteMagnitude","floor":16.0},{"not_picked":["6A","DC"],"picked":"GalacticHalo","floor":18.0},{"not_picked":["DC","EnergyRecoil"],"picked":"PulseMagic","floor":20.0},{"not_picked":["PowerUp+1","NonDirectionalLaser"],"picked":"EventHorizon","floor":23.0},{"not_picked":["GrandCross","FairyDestructionRay","MysteriousBeam+1"],"picked":"SKIP","floor":25.0},{"not_picked":["Occultation+1","6A+1"],"picked":"GasGiant","floor":28.0},{"not_picked":["Robbery+1","MysteriousBeam+1","MilkyWay"],"picked":"SKIP","floor":31.0},{"not_picked":["WitchLeyline+1","GalacticHalo"],"picked":"Singularity+1","floor":35.0},{"not_picked":["ManaConvection+1","SuperPerseids","NonDirectionalLaser+1"],"picked":"SKIP","floor":37.0},{"not_picked":["Robbery+1","SprinkleStarSeal"],"picked":"AsteroidBelt","floor":38.0},{"not_picked":["IllusionStar","UnstableBomb+1"],"picked":"GalacticHalo","floor":41.0},{"not_picked":["UnstableBomb+1","GravityBeat+1"],"picked":"EnergyFlow","floor":42.0},{"not_picked":["EventHorizon","EnergyRecoil","MeteoricShower+1"],"picked":"SKIP","floor":44.0},{"not_picked":["OrrerysSun","Robbery+1"],"picked":"Acceleration","floor":45.0},{"not_picked":["MeteoricShower+1","StarBarrage+1","UnstableBomb+1"],"picked":"SKIP","floor":47.0},{"not_picked":["MagicChant","6A+1","DoubleSpark+1"],"picked":"Singing Bowl","floor":54.0}],"player_experience":288430,"relics_obtained":[{"floor":7.0,"key":"Strawberry"},{"floor":9.0,"key":"Juzu Bracelet"},{"floor":10.0,"key":"TungstenRod"},{"floor":19.0,"key":"ShroomBag"},{"floor":21.0,"key":"Smiling Mask"},{"floor":23.0,"key":"Bronze Scales"},{"floor":25.0,"key":"Toy Ornithopter"},{"floor":26.0,"key":"Centennial Puzzle"},{"floor":28.0,"key":"Molten Egg 2"},{"floor":39.0,"key":"CatCart"},{"floor":42.0,"key":"Eternal Feather"},{"floor":42.0,"key":"Omamori"},{"floor":43.0,"key":"InkBottle"},{"floor":44.0,"key":"Pen Nib"},{"floor":44.0,"key":"Pantograph"},{"floor":47.0,"key":"Dream Catcher"},{"floor":47.0,"key":"Boot"},{"floor":48.0,"key":"Singing Bowl"},{"floor":54.0,"key":"Anchor"},{"floor":54.0,"key":"Blood Vial"}],"event_choices":[{"damage_healed":0.0,"max_hp_gain":0.0,"max_hp_loss":0.0,"gold_gain":100.0,"event_name":"Golden Shrine","player_choice":"Pray","floor":2.0,"gold_loss":0.0,"damage_taken":0.0},{"damage_healed":0.0,"max_hp_gain":0.0,"max_hp_loss":0.0,"gold_gain":0.0,"event_name":"Upgrade Shrine","player_choice":"Upgraded","floor":30.0,"gold_loss":0.0,"damage_taken":0.0,"cards_upgraded":["GasGiant"]},{"damage_healed":0.0,"max_hp_gain":0.0,"max_hp_loss":0.0,"gold_gain":0.0,"event_name":"Tomb of Lord Red Mask","player_choice":"Ignored","floor":36.0,"gold_loss":0.0,"damage_taken":0.0},{"damage_healed":0.0,"max_hp_gain":0.0,"max_hp_loss":0.0,"gold_gain":0.0,"event_name":"OrinTheCat","player_choice":"Fight","floor":39.0,"gold_loss":0.0,"damage_taken":0.0}],"is_beta":false,"boss_relics":[{"not_picked":["Runic Dome","SacredBark"],"picked":"Pandora\u0027s Box"},{"not_picked":["Runic Pyramid","RampagingMagicTools"],"picked":"Black Star"}],"items_purged_floors":[22,53],"is_endless":false,"potions_floor_spawned":[1,10,14,16,23,25,28,31,38,41,42,47,54],"ascension_level":8}}