{"host":"x7xd4wkamhrqrrvw","time":1610760270,"event":{"mods":["BaseMod","Minty Spire (QoL Compilation)","StSLib"],"gold_per_floor":[114,64,77,77,98,136,136,155,155,168,201,201,79,122,122,245,245,258,258,258,273,273,273,273,273,299,340,8,8,29,49,49,179,179,195,18,32,48,94,94,125,125,125,125,161,181,221,235,235,235,235,235,34,74,74,74],"floor_reached":55,"language":"ENG","playtime":3896,"items_purged":["Strike_G","Escape Plan","Neutralize","Strike_G+1"],"score":1062,"play_id":"72be6d71-b41a-4818-a678-9f4082560675","local_time":"20210115232430","is_ascension_mode":true,"campfire_choices":[{"data":"Terror","floor":7.0,"key":"SMITH"},{"floor":12,"key":"REST"},{"data":"Cloak And Dagger","floor":15,"key":"SMITH"},{"data":"A Thousand Cuts","floor":23,"key":"SMITH"},{"floor":25,"key":"RECALL"},{"floor":29,"key":"REST"},{"floor":32,"key":"REST"},{"data":"Leg Sweep","floor":40,"key":"SMITH"},{"floor":42,"key":"REST"},{"floor":44,"key":"REST"},{"data":"Leg Sweep","floor":49,"key":"SMITH"},{"floor":52,"key":"REST"}],"circlet_count":0,"master_deck":["Strike_G+1","Strike_G+1","Strike_G+1","Defend_G+1","Defend_G+1","Defend_G+1","Defend_G+1","Survivor","Terror+1","Backstab+1","Unload+1","Slice+1","Cloak And Dagger+1","A Thousand Cuts+1","Tools of the Trade","Eviscerate+1","A Thousand Cuts+1","Leg Sweep+1","Leg Sweep+1","After Image","Backflip","Blade Dance+1","Acrobatics+1","Choke+1","Underhanded Strike+1"],"relics":["Ring of the Snake","Golden Idol","Tiny Chest","Kunai","Molten Egg 2","Happy Flower","Snecko Eye","Ninja Scroll","Matryoshka","DollysMirror","HoveringKite","Toy Ornithopter","Pen Nib","Smiling Mask","HornCleat","Singing Bowl","Whetstone","Bird Faced Urn","Art of War"],"acts_visited":["Exordium","TheCity","TheBeyond","TheEnding"],"potions_floor_usage":[30,37,45,45,48,53,55,55],"damage_taken":[{"damage":2.0,"enemies":"Jaw Worm","floor":1.0,"turns":8.0},{"damage":4.0,"enemies":"2 Louse","floor":3.0,"turns":4.0},{"damage":0.0,"enemies":"Small Slimes","floor":5.0,"turns":3.0},{"damage":36.0,"enemies":"Gremlin Nob","floor":6.0,"turns":5.0},{"damage":0.0,"enemies":"Looter","floor":8.0,"turns":2.0},{"damage":7.0,"enemies":"Exordium Wildlife","floor":10.0,"turns":8.0},{"damage":0.0,"enemies":"Lagavulin","floor":11.0,"turns":5.0},{"damage":12,"enemies":"3 Sentries","floor":14,"turns":8},{"damage":5,"enemies":"The Guardian","floor":16,"turns":11},{"damage":5,"enemies":"Chosen","floor":18,"turns":3},{"damage":0,"enemies":"3 Byrds","floor":21,"turns":4},{"damage":42,"enemies":"Book of Stabbing","floor":27,"turns":6},{"damage":14,"enemies":"Snake Plant","floor":30,"turns":3},{"damage":6,"enemies":"Centurion and Healer","floor":31,"turns":4},{"damage":32,"enemies":"Champ","floor":33,"turns":9},{"damage":0,"enemies":"3 Shapes","floor":35,"turns":5},{"damage":3,"enemies":"3 Darklings","floor":37,"turns":5},{"damage":0,"enemies":"Maw","floor":38,"turns":6},{"damage":19,"enemies":"Giant Head","floor":41,"turns":6},{"damage":9,"enemies":"Reptomancer","floor":45,"turns":4},{"damage":0,"enemies":"Sphere and 2 Shapes","floor":46,"turns":5},{"damage":10,"enemies":"Giant Head","floor":47,"turns":6},{"damage":0,"enemies":"4 Shapes","floor":48,"turns":7},{"damage":33,"enemies":"Awakened One","floor":50,"turns":14},{"damage":55,"enemies":"Shield and Spear","floor":54,"turns":6},{"damage":107,"enemies":"The Heart","floor":55,"turns":9}],"seed_played":"1545673745365423125","potions_obtained":[{"floor":3.0,"key":"SteroidPotion"},{"floor":6.0,"key":"EssenceOfSteel"},{"floor":10.0,"key":"SkillPotion"},{"floor":14,"key":"Ancient Potion"},{"floor":21,"key":"FairyPotion"},{"floor":27,"key":"DuplicationPotion"},{"floor":33,"key":"CultistPotion"},{"floor":35,"key":"LiquidMemories"},{"floor":38,"key":"GamblersBrew"},{"floor":45,"key":"Ancient Potion"},{"floor":47,"key":"SneckoOil"},{"floor":48,"key":"Poison Potion"}],"is_trial":false,"path_per_floor":["M","?","M","?","M","E","R","M","T","M","E","R","$","E","R","B",null,"M","?","?","M","?","R","T","R","T","E","$","R","M","M","R","B",null,"M","$","M","M","T","R","E","R","T","R","E","M","E","M","R","B",null,"R","$","E","B"],"character_chosen":"THE_SILENT","items_purchased":["Slice+1","Eviscerate+1","DollysMirror","Backflip","Fruit Juice","Strength Potion"],"campfire_rested":6,"item_purchase_floors":[13,28,28,36,53,53],"current_hp_per_floor":[68,68,64,45,45,9,9,9,9,2,2,25,25,13,13,8,60,55,55,55,55,55,55,55,55,55,13,13,36,22,16,39,7,60,60,60,57,57,57,57,38,61,61,77,68,70,62,77,77,52,75,83,88,39,0,0],"gold":74,"neow_bonus":"TEN_PERCENT_HP_BONUS","is_daily":false,"chose_seed":false,"campfire_upgraded":5,"win_rate":0.0,"timestamp":1610760270,"path_taken":["M","?","M","?","M","E","R","M","T","M","E","R","$","E","R","BOSS","M","?","?","M","?","R","?","R","T","E","?","R","?","M","R","BOSS","M","$","?","M","?","R","E","R","T","R","E","M","E","M","R","BOSS","R","$","E","BOSS"],"items_purchased_type":["Card","Card","Relic","Card","Potion","Potion"],"build_version":"2020-12-22","purchased_purges":4,"victory":false,"max_hp_per_floor":[77,77,77,77,77,77,77,77,77,77,77,77,77,77,77,77,77,77,77,77,77,77,77,77,77,77,77,77,77,77,77,77,77,77,77,77,77,77,77,77,77,77,77,77,77,79,81,83,83,83,83,83,88,88,88,88],"card_choices":[{"not_picked":["Flying Knee","Cloak And Dagger"],"picked":"Terror","floor":1.0},{"not_picked":["Prepared","Backflip"],"picked":"Escape Plan","floor":3.0},{"not_picked":["Backflip","Poisoned Stab"],"picked":"Backstab","floor":5.0},{"not_picked":["Tactician","Poisoned Stab","Underhanded Strike"],"picked":"SKIP","floor":6.0},{"not_picked":["Sucker Punch","Blade Dance","Outmaneuver"],"picked":"SKIP","floor":8.0},{"not_picked":["Dodge and Roll","Cloak And Dagger","Tactician"],"picked":"SKIP","floor":10.0},{"not_picked":["Tactician","Flechettes+1"],"picked":"Unload+1","floor":11.0},{"not_picked":["Flechettes+1","Dodge and Roll"],"picked":"Cloak And Dagger","floor":14},{"not_picked":["Phantasmal Killer","Envenom"],"picked":"A Thousand Cuts","floor":16},{"not_picked":["Crippling Poison","Dagger Spray+1","Catalyst"],"picked":"SKIP","floor":18},{"not_picked":["Slice+1","Backflip","Caltrops"],"picked":"SKIP","floor":21},{"not_picked":["Poisoned Stab+1","Crippling Poison"],"picked":"Tools of the Trade","floor":27},{"not_picked":["Escape Plan","Dagger Spray+1"],"picked":"Leg Sweep","floor":30},{"not_picked":["Blade Dance","Bane+1"],"picked":"Leg Sweep","floor":31},{"not_picked":["Envenom","Unload+1"],"picked":"After Image","floor":33},{"not_picked":["Dodge and Roll+1","Outmaneuver+1","Bane+1"],"picked":"SKIP","floor":35},{"not_picked":["Reflex+1","Deflect+1"],"picked":"Blade Dance+1","floor":37},{"not_picked":["Dodge and Roll+1","Heel Hook+1","Deflect+1"],"picked":"SKIP","floor":38},{"not_picked":["Flying Knee+1","Backstab+1"],"picked":"Acrobatics+1","floor":41},{"not_picked":["Quick Slash+1","Crippling Poison+1"],"picked":"Choke+1","floor":45},{"not_picked":["Slice+1","Caltrops","Dagger Spray+1"],"picked":"Singing Bowl","floor":46},{"not_picked":["Bane+1","Prepared","Footwork"],"picked":"Singing Bowl","floor":47},{"not_picked":["Poisoned Stab+1","Acrobatics","Sucker Punch+1"],"picked":"Singing Bowl","floor":48},{"not_picked":["Endless Agony+1","Blur"],"picked":"Underhanded Strike+1","floor":54}],"player_experience":307959,"relics_obtained":[{"floor":6.0,"key":"Tiny Chest"},{"floor":9.0,"key":"Kunai"},{"floor":11.0,"key":"Molten Egg 2"},{"floor":14,"key":"Happy Flower"},{"floor":24,"key":"Ninja Scroll"},{"floor":27,"key":"Matryoshka"},{"floor":39,"key":"Toy Ornithopter"},{"floor":39,"key":"Pen Nib"},{"floor":41,"key":"Smiling Mask"},{"floor":43,"key":"HornCleat"},{"floor":43,"key":"Singing Bowl"},{"floor":45,"key":"Whetstone"},{"floor":47,"key":"Bird Faced Urn"},{"floor":54,"key":"Art of War"}],"event_choices":[{"cards_removed":["Defend_G"],"damage_healed":0.0,"max_hp_gain":0.0,"max_hp_loss":0.0,"gold_gain":0.0,"event_name":"The Cleric","player_choice":"Card Removal","floor":2.0,"gold_loss":50.0,"damage_taken":0.0},{"damage_healed":0.0,"max_hp_gain":0.0,"max_hp_loss":0.0,"gold_gain":0.0,"event_name":"Golden Idol","player_choice":"Take Damage","floor":4.0,"gold_loss":0.0,"damage_taken":19.0,"relics_obtained":["Golden Idol"]},{"damage_healed":0,"gold_gain":0,"player_choice":"Simplicity","damage_taken":0,"max_hp_gain":0,"max_hp_loss":0,"event_name":"Back to Basics","floor":19,"gold_loss":0,"cards_upgraded":["Strike_G","Strike_G","Strike_G","Strike_G","Defend_G","Defend_G","Defend_G","Defend_G"]},{"damage_healed":0,"gold_gain":0,"player_choice":"Ignored","damage_taken":0,"max_hp_gain":0,"max_hp_loss":0,"event_name":"Ghosts","floor":20,"gold_loss":0},{"damage_healed":0,"gold_gain":0,"player_choice":"Ignored","damage_taken":0,"max_hp_gain":0,"max_hp_loss":0,"event_name":"Vampires","floor":22,"gold_loss":0}],"is_beta":false,"boss_relics":[{"not_picked":["Astrolabe","Black Star"],"picked":"Snecko Eye"},{"not_picked":["Philosopher\u0027s Stone","Busted Crown"],"picked":"HoveringKite"}],"items_purged_floors":[13,28,36,53],"is_endless":false,"potions_floor_spawned":[3,6,10,14,21,27,33,35,38,45,47,48],"killed_by":"The Heart","ascension_level":7}}