{"host":"hzinic87vu8p95wn","time":1610809674,"event":{"mods":["BaseMod","Minty Spire (QoL Compilation)"],"gold_per_floor":[110,35,85,7,23,57,57,90,115,115,115,115],"floor_reached":11,"language":"ENG","playtime":236,"items_purged":[],"score":198,"play_id":"2c994232-a72c-4f99-9173-c7a5521c5998","local_time":"20210117020754","is_ascension_mode":true,"campfire_choices":[{"data":"Well Laid Plans","floor":7.0,"key":"SMITH"},{"floor":10,"key":"REST"}],"circlet_count":0,"master_deck":["AscendersBane","Strike_G","Strike_G","Strike_G","Strike_G","Defend_G","Defend_G","Defend_G","Defend_G","Defend_G","Survivor","Neutralize","Cloak And Dagger","All Out Attack","Endless Agony","Well Laid Plans+1","Blur"],"relics":["Ring of the Snake","NeowsBlessing","Orichalcum","TungstenRod","Smiling Mask"],"acts_visited":["Exordium"],"potions_floor_usage":[8],"damage_taken":[{"damage":0.0,"enemies":"Jaw Worm","floor":1.0,"turns":1.0},{"damage":0.0,"enemies":"Small Slimes","floor":5.0,"turns":1.0},{"damage":0.0,"enemies":"3 Sentries","floor":6.0,"turns":1.0},{"damage":18,"enemies":"Gremlin Nob","floor":8,"turns":4},{"damage":31,"enemies":"3 Sentries","floor":11,"turns":9}],"seed_played":"3377029330046464540","potions_obtained":[{"floor":5.0,"key":"Strength Potion"}],"is_trial":false,"path_per_floor":["M","?","?","$","M","E","R","E","T","R","E"],"character_chosen":"THE_SILENT","items_purchased":["All Out Attack"],"campfire_rested":1,"item_purchase_floors":[4],"current_hp_per_floor":[59,59,53,53,53,53,53,35,35,54,23,23],"gold":115,"neow_bonus":"THREE_ENEMY_KILL","is_daily":false,"chose_seed":false,"campfire_upgraded":1,"win_rate":0.0,"timestamp":1610809674,"path_taken":["M","?","?","$","M","E","R","E","T","R","E"],"items_purchased_type":["Card"],"build_version":"2020-12-22","purchased_purges":0,"victory":false,"max_hp_per_floor":[66,66,66,66,66,66,66,66,66,66,66,66],"card_choices":[{"not_picked":["Setup","Crippling Poison"],"picked":"Cloak And Dagger","floor":1.0},{"not_picked":["Masterful Stab","Prepared"],"picked":"Endless Agony","floor":5.0},{"not_picked":["Quick Slash","Underhanded Strike"],"picked":"Well Laid Plans","floor":6.0},{"not_picked":["Skewer","Deadly Poison"],"picked":"Blur","floor":8}],"player_experience":1574734,"relics_obtained":[{"floor":6.0,"key":"Orichalcum"},{"floor":8,"key":"TungstenRod"},{"floor":9,"key":"Smiling Mask"}],"event_choices":[{"cards_removed":["Strike_G"],"damage_healed":0.0,"max_hp_gain":0.0,"max_hp_loss":0.0,"gold_gain":0.0,"event_name":"The Cleric","player_choice":"Card Removal","floor":2.0,"gold_loss":75.0,"damage_taken":0.0},{"damage_healed":0.0,"max_hp_gain":0.0,"max_hp_loss":0.0,"gold_gain":50.0,"event_name":"FaceTrader","player_choice":"Touch","floor":3.0,"gold_loss":0.0,"damage_taken":6.0}],"is_beta":false,"boss_relics":[],"items_purged_floors":[],"is_endless":false,"potions_floor_spawned":[5],"killed_by":"3 Sentries","ascension_level":18}}