{"host":"bplbr8uekuotory4","time":1610801519,"event":{"mods":["Act Like it!","BaseMod","Custom Start","Gensokyo","GungeonMod","Hermit","KinomotoSakuraMod(木之本樱)","Koishi","Marisa（F雨　魔理沙）","Minty Spire (QoL Compilation)","Prisma Mod","Quick Restart","Reimu（博丽灵梦）","SOS（斯巴达之子）","Spicy Shops","StSLib","TestMod","The Alterego","The Blackbeard","The Cursed","The Marked","The Mystic","The Runesmith","The Saiyan","The Servant 0.9.4","Yuri Mod","[IsaacMod]以撒尖塔","vexMod"],"gold_per_floor":[112,121,121,127,139,145,145,145],"floor_reached":6,"language":"ZHS","playtime":62,"items_purged":[],"score":43,"play_id":"4772b222-105b-412f-b7fd-8bb53b8c3dd4","local_time":"20210116205159","is_ascension_mode":true,"campfire_choices":[],"circlet_count":0,"master_deck":["blackbeard:BlackbeardStrike","blackbeard:BlackbeardStrike","blackbeard:BlackbeardStrike+1","blackbeard:BlackbeardStrike","blackbeard:IntimidatingStrike","blackbeard:BlackbeardDefend","blackbeard:BlackbeardDefend","blackbeard:BlackbeardDefend","blackbeard:BlackbeardDefend","blackbeard:Cutlass+1","blackbeard:BuriedTreasure"],"relics":["blackbeard:LoadTheCannons","testmod-TestBox","HushsDoor","SalivaCoin","testmod-Charity","NeowsBlessing","BelialBook"],"acts_visited":["Exordium"],"potions_floor_usage":[],"damage_taken":[{"damage":0,"enemies":"2 Louse","floor":1,"turns":1},{"damage":0,"enemies":"Cultist","floor":2,"turns":1},{"damage":0,"enemies":"Small Slimes","floor":5,"turns":1},{"damage":10,"enemies":"Gremlin Nob","floor":6,"turns":3}],"seed_played":"-699359784062655748","potions_obtained":[{"floor":5,"key":"Dexterity Potion"}],"is_trial":false,"path_per_floor":["M","M","?","?","M","E"],"character_chosen":"BLACKBEARD_CLASS","items_purchased":[],"campfire_rested":0,"item_purchase_floors":[],"current_hp_per_floor":[76,77,77,63,64,55,55,55],"gold":145,"neow_bonus":"THREE_ENEMY_KILL","is_daily":false,"chose_seed":false,"campfire_upgraded":0,"win_rate":0.0,"timestamp":1610801519,"path_taken":["M","M","?","?","?","E"],"items_purchased_type":[],"build_version":"2020-12-22","purchased_purges":0,"victory":false,"max_hp_per_floor":[76,77,77,78,79,80,80,80],"card_choices":[{"not_picked":["blackbeard:GoldenDefense","blackbeard:Murder"],"picked":"blackbeard:CannonBarrage","floor":1},{"not_picked":["blackbeard:Fencing","blackbeard:AgileStrike","blackbeard:GoldenStrike"],"picked":"SKIP","floor":2},{"not_picked":["blackbeard:InfiniteBarrage","blackbeard:BlindAttacks"],"picked":"blackbeard:BuriedTreasure","floor":5}],"player_experience":1210585,"relics_obtained":[],"event_choices":[{"cards_removed":["blackbeard:CannonBarrage"],"damage_healed":0,"gold_gain":0,"player_choice":"Gave Card","damage_taken":0,"relics_obtained":["BelialBook"],"max_hp_gain":0,"max_hp_loss":0,"event_name":"WeMeetAgain","floor":3,"gold_loss":0},{"damage_healed":0,"gold_gain":0,"player_choice":"Entered Light","damage_taken":15,"max_hp_gain":0,"max_hp_loss":0,"event_name":"Shining Light","floor":4,"gold_loss":0,"cards_upgraded":["blackbeard:Cutlass","blackbeard:BlackbeardStrike"]}],"is_beta":false,"boss_relics":[],"items_purged_floors":[],"is_endless":false,"potions_floor_spawned":[5],"killed_by":"Gremlin Nob","ascension_level":4}}