{"host":"mdbnki27vzqujy5q","time":1610779187,"event":{"mods":["BaseMod","Better Note","Better Skull","Colored Map","Colored Powertips","DeckTracker","Highlight Path","Minty Spire (QoL Compilation)","Quick Restart","Rare Cards Sparkle","StSLib"],"gold_per_floor":[119,134,134,149,166,199,215,243,243,19,19,19,31,49,49,151,151,164,174,174,174,19,19,51,51,99,109,109,124,135,170,170,265,265,277,294,254,265,265,265],"floor_reached":39,"language":"ENG","playtime":1839,"items_purged":["Defend_R"],"score":500,"play_id":"b095b849-4b87-40a3-8db1-6a2a3d994c88","local_time":"20210115223947","is_ascension_mode":true,"campfire_choices":[{"data":"Reaper","floor":11.0,"key":"SMITH"},{"data":"Demon Form","floor":15.0,"key":"SMITH"},{"data":"Metallicize","floor":23,"key":"SMITH"},{"data":"Bash","floor":25,"key":"SMITH"},{"data":"Heavy Blade","floor":32,"key":"SMITH"}],"circlet_count":0,"master_deck":["Bash+1","Cleave","Cleave","Clothesline","Rage","Metallicize+1","Rage","Demon Form+1","Reaper+1","Anger","Impervious","Body Slam+1","Doubt","Shrug It Off","Spot Weakness+1","Heavy Blade+1","Pommel Strike+1","Barricade","Rampage","Thunderclap","Flame Barrier","Brutality","Intimidate","Spot Weakness","Armaments","Ghostly Armor"],"relics":["Burning Blood","Lantern","Pantograph","Mercury Hourglass","Boot","Cursed Key","Vajra","Question Card","Potion Belt","InkBottle","Pandora\u0027s Box"],"acts_visited":["Exordium","TheCity","TheBeyond"],"potions_floor_usage":[24,31,33,38,38,38,38,38,38,39,39],"damage_taken":[{"damage":6.0,"enemies":"Cultist","floor":1.0,"turns":3.0},{"damage":11.0,"enemies":"2 Louse","floor":2.0,"turns":3.0},{"damage":9.0,"enemies":"Small Slimes","floor":4.0,"turns":2.0},{"damage":16.0,"enemies":"Exordium Wildlife","floor":5.0,"turns":4.0},{"damage":30.0,"enemies":"Lagavulin","floor":6.0,"turns":8.0},{"damage":6.0,"enemies":"Lots of Slimes","floor":7.0,"turns":3.0},{"damage":26.0,"enemies":"3 Sentries","floor":8.0,"turns":7.0},{"damage":3.0,"enemies":"2 Fungi Beasts","floor":13.0,"turns":3.0},{"damage":11.0,"enemies":"Blue Slaver","floor":14.0,"turns":4.0},{"damage":24.0,"enemies":"Hexaghost","floor":16.0,"turns":7.0},{"damage":27.0,"enemies":"2 Thieves","floor":18.0,"turns":3.0},{"damage":15.0,"enemies":"Shell Parasite","floor":19.0,"turns":5.0},{"damage":55,"enemies":"Slavers","floor":24,"turns":4},{"damage":14,"enemies":"Chosen and Byrds","floor":27,"turns":5},{"damage":39,"enemies":"Snake Plant","floor":29,"turns":4},{"damage":18,"enemies":"Centurion and Healer","floor":30,"turns":5},{"damage":33,"enemies":"Gremlin Leader","floor":31,"turns":4},{"damage":16,"enemies":"Automaton","floor":33,"turns":6},{"damage":61,"enemies":"3 Darklings","floor":35,"turns":4},{"damage":24,"enemies":"Orb Walker","floor":36,"turns":4},{"damage":23,"enemies":"3 Darklings","floor":38,"turns":5},{"damage":28,"enemies":"2 Orb Walkers","floor":39,"turns":2}],"seed_played":"6116579166398672610","potions_obtained":[{"floor":2.0,"key":"SneckoOil"},{"floor":7.0,"key":"Regen Potion"},{"floor":13.0,"key":"Swift Potion"},{"floor":14.0,"key":"SteroidPotion"},{"floor":16.0,"key":"SkillPotion"},{"floor":18.0,"key":"LiquidMemories"},{"floor":30,"key":"BloodPotion"},{"floor":31,"key":"Strength Potion"},{"floor":36,"key":"AttackPotion"},{"floor":37,"key":"EntropicBrew"},{"floor":37,"key":"Energy Potion"},{"floor":37,"key":"Dexterity Potion"}],"is_trial":false,"path_per_floor":["M","M","?","M","M","E","M","E","T","$","R","$","M","M","R","B",null,"M","M","?","?","$","R","E","R","T","M","?","M","M","E","R","B",null,"M","M","?","M","?"],"character_chosen":"IRONCLAD","items_purchased":["Boot","Vajra"],"campfire_rested":0,"item_purchase_floors":[10,22],"current_hp_per_floor":[80,75,75,72,62,38,38,33,33,33,33,33,36,40,40,61,80,67,58,80,80,80,80,47,47,47,53,53,26,29,45,45,70,80,25,7,7,11,0,0],"gold":265,"neow_bonus":"RANDOM_COMMON_RELIC","is_daily":false,"chose_seed":false,"campfire_upgraded":5,"win_rate":0.0,"timestamp":1610779187,"path_taken":["M","M","?","?","?","E","M","E","T","$","R","?","M","M","R","BOSS","M","M","?","?","?","R","E","R","T","?","?","?","M","E","R","BOSS","M","M","?","?","?"],"items_purchased_type":["Relic","Relic"],"build_version":"2020-12-22","purchased_purges":1,"victory":false,"max_hp_per_floor":[80,80,80,80,80,80,80,80,80,80,80,80,80,80,80,80,80,80,80,80,80,80,80,80,80,80,80,80,80,80,80,80,80,80,80,80,80,80,80,80],"card_choices":[{"not_picked":["Armaments","Iron Wave"],"picked":"Cleave","floor":1.0},{"not_picked":["Body Slam","Warcry"],"picked":"Cleave","floor":2.0},{"not_picked":["True Grit","Perfected Strike"],"picked":"Rage","floor":4.0},{"not_picked":["Pommel Strike","Cleave"],"picked":"Metallicize","floor":5.0},{"not_picked":["Evolve","Reckless Charge"],"picked":"Rage","floor":6.0},{"not_picked":["Sever Soul","Evolve"],"picked":"Demon Form","floor":7.0},{"not_picked":["Anger","Dark Embrace"],"picked":"Reaper","floor":8.0},{"not_picked":["Sword Boomerang","Hemokinesis","Burning Pact"],"picked":"SKIP","floor":13.0},{"not_picked":["Flex","Hemokinesis"],"picked":"Anger","floor":14.0},{"not_picked":["Reaper","Barricade"],"picked":"Impervious","floor":16.0},{"not_picked":["Feel No Pain","Searing Blow"],"picked":"Body Slam+1","floor":18.0},{"not_picked":["Cleave","Combust"],"picked":"Flame Barrier","floor":19.0},{"not_picked":["Perfected Strike","Anger","Feel No Pain"],"picked":"SKIP","floor":24},{"not_picked":["Rampage","Iron Wave","Clothesline"],"picked":"Shrug It Off","floor":27},{"not_picked":["Pummel","Thunderclap","Burning Pact+1"],"picked":"Heavy Blade","floor":29},{"not_picked":["True Grit+1","Rupture+1","Rampage+1","Cleave"],"picked":"SKIP","floor":30},{"not_picked":["Wild Strike+1","Seeing Red+1","Sword Boomerang"],"picked":"Pommel Strike+1","floor":31},{"not_picked":["Corruption","Double Tap","Demon Form"],"picked":"Barricade","floor":33},{"not_picked":["True Grit+1","Warcry+1","Pummel+1"],"picked":"Armaments","floor":35},{"not_picked":["Twin Strike","Cleave+1","Seeing Red"],"picked":"Ghostly Armor","floor":36},{"not_picked":["Armaments","Cleave+1","Thunderclap","Burning Pact"],"picked":"SKIP","floor":38}],"player_experience":94156,"relics_obtained":[{"floor":6.0,"key":"Pantograph"},{"floor":8.0,"key":"Mercury Hourglass"},{"floor":24,"key":"Question Card"},{"floor":26,"key":"Potion Belt"},{"floor":31,"key":"InkBottle"}],"event_choices":[{"damage_healed":0.0,"max_hp_gain":0.0,"max_hp_loss":0.0,"gold_gain":0.0,"cards_transformed":["Strike_R"],"event_name":"Transmorgrifier","player_choice":"Transformed","floor":3.0,"gold_loss":0.0,"damage_taken":0.0,"cards_obtained":["Clothesline"]},{"cards_removed":["Flame Barrier"],"damage_healed":22,"gold_gain":0,"player_choice":"Offered Uncommon","damage_taken":0,"max_hp_gain":0,"max_hp_loss":0,"event_name":"Bonfire Elementals","floor":20,"gold_loss":0},{"cards_removed":["Strike_R"],"damage_healed":0,"gold_gain":0,"player_choice":"Purged","damage_taken":0,"max_hp_gain":0,"max_hp_loss":0,"event_name":"Purifier","floor":21,"gold_loss":0},{"cards_removed":["Reaper"],"damage_healed":0,"gold_gain":0,"player_choice":"Take \u0026 Give","damage_taken":0,"max_hp_gain":0,"max_hp_loss":0,"event_name":"betterNote:BetterNote","floor":28,"gold_loss":0,"cards_obtained":["Spot Weakness"]},{"damage_healed":0,"gold_gain":0,"player_choice":"Bought 3 Potions","damage_taken":0,"max_hp_gain":0,"max_hp_loss":0,"event_name":"The Woman in Blue","floor":37,"gold_loss":0},{"damage_healed":0,"gold_gain":0,"player_choice":"Fight","damage_taken":0,"max_hp_gain":0,"max_hp_loss":0,"event_name":"Mysterious Sphere","floor":39,"gold_loss":0}],"is_beta":false,"boss_relics":[{"not_picked":["Runic Dome","Calling Bell"],"picked":"Cursed Key"},{"not_picked":["Coffee Dripper","Velvet Choker"],"picked":"Pandora\u0027s Box"}],"items_purged_floors":[10],"is_endless":false,"potions_floor_spawned":[2,7,13,14,16,18,30,31,36],"killed_by":"2 Orb Walkers","ascension_level":3}}