{"host":"vzugls1u57eppbds","time":1610802466,"event":{"mods":["AchievementEnabler","BaseMod","Better Third Choice","Minty Spire (QoL Compilation)","Relic Stats","Shop Mod","StSLib","The IronCluck"],"gold_per_floor":[118,118,128,81,34,34,68,68,114,114,129,156,169,169,169,297,297,322,322,335,260,113,134,134,134,134],"floor_reached":25,"language":"ENG","playtime":787,"items_purged":[],"score":328,"play_id":"92bdaf51-355b-454e-af72-517e1c6eba34","local_time":"20210116140746","is_ascension_mode":true,"campfire_choices":[{"data":"True Grit","floor":6,"key":"SMITH"},{"floor":10,"key":"REST"},{"floor":15,"key":"REST"}],"circlet_count":0,"master_deck":["Defend_R","Defend_R","Defend_R","Defend_R","Bash","Juggernaut+1","Feel No Pain","CarveReality","Iron Wave","True Grit+1","Shrug It Off","Immolate","CurseOfTheBell","Ghostly Armor","Infernal Blade","Infernal Blade","Shrug It Off","Bite","Bite","Bite","Bite","Bite"],"relics":["Burning Blood","Singing Bowl","Letter Opener","Ancient Tea Set","Darkstone Periapt","Golden Idol","Calling Bell","Toy Ornithopter","Paper Frog","Magic Flower"],"acts_visited":["Exordium","TheCity"],"potions_floor_usage":[12,16,16,23,25],"damage_taken":[{"damage":14,"enemies":"2 Louse","floor":1,"turns":3},{"damage":9,"enemies":"Jaw Worm","floor":3,"turns":4},{"damage":39,"enemies":"Gremlin Nob","floor":7,"turns":6},{"damage":0,"enemies":"Small Slimes","floor":11,"turns":2},{"damage":8,"enemies":"Lagavulin","floor":12,"turns":7},{"damage":8,"enemies":"Exordium Wildlife","floor":13,"turns":5},{"damage":12,"enemies":"Hexaghost","floor":16,"turns":6},{"damage":43,"enemies":"3 Byrds","floor":18,"turns":7},{"damage":12,"enemies":"Spheric Guardian","floor":20,"turns":4},{"damage":49,"enemies":"Shelled Parasite and Fungi","floor":23,"turns":10},{"damage":36,"enemies":"Book of Stabbing","floor":25,"turns":5}],"seed_played":"-969446042473581770","potions_obtained":[{"floor":7,"key":"Dexterity Potion"},{"floor":11,"key":"SneckoOil"},{"floor":12,"key":"LiquidBronze"},{"floor":23,"key":"ElixirPotion"}],"is_trial":false,"path_per_floor":["M","?","M","$","$","R","E","?","T","R","M","E","M","?","R","B",null,"M","?","M","?","$","M","?","E"],"character_chosen":"IRONCLAD","items_purchased":["Iron Wave","True Grit","Infernal Blade","DistilledChaos"],"campfire_rested":2,"item_purchase_floors":[4,5,22,22],"current_hp_per_floor":[64,47,46,46,46,46,15,15,15,40,48,48,46,52,80,74,95,63,63,60,60,60,28,28,0,0],"gold":134,"neow_bonus":"ONE_RANDOM_RARE_CARD","is_daily":false,"chose_seed":false,"campfire_upgraded":1,"win_rate":0.0,"timestamp":1610802466,"path_taken":["M","?","M","?","$","R","E","?","T","R","M","E","M","?","R","BOSS","M","?","?","?","$","M","?","E"],"items_purchased_type":["Card","Card","Card","Potion"],"build_version":"2020-12-22","purchased_purges":0,"victory":false,"max_hp_per_floor":[80,80,82,82,82,82,84,84,84,84,86,88,88,94,94,94,100,102,102,102,102,102,102,71,71,71],"relic_stats":{"Darkstone Periapt":12,"Singing Bowl":10,"counters":[11,59],"Golden Idol":38,"Magic Flower":[15],"Letter Opener":[15],"obtain_stats":[{"Darkstone Periapt":12,"Calling Bell":17,"Singing Bowl":2,"Golden Idol":14,"Magic Flower":17,"Letter Opener":7,"Ancient Tea Set":9,"Burning Blood":0,"Toy Ornithopter":17,"Paper Frog":17},{"Darkstone Periapt":5,"Calling Bell":7,"Singing Bowl":1,"Golden Idol":6,"Magic Flower":7,"Letter Opener":3,"Ancient Tea Set":3,"Burning Blood":0,"Toy Ornithopter":7,"Paper Frog":7},{"Darkstone Periapt":22,"Calling Bell":33,"Singing Bowl":3,"Golden Idol":27,"Magic Flower":33,"Letter Opener":13,"Ancient Tea Set":13,"Burning Blood":0,"Toy Ornithopter":33,"Paper Frog":33}],"Burning Blood":69,"Toy Ornithopter":16},"card_choices":[{"not_picked":["Perfected Strike","Thunderclap"],"picked":"Feel No Pain","floor":1},{"not_picked":["Flex","Warcry","Whirlwind"],"picked":"Singing Bowl","floor":3},{"not_picked":["Havoc","Anger","Feel No Pain"],"picked":"Singing Bowl","floor":7},{"not_picked":["Clothesline","Twin Strike","Havoc"],"picked":"Singing Bowl","floor":11},{"not_picked":["Spot Weakness","Disarm","Bloodletting"],"picked":"Singing Bowl","floor":12},{"not_picked":["Iron Wave","Dual Wield"],"picked":"Shrug It Off","floor":13},{"not_picked":["Corruption","Double Tap"],"picked":"Immolate","floor":16},{"not_picked":["Inflame","Heavy Blade","Havoc+1"],"picked":"Singing Bowl","floor":18},{"not_picked":["Bloodletting","Twin Strike"],"picked":"Infernal Blade","floor":20},{"not_picked":["Heavy Blade","Flex"],"picked":"Shrug It Off","floor":23}],"player_experience":231217,"relics_obtained":[{"floor":7,"key":"Letter Opener"},{"floor":9,"key":"Ancient Tea Set"},{"floor":12,"key":"Darkstone Periapt"},{"floor":17,"key":"Toy Ornithopter"},{"floor":17,"key":"Paper Frog"},{"floor":17,"key":"Magic Flower"}],"event_choices":[{"damage_healed":0,"gold_gain":0,"player_choice":"Grow","damage_taken":0,"max_hp_gain":0,"max_hp_loss":0,"event_name":"Living Wall","floor":8,"gold_loss":0,"cards_upgraded":["Juggernaut"]},{"damage_healed":0,"gold_gain":0,"player_choice":"Take Wound","damage_taken":0,"relics_obtained":["Golden Idol"],"max_hp_gain":0,"max_hp_loss":0,"event_name":"Golden Idol","floor":14,"gold_loss":0,"cards_obtained":["Injury"]},{"damage_healed":0,"gold_gain":0,"player_choice":"1 cards matched","damage_taken":0,"max_hp_gain":0,"max_hp_loss":0,"event_name":"Match and Keep!","floor":19,"gold_loss":0,"cards_obtained":["Ghostly Armor"]},{"cards_removed":["Injury"],"damage_healed":0,"gold_gain":0,"player_choice":"Gave Gold","damage_taken":0,"max_hp_gain":0,"max_hp_loss":0,"event_name":"Beggar","floor":21,"gold_loss":75},{"damage_healed":0,"gold_gain":0,"player_choice":"Became a vampire","damage_taken":0,"max_hp_gain":0,"max_hp_loss":31,"event_name":"Vampires","floor":24,"gold_loss":0,"cards_obtained":["Bite","Bite","Bite","Bite","Bite"]}],"is_beta":false,"boss_relics":[{"not_picked":["Busted Crown","SlaversCollar"],"picked":"Calling Bell"}],"items_purged_floors":[],"is_endless":false,"potions_floor_spawned":[7,11,12,23],"killed_by":"Book of Stabbing","ascension_level":9}}