{"host":"oehe2dxjvdgux73m","time":1610814826,"event":{"mods":["AchievementEnabler","BaseMod","Colored Map","Colored Powertips","DeckTracker","Keyboard Shortcuts","Minty Spire (QoL Compilation)","Permanent Neow","Quick Restart","StSLib","SuperFastMode"],"gold_per_floor":[114,15,30,30,45,45,75,75,100,130,145,110,95,125,125,125,125],"floor_reached":16,"language":"KOR","playtime":692,"items_purged":["Strike_G"],"score":120,"play_id":"af3faf09-afac-42c3-9758-1cbd0e68b79f","local_time":"20210117013346","daily_mods":["Allstar","Flight","Night Terrors"],"is_ascension_mode":false,"campfire_choices":[{"data":"Blade Dance","floor":6.0,"key":"SMITH"},{"data":"Wraith Form v2","floor":8.0,"key":"SMITH"},{"data":"Blade Dance","floor":15.0,"key":"SMITH"}],"circlet_count":0,"master_deck":["Strike_G","Strike_G","Strike_G","Strike_G","Defend_G","Defend_G","Defend_G","Defend_G","Defend_G","Survivor","Neutralize","Impatience","Dark Shackles","Panacea","Mayhem","PanicButton","Blade Dance+1","Outmaneuver","Acrobatics","Dodge and Roll","Wraith Form v2+1","Leg Sweep","Crippling Poison","Blade Dance+1","Blur"],"relics":["Ring of the Snake","PreservedInsect","Orichalcum","HornCleat","Blood Vial"],"acts_visited":["Exordium"],"potions_floor_usage":[16,16],"damage_taken":[{"damage":1.0,"enemies":"2 Louse","floor":1.0,"turns":4.0},{"damage":0.0,"enemies":"Small Slimes","floor":3.0,"turns":4.0},{"damage":1.0,"enemies":"Jaw Worm","floor":5.0,"turns":5.0},{"damage":19.0,"enemies":"Gremlin Nob","floor":7.0,"turns":5.0},{"damage":12.0,"enemies":"Lagavulin","floor":10.0,"turns":7.0},{"damage":18.0,"enemies":"Large Slime","floor":11.0,"turns":15.0},{"damage":5.0,"enemies":"Exordium Thugs","floor":13.0,"turns":4.0},{"damage":5.0,"enemies":"3 Sentries","floor":14.0,"turns":7.0},{"damage":34,"enemies":"Slime Boss","floor":16,"turns":13}],"seed_played":"2700428786693623746","potions_obtained":[{"floor":3.0,"key":"Strength Potion"},{"floor":10.0,"key":"DistilledChaos"},{"floor":13.0,"key":"DistilledChaos"}],"is_trial":false,"path_per_floor":["M","$","M","?","M","R","E","R","T","E","M","?","M","E","R","B"],"character_chosen":"THE_SILENT","items_purchased":["Outmaneuver"],"campfire_rested":0,"item_purchase_floors":[2],"current_hp_per_floor":[69,69,69,74,73,73,54,54,54,42,24,42,37,32,32,0,0],"gold":125,"neow_bonus":"","is_daily":true,"chose_seed":false,"campfire_upgraded":3,"win_rate":0.0,"timestamp":1610814826,"path_taken":["M","$","M","?","M","R","E","R","T","E","M","?","M","E","R","BOSS"],"items_purchased_type":["Card"],"build_version":"2020-12-22","purchased_purges":1,"victory":false,"max_hp_per_floor":[70,70,70,75,75,75,75,75,75,75,75,75,75,75,75,75,75],"card_choices":[{"not_picked":["Deadly Poison","Noxious Fumes"],"picked":"Blade Dance","floor":1.0},{"not_picked":["Deflect","Catalyst"],"picked":"Acrobatics","floor":3.0},{"not_picked":["Outmaneuver","Poisoned Stab"],"picked":"Dodge and Roll","floor":5.0},{"not_picked":["Reflex","Dodge and Roll"],"picked":"Wraith Form v2","floor":7.0},{"not_picked":["Sucker Punch","Prepared"],"picked":"Leg Sweep","floor":10.0},{"not_picked":["Deadly Poison","Leg Sweep"],"picked":"Crippling Poison","floor":11.0},{"not_picked":["Outmaneuver","Endless Agony"],"picked":"Blade Dance","floor":13.0},{"not_picked":["Underhanded Strike","Flechettes"],"picked":"Blur","floor":14.0}],"player_experience":244806,"relics_obtained":[{"floor":7.0,"key":"PreservedInsect"},{"floor":9.0,"key":"Orichalcum"},{"floor":10.0,"key":"HornCleat"},{"floor":14.0,"key":"Blood Vial"}],"event_choices":[{"damage_healed":0.0,"max_hp_gain":5.0,"max_hp_loss":0.0,"gold_gain":0.0,"event_name":"Big Fish","player_choice":"Donut","floor":4.0,"gold_loss":0.0,"damage_taken":0.0},{"damage_healed":18.0,"max_hp_gain":0.0,"max_hp_loss":0.0,"gold_gain":0.0,"event_name":"The Cleric","player_choice":"Healed","floor":12.0,"gold_loss":35.0,"damage_taken":0.0}],"is_beta":false,"boss_relics":[],"items_purged_floors":[2],"is_endless":false,"potions_floor_spawned":[3,10,13],"killed_by":"Slime Boss","ascension_level":0}}