{"host":"utcbn1j9ebmpc40m","time":1610768777,"event":{"mods":["BaseMod","Better Altar","Better Match","GifTheSpireLib","Minty Spire (QoL Compilation)","Poor People Problems","StSLib","SuperFastMode","The IronCluck","The Servant 0.9.4"],"gold_per_floor":[114,125,50,67,77,104,120,120,120,120,135,135,135,168,168,273,273,286,286,306,9,25,25,52,52,52,52,52,52,77,89,89],"floor_reached":31,"language":"ENG","playtime":813,"items_purged":["Strike_G"],"score":500,"play_id":"36bdf689-df01-4dad-b102-f2d81a2c7e71","local_time":"20210115224617","is_ascension_mode":true,"campfire_choices":[{"floor":8,"key":"REST"},{"floor":15,"key":"REST"},{"floor":23,"key":"REST"},{"data":"Catalyst","floor":25,"key":"SMITH"},{"floor":28,"key":"REST"}],"circlet_count":0,"master_deck":["AscendersBane","Strike_G+1","Strike_G+1","Strike_G+1","Strike_G+1","Defend_G+1","Defend_G+1","Defend_G+1","Defend_G+1","Defend_G+1","Survivor","Neutralize","Poisoned Stab","Footwork+1","Deadly Poison","Dagger Spray","Prepared","Distraction","Wraith Form v2+1","Catalyst+1","Deadly Poison+1","Dodge and Roll+1","Backflip+1"],"relics":["Ring of the Snake","Ice Cream","InkBottle","HornCleat","Frozen Egg 2","Sozu","Tingsha","Centennial Puzzle","MealTicket","MawBank"],"acts_visited":["Exordium","TheCity"],"potions_floor_usage":[5,16,16],"damage_taken":[{"damage":1,"enemies":"Jaw Worm","floor":1,"turns":5},{"damage":1,"enemies":"2 Louse","floor":2,"turns":4},{"damage":0,"enemies":"Small Slimes","floor":4,"turns":5},{"damage":22,"enemies":"Gremlin Gang","floor":5,"turns":8},{"damage":27,"enemies":"Lagavulin","floor":6,"turns":8},{"damage":7,"enemies":"2 Fungi Beasts","floor":7,"turns":5},{"damage":0,"enemies":"Looter","floor":11,"turns":4},{"damage":16,"enemies":"3 Sentries","floor":14,"turns":10},{"damage":0,"enemies":"Hexaghost","floor":16,"turns":11},{"damage":0,"enemies":"3 Byrds","floor":18,"turns":5},{"damage":19,"enemies":"Spheric Guardian","floor":20,"turns":7},{"damage":1,"enemies":"Snecko","floor":22,"turns":7},{"damage":35,"enemies":"Book of Stabbing","floor":24,"turns":5},{"damage":13,"enemies":"Colosseum Slavers","floor":29,"turns":6},{"damage":27,"enemies":"Slavers","floor":30,"turns":7},{"damage":6,"enemies":"3 Cultists","floor":31,"turns":3}],"seed_played":"2013000291920967101","potions_obtained":[{"floor":5,"key":"Fruit Juice"},{"floor":7,"key":"Swift Potion"},{"floor":14,"key":"PowerPotion"},{"floor":16,"key":"Strength Potion"}],"is_trial":false,"path_per_floor":["M","M","$","M","M","E","M","R","T","?","M","$","?","E","R","B",null,"M","?","M","$","M","R","E","R","T","?","R","?","E","M"],"character_chosen":"THE_SILENT","items_purchased":["Tingsha"],"campfire_rested":4,"item_purchase_floors":[21],"current_hp_per_floor":[62,61,61,61,44,17,10,30,30,30,30,30,30,14,34,34,60,60,60,41,41,40,60,25,25,25,25,45,32,5,0,0],"gold":89,"neow_bonus":"ONE_RARE_RELIC","is_daily":false,"chose_seed":false,"campfire_upgraded":1,"win_rate":0.0,"timestamp":1610768777,"path_taken":["M","M","$","M","M","E","M","R","T","?","M","$","?","E","R","BOSS","M","?","M","$","?","R","E","R","T","?","R","?","E","M"],"items_purchased_type":["Relic"],"build_version":"2020-12-22","purchased_purges":1,"victory":false,"max_hp_per_floor":[63,63,63,63,68,68,68,68,68,68,68,68,68,68,68,68,68,68,68,68,68,68,68,68,68,68,68,68,68,68,68,68],"card_choices":[{"not_picked":["Sucker Punch","Infinite Blades"],"picked":"Poisoned Stab","floor":1},{"not_picked":["Dagger Spray","Underhanded Strike"],"picked":"Footwork","floor":2},{"not_picked":["Well Laid Plans","Footwork"],"picked":"Deadly Poison","floor":4},{"not_picked":["Slice","Eviscerate","All Out Attack"],"picked":"SKIP","floor":5},{"not_picked":["Calculated Gamble","Tactician"],"picked":"Dagger Spray","floor":6},{"not_picked":["Dodge and Roll","Sucker Punch"],"picked":"Prepared","floor":7},{"not_picked":["Terror","Predator","Outmaneuver"],"picked":"SKIP","floor":11},{"not_picked":["Blade Dance","Tactician"],"picked":"Distraction","floor":14},{"not_picked":["Malaise","Storm of Steel"],"picked":"Wraith Form v2+1","floor":16},{"not_picked":["Prepared","Setup"],"picked":"Catalyst","floor":18},{"not_picked":["Cloak And Dagger","Flechettes","Prepared"],"picked":"SKIP","floor":20},{"not_picked":["Slice","Blade Dance"],"picked":"Deadly Poison+1","floor":22},{"not_picked":["A Thousand Cuts+1","Deadly Poison"],"picked":"Dodge and Roll+1","floor":24},{"not_picked":["Sucker Punch","Terror"],"picked":"Backflip+1","floor":30}],"player_experience":496205,"relics_obtained":[{"floor":6,"key":"InkBottle"},{"floor":9,"key":"HornCleat"},{"floor":14,"key":"Frozen Egg 2"},{"floor":24,"key":"Centennial Puzzle"},{"floor":26,"key":"MealTicket"},{"floor":30,"key":"MawBank"}],"event_choices":[{"damage_healed":0,"gold_gain":0,"player_choice":"Grow","damage_taken":0,"max_hp_gain":0,"max_hp_loss":0,"event_name":"Living Wall","floor":10,"gold_loss":0,"cards_upgraded":["Footwork"]},{"damage_healed":0,"gold_gain":0,"player_choice":"Ignored","damage_taken":0,"max_hp_gain":0,"max_hp_loss":0,"event_name":"Golden Wing","floor":13,"gold_loss":0},{"damage_healed":0,"gold_gain":0,"player_choice":"Got Potions","damage_taken":0,"max_hp_gain":0,"max_hp_loss":0,"event_name":"Lab","floor":19,"gold_loss":0},{"damage_healed":0,"gold_gain":0,"player_choice":"Simplicity","damage_taken":0,"max_hp_gain":0,"max_hp_loss":0,"event_name":"Back to Basics","floor":27,"gold_loss":0,"cards_upgraded":["Strike_G","Strike_G","Strike_G","Strike_G","Defend_G","Defend_G","Defend_G","Defend_G","Defend_G"]},{"damage_healed":0,"gold_gain":0,"player_choice":"Fight","damage_taken":0,"max_hp_gain":0,"max_hp_loss":0,"event_name":"Colosseum","floor":29,"gold_loss":0},{"damage_healed":0,"gold_gain":0,"player_choice":"Fled From Nobs","damage_taken":0,"max_hp_gain":0,"max_hp_loss":0,"event_name":"Colosseum","floor":29,"gold_loss":0}],"is_beta":false,"boss_relics":[{"not_picked":["Runic Dome","SacredBark"],"picked":"Sozu"}],"items_purged_floors":[3],"is_endless":false,"potions_floor_spawned":[5,7,14,16,18,30],"killed_by":"3 Cultists","ascension_level":10}}