{"host":"r5cycnjhcbwgkpkf","time":1610767155,"event":{"mods":["2.2 Compatiblity","AchievementEnabler","BaseMod","Bestiary","Better Match","Better Note","Better Skull","Better Third Choice","BetterRewards","Colored Map","Colored Powertips","Downfall","Infinite Spire","Minty Spire (QoL Compilation)","Spicy Shops","StSLib"],"gold_per_floor":[99,114,114,114,128,147,147,147,162,176,176,191,191,201,220,220,220],"floor_reached":16,"language":"ENG","playtime":1453,"items_purged":[],"score":96,"play_id":"f2eedeb2-6f81-4581-b32b-76ef7022e145","local_time":"20210115191915","is_ascension_mode":false,"campfire_choices":[{"data":"bronze:Goto","floor":1,"key":"SMITH"},{"floor":11,"key":"REST"},{"data":"bronze:FineTuning","floor":13,"key":"SMITH"}],"circlet_count":0,"master_deck":["bronze:Strike","bronze:Strike","bronze:Strike","bronze:Strike","bronze:Defend","bronze:Defend","bronze:Defend+1","bronze:Defend+1","bronze:Replicate+1","bronze:Goto+1","bronze:Return","downfall:Malfunctioning","bronze:Shell","bronze:ChosenStrike","bronze:OilSpill","bronze:FineTuning+1","bronze:Overheat","bronze:Frontload"],"relics":["bronze:BronzeCore","Lantern"],"acts_visited":["Exordium"],"potions_floor_usage":[16],"damage_taken":[{"damage":12,"enemies":"Small Slimes","floor":2,"turns":4},{"damage":5,"enemies":"2 Louse","floor":5,"turns":3},{"damage":0,"enemies":"Cultist","floor":6,"turns":3},{"damage":7,"enemies":"Blue Slaver","floor":9,"turns":4},{"damage":15,"enemies":"Exordium Wildlife","floor":10,"turns":6},{"damage":7,"enemies":"Exordium Thugs","floor":12,"turns":3},{"damage":7,"enemies":"3 Louse","floor":14,"turns":3},{"damage":16,"enemies":"Large Slime","floor":15,"turns":4},{"damage":40,"enemies":"DF_ARCHETYPE_STREAMLINE","floor":16,"turns":9}],"seed_played":"7923545072148780391","potions_obtained":[{"floor":6,"key":"bronze:FreeFunctionsPotion"},{"floor":9,"key":"SmokeBomb"},{"floor":12,"key":"AttackPotion"}],"is_trial":false,"path_per_floor":["R","M","?","?","M","M","T","?","M","M","R","M","R","M","M","B"],"character_chosen":"THE_AUTOMATON","items_purchased":[],"campfire_rested":1,"item_purchase_floors":[],"current_hp_per_floor":[77,65,65,69,64,64,64,64,57,42,65,58,58,51,35,0,0],"gold":220,"neow_bonus":"TEN_PERCENT_HP_BONUS","is_daily":false,"chose_seed":false,"campfire_upgraded":2,"win_rate":0.0,"timestamp":1610767155,"path_taken":["R","M","?","?","M","?","T","?","M","M","R","M","R","M","M","BOSS"],"items_purchased_type":[],"build_version":"2020-12-22","purchased_purges":0,"victory":false,"max_hp_per_floor":[77,77,77,77,77,77,77,77,77,77,77,77,77,77,77,77,77],"card_choices":[{"not_picked":["bronze:ForceShield","bronze:ChildClass"],"picked":"bronze:Return","floor":2},{"not_picked":["bronze:CutThrough","bronze:Turbo"],"picked":"bronze:Shell","floor":5},{"not_picked":["bronze:Boost","bronze:ForLoop"],"picked":"bronze:ChosenStrike","floor":6},{"not_picked":["bronze:Deprecate","bronze:Return"],"picked":"bronze:OilSpill","floor":9},{"not_picked":["bronze:Iterate","bronze:Turbo","bronze:Invalidate"],"picked":"SKIP","floor":10},{"not_picked":["bronze:Repulsor","bronze:Deprecate"],"picked":"bronze:FineTuning","floor":12},{"not_picked":["bronze:OilSpill","bronze:ThunderWave"],"picked":"bronze:Overheat","floor":14},{"not_picked":["bronze:Invalidate","bronze:Deprecate"],"picked":"bronze:Frontload","floor":15}],"player_experience":368883,"relics_obtained":[{"floor":7,"key":"Lantern"}],"event_choices":[{"damage_healed":4,"gold_gain":0,"player_choice":"LEAVE ","damage_taken":0,"relics_obtained":[],"max_hp_gain":0,"max_hp_loss":0,"event_name":"betterSkull:BetterSkull","floor":4,"gold_loss":0,"cards_upgraded":[]}],"is_beta":false,"boss_relics":[],"items_purged_floors":[],"is_endless":false,"potions_floor_spawned":[6,9,12,15],"killed_by":"DF_ARCHETYPE_STREAMLINE","ascension_level":0}}