{"host":"jm9833yuloeli2yd","time":1610763628,"event":{"mods":["BaseMod","Better Altar","Better Match","Better Note","Better Sensory Stone","Better Skull","Better Third Choice","Better Vampires","BetterRewards","Colored Map","Colored Powertips","DeckTracker","Minty Spire (QoL Compilation)","Permanent Neow","Quick Restart","Slay-I","StSLib","SuperFastMode"],"gold_per_floor":[119,139,153,169,186,186,186,186,212,241,256,268,301,321,321,398,398,408,425,435,485,51,80,80,80,80,114,131,159,172,197,197,276,276,293,1292,1071,1084,881,914,914,943,1011,1011,1011,1028,1028,1040,1040,1040,1040,1040,1040,378,409,409],"floor_reached":57,"language":"ENG","playtime":5355,"items_purged":["Strike_B","Normality","Normality","Strike_B"],"score":3008,"play_id":"cb6719b7-bb85-43bd-a93c-3ee6751b97df","local_time":"20210115212028","is_ascension_mode":true,"campfire_choices":[{"data":"Beam Cell","floor":6.0,"key":"SMITH"},{"data":"Go for the Eyes","floor":8.0,"key":"SMITH"},{"data":"Zap","floor":15.0,"key":"SMITH"},{"data":"Seek","floor":25,"key":"SMITH"},{"data":"Biased Cognition","floor":32,"key":"SMITH"},{"floor":41,"key":"RECALL"}],"circlet_count":0,"master_deck":["AscendersBane","Strike_B","Defend_B","Defend_B","Defend_B","Defend_B","Zap+1","Dualcast","Go for the Eyes+1","Seek+1","Cold Snap","Cold Snap","BootSequence","Beam Cell+1","Chill","Rainbow","Compile Driver","Biased Cognition+1","Coolheaded","Hologram","Go for the Eyes","Chill","Glacier","Echo Form","Gash","Capacitor","Electrodynamics","Gash","FTL","Undo","Static Discharge","Go for the Eyes+1","Defragment","Defragment+1"],"relics":["Cracked Core","Kunai","OrangePellets","Lantern","DataDisk","Blood Vial","Coffee Dripper","Calipers","Thread and Needle","Ornamental Fan","Pantograph","Matryoshka","Singing Bowl","Fusion Hammer","Prayer Wheel","Eternal Feather","Bronze Scales","Bottled Tornado","Lee\u0027s Waffle","Boot"],"acts_visited":["Exordium","TheCity","TheBeyond","TheEnding"],"potions_floor_usage":[23,31,50,55],"damage_taken":[{"damage":0.0,"enemies":"Cultist","floor":1.0,"turns":3.0},{"damage":0.0,"enemies":"Jaw Worm","floor":2.0,"turns":3.0},{"damage":0.0,"enemies":"Small Slimes","floor":3.0,"turns":3.0},{"damage":0.0,"enemies":"2 Fungi Beasts","floor":4.0,"turns":3.0},{"damage":4.0,"enemies":"Large Slime","floor":5.0,"turns":8.0},{"damage":41.0,"enemies":"Gremlin Nob","floor":10.0,"turns":5.0},{"damage":0.0,"enemies":"Looter","floor":11.0,"turns":2.0},{"damage":0.0,"enemies":"2 Fungi Beasts","floor":12.0,"turns":3.0},{"damage":12.0,"enemies":"Lagavulin","floor":13.0,"turns":6.0},{"damage":0.0,"enemies":"Exordium Thugs","floor":14.0,"turns":4.0},{"damage":1.0,"enemies":"Hexaghost","floor":16.0,"turns":12.0},{"damage":0.0,"enemies":"Spheric Guardian","floor":18.0,"turns":4.0},{"damage":0.0,"enemies":"3 Byrds","floor":19.0,"turns":4.0},{"damage":0.0,"enemies":"Snake Plant","floor":20.0,"turns":4.0},{"damage":8,"enemies":"Slavers","floor":23,"turns":10},{"damage":0,"enemies":"Gremlin Leader","floor":27,"turns":18},{"damage":0,"enemies":"3 Cultists","floor":28,"turns":6},{"damage":7,"enemies":"Book of Stabbing","floor":29,"turns":6},{"damage":0,"enemies":"Centurion and Healer","floor":30,"turns":7},{"damage":22,"enemies":"Gremlin Leader","floor":31,"turns":10},{"damage":0,"enemies":"Collector","floor":33,"turns":17},{"damage":0,"enemies":"Orb Walker","floor":35,"turns":5},{"damage":0,"enemies":"3 Shapes","floor":38,"turns":4},{"damage":0,"enemies":"Giant Head","floor":40,"turns":9},{"damage":0,"enemies":"Nemesis","floor":42,"turns":7},{"damage":0,"enemies":"Transient","floor":46,"turns":6},{"damage":0,"enemies":"3 Darklings","floor":48,"turns":6},{"damage":50,"enemies":"Time Eater","floor":50,"turns":12},{"damage":25,"enemies":"Awakened One","floor":51,"turns":19},{"damage":28,"enemies":"Shield and Spear","floor":55,"turns":6},{"damage":84,"enemies":"The Heart","floor":56,"turns":13}],"seed_played":"6221624862339208604","potions_obtained":[{"floor":2.0,"key":"FairyPotion"},{"floor":3.0,"key":"Fruit Juice"},{"floor":10.0,"key":"SteroidPotion"},{"floor":23,"key":"GamblersBrew"},{"floor":33,"key":"EssenceOfSteel"},{"floor":40,"key":"PotionOfCapacity"},{"floor":42,"key":"Fruit Juice"}],"is_trial":false,"path_per_floor":["M","M","M","M","M","R","?","R","T","E","M","M","E","M","R","B",null,"M","M","M","?","$","E","?","R","T","E","M","E","M","E","R","B",null,"M","?","$","M","$","E","R","E","T","R","?","M","?","M","R","B","B",null,"R","$","E","B",null],"character_chosen":"DEFECT","items_purchased":["Kunai","OrangePellets","Go for the Eyes","Seek","Calipers","Chill","FTL","Undo","Static Discharge","Bottled Tornado","Ancient Potion","Lee\u0027s Waffle"],"campfire_rested":0,"item_purchase_floors":[0,0,0,0,22,22,37,37,39,54,54,54],"current_hp_per_floor":[57,57,57,57,58,58,58,58,58,17,17,17,5,7,7,8,59,61,63,65,65,65,59,40,40,40,42,44,39,41,23,23,50,71,73,73,73,77,77,81,81,84,84,84,84,86,86,86,86,41,43,79,91,98,72,15],"gold":409,"neow_bonus":"","is_daily":false,"chose_seed":false,"campfire_upgraded":5,"win_rate":0.0,"timestamp":1610763628,"path_taken":["M","M","?","M","M","R","?","R","T","E","?","M","E","M","R","BOSS","M","M","M","?","$","E","?","R","T","E","M","E","M","E","R","BOSS","M","?","$","M","$","E","R","E","T","R","?","M","?","M","R","BOSS","BOSS","R","$","E","BOSS"],"items_purchased_type":["Relic","Relic","Card","Card","Relic","Card","Card","Card","Card","Relic","Potion","Relic"],"build_version":"2020-12-22","purchased_purges":4,"victory":true,"max_hp_per_floor":[71,71,71,71,76,76,76,76,76,76,76,76,76,76,76,76,76,76,76,76,76,76,76,76,76,76,76,76,76,76,78,78,78,78,78,78,78,80,80,82,82,84,84,84,84,86,86,86,86,91,91,91,91,98,100,100],"card_choices":[{"not_picked":["Redo","Coolheaded"],"picked":"Cold Snap","floor":1.0},{"not_picked":["Redo","Gash"],"picked":"Cold Snap","floor":2.0},{"not_picked":["Coolheaded","Streamline","Conserve Battery"],"picked":"SKIP","floor":3.0},{"not_picked":["Sunder","Barrage"],"picked":"BootSequence","floor":4.0},{"not_picked":["Double Energy","Hello World"],"picked":"Beam Cell","floor":5.0},{"not_picked":["Redo","Barrage","Blizzard"],"picked":"SKIP","floor":10.0},{"not_picked":["Barrage","Skim"],"picked":"Chill","floor":11.0},{"not_picked":["Sunder","Leap"],"picked":"Rainbow","floor":12.0},{"not_picked":["Streamline","Beam Cell"],"picked":"Compile Driver","floor":13.0},{"not_picked":["Streamline","Melter"],"picked":"Cold Snap","floor":14.0},{"not_picked":["Amplify","Buffer"],"picked":"Biased Cognition","floor":16.0},{"not_picked":["Stack+1","Sweeping Beam"],"picked":"Coolheaded","floor":18.0},{"not_picked":["Barrage","Turbo"],"picked":"Hologram","floor":19.0},{"not_picked":["Coolheaded","Hologram"],"picked":"Go for the Eyes","floor":20.0},{"not_picked":["Coolheaded","Steam Power"],"picked":"Glacier","floor":23},{"not_picked":["Go for the Eyes+1","Multi-Cast"],"picked":"Gash","floor":27},{"not_picked":["Rebound","Stack"],"picked":"Capacitor","floor":28},{"not_picked":["Leap","Cold Snap","Gash"],"picked":"SKIP","floor":29},{"not_picked":["Gash","Undo","Redo"],"picked":"SKIP","floor":30},{"not_picked":["Lockon","Reprogram","Steam"],"picked":"Singing Bowl","floor":31},{"not_picked":["Echo Form","Multi-Cast"],"picked":"Electrodynamics","floor":33},{"not_picked":["Compile Driver","Chaos"],"picked":"Gash","floor":35},{"not_picked":["Rebound","Doom and Gloom","Compile Driver+1"],"picked":"Singing Bowl","floor":38},{"not_picked":["Melter","Beam Cell","Darkness+1"],"picked":"Singing Bowl","floor":40},{"not_picked":["Storm+1","Gash","Hello World"],"picked":"Singing Bowl","floor":42},{"not_picked":["Cold Snap","Genetic Algorithm"],"picked":"Go for the Eyes+1","floor":46},{"not_picked":["Rebound","Coolheaded","Cold Snap"],"picked":"Singing Bowl","floor":46},{"not_picked":["BootSequence","Sweeping Beam+1"],"picked":"Defragment","floor":48},{"not_picked":["Go for the Eyes+1","Streamline"],"picked":"Defragment+1","floor":48},{"not_picked":["Steam","Undo","Rebound"],"picked":"Singing Bowl","floor":55}],"player_experience":1315095,"relics_obtained":[{"floor":9.0,"key":"Lantern"},{"floor":10.0,"key":"DataDisk"},{"floor":13.0,"key":"Blood Vial"},{"floor":23,"key":"Thread and Needle"},{"floor":26,"key":"Ornamental Fan"},{"floor":27,"key":"Pantograph"},{"floor":29,"key":"Matryoshka"},{"floor":31,"key":"Singing Bowl"},{"floor":40,"key":"Prayer Wheel"},{"floor":42,"key":"Eternal Feather"},{"floor":43,"key":"Bronze Scales"},{"floor":55,"key":"Boot"}],"event_choices":[{"cards_removed":["Strike_B"],"damage_healed":0.0,"max_hp_gain":0.0,"max_hp_loss":0.0,"gold_gain":0.0,"event_name":"Purifier","player_choice":"Purged","floor":7.0,"gold_loss":0.0,"damage_taken":0.0},{"damage_healed":0.0,"max_hp_gain":0.0,"max_hp_loss":0.0,"gold_gain":50.0,"event_name":"betterThird:BetterNest","player_choice":"Steal","floor":21.0,"gold_loss":0.0,"damage_taken":0.0},{"damage_healed":0,"gold_gain":2,"player_choice":"2","damage_taken":0,"max_hp_gain":0,"max_hp_loss":19,"event_name":"betterStone:BetterStone","floor":24,"gold_loss":0},{"damage_healed":0,"gold_gain":999,"player_choice":"Gold","damage_taken":0,"max_hp_gain":0,"max_hp_loss":0,"event_name":"MindBloom","floor":36,"gold_loss":0,"cards_obtained":["Normality","Normality"]},{"damage_healed":0,"gold_gain":0,"player_choice":"Ignored","damage_taken":0,"max_hp_gain":0,"max_hp_loss":0,"event_name":"Tomb of Lord Red Mask","floor":45,"gold_loss":0},{"cards_removed":["Cold Snap"],"damage_healed":0,"gold_gain":0,"player_choice":"Removed Attack","damage_taken":0,"max_hp_gain":0,"max_hp_loss":0,"event_name":"Falling","floor":47,"gold_loss":0}],"is_beta":false,"boss_relics":[{"not_picked":["Cursed Key","Empty Cage"],"picked":"Coffee Dripper"},{"not_picked":["Sozu","Runic Pyramid"],"picked":"Fusion Hammer"}],"items_purged_floors":[22,37,39,54],"is_endless":false,"potions_floor_spawned":[2,3,10,12,13,23,28,33,35,40,42,48],"ascension_level":20}}