{"host":"zkr2i7yla699av24","time":1610836142,"event":{"mods":["100% Spire Juice","2.2 Compatiblity","AchievementEnabler","BaseMod","Better Altar","Better Sensory Stone","Better Skull","ChefMod","Downfall","Hermit","Marisa????????","Minty Spire (QoL Compilation)","MostiFishMod","Permanent Neow","Prisma Mod","READ ME - Guardian Mod","READ ME - Snecko Mod","Robot Space Explorer","StSLib","The Bug Knight","The Construct","The Cursed","The Disciple","The Hierophant","The Jungle","The Mystic","The Servant 0.9.4","TheFirefly"],"gold_per_floor":[115,135,149,166,13,13,43,43,43,55,75,122,122,147,147,249,249,262,281,51,51,79,112,143,143,168,198,198,217,58,77,77,206,206,219,271,284,35,87,87,115,146,173,184,184,197,197,209,209,209,209,209,34,69,69],"floor_reached":56,"language":"ENG","playtime":9301,"items_purged":["PrismaMod:IllyaCommonAttack","PrismaMod:IllyaCommonDefend","Parasite"],"score":1652,"play_id":"843740d9-b18c-4cce-a590-5568eeda34d7","local_time":"20210116232902","is_ascension_mode":false,"campfire_choices":[{"data":"PrismaMod:IllyaCarnivalPrismaAstolfo","floor":6.0,"key":"SMITH"},{"data":"PrismaMod:IllyaUncommonDefend","floor":8.0,"key":"SMITH"},{"data":"PrismaMod:IllyaUncommonDefend","floor":13.0,"key":"SMITH"},{"data":"PrismaMod:IllyaUberPoisonChannel","floor":15.0,"key":"SMITH"},{"data":"PrismaMod:IllyaSaphire","floor":25.0,"key":"SMITH"},{"data":"PrismaMod:IllyaSaphire","floor":32.0,"key":"SMITH"},{"data":"PrismaMod:IllyaCarnivalOrbs","floor":40.0,"key":"SMITH"},{"data":"PrismaMod:IllyaBride","floor":45.0,"key":"SMITH"},{"data":"PrismaMod:IllyaUberAttackChannel","floor":47,"key":"SMITH"},{"floor":49,"key":"RECALL"},{"data":"PrismaMod:IllyaAssassinRevenge","floor":52,"key":"SMITH"}],"circlet_count":0,"master_deck":["PrismaMod:IllyaCommonAttack","PrismaMod:IllyaCommonDefend","PrismaMod:IllyaCommonAttack","PrismaMod:IllyaCommonDefend","PrismaMod:IllyaCommonAttack","PrismaMod:IllyaCommonDefend","PrismaMod:IllyaCommonDefend","PrismaMod:IllyaUncommonAttack","PrismaMod:IllyaUncommonDefend+1","PrismaMod:IllyaBerserCAR","PrismaMod:IllyaUncommonDefend+1","PrismaMod:IllyaAssassinRevenge+1","PrismaMod:IllyaCommandSeal","PrismaMod:IllyaCarnivalPrismaAstolfo+1","PrismaMod:IllyaGrail","PrismaMod:IllyaUberPoisonChannel+1","PrismaMod:IllyaCommandSeal","PrismaMod:IllyaGrail","PrismaMod:IllyaCommandSeal","PrismaMod:IllyaCarnivalOrbs+1","PrismaMod:IllyaUberChannel+1","PrismaMod:IllyaPoisonTippedWeapons+1","PrismaMod:IllyaInstallCaster","PrismaMod:IllyaCommandSeal","PrismaMod:IllyaSaphire+1","PrismaMod:IllyaSaphire+1","Finesse","PrismaMod:IllyaDevil","PrismaMod:IllyaUberAttackChannel+1","PrismaMod:IllyaDevil+1","PrismaMod:IllyaBride+1","PrismaMod:IllyaUpgradeOrbs+1"],"relics":["PrismaMod:PrismaRuby","DaveBox","EGODaCapo","SynthV:TestCard","FossilizedHelix","Thread and Needle","WingedGreaves","ChiXiaoBlade","Bag of Marbles","Red Mask","Sundial","HollowMod:LifeEnderRelic","Vajra","construct:ClawGrip","CatCart","Happy Flower","Girya","Bag of Preparation","Lizard Tail","SynthV:C4","Blood Vial"],"acts_visited":["Exordium","TheCity","TheBeyond","TheEnding"],"potions_floor_usage":[50,55,55,55],"damage_taken":[{"damage":0.0,"enemies":"Cultist","floor":1.0,"turns":4.0},{"damage":0.0,"enemies":"2 Louse","floor":2.0,"turns":3.0},{"damage":0.0,"enemies":"Small Slimes","floor":3.0,"turns":5.0},{"damage":0.0,"enemies":"2 Fungi Beasts","floor":4.0,"turns":4.0},{"damage":14.0,"enemies":"3 Sentries","floor":7.0,"turns":8.0},{"damage":0.0,"enemies":"Large Slime","floor":10.0,"turns":8.0},{"damage":0.0,"enemies":"Red Slaver","floor":11.0,"turns":4.0},{"damage":0.0,"enemies":"Blue Slaver","floor":12.0,"turns":3.0},{"damage":0.0,"enemies":"Lagavulin","floor":14.0,"turns":7.0},{"damage":0.0,"enemies":"Slime Boss","floor":16.0,"turns":12.0},{"damage":0.0,"enemies":"2 Thieves","floor":18.0,"turns":4.0},{"damage":0.0,"enemies":"Centurion and Healer","floor":19.0,"turns":6.0},{"damage":0.0,"enemies":"Masked Bandits","floor":22.0,"turns":4.0},{"damage":0.0,"enemies":"Book of Stabbing","floor":23.0,"turns":7.0},{"damage":0.0,"enemies":"HollowMod:Nosk","floor":24.0,"turns":6.0},{"damage":0.0,"enemies":"Book of Stabbing","floor":27.0,"turns":5.0},{"damage":0.0,"enemies":"Cultist and Chosen","floor":29.0,"turns":5.0},{"damage":0.0,"enemies":"Snecko","floor":31.0,"turns":4.0},{"damage":0.0,"enemies":"Automaton","floor":33.0,"turns":11.0},{"damage":0.0,"enemies":"3 Darklings","floor":35.0,"turns":5.0},{"damage":0.0,"enemies":"Orin","floor":36.0,"turns":8.0},{"damage":0.0,"enemies":"3 Shapes","floor":37.0,"turns":4.0},{"damage":0.0,"enemies":"2 Orb Walkers","floor":39.0,"turns":4.0},{"damage":0.0,"enemies":"HollowMod:StalkingDevout","floor":41.0,"turns":5.0},{"damage":0.0,"enemies":"Reptomancer","floor":42.0,"turns":5.0},{"damage":0.0,"enemies":"Jaw Worm Horde","floor":44.0,"turns":2.0},{"damage":0,"enemies":"Writhing Mass","floor":46,"turns":4},{"damage":0,"enemies":"4 Shapes","floor":48,"turns":3},{"damage":0,"enemies":"Time Eater","floor":50,"turns":5},{"damage":0,"enemies":"Shield and Spear","floor":54,"turns":4},{"damage":3,"enemies":"The Heart","floor":55,"turns":7}],"seed_played":"-6148442266347014821","potions_obtained":[{"floor":3.0,"key":"Strength Potion"},{"floor":7.0,"key":"Ancient Potion"},{"floor":10.0,"key":"Strength Potion"},{"floor":14.0,"key":"Swift Potion"},{"floor":19.0,"key":"EssenceOfSteel"},{"floor":28.0,"key":"Fruit Juice"},{"floor":28.0,"key":"Ancient Potion"},{"floor":29.0,"key":"ColorlessPotion"},{"floor":35.0,"key":"Block Potion"},{"floor":41.0,"key":"DistilledChaos"},{"floor":42.0,"key":"PowerPotion"}],"is_trial":false,"path_per_floor":["M","M","M","M","$","R","E","R","T","M","M","M","R","E","R","B",null,"M","M","$","?","?","E","E","R","T","E","?","M","$","M","R","B",null,"M","?","M","$","?","R","E","E","T","M","R","M","R","M","R","B",null,"R","$","E","B",null],"character_chosen":"ILLYA","items_purchased":["PrismaMod:IllyaCarnivalPrismaAstolfo","PrismaMod:IllyaInstallCaster","Bag of Marbles","Finesse","Happy Flower","Strength Potion"],"campfire_rested":0,"item_purchase_floors":[5,20,20,30,38,53],"current_hp_per_floor":[75,75,75,75,75,75,64,64,64,67,70,75,75,75,75,75,75,75,75,75,75,78,81,84,84,84,87,92,92,92,92,92,92,92,95,95,95,95,95,95,95,95,95,95,95,95,95,98,98,98,98,98,95,95,98],"gold":69,"neow_bonus":"REMOVE_CARD","is_daily":false,"chose_seed":false,"campfire_upgraded":10,"win_rate":0.0,"timestamp":1610836142,"path_taken":["M","?","M","M","$","R","E","R","T","M","M","M","R","E","R","BOSS","M","M","$","?","?","E","E","R","T","E","?","?","$","M","R","BOSS","M","?","M","$","?","R","E","E","T","M","R","M","R","M","R","BOSS","R","$","E","BOSS"],"items_purchased_type":["Card","Card","Relic","Card","Relic","Potion"],"build_version":"2020-12-22","purchased_purges":3,"victory":true,"max_hp_per_floor":[75,75,75,75,75,75,75,75,75,75,75,75,75,75,75,75,75,75,75,75,75,78,81,84,84,84,87,92,92,92,92,92,92,92,95,95,95,95,95,95,95,95,95,95,95,95,95,98,98,98,98,98,95,95,98],"card_choices":[{"not_picked":["PrismaMod:IllyaRubysPotion","PrismaMod:IllyaUncommonAttack"],"picked":"PrismaMod:IllyaBerserCAR","floor":1.0},{"not_picked":["PrismaMod:IllyaHassanGift","PrismaMod:IllyaBride","PrismaMod:IllyaDetonatingBlow","PrismaMod:IllyaBoysLove"],"picked":"PrismaMod:IllyaUncommonDefend","floor":2.0},{"not_picked":["PrismaMod:IllyaUpgradeOrbs","PrismaMod:IllyaUberPoisonBlock","PrismaMod:IllyaCommonEvoke","PrismaMod:IllyaReinForce"],"picked":"PrismaMod:IllyaAssassinRevenge","floor":3.0},{"not_picked":["PrismaMod:IllyaDualEvoke","PrismaMod:IllyaMaid","PrismaMod:IllyaEvokeAll","PrismaMod:IllyaAlice"],"picked":"PrismaMod:IllyaCommandSeal","floor":4.0},{"not_picked":["PrismaMod:IllyaStunPoison","PrismaMod:IllyaCheapChannelPoison","PrismaMod:IllyaReinForce","PrismaMod:IllyaAOECommonAttack"],"picked":"PrismaMod:IllyaGrail","floor":7.0},{"not_picked":["PrismaMod:IllyaUncommonAttack","PrismaMod:IllyaUncommonAOEAttack","PrismaMod:IllyaAlice","PrismaMod:IllyaAOECommonAttack"],"picked":"PrismaMod:IllyaUberPoisonChannel","floor":10.0},{"not_picked":["PrismaMod:IllyaRapidFire","PrismaMod:IllyaBlindPoisonToss","PrismaMod:IllyaCheapDefend","PrismaMod:IllyaUncommonDefend"],"picked":"PrismaMod:IllyaCommandSeal","floor":11.0},{"not_picked":["PrismaMod:IllyaPartialInstallAssassin","PrismaMod:IllyaGun","PrismaMod:IllyaUncommonEvoke","PrismaMod:IllyaStunPoison"],"picked":"PrismaMod:IllyaGrail","floor":12.0},{"not_picked":["PrismaMod:IllyaReinForce","PrismaMod:IllyaCommonEvoke","PrismaMod:IllyaInstallBerserker","PrismaMod:IllyaRubysPotion"],"picked":"PrismaMod:IllyaCommandSeal","floor":14.0},{"not_picked":["PrismaMod:IllyaUberDefendChannel","PrismaMod:IllyaUberPoisonChannel","PrismaMod:IllyaInstallArcher","PrismaMod:IllyaInstallSaber"],"picked":"PrismaMod:IllyaCarnivalOrbs","floor":16.0},{"not_picked":["PrismaMod:IllyaPartialInstallAssassin","PrismaMod:IllyaRubysPotion","PrismaMod:IllyaCheapDefend+1","PrismaMod:IllyaCheapAttack+1"],"picked":"PrismaMod:IllyaUberChannel+1","floor":18.0},{"not_picked":["PrismaMod:IllyaBerserCAR","PrismaMod:IllyaBlindPoisonToss","PrismaMod:IllyaCheapAttack","PrismaMod:IllyaCheapChannelAttack"],"picked":"PrismaMod:IllyaPoisonTippedWeapons+1","floor":19.0},{"not_picked":["PrismaMod:IllyaCheapChannelAttack","PrismaMod:IllyaBerserCAR","PrismaMod:IllyaHassanGift","PrismaMod:IllyaCarnivalAttack"],"picked":"PrismaMod:IllyaSaphire","floor":22.0},{"not_picked":["PrismaMod:IllyaEvokeAll","PrismaMod:IllyaUncommonAOEAttack","PrismaMod:IllyaCheapChannelPoison","PrismaMod:IllyaAssassinRevenge+1","PrismaMod:IllyaAOECommonAttack+1"],"picked":"SKIP","floor":23.0},{"not_picked":["PrismaMod:IllyaCommonEvoke+1","PrismaMod:IllyaBerserCAR","PrismaMod:IllyaFriendMaker","PrismaMod:IllyaUberAttackChannel","PrismaMod:IllyaRubysPotion"],"picked":"SKIP","floor":24.0},{"not_picked":["PrismaMod:IllyaUberChannel+1","PrismaMod:IllyaMinorRapidFire+1","PrismaMod:IllyaTestament","PrismaMod:IllyaUncommonDefend"],"picked":"PrismaMod:IllyaSaphire","floor":27.0},{"not_picked":["PrismaMod:IllyaPoisonBomb","PrismaMod:IllyaPoisoningPhantasm+1","PrismaMod:IllyaAOECommonAttack+1","PrismaMod:IllyaMinorRapidFire+1","PrismaMod:IllyaDualEvoke+1"],"picked":"SKIP","floor":29.0},{"not_picked":["PrismaMod:IllyaBoysLove","PrismaMod:IllyaCheapChannelAttack","PrismaMod:IllyaAOECommonAttack","PrismaMod:IllyaRussianRoulette"],"picked":"PrismaMod:IllyaDevil","floor":31.0},{"not_picked":["PrismaMod:IllyaUberDefendChannel","PrismaMod:IllyaInstallLancer","PrismaMod:IllyaInstallRuler","PrismaMod:IllyaCarnivalAttack"],"picked":"PrismaMod:IllyaUberAttackChannel","floor":33.0},{"not_picked":["PrismaMod:IllyaBlindPoisonToss+1","PrismaMod:IllyaUncommonDefend+1","PrismaMod:IllyaGrailKun","PrismaMod:IllyaUpgradeOrbs+1","PrismaMod:IllyaCommonEvoke+1"],"picked":"SKIP","floor":35.0},{"not_picked":["PrismaMod:IllyaCheapChannelAttack+1","PrismaMod:IllyaRussianRoulette+1","PrismaMod:IllyaUncommonAOEAttack+1","PrismaMod:IllyaUncommonAttack","PrismaMod:IllyaCheapAttack+1"],"picked":"SKIP","floor":37.0},{"not_picked":["PrismaMod:IllyaUberPoisonBlock+1","PrismaMod:IllyaMinorZwei+1","PrismaMod:IllyaCheapChannelAttack","PrismaMod:IllyaMinorReinForce+1"],"picked":"PrismaMod:IllyaDevil+1","floor":39.0},{"not_picked":["PrismaMod:IllyaBlindPoisonToss","PrismaMod:IllyaGun","PrismaMod:IllyaUncommonAOEAttack","PrismaMod:IllyaUncommonDefend+1"],"picked":"PrismaMod:IllyaBride","floor":41.0},{"not_picked":["PrismaMod:IllyaGun","PrismaMod:IllyaGrailKun+1","PrismaMod:IllyaInstallRuler","PrismaMod:IllyaAOECommonAttack","PrismaMod:IllyaAssassinRevenge+1"],"picked":"SKIP","floor":42.0},{"not_picked":["PrismaMod:IllyaRussianRoulette","PrismaMod:IllyaBoysLove","PrismaMod:IllyaMinorReinForce","PrismaMod:IllyaBlindPoisonToss+1","PrismaMod:IllyaUpgradeOrbs+1"],"picked":"SKIP","floor":44.0},{"not_picked":["PrismaMod:IllyaRussianRoulette","PrismaMod:IllyaBoysLove","PrismaMod:IllyaMinorReinForce","PrismaMod:IllyaBlindPoisonToss+1"],"picked":"PrismaMod:IllyaUpgradeOrbs+1","floor":44.0},{"not_picked":["PrismaMod:IllyaStunPoison+1","PrismaMod:IllyaUpgradeOrbs","PrismaMod:IllyaCheapChannelDefend+1","PrismaMod:IllyaCommonEvoke","PrismaMod:IllyaUncommonEvoke"],"picked":"SKIP","floor":46},{"not_picked":["PrismaMod:IllyaBerserCAR+1","PrismaMod:IllyaPoisonBomb+1","PrismaMod:IllyaPoisonBlock+1","PrismaMod:IllyaCheapChannelAttack+1","PrismaMod:IllyaMinorReinForce+1"],"picked":"SKIP","floor":48},{"not_picked":["PrismaMod:IllyaDualEvoke","PrismaMod:IllyaPoisonBlock","PrismaMod:IllyaRapidFire","PrismaMod:IllyaFeed+1","PrismaMod:IllyaUberDefendChannel"],"picked":"SKIP","floor":54}],"player_experience":130075,"relics_obtained":[{"floor":1.0,"key":"SynthV:TestCard"},{"floor":7.0,"key":"FossilizedHelix"},{"floor":9.0,"key":"Thread and Needle"},{"floor":14.0,"key":"WingedGreaves"},{"floor":22.0,"key":"Red Mask"},{"floor":23.0,"key":"Sundial"},{"floor":24.0,"key":"HollowMod:LifeEnderRelic"},{"floor":27.0,"key":"Vajra"},{"floor":36.0,"key":"CatCart"},{"floor":39.0,"key":"Girya"},{"floor":41.0,"key":"Bag of Preparation"},{"floor":42.0,"key":"Lizard Tail"},{"floor":43.0,"key":"SynthV:C4"},{"floor":54,"key":"Blood Vial"}],"event_choices":[{"damage_healed":0.0,"max_hp_gain":0.0,"max_hp_loss":0.0,"gold_gain":0.0,"event_name":"The Library","player_choice":"Read","floor":21.0,"gold_loss":0.0,"damage_taken":0.0,"cards_obtained":["PrismaMod:IllyaCommandSeal"]},{"damage_healed":0.0,"max_hp_gain":0.0,"max_hp_loss":0.0,"gold_gain":0.0,"event_name":"Masked Bandits","player_choice":"Fought Bandits","floor":22.0,"gold_loss":0.0,"damage_taken":0.0},{"damage_healed":0.0,"max_hp_gain":0.0,"max_hp_loss":0.0,"gold_gain":0.0,"event_name":"Lab","player_choice":"Got Potions","floor":28.0,"gold_loss":0.0,"damage_taken":0.0},{"damage_healed":0.0,"max_hp_gain":0.0,"max_hp_loss":0.0,"gold_gain":0.0,"event_name":"OrinTheCat","player_choice":"Fight","floor":36.0,"gold_loss":0.0,"damage_taken":0.0},{"damage_healed":0.0,"max_hp_gain":0.0,"max_hp_loss":0.0,"gold_gain":0.0,"event_name":"Mysterious Sphere","player_choice":"Fight","floor":39.0,"gold_loss":0.0,"damage_taken":0.0}],"is_beta":false,"boss_relics":[{"not_picked":["BloodWine","Empty Cage"],"picked":"ChiXiaoBlade"},{"not_picked":["RhineFirstAidKit","SynthV:MejaisSoulstealer"],"picked":"construct:ClawGrip"}],"items_purged_floors":[30,38,53],"is_endless":false,"potions_floor_spawned":[3,7,10,12,14,19,27,29,33,35,41,42,46,48],"ascension_level":0}}