{"host":"elm3edcks2gm0y45","time":1610841216,"event":{"mods":["AchievementEnabler","BaseMod","BetterRewards","Card Forge","Colored Map","Custom Start","GungeonMod","Hero for Fun","Infinite Spire","Marisa£¨Ùöéë¡¡Øª×âÞÞ£©","Minty Spire (QoL Compilation)","Quick Restart","StSLib","Td1madao Mod","The Cursed","The Exalted","The Hierophant","The Marked","The Runesmith"],"gold_per_floor":[116,128,93,93,106,133,149,165,165,178,208,158,158,158,158,256,256,274,293,293,293,392,392,408,408,408,408,426,436,447,458,470,470,470,565,565,575,627,638,638,687,687,687,712,712,729,17,17,36,136,136,136],"floor_reached":53,"language":"KOR","playtime":2198,"items_purged":["Strike_C","Fire Up+1"],"score":1151,"play_id":"cbc5ea79-95b7-4d9d-b777-8873fda8908f","local_time":"20210117085336","is_ascension_mode":true,"campfire_choices":[{"data":"Here Defend Chip+1","floor":13.0,"key":"SMITH"},{"floor":15.0,"key":"REST"},{"data":"Revenge","floor":27.0,"key":"SMITH"},{"data":"Overclocking","floor":33.0,"key":"SMITH"},{"data":"Here Defend Chip+3","floor":42.0,"key":"SMITH"},{"data":"Memory Alloy","floor":48.0,"key":"SMITH"},{"data":"Here Defend Chip+4","floor":51,"key":"SMITH"}],"circlet_count":0,"master_deck":["Knight Kick+1","Judgment+1","Here Defend Chip+5","Floating Swing Kick+1","Floating Swing Kick+1","Floating Swing Kick+1","Revenge+1","Overclocking+1","Bugfix+1","Memory Alloy+1","Here Defend Chip+4","Retrieval Recycling","infinitespire:Fortify"],"relics":["Apod","Hammer of Thor","Seething Fire","Anvil of the Gods","ClockworkSouvenir","DemoMod:MonsterBlood","InkBottle","Bromod:ArcaneGuardian","infinitespire:Beetle Shell","infinitespire:Lucky Rock","Philosopher\u0027s Stone","Enchiridion","Mummified Hand","PreservedInsect","DemoMod:RatBoots","DemoMod:ResourcefulSack","DemoMod:PartiallyEatenCheese","DemoMod:RiddleOfLead","Velvet Choker","CatCart","DemoMod:GreenGuonStone","DemoMod:GlassGuonStoneRelic","DemoMod:NanoMachines","DemoMod:Armor","DemoMod:BlueGuonStone","DemoMod:AgedBell","Bromod:ArcaneNullifier","TheAbacus","DemoMod:RingOfEthereal"],"acts_visited":["Exordium","TheCity","DemoMod:Maze","TheBeyond"],"potions_floor_usage":[],"damage_taken":[{"damage":0.0,"enemies":"Cultist","floor":1.0,"turns":1.0},{"damage":0.0,"enemies":"Jaw Worm","floor":2.0,"turns":1.0},{"damage":0.0,"enemies":"Small Slimes","floor":5.0,"turns":2.0},{"damage":19.0,"enemies":"3 Sentries","floor":6.0,"turns":5.0},{"damage":0.0,"enemies":"2 Fungi Beasts","floor":7.0,"turns":3.0},{"damage":8.0,"enemies":"Blue Slaver","floor":8.0,"turns":2.0},{"damage":0.0,"enemies":"Looter","floor":10.0,"turns":1.0},{"damage":0.0,"enemies":"Gremlin Nob","floor":11.0,"turns":2.0},{"damage":0.0,"enemies":"Slime Boss","floor":16.0,"turns":4.0},{"damage":0.0,"enemies":"3 Byrds","floor":18.0,"turns":2.0},{"damage":0.0,"enemies":"Chosen","floor":19.0,"turns":3.0},{"damage":0.0,"enemies":"3 Cultists","floor":24.0,"turns":2.0},{"damage":0.0,"enemies":"DemoMod:2_Veteran_bullet_kins_and_red_shotgun_kin","floor":28.0,"turns":1.0},{"damage":0.0,"enemies":"DemoMod:4_Bullet_Kins","floor":29.0,"turns":2.0},{"damage":5.0,"enemies":"DemoMod:Red_and_blue_shotgun_kin_with_gunsinger","floor":30.0,"turns":2.0},{"damage":3.0,"enemies":"DemoMod:Veteran_shot_gun_kin_and_blue_shotgun_kin_with_gunsinger","floor":31.0,"turns":3.0},{"damage":16.0,"enemies":"DemoMod:Veteran_shot_gun_kin_and_red_shotgun_kin_with_gunsinger","floor":32.0,"turns":3.0},{"damage":19.0,"enemies":"DemoMod:ResourcefulRat","floor":35.0,"turns":10.0},{"damage":1.0,"enemies":"3 Shapes","floor":37.0,"turns":3.0},{"damage":0.0,"enemies":"Orin","floor":38.0,"turns":4.0},{"damage":16.0,"enemies":"3 Darklings","floor":39.0,"turns":3.0},{"damage":8.0,"enemies":"2 Orb Walkers","floor":41.0,"turns":4.0},{"damage":0.0,"enemies":"Reptomancer","floor":44.0,"turns":3.0},{"damage":0.0,"enemies":"Maw","floor":46.0,"turns":6.0},{"damage":0.0,"enemies":"Transient","floor":49.0,"turns":5.0},{"damage":0,"enemies":"infinitespire:Three Voidlings","floor":50,"turns":3},{"damage":0,"enemies":"Nightmare_Alpha","floor":50,"turns":7},{"damage":0,"enemies":"Donu and Deca","floor":52,"turns":12}],"seed_played":"-7091287957299234234","potions_obtained":[{"floor":4.0,"key":"FairyPotion"},{"floor":4.0,"key":"GamblersBrew"},{"floor":4.0,"key":"Dexterity Potion"}],"is_trial":false,"path_per_floor":["M","M","?","?","M","E","M","M","T","M","E","$","R","?","R","B",null,"M","M","?","?","?","T","M","AVR","T","R","M","M","M","M","M","R","B","B",null,"M","?","M","?","?","R","?","E","T","M","$","R","M","?","R","B",null],"character_chosen":"TD1MADAO_CLASS","items_purchased":["ClockworkSouvenir","DemoMod:MonsterBlood","InkBottle","DemoMod:GnawedKey","Judgment","Here Defend Chip","Provocative","DemoMod:AgedBell","Bromod:ArcaneNullifier","TheAbacus"],"campfire_rested":1,"item_purchase_floors":[0,0,0,0,0,0,12,47,47,47],"current_hp_per_floor":[45,45,64,64,64,45,45,37,37,37,37,37,37,22,45,45,69,69,69,69,53,53,53,53,53,71,71,71,71,66,63,47,47,41,22,87,86,86,70,70,62,62,62,62,62,62,62,62,62,62,62,62],"gold":136,"neow_bonus":"","is_daily":false,"chose_seed":false,"campfire_upgraded":6,"win_rate":0.0,"timestamp":1610841216,"path_taken":["M","?","?","?","M","E","M","M","T","?","E","$","R","?","R","BOSS","M","M","?","?","?","?","M","AVR","T","R","M","M","M","M","M","R","BOSS","BOSS","M","?","M","?","?","R","?","E","T","M","$","R","?","?","R","BOSS"],"items_purchased_type":["Relic","Relic","Relic","Relic","Card","Card","Card","Relic","Relic","Relic"],"build_version":"2020-12-22","purchased_purges":2,"victory":true,"max_hp_per_floor":[77,77,77,77,77,77,77,77,77,77,77,77,77,77,77,77,77,77,77,77,77,77,77,77,77,77,77,77,77,77,77,77,77,77,77,87,87,87,87,87,87,87,87,87,87,87,87,87,87,87,87,87],"card_choices":[{"not_picked":["Reflection Mechanism","Machining"],"picked":"Black Shadow","floor":1.0},{"not_picked":["Sudden Beat","Here Defend Chip","White Contract"],"picked":"SKIP","floor":2.0},{"not_picked":["Resistance","Here Defend Chip","Awareness"],"picked":"SKIP","floor":5.0},{"not_picked":["Floating Swing Kick","Light Attack"],"picked":"Revenge","floor":6.0},{"not_picked":["Black Shadow","Machining"],"picked":"Fire Blade","floor":7.0},{"not_picked":["Black Warm Hole","Cursed Blade"],"picked":"Lunge","floor":8.0},{"not_picked":["Floating Swing Kick","Three Hit","Afterwards"],"picked":"SKIP","floor":10.0},{"not_picked":["Money Cant Rescue","Energy Supply","Three Hit"],"picked":"SKIP","floor":11.0},{"not_picked":["Format All Data","Black Contract"],"picked":"Overclocking","floor":16.0},{"not_picked":["Three Hit","Preloading","Paralysis"],"picked":"SKIP","floor":18.0},{"not_picked":["Sudden Beat","Floating Swing Kick","Transfer Energy+1"],"picked":"SKIP","floor":19.0},{"not_picked":["Energy Supply","Fixing","Rupture"],"picked":"SKIP","floor":24.0},{"not_picked":["Oblique Hack+1","Black Shadow+1","Twin Teeth"],"picked":"SKIP","floor":28.0},{"not_picked":["Energy Supply+1","Sudden Beat","Here Defend Chip"],"picked":"SKIP","floor":29.0},{"not_picked":["Cooling Song","Break Into"],"picked":"Bugfix+1","floor":30.0},{"not_picked":["Here Defend Chip","Oblique Hack"],"picked":"Fire Up+1","floor":31.0},{"not_picked":["Cursed Blade","Floating Swing Kick+1"],"picked":"New Defend Magic+1","floor":32.0},{"not_picked":[],"picked":"DemoMod:Elimentaler","floor":35.0},{"not_picked":["Moon Tear","Chip Synthesis"],"picked":"Memory Alloy","floor":35.0},{"not_picked":["Preloading","Rupture+1","Awareness+1"],"picked":"SKIP","floor":37.0},{"not_picked":["Backup","Black Shadow","Defend System"],"picked":"SKIP","floor":39.0},{"not_picked":["Lore+1","Afterwards"],"picked":"Retrieval Recycling","floor":44.0},{"not_picked":["Defend System","Cursed Blade+1","Thunder Jump"],"picked":"SKIP","floor":46.0},{"not_picked":["Gravity Defend+1","Ruin Defend"],"picked":"Thunder Jump","floor":49.0},{"not_picked":["infinitespire:TheBestDefense","infinitespire:UltimateForm"],"picked":"infinitespire:Fortify","floor":50}],"player_experience":396608,"relics_obtained":[{"floor":6.0,"key":"infinitespire:Beetle Shell"},{"floor":9.0,"key":"infinitespire:Lucky Rock"},{"floor":21.0,"key":"Enchiridion"},{"floor":23.0,"key":"Mummified Hand"},{"floor":36.0,"key":"DemoMod:RatBoots"},{"floor":36.0,"key":"DemoMod:ResourcefulSack"},{"floor":36.0,"key":"DemoMod:PartiallyEatenCheese"},{"floor":36.0,"key":"DemoMod:RiddleOfLead"},{"floor":36.0,"key":"Velvet Choker"},{"floor":38.0,"key":"CatCart"},{"floor":41.0,"key":"DemoMod:GreenGuonStone"},{"floor":44.0,"key":"DemoMod:NanoMachines"},{"floor":45.0,"key":"DemoMod:BlueGuonStone"},{"floor":50,"key":"DemoMod:RingOfEthereal"}],"event_choices":[{"damage_healed":19.0,"max_hp_gain":0.0,"max_hp_loss":0.0,"gold_gain":0.0,"event_name":"The Cleric","player_choice":"Healed","floor":3.0,"gold_loss":35.0,"damage_taken":0.0},{"damage_healed":0.0,"max_hp_gain":0.0,"max_hp_loss":0.0,"gold_gain":0.0,"event_name":"Lab","player_choice":"Got Potions","floor":4.0,"gold_loss":0.0,"damage_taken":0.0},{"damage_healed":0.0,"max_hp_gain":0.0,"max_hp_loss":0.0,"gold_gain":0.0,"event_name":"Shining Light","player_choice":"Entered Light","floor":14.0,"gold_loss":0.0,"damage_taken":15.0,"cards_upgraded":["Here Defend Chip","Fire Blade"]},{"damage_healed":0.0,"max_hp_gain":0.0,"max_hp_loss":0.0,"gold_gain":0.0,"event_name":"Beggar","player_choice":"Ignored","floor":20.0,"gold_loss":0.0,"damage_taken":0.0},{"damage_healed":0.0,"max_hp_gain":0.0,"max_hp_loss":0.0,"gold_gain":0.0,"event_name":"Cursed Tome","player_choice":"Obtained Book","floor":21.0,"gold_loss":0.0,"damage_taken":16.0},{"damage_healed":0.0,"max_hp_gain":0.0,"max_hp_loss":0.0,"gold_gain":99.0,"event_name":"Nest","player_choice":"Stole From Cult","floor":22.0,"gold_loss":0.0,"damage_taken":0.0},{"damage_healed":0.0,"max_hp_gain":0.0,"max_hp_loss":0.0,"gold_gain":0.0,"event_name":"OrinTheCat","player_choice":"Fight","floor":38.0,"gold_loss":0.0,"damage_taken":0.0},{"damage_healed":0.0,"max_hp_gain":0.0,"max_hp_loss":0.0,"gold_gain":0.0,"event_name":"Tomb of Lord Red Mask","player_choice":"Ignored","floor":40.0,"gold_loss":0.0,"damage_taken":0.0},{"damage_healed":0.0,"max_hp_gain":0.0,"max_hp_loss":0.0,"gold_gain":0.0,"event_name":"Mysterious Sphere","player_choice":"Fight","floor":41.0,"gold_loss":0.0,"damage_taken":0.0},{"damage_healed":0.0,"max_hp_gain":0.0,"max_hp_loss":0.0,"gold_gain":0.0,"event_name":"Duplicator","player_choice":"Copied","floor":43.0,"gold_loss":0.0,"damage_taken":0.0,"cards_obtained":["Here Defend Chip"]}],"is_beta":false,"boss_relics":[{"not_picked":["Bromod:ArcaneBarrier","SacredBark"],"picked":"Philosopher\u0027s Stone"},{"not_picked":[]}],"items_purged_floors":[0,47],"is_endless":false,"potions_floor_spawned":[5,7,11,16,18,30,31,35,38,41,49],"ascension_level":5}}