{"host":"mgc7o2tpy0ck407l","time":1610828211,"event":{"mods":["Alarm Clock","AlwaysNeverKeys","BaseMod","Better Altar","Better Match","Better Note","Better Sensory Stone","Better Skull","Better Third Choice","Better Vampires","Block Reminder","Booster Modes","Challenge The Spire","Colored Map","Colored Powertips","Disable Question Mark Monsters","Displayed Cursed Tome","Emptier Cage","Energized Spire","Evolution","Infinite Spire","Minty Spire (QoL Compilation)","Permanent Neow","Quick Restart","Rare Cards Sparkle","Reorder Act Four","Spicy Shops","StSLib","SuperFastMode","Transform Curses","Unceasing Turn Reminder"],"gold_per_floor":[117,117,117,217,236,236,266,266,266,300,311,326,326,353,353,450,450,466,466,39,39,39,39,74,74,74,74,74,88,119,49,49,149,149,161,173,20,37,0,27,27,60,108,108,136,136,171,191,191,191,191,25,25,51,51],"floor_reached":56,"language":"ENG","playtime":1939,"items_purged":["Masterful Stab"],"score":1560,"play_id":"3eeb19d5-8ea5-4f0e-85d4-d3f6f6341e18","local_time":"20210116151651","is_ascension_mode":true,"campfire_choices":[{"data":"Prepared","floor":6,"key":"SMITH"},{"data":"Neutralize","floor":8,"key":"SMITH"},{"data":"Envenom","floor":13,"key":"SMITH"},{"data":"All Out Attack","floor":15,"key":"SMITH"},{"data":"Calculated Gamble","floor":23,"key":"SMITH"},{"floor":25,"key":"REST"},{"data":"Catalyst","floor":25,"key":"SMITH"},{"floor":32,"key":"REST"},{"data":"Infinite Blades","floor":32,"key":"SMITH"},{"floor":41,"key":"REST"},{"data":"infinitespire:NeuralNetwork","floor":41,"key":"SMITH"},{"floor":44,"key":"REST"},{"data":"Storm of Steel","floor":44,"key":"SMITH"},{"floor":49,"key":"REST"},{"data":"Apotheosis","floor":49,"key":"SMITH"},{"data":"Accuracy","floor":53,"key":"SMITH"}],"circlet_count":0,"master_deck":["Poisoned Stab","Poisoned Stab","Poisoned Stab+1","Poisoned Stab","Strike_G+1","Defend_G+1","Defend_G","Defend_G","Defend_G+1","Survivor","Neutralize+1","Dagger Spray","Prepared+1","Envenom+1","All Out Attack+1","Storm of Steel+1","Footwork","Panache","Catalyst+1","Calculated Gamble+1","Insight","Dagger Throw+1","infinitespire:NeuralNetwork+1","Prepared+1","Infinite Blades+1","Die Die Die","Accuracy+1","Prepared+1","Bane","Infinite Blades+1","Apotheosis+1","Deep Breath","Underhanded Strike"],"relics":["Cracked Core","EVO:Axolotl","Whetstone","infinitespire:Satchel","infinitespire:Cubic Diamond","WingedGreaves","TungstenRod","StoneCalendar","Nunchaku","Calling Bell","Boot","Pantograph","infinitespire:Magic Flask","infinitespire:WardingShard","War Paint","Lantern","Bottled Flame","Black Star","Singing Bowl","Meat on the Bone","infinitespire:CheckeredPen","SlaversCollar","Red Mask","Bag of Marbles","Incense Burner","infinitespire:EmpoweringShard","Tough Bandages","Potion Belt","Happy Flower","Torii","infinitespire:BottledMercury","infinitespire:CursedDice","Membership Card","The Specimen","Ninja Scroll"],"acts_visited":["Exordium","TheCity","TheBeyond","TheEnding"],"potions_floor_usage":[7,24,33,33,40,40],"damage_taken":[{"damage":0,"enemies":"2 Louse","floor":1,"turns":2},{"damage":3,"enemies":"Jaw Worm","floor":5,"turns":3},{"damage":9,"enemies":"Gremlin Nob","floor":7,"turns":3},{"damage":15,"enemies":"Lagavulin","floor":10,"turns":4},{"damage":0,"enemies":"Cultist","floor":11,"turns":3},{"damage":1,"enemies":"Gremlin Gang","floor":12,"turns":3},{"damage":0,"enemies":"Slime Boss","floor":16,"turns":7},{"damage":1,"enemies":"Chosen","floor":18,"turns":3},{"damage":38,"enemies":"Slavers","floor":24,"turns":6},{"damage":0,"enemies":"3 Byrds","floor":29,"turns":2},{"damage":24,"enemies":"Gremlin Leader","floor":30,"turns":5},{"damage":41,"enemies":"Collector","floor":33,"turns":7},{"damage":7,"enemies":"3 Shapes","floor":35,"turns":2},{"damage":14,"enemies":"Orb Walker","floor":36,"turns":2},{"damage":0,"enemies":"Transient","floor":38,"turns":5},{"damage":48,"enemies":"Nemesis","floor":40,"turns":5},{"damage":37,"enemies":"Giant Head","floor":42,"turns":7},{"damage":0,"enemies":"Reptomancer","floor":45,"turns":4},{"damage":0,"enemies":"Nemesis","floor":47,"turns":4},{"damage":6,"enemies":"Jaw Worm Horde","floor":48,"turns":3},{"damage":42,"enemies":"Donu and Deca","floor":50,"turns":5},{"damage":0,"enemies":"Shield and Spear","floor":54,"turns":4},{"damage":30,"enemies":"The Heart","floor":55,"turns":7}],"seed_played":"8147918762862941520","potions_obtained":[{"floor":1,"key":"SteroidPotion"},{"floor":10,"key":"GhostInAJar"},{"floor":16,"key":"Ancient Potion"},{"floor":18,"key":"CunningPotion"},{"floor":28,"key":"SteroidPotion"},{"floor":28,"key":"Block Potion"},{"floor":29,"key":"DistilledChaos"},{"floor":33,"key":"Ancient Potion"},{"floor":38,"key":"Fruit Juice"},{"floor":40,"key":"SpeedPotion"},{"floor":42,"key":"ColorlessPotion"},{"floor":45,"key":"SmokeBomb"},{"floor":54,"key":"Strength Potion"}],"is_trial":false,"path_per_floor":["M","?","?","?","M","R","E","R","T","E","M","M","R","T","R","B",null,"M","?","$","?","?","R","E","R","T","AVR","?","M","E","$","R","B",null,"M","M","$","M","?","E","R","E","T","R","E","?","E","M","R","B",null,"$","R","E","B",null],"character_chosen":"THE_SILENT","items_purchased":["infinitespire:WardingShard","Catalyst","War Paint","Infinite Blades","Bane","Membership Card","Underhanded Strike"],"campfire_rested":5,"item_purchase_floors":[20,20,20,31,37,52,52],"current_hp_per_floor":[70,70,70,70,67,67,58,58,58,43,43,42,42,42,42,42,70,69,69,69,69,69,69,31,52,52,52,52,52,30,30,51,43,72,65,51,51,53,53,24,48,25,25,49,49,49,51,47,73,45,87,87,87,89,59],"gold":51,"neow_bonus":"RANDOM_COMMON_RELIC","is_daily":false,"chose_seed":false,"campfire_upgraded":11,"win_rate":0.0,"timestamp":1610828211,"path_taken":["M","?","?","?","?","R","E","R","T","E","M","?","R","?","R","BOSS","M","?","$","?","?","R","E","R","T","AVR","?","M","E","$","R","BOSS","M","?","$","M","?","E","R","E","T","R","E","?","E","?","R","BOSS","$","R","E","BOSS"],"items_purchased_type":["Relic","Card","Relic","Card","Card","Relic","Card"],"build_version":"2020-12-22","purchased_purges":1,"victory":true,"max_hp_per_floor":[70,70,70,70,70,70,70,70,70,70,70,70,70,70,70,70,70,70,70,70,70,70,70,70,70,70,70,70,70,72,72,72,72,72,72,72,72,74,74,81,81,83,83,83,83,83,85,87,87,87,87,87,87,89,89],"card_choices":[{"not_picked":["Terror","Skewer"],"picked":"Dagger Spray","floor":1},{"not_picked":["Noxious Fumes","Expertise"],"picked":"Prepared","floor":5},{"not_picked":["Flying Knee","Dagger Throw","Setup"],"picked":"SKIP","floor":7},{"not_picked":["Bouncing Flask","Acrobatics"],"picked":"Envenom","floor":10},{"not_picked":["Flying Knee","Poisoned Stab"],"picked":"All Out Attack","floor":11},{"not_picked":["Outmaneuver","Tactician","Terror"],"picked":"SKIP","floor":12},{"not_picked":["Die Die Die","Bullet Time"],"picked":"Storm of Steel","floor":16},{"not_picked":["Calculated Gamble","Acrobatics"],"picked":"Footwork","floor":18},{"not_picked":["Venomology","Outmaneuver"],"picked":"Dagger Throw+1","floor":24},{"not_picked":["Cloak And Dagger+1","Acrobatics"],"picked":"Prepared+1","floor":29},{"not_picked":["Accuracy","Bane","Outmaneuver"],"picked":"Singing Bowl","floor":30},{"not_picked":["Unload","Glass Knife"],"picked":"Die Die Die","floor":33},{"not_picked":["Deadly Poison","Dagger Throw+1"],"picked":"Accuracy","floor":35},{"not_picked":["Backflip+1","Dodge and Roll"],"picked":"Prepared+1","floor":36},{"not_picked":["Skewer","Flying Knee","Slice"],"picked":"Singing Bowl","floor":38},{"not_picked":["Crippling Poison","Poisoned Stab+1","Acrobatics"],"picked":"Singing Bowl","floor":40},{"not_picked":["Choke+1","Dagger Spray","Prepared"],"picked":"Singing Bowl","floor":42},{"not_picked":["Blade Dance","Bouncing Flask"],"picked":"Infinite Blades+1","floor":45},{"not_picked":["Good Instincts","Purity"],"picked":"Apotheosis","floor":46},{"not_picked":["Apotheosis","Jack Of All Trades"],"picked":"Deep Breath","floor":46},{"not_picked":["Backflip","Sucker Punch+1","Riddle With Holes+1"],"picked":"Singing Bowl","floor":47},{"not_picked":["Catalyst","Dagger Spray","Leg Sweep"],"picked":"Singing Bowl","floor":48},{"not_picked":["Backstab+1","Dagger Spray","Dagger Throw"],"picked":"Singing Bowl","floor":54}],"player_experience":756235,"relics_obtained":[{"floor":7,"key":"WingedGreaves"},{"floor":9,"key":"TungstenRod"},{"floor":10,"key":"StoneCalendar"},{"floor":14,"key":"Nunchaku"},{"floor":17,"key":"Boot"},{"floor":17,"key":"Pantograph"},{"floor":17,"key":"infinitespire:Magic Flask"},{"floor":24,"key":"Lantern"},{"floor":26,"key":"Bottled Flame"},{"floor":30,"key":"Meat on the Bone"},{"floor":30,"key":"infinitespire:CheckeredPen"},{"floor":40,"key":"Bag of Marbles"},{"floor":40,"key":"Incense Burner"},{"floor":42,"key":"infinitespire:EmpoweringShard"},{"floor":42,"key":"Tough Bandages"},{"floor":43,"key":"Potion Belt"},{"floor":45,"key":"Happy Flower"},{"floor":45,"key":"Torii"},{"floor":47,"key":"infinitespire:BottledMercury"},{"floor":47,"key":"infinitespire:CursedDice"},{"floor":54,"key":"The Specimen"},{"floor":54,"key":"Ninja Scroll"}],"event_choices":[{"damage_healed":0,"gold_gain":0,"player_choice":"Box","damage_taken":0,"relics_obtained":["infinitespire:Satchel"],"max_hp_gain":0,"max_hp_loss":0,"event_name":"Big Fish","floor":2,"gold_loss":0,"cards_obtained":["Regret"]},{"damage_healed":0,"gold_gain":100,"player_choice":"Pray","damage_taken":0,"max_hp_gain":0,"max_hp_loss":0,"event_name":"Golden Shrine","floor":4,"gold_loss":0},{"cards_removed":["Defend_G"],"damage_healed":0,"gold_gain":0,"player_choice":"Take \u0026 Give","damage_taken":0,"max_hp_gain":0,"max_hp_loss":0,"event_name":"betterNote:BetterNote","floor":19,"gold_loss":0,"cards_obtained":["Panache"]},{"damage_healed":0,"gold_gain":0,"cards_transformed":["Regret","Defend_G"],"player_choice":"Became Test Subject","damage_taken":0,"max_hp_gain":0,"max_hp_loss":0,"event_name":"Drug Dealer","floor":21,"gold_loss":0,"cards_obtained":["Calculated Gamble","Masterful Stab"]},{"damage_healed":0,"gold_gain":0,"player_choice":"Insight","damage_taken":0,"max_hp_gain":0,"max_hp_loss":0,"event_name":"betterThird:BetterWriting","floor":22,"gold_loss":0,"cards_obtained":["Insight"]},{"damage_healed":0,"gold_gain":0,"player_choice":"Got Potions","damage_taken":0,"max_hp_gain":0,"max_hp_loss":0,"event_name":"Lab","floor":28,"gold_loss":0},{"damage_healed":0,"gold_gain":0,"player_choice":"Paid","damage_taken":0,"relics_obtained":["Red Mask"],"max_hp_gain":0,"max_hp_loss":0,"event_name":"Tomb of Lord Red Mask","floor":39,"gold_loss":37},{"damage_healed":0,"gold_gain":3,"player_choice":"1","damage_taken":0,"max_hp_gain":0,"max_hp_loss":0,"event_name":"betterStone:BetterStone","floor":46,"gold_loss":0}],"is_beta":false,"boss_relics":[{"not_picked":["energizedSpire:EnergizedDie","energizedSpire:StickyHand"],"picked":"Calling Bell"},{"not_picked":["Busted Crown","Sozu"],"picked":"SlaversCollar"}],"items_purged_floors":[27],"is_endless":false,"potions_floor_spawned":[1,10,16,18,29,33,38,40,42,45,54],"ascension_level":1}}