{"host":"bw00wb7p5bw58om7","time":1610815592,"event":{"mods":["Act Like it!","BaseMod","Better Third Choice","CapriCore","Chen","Downfall","Gensokyo","Koishi","KomeijiMod","Marisa????????","Minty Spire (QoL Compilation)","Onozuka Komachi Mod","Permanent Neow","Prisma Mod","Reimu??????","Remilia??????","StSLib","The Administrix","The Immortal","The Senshi","The Servant 0.9.4","Yakumo Yukari mod"],"gold_per_floor":[116,16,29,29,46,46,46],"floor_reached":6,"language":"ENG","playtime":278,"items_purged":[],"score":38,"play_id":"da7a3318-6fd8-49b0-8a2b-447574a0ae05","local_time":"20210116164632","is_ascension_mode":true,"campfire_choices":[],"circlet_count":0,"master_deck":["Koishi:BasicStrike","Koishi:BasicStrike","Koishi:BasicStrike","Koishi:BasicStrike","Koishi:BasicDefend","Koishi:BasicDefend","Koishi:BasicDefend","Koishi:BasicDefend","Koishi:Provoke","Koishi:HauntingSlash","Koishi:TerrifyingSpectre","Koishi:PredatoryInstincts","Koishi:UnseenTerror","Koishi:Whimsy"],"relics":["Koishi:ImaginaryFriend","Pantograph"],"acts_visited":["Gensokyo:Gensokyo"],"potions_floor_usage":[],"damage_taken":[{"damage":7,"enemies":"Gensokyo:2_Kodama","floor":1,"turns":5},{"damage":3,"enemies":"Gensokyo:Python","floor":3,"turns":4},{"damage":7,"enemies":"Gensokyo:Gryphon","floor":5,"turns":5},{"damage":76,"enemies":"Gensokyo:Cirno","floor":6,"turns":7}],"seed_played":"-6572015765994712852","potions_obtained":[{"floor":3,"key":"PowerPotion"}],"is_trial":false,"path_per_floor":["M","?","M","$","M","E"],"character_chosen":"KOISHI","items_purchased":[],"campfire_rested":0,"item_purchase_floors":[],"current_hp_per_floor":[55,55,58,58,60,0,0],"gold":46,"neow_bonus":"ONE_RANDOM_RARE_CARD","is_daily":false,"chose_seed":false,"campfire_upgraded":0,"win_rate":0.0,"timestamp":1610815592,"path_taken":["M","?","M","$","M","E"],"items_purchased_type":[],"build_version":"2020-12-22","purchased_purges":0,"victory":false,"max_hp_per_floor":[60,60,60,60,60,60,60],"card_choices":[{"not_picked":["Koishi:SpiritedAway","Koishi:RacingHeart"],"picked":"Koishi:PredatoryInstincts","floor":1},{"not_picked":["Koishi:Jaunt","Koishi:Prune"],"picked":"Koishi:UnseenTerror","floor":3},{"not_picked":["Koishi:ApparitionsStalkTheNight","Koishi:SubterraneanRose"],"picked":"Koishi:Whimsy","floor":5}],"player_experience":255836,"relics_obtained":[],"event_choices":[],"is_beta":false,"boss_relics":[],"items_purged_floors":[],"is_endless":false,"potions_floor_spawned":[3],"killed_by":"Gensokyo:Cirno","ascension_level":1}}