{"host":"pno9h1fupbyz205f","time":1610832975,"event":{"mods":["Aspiration","BaseMod","Better Altar","Better Match","Better Note","Better Sensory Stone","Better Skull","Better Third Choice","Colored Map","Colored Powertips","Hermit","Highlight Path","Hubris","Infinite Spire","Jedi Mod","Mad Scientist","Marisa????????","Minty Spire (QoL Compilation)","Permanent Neow","Potionbrewer","Prisma Mod","Replay The Spire","Robot Space Explorer","Shop Mod","Spicy Shops","StSLib","Td1madao Mod","The Blackbeard","The Gatherer","The Hierophant","The Marked","The Poker Player","The Runesmith","The Servant 0.9.4","The Spell Scribe","The Vixen","thorton","vexMod"],"gold_per_floor":[211,186,186,201,15,15,43,43,70,70,84,111,130,140,140,243,243,253,253,270,270,281,307,21,33,33,33,59,73,73,73,73,204,204,216,236,250,56,56,56,73,99,99,99,99,99,111,111,161,179,179,277,277,288,332,413,626,629,629,629,635,635,637,339,343,44,49,49,114,114,118,122,122,99,97,97,107,206,253,253,253,274,270,116,116,174,174,164,164,150,173,174,174,174,174,247,224,224,26,0,18,18,97,97,97],"floor_reached":104,"language":"ENG","playtime":5598,"items_purged":["Injury","PrismaMod:ChloeCommonDefend","PrismaMod:ChloeCommonDefend","PrismaMod:ChloeCheapDefend","PrismaMod:ChloeCheapDefend+1","Spreading Infection"],"score":2427,"play_id":"6f993121-b293-4cee-90eb-61edab86e72b","local_time":"20210116133615","is_ascension_mode":false,"campfire_choices":[{"data":"PrismaMod:ChloeCheapAttack","floor":6.0,"key":"SMITH"},{"floor":8.0,"key":"REST"},{"data":"PrismaMod:ChloeCommonAttack","floor":10.0,"key":"SMITH"},{"data":"PrismaMod:ChloeAnyPowerTrace","floor":27.0,"key":"SMITH"},{"data":"PrismaMod:ChloeDemonicTutor","floor":27.0,"key":"SMITH"},{"floor":32.0,"key":"REST"},{"data":"infinitespire:Starlight","floor":40.0,"key":"SMITH"},{"data":"PrismaMod:ChloeCommonDefend","floor":40.0,"key":"SMITH"},{"data":"PrismaMod:ChloeChristmas","floor":48.0,"key":"SMITH"},{"data":"PrismaMod:ChloeCommonAttack","floor":48.0,"key":"SMITH"},{"data":"PrismaMod:ChloeReshuffleDiscard","floor":59.0,"key":"SMITH"},{"data":"PrismaMod:ChloeChristmas","floor":59.0,"key":"SMITH"},{"floor":68.0,"key":"DIG"},{"data":"Pot Of Greed","floor":76.0,"key":"SMITH"},{"data":"Pot Of Greed","floor":76.0,"key":"SMITH"},{"data":"PrismaMod:ChloeCarnivalDefend","floor":80.0,"key":"SMITH"},{"data":"PrismaMod:ChloeCommonAttack","floor":80.0,"key":"SMITH"},{"data":"PrismaMod:ChloeCommonAttack","floor":85,"key":"SMITH"},{"data":"ReplayTheSpireMod:Private Reserves","floor":93,"key":"SMITH"},{"data":"Pot Of Greed","floor":93,"key":"SMITH"},{"data":"Madness","floor":95,"key":"SMITH"},{"data":"Madness","floor":95,"key":"SMITH"},{"floor":102,"key":"DIG"}],"circlet_count":0,"master_deck":["PrismaMod:ChloeCommonAttack+1","PrismaMod:ChloeCommonAttack+1","PrismaMod:ChloeCommonAttack+1","PrismaMod:ChloeCommonAttack+1","PrismaMod:ChloeCommonAttack+1","PrismaMod:ChloeCommonDefend+1","PrismaMod:ChloeCheapAttack+1","PrismaMod:ChloeCheapAttackTwo+1","PrismaMod:ChloeEyeOfTheEuryale+1","PrismaMod:ChloeDemonicTutor+1","PrismaMod:ChloeCheapDefendTwo+1","PrismaMod:ChloeAnyPowerTrace+1","PrismaMod:ChloeCheapAttack+1","Mayhem+1","PrismaMod:ChloeExcalibur+1","infinitespire:Starlight+1","PrismaMod:ChloeCheapDefendTwo+1","PrismaMod:ChloeCheapAttack+1","PrismaMod:ChloeDoubleRelicSpeed+1","PrismaMod:ChloeCheapAttack+1","PrismaMod:ChloeCheapDefendTwo+1","infinitespire:FutureSight+1","PrismaMod:ChloeReshuffleDiscard+1","PrismaMod:ChloeCheapDefendTwo+1","PrismaMod:ChloeCarnivalAttack+1","PrismaMod:ChloeCheapDefendTwo+1","PrismaMod:ChloeChristmas+1","PrismaMod:ChloeDemonicTutor+1","PrismaMod:ChloeChristmas+1","PrismaMod:ChloeBetterTracePools+1","PrismaMod:ChloeReshuffleDiscard+1","Pot Of Greed+1","Pot Of Greed+1","PrismaMod:ChloeCarnivalDefend+1","hubris:DuctTapeCard","PrismaMod:ChloeEyeOfTheEuryale+1","Pot Of Greed+1","ReplayTheSpireMod:Private Reserves+1","Madness+1","Madness+1","infinitespire:Menacing","PrismaMod:ChloeDevil+","thethorton:ROI+1"],"relics":["PrismaMod:PrismaTraceOnUpgrade","Molten Egg 2","Membership Card","Bag of Marbles","Bag of Preparation","Strawberry","Calipers","Replay:Arrowhead","Ancient Tea Set","aspiration:Stabinomicon","Snack Pack","Prayer Wheel","Gremlin Horn","hubris:DuctTape","vexMod:FocusSash","Prayer Wheel","Runesmith:AutoHammer","Ring of Peace","Coffee Dripper","Meat on the Bone","PreservedInsect","Grinning Jar","Omamori","Ornamental Fan","infinitespire:Bottled Soul","Blue Candle","ReplayFunnel","infinitespire:Satchel","Pen Nib","Durian","Replay:Ringing Soul","aspiration:MobileForge","Letter Opener","aspiration:TomeofQuesting","MerchantsRug","Bottled Lightning","vexMod:InvisibilityCloak","jedi:paperlyon","jedi:kaleidoscope","Chameleon Ring","jedi:cryingmask","vexMod:BerryBomb","PrismaticShard","Red Mask","Golden Egg"],"acts_visited":["Exordium","TheCity","TheBeyond","Exordium","TheCity","TheBeyond"],"potions_floor_usage":[86,86,92,92,92],"damage_taken":[{"damage":3.0,"enemies":"Cultist","floor":1.0,"turns":4.0},{"damage":0.0,"enemies":"Small Slimes","floor":4.0,"turns":4.0},{"damage":14.0,"enemies":"Replay:BlueRogue","floor":7.0,"turns":4.0},{"damage":0.0,"enemies":"2 Louse","floor":11.0,"turns":1.0},{"damage":0.0,"enemies":"Gremlin Nob","floor":12.0,"turns":2.0},{"damage":6.0,"enemies":"Lots of Slimes","floor":13.0,"turns":5.0},{"damage":0.0,"enemies":"Gremlin Gang","floor":14.0,"turns":4.0},{"damage":18.0,"enemies":"Slime Boss","floor":16.0,"turns":9.0},{"damage":13.0,"enemies":"2 Thieves","floor":18.0,"turns":4.0},{"damage":0.0,"enemies":"Shell Parasite","floor":20.0,"turns":5.0},{"damage":26.0,"enemies":"Shelled Parasite and Fungi","floor":22.0,"turns":4.0},{"damage":1.0,"enemies":"Nightmare","floor":23.0,"turns":6.0},{"damage":9.0,"enemies":"Centurion and Healer","floor":25.0,"turns":5.0},{"damage":11.0,"enemies":"Book of Stabbing","floor":28.0,"turns":3.0},{"damage":15.0,"enemies":"Snake Plant","floor":29.0,"turns":2.0},{"damage":20.0,"enemies":"Automaton","floor":33.0,"turns":7.0},{"damage":0.0,"enemies":"Orb Walker","floor":35.0,"turns":1.0},{"damage":6.0,"enemies":"3 Shapes","floor":36.0,"turns":3.0},{"damage":27.0,"enemies":"Sphere and 2 Shapes","floor":37.0,"turns":6.0},{"damage":0.0,"enemies":"Writhing Mass","floor":41.0,"turns":3.0},{"damage":10.0,"enemies":"R_Hoarder","floor":42.0,"turns":6.0},{"damage":12.0,"enemies":"Spire Growth","floor":47.0,"turns":4.0},{"damage":0.0,"enemies":"Giant Head","floor":49.0,"turns":5.0},{"damage":3.0,"enemies":"3 Darklings","floor":50.0,"turns":2.0},{"damage":56.0,"enemies":"Awakened One","floor":52.0,"turns":8.0},{"damage":0.0,"enemies":"2 Louse","floor":54.0,"turns":1.0},{"damage":0.0,"enemies":"Gremlin Nob","floor":55.0,"turns":3.0},{"damage":0.0,"enemies":"Cultist","floor":58.0,"turns":1.0},{"damage":0.0,"enemies":"Small Slimes","floor":61.0,"turns":2.0},{"damage":0.0,"enemies":"Exordium Thugs","floor":63.0,"turns":1.0},{"damage":0.0,"enemies":"3 Sentries","floor":65.0,"turns":2.0},{"damage":9.0,"enemies":"Exordium Wildlife","floor":67.0,"turns":2.0},{"damage":0.0,"enemies":"The Guardian","floor":69.0,"turns":3.0},{"damage":0.0,"enemies":"2 Thieves","floor":71.0,"turns":2.0},{"damage":0.0,"enemies":"Shell Parasite","floor":72.0,"turns":1.0},{"damage":0.0,"enemies":"Cultist and Chosen","floor":74.0,"turns":2.0},{"damage":0.0,"enemies":"Centurion and Healer","floor":75.0,"turns":1.0},{"damage":0.0,"enemies":"Gremlin Leader","floor":77.0,"turns":1.0},{"damage":0.0,"enemies":"Book of Stabbing","floor":82.0,"turns":2.0},{"damage":0.0,"enemies":"Snake Plant","floor":83.0,"turns":2.0},{"damage":0,"enemies":"Champ","floor":86,"turns":2},{"damage":0,"enemies":"3 Shapes","floor":88,"turns":1},{"damage":0,"enemies":"3 Darklings","floor":90,"turns":1},{"damage":0,"enemies":"2 Orb Walkers","floor":91,"turns":2},{"damage":0,"enemies":"4 Shapes","floor":92,"turns":2},{"damage":0,"enemies":"Sphere and 2 Shapes","floor":97,"turns":1},{"damage":17,"enemies":"Spire Growth","floor":101,"turns":3},{"damage":32,"enemies":"infinitespire:MassOfShapes","floor":103,"turns":5}],"seed_played":"2002150458775937388","potions_obtained":[{"floor":4.0,"key":"AttackPotion"},{"floor":7.0,"key":"potionbrewer:AcidPotion"},{"floor":11.0,"key":"Adrenaline Potion"},{"floor":18.0,"key":"Elixir"},{"floor":20.0,"key":"Milkshake"},{"floor":22.0,"key":"EssenceOfSteel"},{"floor":23.0,"key":"Adrenaline Potion"},{"floor":36.0,"key":"potionbrewer:CleansingPotion"},{"floor":37.0,"key":"potionbrewer:CleansingPotion"},{"floor":41.0,"key":"jedi:wingpotion"},{"floor":50.0,"key":"SteroidPotion"},{"floor":55.0,"key":"Strength Potion"},{"floor":72.0,"key":"Elixir"},{"floor":75.0,"key":"Ancient Potion"},{"floor":82.0,"key":"Energy Potion"},{"floor":90,"key":"potionbrewer:SplittingPotion"},{"floor":92,"key":"Milkshake"}],"is_trial":false,"path_per_floor":["M","?","?","M","$","R","E","R","T","R","M","E","M","M","R_BF","B",null,"M","?","M","AVR","M","NM","$","M","T","R","E","M","?","?","R","B",null,"M","M","M","$","?","R","M","E","T","AVR","PTL","PTL","M","R","E","M","R_BF","B",null,"M","?","?","?","M","R","AVR","M","T","M","$","E","$","M","R_BF","B",null,"M","M","?","M","M","R","E","?","T","R","?","E","M","$","R","B",null,"M","?","M","?","M","R","?","R","T","M","T","$","?","M","R_BF","B",null],"character_chosen":"CHLOE","items_purchased":["Membership Card","Replay:Arrowhead","PrismaMod:ChloeDoubleRelicSpeed","Snack Pack","PrismaMod:ChloeCarnivalAttack+1","Ornamental Fan","infinitespire:Bottled Soul","Blue Candle","infinitespire:Satchel","Pen Nib","Durian","MerchantsRug","Bottled Lightning","DistilledChaos","vexMod:InvisibilityCloak","jedi:cryingmask","vexMod:BerryBomb","PrismaticShard"],"campfire_rested":2,"item_purchase_floors":[5,24,24,38,38,64,64,64,66,66,66,84,84,84,84,99,99,99],"current_hp_per_floor":[72,72,72,72,72,72,58,75,75,75,75,82,76,76,82,64,82,69,69,69,69,53,62,62,63,63,63,62,47,28,28,52,42,82,82,77,60,60,60,60,81,74,74,74,74,74,66,66,82,82,82,58,82,82,82,62,16,32,32,32,46,46,67,67,82,87,78,78,90,90,90,90,90,90,90,90,90,90,90,90,74,76,78,78,78,86,90,93,96,96,96,96,96,87,87,87,94,94,100,100,96,96,97,97,97],"gold":97,"neow_bonus":"HUNDRED_GOLD","is_daily":false,"chose_seed":false,"campfire_upgraded":19,"win_rate":0.0,"timestamp":1610832975,"path_taken":["M","?","?","M","$","R","E","R","T","R","M","E","M","M","R_BF","BOSS","M","?","M","AVR","M","NM","$","?","T","R","E","M","?","?","R","BOSS","M","?","M","$","?","R","M","E","T","AVR","PTL","PTL","M","R","E","?","R_BF","BOSS","M","?","?","?","?","R","AVR","M","T","M","?","E","$","M","R_BF","BOSS","M","M","?","M","?","R","E","?","T","R","?","E","?","?","R","BOSS","M","?","M","?","M","R","?","R","T","M","?","$","?","?","R_BF","BOSS"],"items_purchased_type":["Relic","Relic","Card","Relic","Card","Relic","Relic","Relic","Relic","Relic","Relic","Relic","Relic","Potion","Relic","Relic","Relic","Relic"],"build_version":"2020-12-22","purchased_purges":6,"victory":false,"max_hp_per_floor":[75,75,75,75,75,75,75,75,75,75,75,82,82,82,82,82,82,82,82,82,82,82,82,82,82,82,82,82,82,82,82,82,82,82,82,82,82,82,82,82,82,82,82,82,82,82,82,82,82,82,82,82,82,82,82,82,82,82,82,82,82,82,82,82,82,87,87,87,90,90,90,90,90,90,90,90,90,90,90,90,90,90,90,90,90,90,90,93,96,96,96,96,96,99,99,99,102,102,108,108,111,111,111,111,111],"card_choices":[{"not_picked":["PrismaMod:ChloeCommonAOEAttack","PrismaMod:ChloeExhaustOne"],"picked":"PrismaMod:ChloeCheapDefend","floor":1.0},{"not_picked":["PrismaMod:ChloeMaid","PrismaMod:ChloeRitsuka"],"picked":"PrismaMod:ChloeCheapAttackTwo+1","floor":4.0},{"not_picked":["PrismaMod:ChloeUncommonAOEAttack+1","PrismaMod:ChloeAnyRareTrace"],"picked":"PrismaMod:ChloeEyeOfTheEuryale+1","floor":7.0},{"not_picked":["PrismaMod:ChloeDiscardRecovery","PrismaMod:ChloeCheapDefendTwo"],"picked":"PrismaMod:ChloeCheapAttackTwo+1","floor":11.0},{"not_picked":["PrismaMod:ChloeCommonAOEAttack+1","PrismaMod:ChloeDiscardRecovery"],"picked":"PrismaMod:ChloeDemonicTutor","floor":12.0},{"not_picked":["PrismaMod:ChloeChristmas","PrismaMod:ChloeCheapDefendTwo"],"picked":"PrismaMod:ChloeCheapAttack+1","floor":13.0},{"not_picked":["PrismaMod:ChloeDiscardRecovery","PrismaMod:ChloeCheapDefend"],"picked":"PrismaMod:ChloeCheapDefendTwo","floor":14.0},{"not_picked":["PrismaMod:ChloeAnySkillTrace","PrismaMod:ChloeAnyAttackTrace"],"picked":"PrismaMod:ChloeAnyPowerTrace","floor":16.0},{"not_picked":["PrismaMod:ChloeCheapDefend","PrismaMod:ChloeCommonAOEAttack+1"],"picked":"PrismaMod:ChloeCheapAttack+1","floor":18.0},{"not_picked":["PrismaMod:ChloeCheapAttack+1","PrismaMod:ChloeDiscardRecovery"],"picked":"PrismaMod:ChloeExcalibur+1","floor":20.0},{"not_picked":["PrismaMod:ChloeRhongomyniad+1","PrismaMod:ChloeDemonicTutor"],"picked":"PrismaMod:ChloeCheapDefendTwo","floor":22.0},{"not_picked":["PrismaMod:ChloeCheapDefendTwo","PrismaMod:ChloeCheapAttackTwo+1"],"picked":"PrismaMod:ChloeCheapAttack+1","floor":23.0},{"not_picked":["PrismaMod:ChloeExhaustOne","PrismaMod:ChloeCheapDefend+1"],"picked":"PrismaMod:ChloeCheapAttack+1","floor":25.0},{"not_picked":["PrismaMod:ChloeMordred+1","PrismaMod:ChloeCheapDefend","PrismaMod:ChloeMaid+1"],"picked":"SKIP","floor":28.0},{"not_picked":["PrismaMod:ChloeCheapAttack+1","PrismaMod:ChloeDiscardRecovery"],"picked":"PrismaMod:ChloeCheapDefendTwo","floor":29.0},{"not_picked":["ReplayTheSpireMod:Black Plague","ReplayTheSpireMod:Echoes of Time"],"picked":"infinitespire:FutureSight","floor":30.0},{"not_picked":["PrismaMod:ChloeHalloween","PrismaMod:ChloeAnyUncommonTrace"],"picked":"PrismaMod:ChloeReshuffleDiscard","floor":33.0},{"not_picked":["PrismaMod:ChloeCommonAOEAttack+1","PrismaMod:ChloeDiscardRecovery"],"picked":"PrismaMod:ChloeCheapDefendTwo+1","floor":35.0},{"not_picked":["PrismaMod:ChloeCheapDefendTwo","PrismaMod:ChloeDemonicTutor","PrismaMod:ChloeExhaustOne+1"],"picked":"SKIP","floor":36.0},{"not_picked":["PrismaMod:ChloeCheapAttackTwo+1","PrismaMod:ChloeCommonAOEAttack+1","PrismaMod:ChloeExhaustOne+1"],"picked":"SKIP","floor":37.0},{"not_picked":["PrismaMod:ChloeCheapDefend","PrismaMod:ChloeCheapAttack+1"],"picked":"PrismaMod:ChloeCheapDefendTwo+1","floor":41.0},{"not_picked":["PrismaMod:ChloeExhaustTwo","PrismaMod:ChloeAnyCommonTrace"],"picked":"PrismaMod:ChloeChristmas","floor":42.0},{"not_picked":["PrismaMod:ChloeCheapAttackTwo+1","PrismaMod:ChloeCheapAttack+1"],"picked":"PrismaMod:ChloeDemonicTutor+1","floor":47.0},{"not_picked":["PrismaMod:ChloeUncommonAOEAttack+1","PrismaMod:ChloeGaeBolg+1","PrismaMod:ChloeCheapDefendTwo"],"picked":"SKIP","floor":47.0},{"not_picked":["PrismaMod:ChloeRhongomyniad+1","PrismaMod:ChloeExhaustOne","PrismaMod:ChloeCheapDefendTwo+1"],"picked":"SKIP","floor":47.0},{"not_picked":["PrismaMod:ChloeCheapAttack+1","PrismaMod:ChloeCheapDefendTwo"],"picked":"PrismaMod:ChloeChristmas","floor":49.0},{"not_picked":["PrismaMod:ChloeCheapAttack+1","PrismaMod:ChloeCheapDefend"],"picked":"PrismaMod:ChloeBetterTracePools+1","floor":50.0},{"not_picked":["PrismaMod:ChloeRhongomyniad+1","PrismaMod:ChloeChristmas","PrismaMod:ChloeCommonAOEAttack+1"],"picked":"SKIP","floor":50.0},{"not_picked":["PrismaMod:ChloeDiscardRecovery","PrismaMod:ChloeCheapAttack+1","PrismaMod:ChloeExhaustOne+1"],"picked":"SKIP","floor":50.0},{"not_picked":["PrismaMod:ChloeCarnivalAttack+1","PrismaMod:ChloeAnyRareTrace"],"picked":"PrismaMod:ChloeReshuffleDiscard","floor":52.0},{"not_picked":["PrismaMod:ChloeCheapAttackTwo+1","PrismaMod:ChloeCheapDefendTwo","PrismaMod:ChloeCheapAttack+1"],"picked":"SKIP","floor":54.0},{"not_picked":["PrismaMod:ChloeCheapDefend","PrismaMod:ChloeCheapDefendTwo","PrismaMod:ChloeDiscardRecovery"],"picked":"SKIP","floor":54.0},{"not_picked":["PrismaMod:ChloeCheapDefend","PrismaMod:ChloeExcalibur+1","PrismaMod:ChloeDiscardRecovery"],"picked":"SKIP","floor":54.0},{"not_picked":["PrismaMod:ChloeGaeBolg+1","PrismaMod:ChloeMordred","PrismaMod:ChloeEyeOfTheEuryale+1"],"picked":"SKIP","floor":58.0},{"not_picked":["PrismaMod:ChloeCommonAOEAttack+1","PrismaMod:ChloeCheapDefendTwo","PrismaMod:ChloeRuleBreaker+1"],"picked":"SKIP","floor":58.0},{"not_picked":["PrismaMod:ChloeRhongomyniad+1","PrismaMod:ChloeExhaustTwo","PrismaMod:ChloeRitsuka"],"picked":"SKIP","floor":58.0},{"not_picked":["PrismaMod:ChloeMordred","PrismaMod:ChloeExhaustOne","PrismaMod:ChloeDiscardRecovery"],"picked":"SKIP","floor":61.0},{"not_picked":["PrismaMod:ChloeUncommonAttack+1","PrismaMod:ChloeExhaustThree","PrismaMod:ChloeCheapDefend"],"picked":"SKIP","floor":61.0},{"not_picked":["PrismaMod:ChloeDiscardRecovery","PrismaMod:ChloeCheapDefend","PrismaMod:ChloeEyeOfTheEuryale+1"],"picked":"SKIP","floor":61.0},{"not_picked":["PrismaMod:ChloeCheapAttackTwo+1","PrismaMod:ChloeRhongomyniad+1","PrismaMod:ChloeCheapDefendTwo"],"picked":"SKIP","floor":63.0},{"not_picked":["PrismaMod:ChloeCheapDefendTwo","PrismaMod:ChloeCheapAttack+1","PrismaMod:ChloeCheapDefend"],"picked":"SKIP","floor":63.0},{"not_picked":["PrismaMod:ChloeUncommonAttack+1","PrismaMod:ChloeGaeBolg+1","PrismaMod:ChloeCheapDefendTwo"],"picked":"SKIP","floor":63.0},{"not_picked":["PrismaMod:ChloeCaladbolg+1","PrismaMod:ChloeRhongomyniad+1","PrismaMod:ChloeCheapAttackTwo+1"],"picked":"SKIP","floor":65.0},{"not_picked":["PrismaMod:ChloeRhongomyniad+1","PrismaMod:ChloeDiscardRecovery","PrismaMod:ChloeAnyPowerTrace"],"picked":"SKIP","floor":67.0},{"not_picked":["PrismaMod:ChloeRuleBreaker+1","PrismaMod:ChloeCheapAttackTwo+1","PrismaMod:ChloeCheapAttack+1"],"picked":"SKIP","floor":67.0},{"not_picked":["PrismaMod:ChloeDemonicTutor","PrismaMod:ChloeDiscardRecovery","PrismaMod:ChloeMordred"],"picked":"SKIP","floor":67.0},{"not_picked":["PrismaMod:ChloeGreatTracePools","PrismaMod:ChloeAnyUncommonTrace"],"picked":"PrismaMod:ChloeCarnivalDefend","floor":69.0},{"not_picked":["PrismaMod:ChloeMordred","PrismaMod:ChloeCommonAOEAttack+1","PrismaMod:ChloeCheapAttackTwo+1"],"picked":"SKIP","floor":71.0},{"not_picked":["PrismaMod:ChloeUncommonAOEAttack+1","PrismaMod:ChloeDiscardRecovery","PrismaMod:ChloeCheapAttackTwo+1"],"picked":"SKIP","floor":71.0},{"not_picked":["PrismaMod:ChloeExhaustOne","PrismaMod:ChloeCheapAttackTwo+1","PrismaMod:ChloeCheapDefend"],"picked":"SKIP","floor":71.0},{"not_picked":["PrismaMod:ChloeCommonAOEAttack+1","PrismaMod:ChloeCheapDefend","PrismaMod:ChloeDiscardRecovery"],"picked":"SKIP","floor":72.0},{"not_picked":["PrismaMod:ChloeCheapAttack+1","PrismaMod:ChloeCheapDefendTwo","PrismaMod:ChloeMaid"],"picked":"SKIP","floor":72.0},{"not_picked":["PrismaMod:ChloeCommonAOEAttack+1","PrismaMod:ChloeDoubleRelicSpeed","PrismaMod:ChloeEyeOfTheEuryale+1"],"picked":"SKIP","floor":72.0},{"not_picked":["PrismaMod:ChloeCommonAOEAttack+1","PrismaMod:ChloeCheapAttack+1","PrismaMod:ChloeRuleBreaker+1"],"picked":"SKIP","floor":74.0},{"not_picked":["PrismaMod:ChloeCommonAOEAttack+1","PrismaMod:ChloeUncommonAOEAttack+1","PrismaMod:ChloeMordred"],"picked":"SKIP","floor":74.0},{"not_picked":["PrismaMod:ChloeCheapAttackTwo+1","PrismaMod:ChloeCheapAttack+1","PrismaMod:ChloeGaeBolg+1"],"picked":"SKIP","floor":74.0},{"not_picked":["PrismaMod:ChloeRhongomyniad+1","PrismaMod:ChloeCommonAOEAttack+1","PrismaMod:ChloeMaid"],"picked":"SKIP","floor":75.0},{"not_picked":["PrismaMod:ChloeGaeBolg+1","PrismaMod:ChloeCommonAOEAttack+1","PrismaMod:ChloeReshuffleDiscard"],"picked":"SKIP","floor":75.0},{"not_picked":["PrismaMod:ChloeDiscardRecovery","PrismaMod:ChloeCommonAOEAttack+1","PrismaMod:ChloeGaeBolg+1"],"picked":"SKIP","floor":75.0},{"not_picked":["PrismaMod:ChloeRhongomyniad+1","PrismaMod:ChloeDiscardRecovery","PrismaMod:ChloeExhaustOne"],"picked":"SKIP","floor":77.0},{"not_picked":["PrismaMod:ChloeCheapAttackTwo+1","PrismaMod:ChloeBetterTracePools","PrismaMod:ChloeDoubleRelicSpeed"],"picked":"SKIP","floor":82.0},{"not_picked":["PrismaMod:ChloeExhaustTwo+1","PrismaMod:ChloeCommonAOEAttack+1","PrismaMod:ChloeCheapAttackTwo+1"],"picked":"SKIP","floor":83.0},{"not_picked":["PrismaMod:ChloeCheapDefend","PrismaMod:ChloeExhaustOne+1","PrismaMod:ChloeCheapDefendTwo"],"picked":"SKIP","floor":83.0},{"not_picked":["PrismaMod:ChloeRitsuka","PrismaMod:ChloeDiscardRecovery","PrismaMod:ChloeCheapAttack+1"],"picked":"SKIP","floor":83.0},{"not_picked":["PrismaMod:ChloeCheapAttack+1","PrismaMod:ChloeCommonAOEAttack+1"],"picked":"PrismaMod:ChloeEyeOfTheEuryale+1","floor":88},{"not_picked":["PrismaMod:ChloeRitsuka","PrismaMod:ChloeCommonAOEAttack+1","PrismaMod:ChloeBetterTracePools+1"],"picked":"SKIP","floor":88},{"not_picked":["PrismaMod:ChloeBetterTracePools+1","PrismaMod:ChloeCheapAttackTwo+1","PrismaMod:ChloeCommonAOEAttack+1"],"picked":"SKIP","floor":88},{"not_picked":["Apotheosis","Metamorphosis"],"picked":"ReplayTheSpireMod:Private Reserves","floor":89},{"not_picked":["PrismaMod:ChloeCommonAOEAttack+1","PrismaMod:ChloeRitsuka+1","PrismaMod:ChloeExhaustOne+1"],"picked":"SKIP","floor":90},{"not_picked":["PrismaMod:ChloeCommonAOEAttack+1","PrismaMod:ChloeCheapDefend+1","PrismaMod:ChloeGaeBolg+1"],"picked":"SKIP","floor":90},{"not_picked":["PrismaMod:ChloeCheapAttackTwo+1","PrismaMod:ChloeExhaustTwo+1","PrismaMod:ChloeDiscardRecovery"],"picked":"SKIP","floor":90},{"not_picked":["PrismaMod:ChloeCheapDefend","PrismaMod:ChloeExhaustOne","PrismaMod:ChloeRitsuka"],"picked":"SKIP","floor":92},{"not_picked":["PrismaMod:ChloeDiscardRecovery+1","PrismaMod:ChloeCommonAOEAttack+1","PrismaMod:ChloeRitsuka+1"],"picked":"SKIP","floor":92},{"not_picked":["PrismaMod:ChloeExhaustOne+1","PrismaMod:ChloeCommonAOEAttack+1","PrismaMod:ChloeDiscardRecovery"],"picked":"SKIP","floor":92},{"not_picked":["infinitespire:Gouge","infinitespire:Execution"],"picked":"infinitespire:Menacing","floor":97},{"not_picked":["PrismaMod:ChloeExhaustOne+1","PrismaMod:ChloeMordred"],"picked":"PrismaMod:ChloeDevil+","floor":97},{"not_picked":["PrismaMod:ChloeExhaustOne","PrismaMod:ChloeCheapDefend+1","PrismaMod:ChloeUncommonDefend+1"],"picked":"SKIP","floor":97},{"not_picked":["PrismaMod:ChloeCommonAOEAttack+1","PrismaMod:ChloeExhaustOne","PrismaMod:ChloeCheapDefend+1"],"picked":"SKIP","floor":97},{"not_picked":["Gatherer:Duplicator+1","Sweeping Beam+1"],"picked":"thethorton:ROI+1","floor":101},{"not_picked":["thethorton:GoldBuffer+1","PrismaMod:ChloeDiscardRecovery+1","PrismaMod:MiyuCheapStrBuff"],"picked":"SKIP","floor":101},{"not_picked":["jedi:BurstFrost+1","PrismaMod:IllyaZwei","Replay:Undeath\u0027s Touch+1"],"picked":"SKIP","floor":101}],"player_experience":180658,"relics_obtained":[{"floor":7.0,"key":"Bag of Marbles"},{"floor":9.0,"key":"Bag of Preparation"},{"floor":12.0,"key":"Strawberry"},{"floor":23.0,"key":"Calipers"},{"floor":26.0,"key":"Ancient Tea Set"},{"floor":28.0,"key":"aspiration:Stabinomicon"},{"floor":42.0,"key":"Gremlin Horn"},{"floor":43.0,"key":"hubris:DuctTape"},{"floor":49.0,"key":"Runesmith:AutoHammer"},{"floor":51.0,"key":"Ring of Peace"},{"floor":55.0,"key":"Meat on the Bone"},{"floor":56.0,"key":"PreservedInsect"},{"floor":62.0,"key":"Omamori"},{"floor":65.0,"key":"ReplayFunnel"},{"floor":68.0,"key":"Replay:Ringing Soul"},{"floor":77.0,"key":"Letter Opener"},{"floor":79.0,"key":"aspiration:TomeofQuesting"},{"floor":82.0,"key":"Dream Catcher"},{"floor":91,"key":"jedi:kaleidoscope"},{"floor":96,"key":"Chameleon Ring"},{"floor":98,"key":"Pet Ghost"},{"floor":102,"key":"Golden Egg"}],"event_choices":[{"cards_removed":["PrismaMod:ChloeAnyPowerTrace"],"damage_healed":0.0,"max_hp_gain":0.0,"max_hp_loss":0.0,"gold_gain":0.0,"event_name":"betterNote:BetterNote","player_choice":"Take \u0026 Give","floor":19.0,"gold_loss":0.0,"damage_taken":0.0,"cards_obtained":["Mayhem"]},{"damage_healed":0.0,"max_hp_gain":0.0,"max_hp_loss":0.0,"gold_gain":0.0,"event_name":"The Woman in Blue","player_choice":"Bought 0 Potions","floor":31.0,"gold_loss":0.0,"damage_taken":0.0},{"damage_healed":0.0,"max_hp_gain":0.0,"max_hp_loss":0.0,"gold_gain":0.0,"event_name":"Dead Adventurer","player_choice":"Searched \u00271\u0027 times","floor":55.0,"gold_loss":0.0,"damage_taken":0.0},{"damage_healed":0.0,"max_hp_gain":0.0,"max_hp_loss":0.0,"gold_gain":213.0,"event_name":"betterSkull:BetterSkull","player_choice":"UP UP GO GO ","floor":57.0,"gold_loss":0.0,"damage_taken":52.0,"cards_upgraded":["PrismaMod:ChloeCheapDefend","PrismaMod:ChloeCommonAttack"],"relics_obtained":[]},{"cards_removed":["Pot Of Greed"],"damage_healed":0.0,"max_hp_gain":0.0,"max_hp_loss":0.0,"gold_gain":0.0,"event_name":"Purifier","player_choice":"Purged","floor":73.0,"gold_loss":0.0,"damage_taken":0.0},{"damage_healed":0.0,"max_hp_gain":0.0,"max_hp_loss":0.0,"gold_gain":99.0,"event_name":"betterThird:BetterNest","player_choice":"Steal","floor":78.0,"gold_loss":0.0,"damage_taken":0.0},{"damage_healed":0.0,"max_hp_gain":0.0,"max_hp_loss":0.0,"gold_gain":0.0,"event_name":"Cursed Tome","player_choice":"Obtained Book","floor":81.0,"gold_loss":0.0,"damage_taken":16.0},{"damage_healed":0,"gold_gain":6,"player_choice":"1","damage_taken":0,"max_hp_gain":0,"max_hp_loss":0,"event_name":"betterStone:BetterStone","floor":89,"gold_loss":0},{"damage_healed":0,"gold_gain":0,"player_choice":"Fight","damage_taken":0,"max_hp_gain":0,"max_hp_loss":0,"event_name":"Mysterious Sphere","floor":91,"gold_loss":0},{"damage_healed":0,"gold_gain":0,"player_choice":"Embrace Madness","damage_taken":12,"max_hp_gain":0,"max_hp_loss":0,"event_name":"Winding Halls","floor":94,"gold_loss":0,"cards_obtained":["Madness","Madness"]},{"damage_healed":0,"gold_gain":0,"player_choice":"Paid","damage_taken":0,"relics_obtained":["Red Mask"],"max_hp_gain":0,"max_hp_loss":0,"event_name":"Tomb of Lord Red Mask","floor":100,"gold_loss":26}],"is_beta":false,"boss_relics":[{"not_picked":["aspiration:RitualDagger","ChewingGum"],"picked":"PrismaMod:PrismaTraceOnUpgrade"},{"not_picked":["Fusion Hammer","Honey Jar"],"picked":"vexMod:ImprovementManual"},{"not_picked":["jedi:hotpepper","vexMod:EndlessSickness"],"picked":"Coffee Dripper"},{"not_picked":["SlaversCollar","Black Star"],"picked":"aspiration:MobileForge"},{"not_picked":["ReplayTheSpireMod:SealedPack","Honey Jar"],"picked":"jedi:paperlyon"}],"items_purged_floors":[5,21,24,44,60,64],"is_endless":true,"potions_floor_spawned":[4,7,11,18,20,22,23,36,37,41,42,50,55,61,67,72,75,82,83,90,92],"ascension_level":0}}