{"host":"a5lz0e76zb3fcwkm","time":1610820078,"event":{"mods":["AchievementEnabler","BaseMod","Colored Map","Colored Powertips","Minty Spire (QoL Compilation)","StSLib","SuperFastMode"],"gold_per_floor":[109,127,142,67,84,84,97,97,123,198,98,98,18,41,41,120,170,195,195,217,217,217],"floor_reached":21,"language":"KOR","playtime":588,"items_purged":["Injury","Strike_G"],"score":342,"play_id":"a9d6d6b7-8d38-44be-a8d2-e2ffacf7d8a1","local_time":"20210117030118","is_ascension_mode":true,"campfire_choices":[{"data":"Venomology","floor":6,"key":"SMITH"},{"data":"Bouncing Flask","floor":8,"key":"SMITH"},{"data":"Footwork","floor":15,"key":"SMITH"}],"circlet_count":0,"master_deck":["AscendersBane","Strike_G","Strike_G","Strike_G","Defend_G","Defend_G","Defend_G","Defend_G","Survivor+1","Neutralize","Venomology+1","Bouncing Flask+1","Footwork+1","Escape Plan","Deflect","Well Laid Plans"],"relics":["Ring of the Snake","Toy Ornithopter","CeramicFish","Tiny House"],"acts_visited":["Exordium","TheCity"],"potions_floor_usage":[3,5,7,14,16,16,18,20,20,21,21],"damage_taken":[{"damage":4,"enemies":"Jaw Worm","floor":1,"turns":5},{"damage":2,"enemies":"2 Louse","floor":2,"turns":3},{"damage":0,"enemies":"Small Slimes","floor":3,"turns":5},{"damage":20,"enemies":"Exordium Thugs","floor":5,"turns":8},{"damage":1,"enemies":"Red Slaver","floor":7,"turns":4},{"damage":6,"enemies":"2 Fungi Beasts","floor":14,"turns":3},{"damage":10,"enemies":"The Guardian","floor":16,"turns":8},{"damage":15,"enemies":"Shell Parasite","floor":18,"turns":4},{"damage":20,"enemies":"2 Thieves","floor":20,"turns":5},{"damage":52,"enemies":"Masked Bandits","floor":21,"turns":5}],"seed_played":"2070792384748070860","potions_obtained":[{"floor":1,"key":"Dexterity Potion"},{"floor":5,"key":"DuplicationPotion"},{"floor":7,"key":"DuplicationPotion"},{"floor":17,"key":"BlessingOfTheForge"}],"is_trial":false,"path_per_floor":["M","M","M","$","M","R","M","R","T","?","$","?","?","M","R","B",null,"M","?","M","?"],"character_chosen":"THE_SILENT","items_purchased":[],"campfire_rested":0,"item_purchase_floors":[],"current_hp_per_floor":[55,53,53,53,33,33,32,32,32,21,21,26,26,25,25,25,65,55,51,41,0,0],"gold":217,"neow_bonus":"TRANSFORM_TWO_CARDS","is_daily":false,"chose_seed":false,"campfire_upgraded":3,"win_rate":0.0,"timestamp":1610820078,"path_taken":["M","M","M","$","M","R","M","R","T","?","$","?","?","M","R","BOSS","M","?","?","?"],"items_purchased_type":[],"build_version":"2020-12-22","purchased_purges":2,"victory":false,"max_hp_per_floor":[66,66,66,66,66,66,66,66,66,66,66,71,71,71,71,71,76,76,76,76,76,76],"card_choices":[{"not_picked":["Dodge and Roll","Cloak And Dagger","Leg Sweep"],"picked":"SKIP","floor":1},{"not_picked":["Endless Agony","Finisher"],"picked":"Footwork","floor":2},{"not_picked":["Reflex","Bouncing Flask","Quick Slash"],"picked":"SKIP","floor":3},{"not_picked":["Dagger Spray","Terror","Sucker Punch"],"picked":"SKIP","floor":5},{"not_picked":["Finisher","Dagger Spray","Poisoned Stab"],"picked":"SKIP","floor":7},{"not_picked":["Sucker Punch","Dagger Throw"],"picked":"Escape Plan","floor":14},{"not_picked":["Backflip","Dash"],"picked":"Deflect","floor":18},{"not_picked":["Terror","Escape Plan"],"picked":"Well Laid Plans","floor":20}],"player_experience":1753472,"relics_obtained":[{"floor":9,"key":"Toy Ornithopter"}],"event_choices":[{"damage_healed":0,"gold_gain":75,"player_choice":"Gather Gold","damage_taken":11,"max_hp_gain":0,"max_hp_loss":0,"event_name":"World of Goop","floor":10,"gold_loss":0},{"damage_healed":0,"gold_gain":0,"player_choice":"Donut","damage_taken":0,"max_hp_gain":5,"max_hp_loss":0,"event_name":"Big Fish","floor":12,"gold_loss":0},{"damage_healed":0,"gold_gain":0,"player_choice":"Paid Gold","damage_taken":0,"relics_obtained":["CeramicFish"],"max_hp_gain":0,"max_hp_loss":0,"event_name":"WeMeetAgain","floor":13,"gold_loss":80},{"damage_healed":0,"gold_gain":0,"player_choice":"Bought 0 Potions","damage_taken":0,"max_hp_gain":0,"max_hp_loss":0,"event_name":"The Woman in Blue","floor":19,"gold_loss":0},{"damage_healed":0,"gold_gain":0,"player_choice":"Fought Bandits","damage_taken":0,"max_hp_gain":0,"max_hp_loss":0,"event_name":"Masked Bandits","floor":21,"gold_loss":0}],"is_beta":false,"boss_relics":[{"not_picked":["Fusion Hammer","Ectoplasm"],"picked":"Tiny House"}],"items_purged_floors":[4,11],"is_endless":false,"potions_floor_spawned":[1,5,7],"killed_by":"Masked Bandits","ascension_level":20}}