{"host":"i0avyit1s6jb1siw","time":1610800511,"event":{"mods":["BaseMod","DeckTracker","Dota2Spire","Highlight Path","Minty Spire (QoL Compilation)","Quick Restart","StSLib","SuperFastMode"],"gold_per_floor":[109,109,123,138,156,156,24,42,42,58,78,78,78,93,93,93,93],"floor_reached":16,"language":"ENG","playtime":375,"items_purged":["Pain"],"score":192,"play_id":"c74cd458-230d-49de-8c61-70794eeeec85","local_time":"20210116133511","is_ascension_mode":true,"campfire_choices":[{"data":"Flechettes","floor":6,"key":"SMITH"},{"data":"Acrobatics","floor":13,"key":"SMITH"},{"data":"Tactician","floor":15,"key":"SMITH"}],"circlet_count":0,"master_deck":["AscendersBane","Strike_G","Strike_G","Strike_G","Strike_G","Strike_G","Defend_G","Defend_G","Defend_G","Defend_G","Defend_G","Survivor","Neutralize","Flechettes+1","Tactician+1","Dagger Throw","Acrobatics+1","Escape Plan","Parasite","Backstab"],"relics":["Ring of the Snake","Dota2Spire:Vanguard","WarpedTongs","Pantograph"],"acts_visited":["Exordium"],"potions_floor_usage":[16],"damage_taken":[{"damage":1,"enemies":"Small Slimes","floor":1,"turns":5},{"damage":6,"enemies":"Cultist","floor":3,"turns":5},{"damage":1,"enemies":"2 Louse","floor":4,"turns":3},{"damage":15,"enemies":"Lots of Slimes","floor":5,"turns":6},{"damage":19,"enemies":"2 Fungi Beasts","floor":8,"turns":5},{"damage":0,"enemies":"Exordium Wildlife","floor":10,"turns":4},{"damage":0,"enemies":"3 Louse","floor":11,"turns":4},{"damage":0,"enemies":"Large Slime","floor":14,"turns":6},{"damage":58,"enemies":"Hexaghost","floor":16,"turns":11}],"seed_played":"-5147869720465703052","potions_obtained":[{"floor":5,"key":"Poison Potion"}],"is_trial":false,"path_per_floor":["M","?","M","M","M","R","$","M","T","M","M","?","R","M","R","B"],"character_chosen":"THE_SILENT","items_purchased":["SteroidPotion"],"campfire_rested":0,"item_purchase_floors":[7],"current_hp_per_floor":[58,58,52,51,36,36,36,17,17,17,17,33,33,33,33,0,0],"gold":93,"neow_bonus":"RANDOM_COMMON_RELIC","is_daily":false,"chose_seed":false,"campfire_upgraded":3,"win_rate":0.0,"timestamp":1610800511,"path_taken":["M","?","M","M","?","R","$","M","T","M","M","?","R","M","R","BOSS"],"items_purchased_type":["Potion"],"build_version":"2020-12-22","purchased_purges":1,"victory":false,"max_hp_per_floor":[66,66,66,66,66,66,66,66,66,66,66,66,66,66,66,66,66],"card_choices":[{"not_picked":["Underhanded Strike","PiercingWail","Backflip"],"picked":"SKIP","floor":1},{"not_picked":["Underhanded Strike","Catalyst","Accuracy"],"picked":"SKIP","floor":3},{"not_picked":["Backflip","Eviscerate"],"picked":"Flechettes","floor":4},{"not_picked":["Accuracy","Acrobatics"],"picked":"Tactician","floor":5},{"not_picked":["Backstab","Dagger Spray"],"picked":"Dagger Throw","floor":8},{"not_picked":["Poisoned Stab","Expertise"],"picked":"Acrobatics","floor":10},{"not_picked":["Outmaneuver","Backflip"],"picked":"Escape Plan","floor":11},{"not_picked":["Underhanded Strike","Dagger Spray"],"picked":"Backstab","floor":14}],"player_experience":2258424,"relics_obtained":[{"floor":9,"key":"Pantograph"}],"event_choices":[{"damage_healed":0,"gold_gain":0,"player_choice":"Rummage","damage_taken":0,"relics_obtained":["WarpedTongs"],"max_hp_gain":0,"max_hp_loss":0,"event_name":"Accursed Blacksmith","floor":2,"gold_loss":0,"cards_obtained":["Pain"]},{"damage_healed":16,"gold_gain":0,"player_choice":"Healed and dodged fight","damage_taken":0,"max_hp_gain":0,"max_hp_loss":0,"event_name":"Mushrooms","floor":12,"gold_loss":0,"cards_obtained":["Parasite"]}],"is_beta":false,"boss_relics":[],"items_purged_floors":[7],"is_endless":false,"potions_floor_spawned":[5,8,10,11],"killed_by":"Hexaghost","ascension_level":20}}