{"host":"Ruben","time":1610811835,"event":{"mods":["AchievementEnabler","Aspiration","BaseMod","Better Altar","Better Match","Better Note","Better Sensory Stone","Better Skull","Better Third Choice","BetterRewards","Colored Map","Conspire","Downfall","GifTheSpireLib","Googly Eyes","Highlight Path","Hubris","Minty Spire (QoL Compilation)","Permanent Neow","Shop Mod","Spicy Shops","StSLib","Stuff the Spire","The IronCluck","everything is the same but u backflip on backflip","slay the spire mod where everything is the same but ironclad has a cowboy hat"],"gold_per_floor":[117,132,132,132,57,92,92,104,104,119,154,154,7,27,27,27,27],"floor_reached":16,"language":"ENG","playtime":1078,"items_purged":["Strike_R","Strike_R"],"score":116,"play_id":"30892a0d-9d31-471e-a3ac-3935ad5b2d2d","local_time":"20210116164355","is_ascension_mode":true,"campfire_choices":[{"floor":7,"key":"REST"},{"data":"Body Slam","floor":15,"key":"SMITH"}],"circlet_count":0,"master_deck":["Strike_R","Strike_R","Defend_R","Defend_R","Defend_R","Defend_R","Bash","Entrench","Body Slam+1","Iron Wave","Body Slam","Steam+1","Leap+1"],"relics":["aspiration:DefectSkillbook","Kunai","Toxic Egg 2","Strawberry"],"acts_visited":["Exordium"],"potions_floor_usage":[6,11,11],"damage_taken":[{"damage":0,"enemies":"2 Louse","floor":1,"turns":3},{"damage":3,"enemies":"Small Slimes","floor":2,"turns":5},{"damage":52,"enemies":"3 Sentries","floor":6,"turns":15},{"damage":0,"enemies":"Cultist","floor":8,"turns":5},{"damage":17,"enemies":"Exordium Thugs","floor":10,"turns":7},{"damage":11,"enemies":"Lagavulin","floor":11,"turns":8},{"damage":0,"enemies":"2 Fungi Beasts","floor":14,"turns":3},{"damage":57,"enemies":"The Guardian","floor":16,"turns":12}],"seed_played":"5585507643810834548","potions_obtained":[{"floor":1,"key":"BloodPotion"},{"floor":6,"key":"SpeedPotion"},{"floor":8,"key":"Ancient Potion"},{"floor":10,"key":"Swift Potion"}],"is_trial":false,"path_per_floor":["M","M","?","?","$","E","R","M","T","M","E","T","$","M","R","B"],"character_chosen":"IRONCLAD","items_purchased":["Leap+1"],"campfire_rested":1,"item_purchase_floors":[13],"current_hp_per_floor":[80,77,77,77,77,41,65,65,65,48,44,44,44,44,44,0,0],"gold":27,"neow_bonus":"BOSS_RELIC","is_daily":false,"chose_seed":false,"campfire_upgraded":1,"win_rate":0.0,"timestamp":1610811835,"path_taken":["M","M","?","?","$","E","R","M","T","?","E","?","$","M","R","BOSS"],"items_purchased_type":["Card"],"build_version":"2020-12-18","purchased_purges":2,"victory":false,"max_hp_per_floor":[80,80,80,80,80,80,80,80,80,80,87,87,87,87,87,87,87],"card_choices":[{"not_picked":["StuffTheSpire:SnapShoot","Rebound","StuffTheSpire:RockThrow","Carnage"],"picked":"SKIP","floor":1},{"not_picked":["Hologram","Anger","Steam Power"],"picked":"Entrench","floor":2},{"not_picked":["hubris:StunningStrike","Redo","Anger"],"picked":"Iron Wave","floor":6},{"not_picked":["Stack","Pommel Strike","hubris:SpecializedCircuitry"],"picked":"Body Slam","floor":8},{"not_picked":["Clothesline","StuffTheSpire:LoadUp+1","Shockwave+1"],"picked":"Steam+1","floor":10},{"not_picked":["Clothesline","StuffTheSpire:Plugnplay+1","Blizzard","Searing Blow"],"picked":"SKIP","floor":11},{"not_picked":["StuffTheSpire:LoadUp+1","Coolheaded+1","Warcry+1","Uppercut"],"picked":"SKIP","floor":14}],"player_experience":281351,"relics_obtained":[{"floor":6,"key":"Kunai"},{"floor":9,"key":"Toxic Egg 2"},{"floor":11,"key":"Strawberry"}],"event_choices":[{"cards_removed":["Strike_R"],"damage_healed":0,"gold_gain":0,"player_choice":"Purged","damage_taken":0,"max_hp_gain":0,"max_hp_loss":0,"event_name":"Purifier","floor":4,"gold_loss":0}],"is_beta":true,"boss_relics":[],"items_purged_floors":[5,13],"is_endless":false,"potions_floor_spawned":[1,6,8,10],"killed_by":"The Guardian","ascension_level":1}}