{"host":"9u9ci7gr6x9ja244","time":1610776153,"event":{"mods":["BaseMod","Downfall","Minty Spire (QoL Compilation)","StSLib"],"gold_per_floor":[349,366,366,366,386,411,411,423,437,437,437,455,469,486,500,605,605,505,505,515,615,632,388,412,412,425,440,451,451,451,451],"floor_reached":29,"language":"ZHS","playtime":1376,"items_purged":["Regret"],"score":293,"play_id":"580efaf1-26e2-4c06-8ec2-d04dc7451814","local_time":"20210116134913","is_ascension_mode":true,"campfire_choices":[{"data":"Slimebound:CorrosiveSpit","floor":1.0,"key":"SMITH"},{"data":"Slimebound:FirmFortitude","floor":11,"key":"SMITH"},{"floor":18,"key":"RECALL"},{"data":"Slimebound:Split","floor":25,"key":"SMITH"}],"circlet_count":0,"master_deck":["Slimebound:Strike_Slimebound","Slimebound:Strike_Slimebound","Slimebound:Tackle","Slimebound:Defend_Slimebound","Slimebound:Defend_Slimebound","Slimebound:Defend_Slimebound","Slimebound:Defend_Slimebound","Slimebound:Split","Slimebound:CorrosiveSpit+1","Slimebound:SplitAcid","Slimebound:LevelUp","Slimebound:FirmFortitude+1","Slimebound:RollThrough","Slimebound:GoopSpray","Slimebound:ProtectTheBoss","Slimebound:MassFeed","Slimebound:Schlurp","Slimebound:PressTheAttack","Slimebound:OozeBath","Slimebound:Split+1","Slimebound:BestDefense","Slimebound:Split","Slimebound:ComboTackle","Slimebound:RejuvenatingLick","Slimebound:Overexert","Good Instincts","downfall:Haunted","Slimebound:SlimeBrawl","Slimebound:SlimeSpikes+1","Slimebound:MassRepurpose","Doubt","Slimebound:SplitBruiser","Slimebound:LeechingTouch+1","Slimebound:SamplingLick+1"],"relics":["Slimebound:AbsorbEndCombat","Mercury Hourglass","Eternal Feather","Cursed Key","downfall:HeartBlessingBlue","downfall:GremlinSack","PreservedInsect"],"acts_visited":["Exordium","TheCity"],"potions_floor_usage":[6,16,16],"damage_taken":[{"damage":5.0,"enemies":"Small Slimes","floor":2.0,"turns":4.0},{"damage":0.0,"enemies":"2 Louse","floor":5.0,"turns":2.0},{"damage":23,"enemies":"3 Sentries","floor":6,"turns":6},{"damage":2,"enemies":"Jaw Worm","floor":8,"turns":3},{"damage":0,"enemies":"3 Louse","floor":9,"turns":2},{"damage":0,"enemies":"Red Slaver","floor":12,"turns":3},{"damage":8,"enemies":"2 Fungi Beasts","floor":13,"turns":2},{"damage":0,"enemies":"Lots of Slimes","floor":14,"turns":1},{"damage":7,"enemies":"Gremlin Gang","floor":15,"turns":3},{"damage":30,"enemies":"WA_ARCHETYPE_RETAIN","floor":16,"turns":10},{"damage":12,"enemies":"Chosen","floor":20,"turns":5},{"damage":20,"enemies":"Chosen","floor":21,"turns":4},{"damage":25,"enemies":"3 Cultists","floor":22,"turns":5},{"damage":10,"enemies":"downfall:FleeingMerchant","floor":23,"turns":4},{"damage":12,"enemies":"Snake Plant","floor":26,"turns":4},{"damage":22,"enemies":"Snecko","floor":27,"turns":7},{"damage":16,"enemies":"Centurion and Healer","floor":28,"turns":6},{"damage":13,"enemies":"Sentry and Sphere","floor":29,"turns":3}],"seed_played":"4067779354153699523","potions_obtained":[{"floor":5.0,"key":"SneckoOil"},{"floor":6,"key":"Fire Potion"},{"floor":8,"key":"SteroidPotion"},{"floor":14,"key":"DuplicationPotion"},{"floor":16,"key":"AttackPotion"},{"floor":22,"key":"EssenceOfSteel"},{"floor":26,"key":"PowerPotion"},{"floor":28,"key":"SkillPotion"}],"is_trial":false,"path_per_floor":["R","M","?","?","M","E","T","M","M","?","R","M","M","M","M","B",null,"R","?","M","?","M","$","T","R","M","M","M","M"],"character_chosen":"SLIMEBOUND","items_purchased":["Slimebound:MassRepurpose"],"campfire_rested":0,"item_purchase_floors":[23],"current_hp_per_floor":[47,44,44,44,45,24,24,24,25,25,34,35,28,43,40,17,86,96,96,85,66,43,35,35,53,41,22,11,0,0,0],"gold":451,"neow_bonus":"TWO_FIFTY_GOLD","is_daily":false,"chose_seed":false,"campfire_upgraded":3,"win_rate":0.0,"timestamp":1610776153,"path_taken":["R","M","?","?","M","E","T","M","M","?","R","?","M","M","M","BOSS","R","?","?","?","M","$","T","R","?","M","?","M"],"items_purchased_type":["Card"],"build_version":"2020-12-22","purchased_purges":1,"victory":false,"max_hp_per_floor":[65,65,65,65,65,65,65,65,65,65,65,65,65,80,83,86,86,96,96,96,96,96,96,96,96,96,96,96,96,96,96],"card_choices":[{"not_picked":["Slimebound:SplitMire","Slimebound:RollThrough"],"picked":"Slimebound:SplitAcid","floor":2.0},{"not_picked":["Slimebound:SplitAcid","Slimebound:SplitSpecialist"],"picked":"Slimebound:LevelUp","floor":5.0},{"not_picked":["Slimebound:LeechingTouch","Slimebound:GoopSpray"],"picked":"Slimebound:FirmFortitude","floor":6},{"not_picked":["Slimebound:LeechingTouch","Slimebound:GrowthPunch"],"picked":"Slimebound:RollThrough","floor":8},{"not_picked":["Slimebound:SplitLeeching","Slimebound:SplitAcid"],"picked":"Slimebound:GoopSpray","floor":9},{"not_picked":["Slimebound:LeechingTouch","Slimebound:SplitMire"],"picked":"Slimebound:ProtectTheBoss","floor":12},{"not_picked":["Slimebound:LivingWall","Slimebound:SlimeSpikes"],"picked":"Slimebound:MassFeed","floor":13},{"not_picked":["Slimebound:LeechingTouch","Slimebound:SplitLeeching"],"picked":"Slimebound:Schlurp","floor":14},{"not_picked":["Slimebound:LivingWall","Slimebound:RejuvenatingLick"],"picked":"Slimebound:PressTheAttack","floor":15},{"not_picked":["Slimebound:SelfFormingGoo","Slimebound:Teamwork"],"picked":"Slimebound:OozeBath","floor":16},{"not_picked":["Slimebound:Chomp","Slimebound:Dissolve+1"],"picked":"Slimebound:BestDefense","floor":20},{"not_picked":["Slimebound:Gluttony","Slimebound:PressTheAttack"],"picked":"Slimebound:SlimeBrawl","floor":21},{"not_picked":["Slimebound:GrowthPunch+1","Slimebound:SplitMire"],"picked":"Slimebound:SlimeSpikes+1","floor":22},{"not_picked":["Slimebound:LivingWall","Slimebound:SlimeBarrage","Slimebound:ItLooksTasty"],"picked":"SKIP","floor":23},{"not_picked":["Slimebound:DisruptingSlam+1","Slimebound:SlimeSlap"],"picked":"Slimebound:SplitBruiser","floor":26},{"not_picked":["Slimebound:LeadByExample","Slimebound:SlimeSpikes"],"picked":"Slimebound:LeechingTouch+1","floor":27},{"not_picked":["Slimebound:TongueLash","Slimebound:HauntingLick"],"picked":"Slimebound:SamplingLick+1","floor":28}],"player_experience":253452,"relics_obtained":[{"floor":6,"key":"Eternal Feather"},{"floor":21,"key":"downfall:GremlinSack"},{"floor":24,"key":"PreservedInsect"}],"event_choices":[{"damage_healed":0.0,"max_hp_gain":0.0,"max_hp_loss":0.0,"gold_gain":0.0,"event_name":"Big Fish","player_choice":"Box","floor":3.0,"gold_loss":0.0,"damage_taken":0.0,"relics_obtained":["Mercury Hourglass"],"cards_obtained":["Regret"]}],"is_beta":false,"boss_relics":[{"not_picked":["Sozu","Philosopher\u0027s Stone"],"picked":"Cursed Key"}],"items_purged_floors":[23],"is_endless":false,"potions_floor_spawned":[5,6,8,14,16,22,26,28],"killed_by":"Sentry and Sphere","ascension_level":1}}