{"host":"dlskvfecb6rtl9z1","time":1610836232,"event":{"mods":["2.2 Compatiblity","AchievementEnabler","Aspiration","BaseMod","Better Third Choice","Colored Map","Colored Powertips","Duelist Mod","Hermit","Hubris","Infinite Spire","KinomotoSakuraMod(????)","Koishi","Marisa????????","Minty Spire (QoL Compilation)","Remilia??????","Replay The Spire","Shop Mod","StSLib","Td1madao Mod","The Administrix","The Bug Knight","The Construct","The Cursed","The Disciple","The Hierophant","The Jungle","The Mystic","The Necromancer","The Runesmith","The Senshi","The Servant 0.9.4"],"gold_per_floor":[111,129,129,139,139,166,166,176,176,206,206,221,221,238,238,339,339,351,16,16,26,41,41,70,70,95,106,135,135,50,81,81,180,180,196,196,213,236,252,252,252],"floor_reached":40,"language":"ENG","playtime":2836,"items_purged":["Strike_B","Defend_B"],"score":502,"play_id":"45c6107c-6fac-4ab4-a8d3-d50becaaec36","local_time":"20210117003032","is_ascension_mode":true,"campfire_choices":[{"data":"Sweeping Beam","floor":7,"key":"SMITH"},{"floor":11,"key":"REST"},{"data":"Static Discharge","floor":13,"key":"SMITH"},{"floor":15,"key":"REST"},{"data":"Static Discharge","floor":23,"key":"SMITH"},{"floor":29,"key":"REST"},{"floor":32,"key":"REST"}],"circlet_count":0,"master_deck":["Strike_B+1","Strike_B+1","Strike_B+1","Defend_B","Defend_B","Zap+1","Dualcast","Beam Cell","ReplayTheSpireMod:Calculation Training+1","Sweeping Beam+1","Doom and Gloom","Static Discharge+1","Static Discharge+1","Panic Button+1","Self Repair","Biased Cognition","Chill+1"],"relics":["Cracked Core","hubris:Towel","Nunchaku","Omamori","Gremlin Food","Velvet Choker","Garlic","MutagenicStrength","Bottled Tornado","Replay:Frozen Program","aspiration:FutureDiary","Geode","Anchor","White Beast Statue","Bronze Scales","hubris:ScarierMask","Replay:Baseball"],"acts_visited":["Exordium","TheCity","TheBeyond"],"potions_floor_usage":[6,6,16,16,24,28,33,40,40,40],"damage_taken":[{"damage":3,"enemies":"Jaw Worm","floor":1,"turns":4},{"damage":0,"enemies":"Small Slimes","floor":2,"turns":2},{"damage":0,"enemies":"2 Louse","floor":4,"turns":2},{"damage":13,"enemies":"3 Sentries","floor":6,"turns":5},{"damage":0,"enemies":"2 Fungi Beasts","floor":8,"turns":2},{"damage":30,"enemies":"Gremlin Nob","floor":10,"turns":4},{"damage":6,"enemies":"Gremlin Gang","floor":12,"turns":2},{"damage":14,"enemies":"Red Slaver","floor":14,"turns":2},{"damage":20,"enemies":"The Guardian","floor":16,"turns":8},{"damage":14,"enemies":"Chosen","floor":18,"turns":4},{"damage":16,"enemies":"2 Thieves","floor":21,"turns":3},{"damage":15,"enemies":"Snake Plant","floor":22,"turns":3},{"damage":7,"enemies":"Replay:Snechameleon","floor":24,"turns":4},{"damage":6,"enemies":"Chosen and Byrds","floor":27,"turns":3},{"damage":16,"enemies":"Gremlin Leader","floor":28,"turns":4},{"damage":3,"enemies":"Book of Stabbing","floor":31,"turns":3},{"damage":18,"enemies":"hubris:MusketHawk","floor":33,"turns":7},{"damage":24,"enemies":"3 Shapes","floor":35,"turns":3},{"damage":5,"enemies":"3 Darklings","floor":37,"turns":3},{"damage":1,"enemies":"Sphere and 2 Shapes","floor":39,"turns":3},{"damage":75,"enemies":"Giant Head","floor":40,"turns":7}],"seed_played":"3602952287365204086","potions_obtained":[{"floor":0,"key":"EssenceOfDarkness"},{"floor":0,"key":"Fire Potion"},{"floor":0,"key":"LiquidMemories"},{"floor":2,"key":"BlessingOfTheForge"},{"floor":6,"key":"FearPotion"},{"floor":10,"key":"FearPotion"},{"floor":12,"key":"Dexterity Potion"},{"floor":14,"key":"PowerPotion"},{"floor":18,"key":"SpeedPotion"},{"floor":27,"key":"Doom Potion"},{"floor":31,"key":"Flashbang"},{"floor":33,"key":"BlessingOfTheForge"},{"floor":35,"key":"ColorlessPotion"},{"floor":37,"key":"Weak Potion"},{"floor":39,"key":"EssenceOfDarkness"}],"is_trial":false,"path_per_floor":["M","M","?","M","?","E","R","M","T","E","R","M","R","M","R","B",null,"M","$","?","M","M","R","E","AVR","T","M","E","R","?","E","R","B",null,"M","?","M","T","M","E"],"character_chosen":"DEFECT","items_purchased":["Garlic"],"campfire_rested":4,"item_purchase_floors":[19],"current_hp_per_floor":[72,72,72,72,72,59,59,59,59,29,51,45,45,31,53,33,75,61,61,61,45,30,30,23,23,23,17,1,23,23,27,49,38,75,58,58,60,60,66,0,0],"gold":252,"neow_bonus":"THREE_SMALL_POTIONS","is_daily":false,"chose_seed":false,"campfire_upgraded":3,"win_rate":0.0,"timestamp":1610836232,"path_taken":["M","M","?","M","?","E","R","M","T","E","R","M","R","M","R","BOSS","M","$","?","M","M","R","E","AVR","T","M","E","R","?","E","R","BOSS","M","?","?","?","M","E"],"items_purchased_type":["Relic"],"build_version":"2020-12-22","purchased_purges":2,"victory":false,"max_hp_per_floor":[75,75,75,75,75,75,75,75,75,75,75,75,75,75,75,75,75,75,75,75,75,75,75,75,75,75,75,75,75,75,75,75,75,75,75,75,75,75,75,75,75],"card_choices":[{"not_picked":["Stack","Consume"],"picked":"Beam Cell","floor":1},{"not_picked":["BasicCrystalCard","Steam"],"picked":"ReplayTheSpireMod:Calculation Training","floor":2},{"not_picked":["ReplayTheSpireMod:System Scan","Leap","Aggregate"],"picked":"SKIP","floor":4},{"not_picked":["Barrage","Ball Lightning"],"picked":"Sweeping Beam","floor":6},{"not_picked":["Gash","Cold Snap"],"picked":"Doom and Gloom","floor":8},{"not_picked":["Fission","Coolheaded","Beam Cell"],"picked":"SKIP","floor":10},{"not_picked":["Ball Lightning","Conserve Battery"],"picked":"Static Discharge","floor":12},{"not_picked":["ReplayTheSpireMod:Reroute Power","Genetic Algorithm","BasicCrystalCard"],"picked":"SKIP","floor":14},{"not_picked":["Heatsinks","Gash","Coolheaded"],"picked":"SKIP","floor":18},{"not_picked":["Cold Snap","Melter"],"picked":"Static Discharge","floor":21},{"not_picked":["Beam Cell","Skim"],"picked":"Panic Button+1","floor":22},{"not_picked":["Cold Snap+1","Conserve Battery","Leap+1"],"picked":"SKIP","floor":24},{"not_picked":["Leap","ReplayTheSpireMod:Repulse","Skim"],"picked":"SKIP","floor":27},{"not_picked":["Skim","Sweeping Beam"],"picked":"Self Repair","floor":28},{"not_picked":["Coolheaded","hubris:Prefetch","BasicCrystalCard"],"picked":"SKIP","floor":31},{"not_picked":["Seek","Creative AI"],"picked":"Biased Cognition","floor":33},{"not_picked":["Cold Snap","Genetic Algorithm","Capacitor+1"],"picked":"SKIP","floor":35},{"not_picked":["Gash+1","Ball Lightning"],"picked":"Chill+1","floor":37},{"not_picked":["Barrage","Ball Lightning+1","Leap"],"picked":"SKIP","floor":39}],"player_experience":137610,"relics_obtained":[{"floor":6,"key":"Nunchaku"},{"floor":9,"key":"Omamori"},{"floor":10,"key":"Gremlin Food"},{"floor":24,"key":"Bottled Tornado"},{"floor":26,"key":"Geode"},{"floor":28,"key":"Anchor"},{"floor":31,"key":"Bronze Scales"},{"floor":38,"key":"Replay:Baseball"}],"event_choices":[{"damage_healed":0,"gold_gain":0,"player_choice":"Inject Mutagens","damage_taken":0,"relics_obtained":["MutagenicStrength"],"max_hp_gain":0,"max_hp_loss":0,"event_name":"Drug Dealer","floor":20,"gold_loss":0},{"damage_healed":0,"gold_gain":0,"player_choice":"Obtained Relic","damage_taken":0,"relics_obtained":["White Beast Statue"],"max_hp_gain":0,"max_hp_loss":0,"event_name":"Addict","floor":30,"gold_loss":85},{"cards_removed":["Defend_B"],"damage_healed":0,"gold_gain":0,"player_choice":"Purged","damage_taken":0,"max_hp_gain":0,"max_hp_loss":0,"event_name":"Purifier","floor":36,"gold_loss":0}],"is_beta":false,"boss_relics":[{"not_picked":["Pandora\u0027s Box","Replay:Drink Me"],"picked":"Velvet Choker"},{"not_picked":["ReplayTheSpireMod:SealedPack","infinitespire:Cupcake"],"picked":"hubris:ScarierMask"}],"items_purged_floors":[19,25],"is_endless":false,"potions_floor_spawned":[2,6,10,12,14,18,27,31,33,35,37,39],"killed_by":"Giant Head","ascension_level":2}}