{"host":"1ecbliur7lfoj0sl","time":1610766687,"event":{"mods":["BaseMod","GungeonMod","GungeonMod Extend","Minty Spire (QoL Compilation)","StSLib","Waifu the Spire"],"gold_per_floor":[112,112,37,51,67,67,67,67,91,125,125,125,145,173,173,283,283,318,329,329,81,94,94,19,19,19,19,30,69,69,93,93,194,194,208,208,218,237,78,103,156,156,191,48,76,76,103,126,126,131,131,131,131,161,161,161,175,130,100,100,115,115,148,164,190,190,190,218,234,247,247,247],"floor_reached":73,"language":"ZHS","playtime":4020,"items_purged":["DemoMod:Strike_Huntress","DemoMod:RustySidearm","DemoMod:Defend_Huntress+1"],"score":1789,"play_id":"1942bc0e-592c-4ea7-a16f-63859b35952a","local_time":"20210116111127","is_ascension_mode":true,"campfire_choices":[{"data":"DemoMod:TeaPot","floor":6.0,"key":"SMITH"},{"data":"DemoMod:ManualReload","floor":8.0,"key":"SMITH"},{"data":"DemoMod:ShadowBullets","floor":12.0,"key":"SMITH"},{"data":"DemoMod:TableSutra","floor":15.0,"key":"SMITH"},{"data":"DemoMod:Gungine","floor":23.0,"key":"SMITH"},{"data":"DemoMod:ShadowBullets","floor":30.0,"key":"SMITH"},{"data":"DemoMod:FastSwitch","floor":32.0,"key":"SMITH"},{"data":"DemoMod:ConditionalReflex","floor":42.0,"key":"SMITH"},{"floor":49.0,"key":"RECALL"},{"data":"DemoMod:FullFirepower","floor":52.0,"key":"SMITH"},{"data":"DemoMod:PracticeMakesPerfect","floor":67.0,"key":"SMITH"},{"data":"DemoMod:HardPowerCard","floor":71.0,"key":"SMITH"}],"circlet_count":0,"master_deck":["DemoMod:Defend_Huntress+1","DemoMod:Roll+1","DemoMod:ManualReload+1","DemoMod:CrossBow+1","DemoMod:TeaPot+1","DemoMod:ShadowBullets+1","DemoMod:ShadowBullets+1","DemoMod:TableSutra+1","DemoMod:Gungine+1","DemoMod:FastSwitch+1","DemoMod:GunslingerForm","DemoMod:HardPowerCard+1","DemoMod:HungryBullets+1","DemoMod:ConditionalReflex+1","DemoMod:FullFirepower+1","DemoMod:FastSwitch+1","DemoMod:FastSwitch+1","Burn+1","Burn+1","Burn+1","Burn+1","DemoMod:PracticeMakesPerfect+1","Burn+1","Burn+1","Burn+1","Burn+1"],"relics":["DemoMod:Dog","DemoMod:MonsterBlood","DemoMod:WhiteGuonStone","War Paint","DemoMod:RiddleOfLead","DemoMod:BigBoy","DemoMod:Orange","DemoMod:Ammonomicon","DemoMod:HoleyGrail","DemoMod:ElasticCartridgeClip","DemoExt:KalibersBlessing","DemoExt:AmmoSynthesizer","StoneCalendar","Lizard Tail","DemoMod:Plus1Bullets","DemoMod:ClearGuonStone","Regal Pillow","DemoExt:ArmorSynthesizer","Ornamental Fan","DemoMod:GlassGuonStoneRelic","DemoExt:Turkey","DemoMod:Armor","DemoMod:WeirdEgg","Happy Flower"],"acts_visited":["Exordium","TheCity","TheBeyond","TheEnding","TheEnding"],"potions_floor_usage":[],"damage_taken":[{"damage":1.0,"enemies":"2 Louse","floor":1.0,"turns":3.0},{"damage":0.0,"enemies":"Cultist","floor":4.0,"turns":2.0},{"damage":2.0,"enemies":"Jaw Worm","floor":5.0,"turns":2.0},{"damage":5.0,"enemies":"3 Sentries","floor":10.0,"turns":3.0},{"damage":3.0,"enemies":"3 Louse","floor":13.0,"turns":2.0},{"damage":0.0,"enemies":"Gremlin Nob","floor":14.0,"turns":3.0},{"damage":0.0,"enemies":"The Guardian","floor":16.0,"turns":9.0},{"damage":0.0,"enemies":"Shell Parasite","floor":18.0,"turns":5.0},{"damage":6.0,"enemies":"2 Thieves","floor":19.0,"turns":3.0},{"damage":1.0,"enemies":"Snake Plant","floor":22.0,"turns":4.0},{"damage":1.0,"enemies":"Shelled Parasite and Fungi","floor":28.0,"turns":4.0},{"damage":11.0,"enemies":"Book of Stabbing","floor":29.0,"turns":5.0},{"damage":4.0,"enemies":"Snecko","floor":31.0,"turns":5.0},{"damage":22.0,"enemies":"Collector","floor":33.0,"turns":6.0},{"damage":0.0,"enemies":"Orb Walker","floor":35.0,"turns":2.0},{"damage":39.0,"enemies":"3 Darklings","floor":37.0,"turns":3.0},{"damage":7.0,"enemies":"Jaw Worm Horde","floor":38.0,"turns":3.0},{"damage":4.0,"enemies":"Giant Head","floor":40.0,"turns":5.0},{"damage":0.0,"enemies":"2 Orb Walkers","floor":41.0,"turns":3.0},{"damage":0.0,"enemies":"Maw","floor":43.0,"turns":3.0},{"damage":0.0,"enemies":"Nemesis","floor":45.0,"turns":1.0},{"damage":0.0,"enemies":"Giant Head","floor":47.0,"turns":1.0},{"damage":8.0,"enemies":"Maw","floor":48.0,"turns":3.0},{"damage":0.0,"enemies":"Donu and Deca","floor":50.0,"turns":6.0},{"damage":0.0,"enemies":"Shield and Spear","floor":54.0,"turns":3.0},{"damage":7.0,"enemies":"The Heart","floor":55.0,"turns":4.0},{"damage":0.0,"enemies":"DemoMod:4_Bullet_Kins","floor":57.0,"turns":3.0},{"damage":33.0,"enemies":"2_Cubulons_and_AgedGunsinger","floor":61.0,"turns":4.0},{"damage":6.0,"enemies":"DemoMod:Veteran_shot_gun_kin_and_blue_shotgun_kin_with_gunsinger","floor":63.0,"turns":3.0},{"damage":0.0,"enemies":"AshenBulletKin_and_MuzzleWisp","floor":64.0,"turns":2.0},{"damage":0.0,"enemies":"DemoMod:Red_and_blue_shotgun_kin_with_gunsinger","floor":68.0,"turns":2.0},{"damage":0.0,"enemies":"MuzzleWisp_and_MuzzleFlare","floor":69.0,"turns":2.0},{"damage":0.0,"enemies":"LeadMaiden_and_Tarnisher","floor":70.0,"turns":4.0},{"damage":0,"enemies":"DemoExt:Dragun","floor":72,"turns":6}],"seed_played":"-1931186063295161080","potions_obtained":[{"floor":4.0,"key":"AttackPotion"},{"floor":5.0,"key":"Strength Potion"},{"floor":14.0,"key":"Explosive Potion"},{"floor":22.0,"key":"ColorlessPotion"},{"floor":22.0,"key":"PowerPotion"},{"floor":31.0,"key":"GamblersBrew"},{"floor":33.0,"key":"ColorlessPotion"},{"floor":35.0,"key":"Fire Potion"},{"floor":40.0,"key":"Explosive Potion"},{"floor":41.0,"key":"DuplicationPotion"},{"floor":45.0,"key":"Explosive Potion"},{"floor":48.0,"key":"SkillPotion"},{"floor":57.0,"key":"AttackPotion"},{"floor":61.0,"key":"GamblersBrew"},{"floor":70.0,"key":"Weak Potion"}],"is_trial":false,"path_per_floor":["M","?","$","M","M","R","$","R","T","E","?","R","M","E","R","B",null,"M","M","?","$","M","R","?","?","T","?","M","E","R","M","R","B",null,"M","?","M","M","$","E","?","R","T","$","E","T","E","M","R","B",null,"R","$","E","B",null,"M","?","?","?","M","$","E","M","T","?","R","E","M","M","R","B",null],"character_chosen":"HUNTRESS","items_purchased":["DemoMod:BigBoy","DemoMod:HungryBullets","DemoMod:ClearGuonStone"],"campfire_rested":0,"item_purchase_floors":[21,39,44],"current_hp_per_floor":[62,49,49,49,47,47,47,47,54,49,49,49,46,46,46,46,80,80,74,74,74,73,73,73,73,85,85,84,73,73,69,69,47,92,92,82,53,46,46,42,42,42,42,42,42,42,42,34,34,82,82,82,82,82,82,82,82,82,82,82,49,49,53,53,53,53,53,63,63,63,63,63],"gold":247,"neow_bonus":"REMOVE_TWO","is_daily":false,"chose_seed":false,"campfire_upgraded":11,"win_rate":0.0,"timestamp":1610766687,"path_taken":["M","?","$","M","M","R","$","R","T","E","?","R","?","E","R","BOSS","M","M","?","$","M","R","?","?","T","?","?","E","R","M","R","BOSS","M","?","M","M","$","E","?","R","T","?","E","?","E","?","R","BOSS","R","$","E","BOSS","M","?","?","?","M","?","E","M","T","?","R","E","?","M","R","BOSS"],"items_purchased_type":["Relic","Card","Relic"],"build_version":"2020-12-22","purchased_purges":3,"victory":true,"max_hp_per_floor":[63,63,63,63,63,63,63,63,70,70,70,70,70,70,70,70,80,80,80,80,80,80,80,80,80,92,92,92,92,92,92,92,92,92,92,82,82,82,82,82,82,82,82,82,82,82,82,82,82,82,82,82,82,82,82,82,82,82,82,82,82,82,82,82,82,82,82,82,82,82,82,82],"card_choices":[{"not_picked":["DemoMod:Unmoved","DemoMod:GunstockTap"],"picked":"DemoMod:TeaPot","floor":1.0},{"not_picked":["DemoMod:JK47","DemoMod:PotionOfGunFriendShip","DemoMod:TripleGun"],"picked":"SKIP","floor":4.0},{"not_picked":["DemoMod:Rummage","DemoMod:BSG"],"picked":"DemoMod:DirectionalPad","floor":5.0},{"not_picked":["DemoMod:JK47","DemoMod:TableSutra"],"picked":"DemoMod:ShadowBullets","floor":10.0},{"not_picked":["DemoMod:AC15","DemoMod:PracticeMakesPerfect"],"picked":"DemoMod:ShadowBullets","floor":10.0},{"not_picked":["DemoMod:FeignSurrender","DemoMod:DoubleSwitch","DemoMod:SAA"],"picked":"SKIP","floor":13.0},{"not_picked":["DemoMod:ZorGun","DemoMod:PotionOfGunFriendShip"],"picked":"DemoMod:TableSutra","floor":14.0},{"not_picked":["DemoMod:Eureka","DemoMod:FullFirepower"],"picked":"DemoMod:Gungine","floor":16.0},{"not_picked":["DemoMod:MachoBrace","DemoMod:BoxingGlove+1"],"picked":"DemoMod:Ejector+1","floor":18.0},{"not_picked":["DemoMod:MegaHand","DemoMod:JK47","DemoMod:FinishedGun"],"picked":"SKIP","floor":19.0},{"not_picked":["DemoMod:BattleInHaste","DemoMod:SAA+1","DemoMod:ProbeStrike"],"picked":"SKIP","floor":22.0},{"not_picked":["DemoMod:Evolver","DemoMod:JK47","DemoMod:BattleInHaste+1"],"picked":"SKIP","floor":28.0},{"not_picked":["DemoMod:Unmoved","DemoMod:SkilledReload"],"picked":"DemoMod:Purify","floor":29.0},{"not_picked":["DemoMod:SpreadAmmo+1","DemoMod:StickyCrossBow","DemoMod:AWP"],"picked":"SKIP","floor":29.0},{"not_picked":["DemoMod:HighKaliber","DemoMod:PotionOfGunFriendShip"],"picked":"DemoMod:FastSwitch","floor":31.0},{"not_picked":["DemoMod:Behold!","DemoMod:DarkMarker"],"picked":"DemoMod:GunslingerForm","floor":33.0},{"not_picked":["DemoMod:SAA+1","DemoMod:SpreadAmmo+1","DemoMod:AbyssalTentacle"],"picked":"SKIP","floor":35.0},{"not_picked":["DemoMod:StickyCrossBow+1","DemoMod:TripleGun+1"],"picked":"DemoMod:HardPowerCard","floor":37.0},{"not_picked":["DemoMod:SpreadAmmo+1","DemoMod:GunShield+1","DemoMod:HuntsMan+1"],"picked":"SKIP","floor":38.0},{"not_picked":["DemoMod:Ejector","DemoMod:HighKaliber"],"picked":"DemoMod:ConditionalReflex","floor":40.0},{"not_picked":["DemoMod:ProbeStrike+1","DemoMod:Unmoved"],"picked":"DemoMod:FullFirepower","floor":41.0},{"not_picked":["DemoMod:GunstockTap+1","DemoMod:Unity+1","DemoMod:PotionOfGunFriendShip+1"],"picked":"SKIP","floor":43.0},{"not_picked":["DemoMod:FortunesFavor+1","DemoMod:ShadowBullets+1"],"picked":"DemoMod:FastSwitch+1","floor":45.0},{"not_picked":["DemoMod:Evolver","DemoMod:AbyssalTentacle+1"],"picked":"DemoMod:DirectionalPad","floor":47.0},{"not_picked":["DemoMod:StickyCrossBow+1","DemoMod:Polaris"],"picked":"DemoMod:FastSwitch+1","floor":48.0},{"not_picked":["DemoMod:SpreadAmmo","DemoMod:Unmoved","DemoMod:SAA"],"picked":"SKIP","floor":54.0},{"not_picked":["DemoMod:FightSabre","DemoMod:AC15+1","DemoMod:Ejector+1"],"picked":"SKIP","floor":57.0},{"not_picked":["DemoMod:AC15","DemoMod:HuntsMan","DemoMod:HardPowerCard"],"picked":"SKIP","floor":61.0},{"not_picked":["DemoMod:PotionOfGunFriendShip","DemoMod:JK47","DemoMod:DoubleSwitch"],"picked":"SKIP","floor":63.0},{"not_picked":["DemoMod:PracticeMakesPerfect","DemoMod:JK47","DemoMod:Ejector"],"picked":"SKIP","floor":64.0},{"not_picked":["DemoMod:JK47","DemoMod:Ejector"],"picked":"DemoMod:PracticeMakesPerfect","floor":64.0},{"not_picked":["DemoMod:ZorGun","DemoMod:Evolver","DemoMod:Elimentaler"],"picked":"SKIP","floor":68.0},{"not_picked":["DemoMod:BoxingGlove","DemoMod:ConditionalReflex","DemoMod:HungryBullets"],"picked":"SKIP","floor":69.0},{"not_picked":["DemoMod:TeaPot","DemoMod:Unmoved","DemoMod:FastSwitch"],"picked":"SKIP","floor":70.0}],"player_experience":21481,"relics_obtained":[{"floor":9.0,"key":"DemoMod:MonsterBlood"},{"floor":10.0,"key":"DemoMod:WhiteGuonStone"},{"floor":14.0,"key":"War Paint"},{"floor":26.0,"key":"DemoMod:Orange"},{"floor":29.0,"key":"DemoMod:HoleyGrail"},{"floor":40.0,"key":"DemoExt:AmmoSynthesizer"},{"floor":41.0,"key":"StoneCalendar"},{"floor":43.0,"key":"Lizard Tail"},{"floor":43.0,"key":"DemoMod:Plus1Bullets"},{"floor":45.0,"key":"Regal Pillow"},{"floor":47.0,"key":"DemoExt:ArmorSynthesizer"},{"floor":54.0,"key":"Ornamental Fan"},{"floor":63.0,"key":"DemoExt:Turkey"},{"floor":65.0,"key":"DemoMod:WeirdEgg"},{"floor":68.0,"key":"Happy Flower"}],"event_choices":[{"damage_healed":0.0,"max_hp_gain":0.0,"max_hp_loss":0.0,"gold_gain":0.0,"event_name":"Shining Light","player_choice":"Entered Light","floor":2.0,"gold_loss":0.0,"damage_taken":13.0,"cards_upgraded":["DemoMod:Defend_Huntress","DemoMod:CrossBow"]},{"cards_removed":["DemoMod:Defend_Huntress"],"damage_healed":0.0,"max_hp_gain":0.0,"max_hp_loss":0.0,"gold_gain":0.0,"event_name":"Purifier","player_choice":"Purged","floor":11.0,"gold_loss":0.0,"damage_taken":0.0},{"cards_removed":["DemoMod:Defend_Huntress"],"damage_healed":0.0,"max_hp_gain":0.0,"max_hp_loss":0.0,"gold_gain":0.0,"event_name":"Beggar","player_choice":"Gave Gold","floor":24.0,"gold_loss":75.0,"damage_taken":0.0},{"damage_healed":0.0,"max_hp_gain":0.0,"max_hp_loss":0.0,"gold_gain":0.0,"event_name":"Mysterious Sphere","player_choice":"Fight","floor":41.0,"gold_loss":0.0,"damage_taken":0.0},{"damage_healed":0.0,"max_hp_gain":0.0,"max_hp_loss":0.0,"gold_gain":0.0,"event_name":"Upgrade Shrine","player_choice":"Upgraded","floor":66.0,"gold_loss":0.0,"damage_taken":0.0,"cards_upgraded":["DemoMod:HungryBullets"]}],"is_beta":false,"boss_relics":[{"not_picked":["Astrolabe","Sozu"],"picked":"DemoMod:RiddleOfLead"},{"not_picked":["DemoExt:Clone","Fusion Hammer"],"picked":"DemoMod:ElasticCartridgeClip"}],"items_purged_floors":[3,21,39],"is_endless":false,"potions_floor_spawned":[4,5,14,22,22,28,31,33,35,40,41,45,48,54,57,61,70,70],"ascension_level":1}}