{"host":"vrsxkkch9ccrec7k","time":1610837033,"event":{"mods":["Act Like it!","BaseMod","Bestiary","Better Sensory Stone","Better Third Choice","Better Vampires","Downfall","Minty Spire (QoL Compilation)","Permanent Neow","Relic Stats","Spicy Shops","StSLib"],"gold_per_floor":[99,115,25,25,25,38,84,84,115,115,135,146,177,205,242,258,258],"floor_reached":16,"language":"ENG","playtime":1296,"items_purged":["sneckomod:Strike"],"score":129,"play_id":"0b8bed13-49e2-4a14-8660-4b3667272aeb","local_time":"20210116174353","is_ascension_mode":true,"campfire_choices":[{"data":"sneckomod:SnekBite","floor":1,"key":"SMITH"},{"data":"sneckomod:UnknownUncommonAttack","floor":8,"key":"SMITH"},{"data":"sneckomod:Unknown","floor":10,"key":"SMITH"}],"circlet_count":0,"master_deck":["sneckomod:Strike","sneckomod:Defend","sneckomod:Defend","sneckomod:Defend","sneckomod:TailWhip","sneckomod:SnekBite+1","sneckomod:Unknown","sneckomod:Unknown+1","sneckomod:MasterEye","sneckomod:SoulDraw","Dash","sneckomod:GlitteringGambit","sneckomod:QuickMove","sneckomod:ImprovisedAttack"],"relics":["sneckomod:SneckoSoul","Omamori","Art of War","Anchor","Dream Catcher","PreservedInsect"],"acts_visited":["Exordium"],"potions_floor_usage":[13,16,16],"damage_taken":[{"damage":2,"enemies":"Cultist","floor":2,"turns":4},{"damage":0,"enemies":"downfall:FleeingMerchant","floor":3,"turns":4},{"damage":3,"enemies":"Small Slimes","floor":6,"turns":2},{"damage":10,"enemies":"3 Sentries","floor":9,"turns":5},{"damage":0,"enemies":"Jaw Worm","floor":11,"turns":2},{"damage":0,"enemies":"3 Louse","floor":12,"turns":4},{"damage":33,"enemies":"Lagavulin","floor":13,"turns":9},{"damage":0,"enemies":"Large Slime","floor":14,"turns":5},{"damage":8,"enemies":"Blue Slaver","floor":15,"turns":6},{"damage":40,"enemies":"IC_STATUS_ARCHETYPE","floor":16,"turns":8}],"seed_played":"4514292497053114858","potions_obtained":[{"floor":9,"key":"Strength Potion"},{"floor":11,"key":"Dexterity Potion"},{"floor":15,"key":"AttackPotion"}],"is_trial":false,"path_per_floor":["R","M","$","?","?","M","T","R","E","R","M","M","E","M","M","B"],"character_chosen":"THE_SNECKO","items_purchased":[],"campfire_rested":0,"item_purchase_floors":[],"current_hp_per_floor":[90,88,88,88,88,85,85,85,75,75,75,75,42,42,34,0,0],"gold":258,"neow_bonus":"RANDOM_COMMON_RELIC","is_daily":false,"chose_seed":false,"campfire_upgraded":3,"win_rate":0.0,"timestamp":1610837033,"path_taken":["R","M","?","?","?","?","T","R","E","R","M","M","E","?","M","BOSS"],"items_purchased_type":[],"build_version":"2020-12-22","purchased_purges":1,"victory":false,"max_hp_per_floor":[90,90,90,90,90,90,90,90,90,90,90,90,90,90,90,90,90],"relic_stats":{"Dream Catcher":0,"counters":[10,49],"PreservedInsect":0,"Art of War":[4],"obtain_stats":[{"Anchor":7,"Dream Catcher":9,"PreservedInsect":13,"Omamori":0,"Art of War":5,"sneckomod:SneckoSoul":0},{"Anchor":3,"Dream Catcher":4,"PreservedInsect":7,"Omamori":0,"Art of War":2,"sneckomod:SneckoSoul":0},{"Anchor":10,"Dream Catcher":15,"PreservedInsect":30,"Omamori":0,"Art of War":8,"sneckomod:SneckoSoul":0}]},"card_choices":[{"not_picked":["sneckomod:DiceBlock","sneckomod:UnknownVulnerable"],"picked":"sneckomod:UnknownUncommonAttack","floor":2},{"not_picked":["sneckomod:IronFang","sneckomod:QuickMove"],"picked":"sneckomod:MasterEye","floor":3},{"not_picked":["sneckomod:IronFang","sneckomod:DiceBlock"],"picked":"sneckomod:SoulDraw","floor":6},{"not_picked":["sneckomod:UnknownCommonSkill","sneckomod:UnknownExhaust","sneckomod:Unknown2Cost"],"picked":"SKIP","floor":9},{"not_picked":["sneckomod:UnknownCommonAttack","sneckomod:SoulRoll"],"picked":"sneckomod:Memorize","floor":11},{"not_picked":["sneckomod:ImprovisedAttack","sneckomod:SnakeSap","sneckomod:UnknownCommonSkill"],"picked":"SKIP","floor":12},{"not_picked":["sneckomod:SoulCleanse","sneckomod:ImprovisedAttack"],"picked":"sneckomod:GlitteringGambit","floor":13},{"not_picked":["sneckomod:Unknown1Cost","sneckomod:DiceCrush"],"picked":"sneckomod:QuickMove","floor":14},{"not_picked":["sneckomod:Unknown1Cost","sneckomod:Memorize"],"picked":"sneckomod:ImprovisedAttack","floor":15}],"player_experience":1562512,"relics_obtained":[{"floor":5,"key":"Art of War"},{"floor":7,"key":"Anchor"},{"floor":9,"key":"Dream Catcher"},{"floor":13,"key":"PreservedInsect"}],"event_choices":[{"cards_removed":["sneckomod:Strike"],"damage_healed":0,"gold_gain":0,"player_choice":"Card Removal","damage_taken":0,"max_hp_gain":0,"max_hp_loss":0,"event_name":"The Cleric","floor":4,"gold_loss":0},{"damage_healed":0,"gold_gain":0,"player_choice":"Relic","damage_taken":0,"max_hp_gain":0,"max_hp_loss":0,"event_name":"Wheel of Change","floor":5,"gold_loss":0}],"is_beta":false,"boss_relics":[],"items_purged_floors":[3],"is_endless":false,"potions_floor_spawned":[9,11,15],"killed_by":"IC_STATUS_ARCHETYPE","ascension_level":3}}