{"host":"90gf4undrvb8ctko","time":1610764683,"event":{"mods":["2.2 Compatiblity","BaseMod","Better Altar","Better Match","Better Note","Better Sensory Stone","Better Skull","Better Third Choice","BetterRewards","Card Forge","Hermit","Hubris","Infinite Spire","Minty Spire (QoL Compilation)","Relic Filter","Replay The Spire","Robot Space Explorer","Somnambulant","StSLib","The Blackbeard","The Forsaken","The IronCluck","The Jungle","TheVacant","slay the spire mod where everything is the same but ironclad has a cowboy hat"],"gold_per_floor":[117,131,149,161,116,142,154,185,211,224,244,244,258,283,283,387,387,401,36,56,70,90,90,125,139,162,197,197,197,48,63,63,165,165,175,187,200,217,217,217,265,280,304,304,304,322,322,333,333,333],"floor_reached":51,"language":"ENG","playtime":3724,"items_purged":[],"score":1056,"play_id":"25f7f717-9e6f-4f83-9a78-c0715fb246ef","local_time":"20210115213803","is_ascension_mode":true,"campfire_choices":[{"floor":12.0,"key":"REST"},{"floor":15.0,"key":"RECALL"},{"data":"1","floor":23.0,"key":"LIFT"},{"data":"2","floor":32.0,"key":"LIFT"},{"data":"3","floor":40.0,"key":"LIFT"},{"floor":44.0,"key":"REST"},{"floor":47,"key":"REST"},{"floor":49,"key":"REST"}],"circlet_count":1,"master_deck":["RobotSpaceExplorer:Defend+1","RobotSpaceExplorer:Defend+1","RobotSpaceExplorer:Defend+1","RobotSpaceExplorer:Defend+1","RobotSpaceExplorer:Scan+1","RobotSpaceExplorer:MiniLasers+1","RobotSpaceExplorer:DoubleFind+1","RobotSpaceExplorer:DoubleFind+1","RobotSpaceExplorer:Pulsar+1","RobotSpaceExplorer:DoubleFind+1","RobotSpaceExplorer:Pulsar+1","RobotSpaceExplorer:TrailblazerForm+1","RobotSpaceExplorer:FreezeRay+1","RobotSpaceExplorer:Pulsar+1","RobotSpaceExplorer:MiniDrones+1","RobotSpaceExplorer:GearShield+1","RobotSpaceExplorer:MiniDrones+1","RobotSpaceExplorer:SwiftStep+1","RobotSpaceExplorer:TurboDodge+1","RobotSpaceExplorer:FreezeRay+1","RobotSpaceExplorer:Counterblock+1","RobotSpaceExplorer:TurboDodge+1","RobotSpaceExplorer:StunGrenade+1","RobotSpaceExplorer:ShovelStrike+1","RobotSpaceExplorer:GlueShot+1","Bite+1","Bite+1","Bite+1","Bite+1","Bite+1","RobotSpaceExplorer:StunGrenade+1","RobotSpaceExplorer:Blaster+1","RobotSpaceExplorer:ExhaustFan+1","RobotSpaceExplorer:ScrapMissile+1","RobotSpaceExplorer:DoubleFind+1","RobotSpaceExplorer:GlueShot+1","RobotSpaceExplorer:ScrapShield+1"],"relics":["RobotSpaceExplorer:TurboCore","Hammer of Thor","Seething Fire","Anvil of the Gods","infinitespire:Golems Mask","ReplayFunnel","RobotSpaceExplorer:PlasmaHourglass","Vajra","hubris:64BitClover","Tiny Chest","Incense Burner","Oddly Smooth Stone","theForsaken:Kindling","Bag of Preparation","infinitespire:Cupcake","Girya","Circlet","ReplayTheSpireMod:TigerMarble","Chameleon Ring","RobotSpaceExplorer:FoglandsKnife","Art of War","Sling","infinitespire:Satchel","hubris:Spice"],"acts_visited":["Exordium","TheCity","TheBeyond"],"potions_floor_usage":[],"damage_taken":[{"damage":2.0,"enemies":"Cultist","floor":1.0,"turns":4.0},{"damage":0.0,"enemies":"Small Slimes","floor":2.0,"turns":2.0},{"damage":3.0,"enemies":"Jaw Worm","floor":3.0,"turns":2.0},{"damage":0.0,"enemies":"2 Fungi Beasts","floor":4.0,"turns":3.0},{"damage":11.0,"enemies":"Gremlin Nob","floor":6.0,"turns":5.0},{"damage":0.0,"enemies":"Looter","floor":7.0,"turns":2.0},{"damage":13.0,"enemies":"Lagavulin","floor":8.0,"turns":6.0},{"damage":11.0,"enemies":"Blue Slaver","floor":10.0,"turns":2.0},{"damage":0.0,"enemies":"3 Louse","floor":11.0,"turns":2.0},{"damage":0.0,"enemies":"Large Slime","floor":13.0,"turns":2.0},{"damage":9.0,"enemies":"3 Sentries","floor":14.0,"turns":6.0},{"damage":5.0,"enemies":"Hexaghost","floor":16.0,"turns":9.0},{"damage":0.0,"enemies":"Chosen","floor":18.0,"turns":4.0},{"damage":13.0,"enemies":"Shell Parasite","floor":20.0,"turns":4.0},{"damage":0.0,"enemies":"Snecko","floor":21.0,"turns":3.0},{"damage":12.0,"enemies":"Cultist and Chosen","floor":22.0,"turns":6.0},{"damage":3.0,"enemies":"Slavers","floor":24.0,"turns":6.0},{"damage":0.0,"enemies":"3 Cultists","floor":25.0,"turns":4.0},{"damage":0.0,"enemies":"Gremlin Leader","floor":27.0,"turns":5.0},{"damage":0.0,"enemies":"Snake Plant","floor":31.0,"turns":3.0},{"damage":26.0,"enemies":"hubris:MusketHawk","floor":33.0,"turns":7.0},{"damage":0.0,"enemies":"Orb Walker","floor":35.0,"turns":2.0},{"damage":0.0,"enemies":"3 Shapes","floor":36.0,"turns":2.0},{"damage":0.0,"enemies":"Writhing Mass","floor":37.0,"turns":3.0},{"damage":1.0,"enemies":"Sphere and 2 Shapes","floor":38.0,"turns":3.0},{"damage":0.0,"enemies":"Maw","floor":42.0,"turns":5.0},{"damage":5.0,"enemies":"4 Shapes","floor":46.0,"turns":2.0},{"damage":0,"enemies":"Transient","floor":48,"turns":5},{"damage":17,"enemies":"Time Eater","floor":50,"turns":9}],"seed_played":"-4588667026006648517","potions_obtained":[{"floor":1.0,"key":"LiquidMemories"},{"floor":2.0,"key":"FearPotion"},{"floor":4.0,"key":"sneckomod:MuddlingPotion"},{"floor":20.0,"key":"Energy Potion"}],"is_trial":false,"path_per_floor":["M","M","M","M","$","E","M","E","T","M","M","R","M","E","R","B",null,"M","$","M","M","M","R","E","M","T","E","?","?","$","M","R","B",null,"M","M","M","M","?","R","T","M","T","R","?","M","R","M","R","B",null],"character_chosen":"RobotSpaceExplorer","items_purchased":["RobotSpaceExplorer:DoubleFind","RobotSpaceExplorer:Pulsar","ReplayFunnel","RobotSpaceExplorer:PlasmaHourglass","Vajra","RobotSpaceExplorer:Pulsar","Dead Branch","RobotSpaceExplorer:FreezeRay","Sling"],"campfire_rested":4,"item_purchase_floors":[0,0,0,0,0,5,19,19,30],"current_hp_per_floor":[73,73,70,70,70,59,59,46,46,35,35,62,62,53,53,48,80,80,80,67,67,55,55,67,67,67,67,67,56,56,56,56,39,56,56,56,56,55,58,58,58,67,67,72,72,67,77,77,82,71],"gold":333,"neow_bonus":"","is_daily":false,"chose_seed":false,"campfire_upgraded":0,"win_rate":0.0,"timestamp":1610764683,"path_taken":["M","M","M","M","$","E","M","E","T","M","M","R","M","E","R","BOSS","M","$","M","M","M","R","E","M","T","E","?","?","$","M","R","BOSS","M","M","M","M","?","R","?","M","T","R","?","M","R","M","R","BOSS"],"items_purchased_type":["Card","Card","Relic","Relic","Relic","Card","Relic","Card","Relic"],"build_version":"2020-12-22","purchased_purges":0,"victory":true,"max_hp_per_floor":[75,75,75,75,75,75,75,75,75,75,75,80,80,80,80,80,80,80,80,80,80,80,80,80,80,80,80,80,56,56,56,56,56,56,56,56,56,56,59,59,59,67,67,72,72,72,77,77,82,82],"card_choices":[{"not_picked":["RobotSpaceExplorer:SurgingShield","RobotSpaceExplorer:StunGrenade"],"picked":"RobotSpaceExplorer:DoubleFind","floor":1.0},{"not_picked":["RobotSpaceExplorer:ScrapMissile","RobotSpaceExplorer:ShockKick"],"picked":"RobotSpaceExplorer:Pulsar","floor":2.0},{"not_picked":["RobotSpaceExplorer:ShockKick","RobotSpaceExplorer:ScrapShield"],"picked":"RobotSpaceExplorer:TrailblazerForm","floor":3.0},{"not_picked":["RobotSpaceExplorer:ScrapMissile","RobotSpaceExplorer:MetalStrike"],"picked":"RobotSpaceExplorer:FreezeRay","floor":4.0},{"not_picked":["RobotSpaceExplorer:ShovelStrike","RobotSpaceExplorer:StunGrenade"],"picked":"RobotSpaceExplorer:MiniDrones","floor":6.0},{"not_picked":["RobotSpaceExplorer:ShovelStrike","RobotSpaceExplorer:SwiftStep","RobotSpaceExplorer:Reload"],"picked":"SKIP","floor":7.0},{"not_picked":["RobotSpaceExplorer:Electropulse","RobotSpaceExplorer:Ammunition"],"picked":"RobotSpaceExplorer:GearShield","floor":8.0},{"not_picked":["RobotSpaceExplorer:SurgingStrike","RobotSpaceExplorer:Counterblock"],"picked":"RobotSpaceExplorer:MiniDrones","floor":10.0},{"not_picked":["RobotSpaceExplorer:GlueShot","RobotSpaceExplorer:Smokescreen"],"picked":"RobotSpaceExplorer:SwiftStep","floor":11.0},{"not_picked":["RobotSpaceExplorer:ShockKick","RobotSpaceExplorer:SurgingShield","RobotSpaceExplorer:Probe"],"picked":"SKIP","floor":13.0},{"not_picked":["RobotSpaceExplorer:GearShield","RobotSpaceExplorer:SwiftStep","RobotSpaceExplorer:ImprovisedAttack"],"picked":"SKIP","floor":14.0},{"not_picked":["RobotSpaceExplorer:BlastShield","RobotSpaceExplorer:Comet"],"picked":"RobotSpaceExplorer:Exploration","floor":16.0},{"not_picked":["RobotSpaceExplorer:StunGrenade","RobotSpaceExplorer:SlimeMissile"],"picked":"RobotSpaceExplorer:TurboDodge+1","floor":18.0},{"not_picked":["RobotSpaceExplorer:SlimeMissile","RobotSpaceExplorer:SurgingStrike"],"picked":"RobotSpaceExplorer:Counterblock","floor":20.0},{"not_picked":["RobotSpaceExplorer:ShovelStrike","RobotSpaceExplorer:SwiftStep"],"picked":"RobotSpaceExplorer:TurboDodge+1","floor":21.0},{"not_picked":["RobotSpaceExplorer:GlueShot","RobotSpaceExplorer:SwiftStep","RobotSpaceExplorer:Ammunition"],"picked":"SKIP","floor":22.0},{"not_picked":["RobotSpaceExplorer:ShockMissile","RobotSpaceExplorer:ShovelStrike+1"],"picked":"RobotSpaceExplorer:StunGrenade+1","floor":24.0},{"not_picked":["RobotSpaceExplorer:LaserBurst","RobotSpaceExplorer:Calculate"],"picked":"RobotSpaceExplorer:ShovelStrike+1","floor":25.0},{"not_picked":["RobotSpaceExplorer:DroneSwarm","RobotSpaceExplorer:FranticSearch"],"picked":"RobotSpaceExplorer:GlueShot+1","floor":27.0},{"not_picked":["RobotSpaceExplorer:ShockKick","RobotSpaceExplorer:MiniBoosters"],"picked":"RobotSpaceExplorer:StunGrenade+1","floor":31.0},{"not_picked":["RobotSpaceExplorer:DroneSwarm","RobotSpaceExplorer:Asteroid"],"picked":"RobotSpaceExplorer:Blaster","floor":33.0},{"not_picked":["RobotSpaceExplorer:ScrapShield+1","RobotSpaceExplorer:FrostMissile+1"],"picked":"RobotSpaceExplorer:ExhaustFan","floor":35.0},{"not_picked":["RobotSpaceExplorer:BigMissile","RobotSpaceExplorer:SwiftStep"],"picked":"RobotSpaceExplorer:ScrapMissile+1","floor":36.0},{"not_picked":["RobotSpaceExplorer:ImprovisedAttack+1","RobotSpaceExplorer:ShovelStrike+1"],"picked":"RobotSpaceExplorer:DoubleFind","floor":37.0},{"not_picked":["RobotSpaceExplorer:FrostMissile","RobotSpaceExplorer:SlimeMissile"],"picked":"RobotSpaceExplorer:GlueShot+1","floor":38.0},{"not_picked":["RobotSpaceExplorer:Ammunition","RobotSpaceExplorer:SurgingStrike"],"picked":"RobotSpaceExplorer:ScrapShield","floor":42.0},{"not_picked":["RobotSpaceExplorer:ImprovisedAttack+1","RobotSpaceExplorer:Counterblock+1","RobotSpaceExplorer:Accelerator"],"picked":"SKIP","floor":46},{"not_picked":["RobotSpaceExplorer:FrostMissile+1","RobotSpaceExplorer:SurgingStrike+1","RobotSpaceExplorer:DoubleBlock"],"picked":"SKIP","floor":48}],"player_experience":330631,"relics_obtained":[{"floor":6.0,"key":"Tiny Chest"},{"floor":8.0,"key":"Incense Burner"},{"floor":9.0,"key":"Oddly Smooth Stone"},{"floor":11.0,"key":"theForsaken:Kindling"},{"floor":14.0,"key":"Bag of Preparation"},{"floor":20.0,"key":"Girya"},{"floor":24.0,"key":"ReplayTheSpireMod:TigerMarble"},{"floor":25.0,"key":"Chameleon Ring"},{"floor":26.0,"key":"RobotSpaceExplorer:FoglandsKnife"},{"floor":27.0,"key":"Art of War"},{"floor":41.0,"key":"infinitespire:Satchel"},{"floor":42.0,"key":"hubris:Spice"}],"event_choices":[{"damage_healed":0.0,"max_hp_gain":0.0,"max_hp_loss":0.0,"gold_gain":0.0,"event_name":"Ghosts","player_choice":"Ignored","floor":28.0,"gold_loss":0.0,"damage_taken":0.0},{"damage_healed":0.0,"max_hp_gain":0.0,"max_hp_loss":24.0,"gold_gain":0.0,"event_name":"Vampires","player_choice":"Became a vampire","floor":29.0,"gold_loss":0.0,"damage_taken":0.0,"cards_obtained":["Bite","Bite","Bite","Bite","Bite"]}],"is_beta":false,"boss_relics":[{"not_picked":["Tiny House","Kintsugi"],"picked":"infinitespire:Cupcake"},{"not_picked":["Black Star","Cursed Key"],"picked":"RobotSpaceExplorer:TurboCore"}],"items_purged_floors":[],"is_endless":false,"potions_floor_spawned":[1,2,4,8,10,16,20,24,27,33,37,42,48],"ascension_level":2}}