{"host":"t9zjxed0utvsfjwc","time":1610785893,"event":{"mods":["2.2 Compatiblity","Aspiration","BaseMod","Better Altar","Better Match","Better Note","Better Sensory Stone","Better Skull","Better Third Choice","Block Reminder","Colored Map","Colored Powertips","Hermit","Highlight Path","Hubris","Infinite Spire","Ironclad Rager","Minty Spire (QoL Compilation)","Quick Restart","Replay The Spire","StSLib","The Cursed","The Marked","Unceasing Turn Reminder","everything is the same but u backflip on backflip"],"gold_per_floor":[114,127,127,202,213,213,229,261,287,287,287,287,309,309,309,424,424,416,416,450,450,31,77,85,85],"floor_reached":24,"language":"ENG","playtime":1801,"items_purged":["TheCursedMod:Defend_TheCursed","TheCursedMod:Defend_TheCursed","TheCursedMod:Strike_TheCursed"],"score":289,"play_id":"5cc214f2-9b23-44ed-b49c-6846cd452f58","local_time":"20210116083133","is_ascension_mode":false,"campfire_choices":[{"data":"TheCursedMod:CursedStaff","floor":6,"key":"SMITH"},{"data":"TheCursedMod:CursedAmulet","floor":10,"key":"SMITH"},{"data":"TheCursedMod:FleshFromBone","floor":12,"key":"SMITH"},{"floor":15,"key":"REST"}],"circlet_count":0,"master_deck":["TheCursedMod:Strike_TheCursed","TheCursedMod:Strike_TheCursed","TheCursedMod:Strike_TheCursed","TheCursedMod:Defend_TheCursed","TheCursedMod:Defend_TheCursed","TheCursedMod:CursedWand","TheCursedMod:CleanUpWorkshop","TheCursedMod:Dregs","TheCursedMod:RapidMovement","TheCursedMod:CursedStaff+1","TheCursedMod:HellfireBreathing","TheCursedMod:CursedRelics","hubris:DuctTapeCard","hubris:Wrath","Regret","Looming Evil","TheCursedMod:ManaBullet","hermit:EternalForm","TheCursedMod:CircleOfBlood","TheCursedMod:CursedShiv","TheCursedMod:SpitefulStrike+1"],"relics":["TheCursedMod:BlackMagic101","NeowsBlessing","Akabeko","Replay:Bandana","Ancient Tea Set","hubris:Towel","Replay:Wax Seal","hubris:EvacipatedBox","hubris:FruitBowl","Replay:Ancient Bell","Replay:Baseball","hubris:DuctTape","TheCursedMod:MagicCandle","hubris:SlimyHat","infinitespire:Lucky Rock","Girya"],"acts_visited":["Exordium","TheCity"],"potions_floor_usage":[7,8,8,18],"damage_taken":[{"damage":0,"enemies":"Jaw Worm","floor":1,"turns":1},{"damage":0,"enemies":"2 Louse","floor":2,"turns":1},{"damage":0,"enemies":"Small Slimes","floor":5,"turns":1},{"damage":0,"enemies":"Blue Slaver","floor":7,"turns":2},{"damage":0,"enemies":"Gremlin Nob","floor":8,"turns":4},{"damage":0,"enemies":"Gremlin Gang","floor":13,"turns":7},{"damage":0,"enemies":"Slime Boss","floor":16,"turns":9},{"damage":0,"enemies":"2 Thieves","floor":18,"turns":5},{"damage":26,"enemies":"Shell Parasite","floor":20,"turns":4},{"damage":43,"enemies":"Gremlin Leader","floor":23,"turns":6},{"damage":12,"enemies":"Snake Plant","floor":24,"turns":2}],"seed_played":"2819379548843028833","potions_obtained":[{"floor":2,"key":"Weak Potion"},{"floor":5,"key":"BlessingOfTheForge"},{"floor":7,"key":"SpeedPotion"},{"floor":16,"key":"EssenceOfSteel"}],"is_trial":false,"path_per_floor":["M","M","?","?","M","R","M","E","T","R","?","R","M","$","R","B",null,"M","?","M","?","$","E","M"],"character_chosen":"THE_CURSED","items_purchased":["Replay:Wax Seal","hubris:EvacipatedBox","hubris:FruitBowl","hubris:SlimyHat","infinitespire:Lucky Rock","TheCursedMod:CursedShiv"],"campfire_rested":1,"item_purchase_floors":[14,14,14,22,22,22],"current_hp_per_floor":[75,75,75,64,64,64,64,64,64,64,64,64,64,9,31,31,75,75,75,49,49,49,6,0,0],"gold":85,"neow_bonus":"THREE_ENEMY_KILL","is_daily":false,"chose_seed":false,"campfire_upgraded":3,"win_rate":0.0,"timestamp":1610785893,"path_taken":["M","M","?","?","M","R","M","E","T","R","?","R","M","?","R","BOSS","M","?","M","?","?","E","M"],"items_purchased_type":["Relic","Relic","Relic","Relic","Relic","Card"],"build_version":"2020-12-22","purchased_purges":3,"victory":false,"max_hp_per_floor":[75,75,75,75,75,75,75,75,75,75,75,75,75,75,75,75,75,75,75,75,75,75,75,75,75],"card_choices":[{"not_picked":["TheCursedMod:TacticalStrike","TheCursedMod:SaltUponWound"],"picked":"TheCursedMod:FleshFromBone","floor":1},{"not_picked":["TheCursedMod:AshesToAshes","TheCursedMod:ReleasedStrength"],"picked":"TheCursedMod:RapidMovement","floor":2},{"not_picked":["TheCursedMod:SurpriseAttack","TheCursedMod:WearCloak"],"picked":"TheCursedMod:CursedStaff","floor":5},{"not_picked":["TheCursedMod:Torture","TheCursedMod:DemonicPact"],"picked":"TheCursedMod:CursedAmulet","floor":7},{"not_picked":["TheCursedMod:BloodBarrier","TheCursedMod:CircleOfFlame","TheCursedMod:SaltUponWound"],"picked":"SKIP","floor":8},{"not_picked":["TheCursedMod:BloodBarrier","TheCursedMod:CircleOfFlame","TheCursedMod:SaltUponWound"],"picked":"SKIP","floor":8},{"not_picked":["TheCursedMod:CursedMace","TheCursedMod:Torture"],"picked":"TheCursedMod:HellfireBreathing","floor":13},{"not_picked":["TheCursedMod:ShockAndAwe","TheCursedMod:ParallelWorld"],"picked":"TheCursedMod:CursedRelics","floor":16},{"not_picked":["hubris:Disease","Parasite"],"picked":"hubris:Wrath","floor":17},{"not_picked":["Spreading Infection","Normality"],"picked":"Regret","floor":17},{"not_picked":["hubris:Lust","hubris:Gluttony"],"picked":"Looming Evil","floor":17},{"not_picked":["TheCursedMod:CircleOfAmplification+1","TheCursedMod:RapidMovement"],"picked":"TheCursedMod:ManaBullet","floor":18},{"not_picked":["TheCursedMod:CursedArmor","TheCursedMod:CursedBlade"],"picked":"TheCursedMod:CircleOfBlood","floor":20},{"not_picked":["TheCursedMod:CircleOfWindfury","TheCursedMod:SoulReap+1"],"picked":"TheCursedMod:SpitefulStrike+1","floor":23}],"player_experience":334318,"relics_obtained":[{"floor":3,"key":"Akabeko"},{"floor":8,"key":"Replay:Bandana"},{"floor":9,"key":"Ancient Tea Set"},{"floor":23,"key":"Girya"}],"event_choices":[{"damage_healed":0,"gold_gain":75,"player_choice":"Gold","damage_taken":11,"max_hp_gain":0,"max_hp_loss":0,"event_name":"betterThird:BetterGoop","floor":4,"gold_loss":0},{"cards_removed":["TheCursedMod:RapidMovement"],"damage_healed":0,"gold_gain":0,"player_choice":"Take \u0026 Give","damage_taken":0,"max_hp_gain":0,"max_hp_loss":0,"event_name":"betterNote:BetterNote","floor":19,"gold_loss":0,"cards_obtained":["hermit:EternalForm"]},{"damage_healed":0,"gold_gain":0,"player_choice":"3","damage_taken":0,"max_hp_gain":0,"max_hp_loss":0,"event_name":"betterMatch:BetterMatch","floor":21,"gold_loss":0,"cards_obtained":[]}],"is_beta":false,"boss_relics":[{"not_picked":["Replay:Drink Me","Replay:Wanted Poster","Kintsugi"],"picked":"Replay:Ancient Bell"},{"not_picked":["aspiration:Lifesprig","Replay:Rubber Ducky","Replay:Bronze Core"],"picked":"Replay:Baseball"},{"not_picked":["Meat on the Bone","Replay:Bottled Flurry","Painkiller Herb"],"picked":"hubris:DuctTape"},{"not_picked":["hubris:Spice","Gambling Chip","Ectoplasm"],"picked":"TheCursedMod:MagicCandle"}],"items_purged_floors":[14,14,22],"is_endless":false,"potions_floor_spawned":[2,5,7,16],"killed_by":"Snake Plant","ascension_level":0}}