{"host":"kiehjq3lc4w5t4uc","time":1610800071,"event":{"mods":["AchievementEnabler","BaseMod","BetterRewards","Colored Map","Colored Powertips","DeckTracker","Good Game Mod","Minty Spire (QoL Compilation)","Quick Restart","Rare Cards Sparkle","Relic Stats","Shop Mod","StSLib","SuperFastMode"],"gold_per_floor":[114,189,207,207,32,32,50,64,64,80,80,95,105,134,134,239,239,256,276,276,296,126,126,156,156,205,223,238,273,148,63,63,163,163,183,183,183,197,214,239,95,106,106,133,133,152,183,203,203,203],"floor_reached":51,"language":"KOR","playtime":4529,"items_purged":["Defend_G","Strike_G","Defend_G"],"score":952,"play_id":"1dcf01f8-294e-417c-9156-9ed6385275df","local_time":"20210116212751","is_ascension_mode":true,"campfire_choices":[{"data":"1","floor":6,"key":"LIFT"},{"data":"Tools of the Trade","floor":15,"key":"SMITH"},{"data":"2","floor":23,"key":"LIFT"},{"data":"3","floor":25,"key":"LIFT"},{"data":"Footwork","floor":32,"key":"SMITH"},{"floor":45,"key":"REST"},{"floor":49,"key":"REST"}],"circlet_count":0,"master_deck":["Strike_G+1","Strike_G+1","Strike_G+1","Defend_G+1","Defend_G+1","Survivor+1","Neutralize+1","Flechettes+1","Blur+1","Dagger Spray+1","LessonLearned+1","Acrobatics+1","Deflect+1","Master of Strategy+1","Parasite","Tools of the Trade+1","Sucker Punch+1","Bullet Time+1","Footwork+1","Footwork+1","Calculated Gamble+1","Adrenaline+1","Doppelganger+1"],"relics":["Ring of the Snake","REME:ComplimentaryCards","Mummified Hand","Girya","Molten Egg 2","Darkstone Periapt","Du-Vu Doll","Sozu","Nilry\u0027s Codex","Ornamental Fan","Anchor","Letter Opener","Singing Bowl","Fusion Hammer","InkBottle","PreservedInsect","White Beast Statue","Paper Crane","Boot"],"acts_visited":["Exordium","TheCity","TheBeyond"],"potions_floor_usage":[16,16],"damage_taken":[{"damage":0,"enemies":"Jaw Worm","floor":1,"turns":5},{"damage":0,"enemies":"2 Louse","floor":3,"turns":2},{"damage":0,"enemies":"Cultist","floor":7,"turns":4},{"damage":6,"enemies":"Lots of Slimes","floor":8,"turns":5},{"damage":1,"enemies":"Large Slime","floor":10,"turns":7},{"damage":8,"enemies":"Exordium Thugs","floor":12,"turns":4},{"damage":5,"enemies":"Gremlin Gang","floor":13,"turns":4},{"damage":6,"enemies":"Lagavulin","floor":14,"turns":6},{"damage":40,"enemies":"Hexaghost","floor":16,"turns":13},{"damage":0,"enemies":"Shell Parasite","floor":18,"turns":6},{"damage":8,"enemies":"Spheric Guardian","floor":19,"turns":5},{"damage":0,"enemies":"3 Cultists","floor":21,"turns":4},{"damage":11,"enemies":"Slavers","floor":24,"turns":5},{"damage":0,"enemies":"Shelled Parasite and Fungi","floor":27,"turns":4},{"damage":0,"enemies":"Snake Plant","floor":28,"turns":4},{"damage":0,"enemies":"Book of Stabbing","floor":29,"turns":5},{"damage":14,"enemies":"Automaton","floor":33,"turns":8},{"damage":9,"enemies":"3 Darklings","floor":35,"turns":4},{"damage":0,"enemies":"Orb Walker","floor":38,"turns":2},{"damage":32,"enemies":"Writhing Mass","floor":39,"turns":6},{"damage":14,"enemies":"Nemesis","floor":40,"turns":7},{"damage":0,"enemies":"4 Shapes","floor":42,"turns":2},{"damage":0,"enemies":"Giant Head","floor":44,"turns":5},{"damage":0,"enemies":"Jaw Worm Horde","floor":46,"turns":3},{"damage":0,"enemies":"Nemesis","floor":47,"turns":3},{"damage":0,"enemies":"Transient","floor":48,"turns":5},{"damage":22,"enemies":"Time Eater","floor":50,"turns":11}],"seed_played":"2102869000058260110","potions_obtained":[{"floor":1,"key":"Dexterity Potion"},{"floor":13,"key":"Fire Potion"},{"floor":14,"key":"Regen Potion"}],"is_trial":false,"path_per_floor":["M","?","M","T","$","R","M","M","T","M","?","M","M","E","R","B",null,"M","M","?","M","$","R","E","R","T","M","M","E","$","?","R","B",null,"M","?","?","M","M","E","$","M","T","E","R","M","E","M","R","B",null],"character_chosen":"THE_SILENT","items_purchased":["Mummified Hand","Blur","Dagger Spray","Master of Strategy","Calculated Gamble","PreservedInsect"],"campfire_rested":2,"item_purchase_floors":[0,0,0,5,22,41],"current_hp_per_floor":[62,51,51,51,51,51,51,45,45,44,67,59,54,48,48,23,76,76,68,52,52,52,52,41,41,41,41,41,41,41,41,41,29,78,71,71,71,73,43,29,29,31,31,33,59,61,63,63,90,68],"gold":203,"neow_bonus":"","is_daily":false,"chose_seed":false,"campfire_upgraded":2,"win_rate":0.0,"timestamp":1610800071,"path_taken":["M","?","M","?","?","R","M","?","T","M","?","M","M","E","R","BOSS","M","M","?","M","$","R","E","R","T","M","M","E","$","?","R","BOSS","M","?","?","M","M","E","$","?","T","E","R","?","E","M","R","BOSS"],"items_purchased_type":["Relic","Card","Card","Card","Card","Relic"],"build_version":"2020-12-22","purchased_purges":3,"victory":true,"max_hp_per_floor":[70,70,70,70,70,70,70,70,70,70,76,76,76,76,76,76,76,76,76,76,76,76,76,76,76,76,76,76,76,76,76,76,78,78,80,80,80,82,84,84,84,86,86,88,88,90,92,92,92,92],"relic_stats":{"Darkstone Periapt":6,"Sozu":11,"Singing Bowl":16,"counters":[79,405],"Mummified Hand":[60],"Ornamental Fan":[148],"PreservedInsect":172,"Letter Opener":[197],"Boot":[0],"obtain_stats":[{"TwistedFunnel":39,"Calipers":27,"Nilry\u0027s Codex":20,"Whetstone":8,"Sling":20,"Boot":47,"Blood Vial":0,"Sozu":17,"Lizard Tail":0,"Sundial":43,"MealTicket":9,"Prayer Wheel":27,"Philosopher\u0027s Stone":17,"Fusion Hammer":34,"Kunai":30,"Toxic Egg 2":0,"Girya":23,"Oddly Smooth Stone":26,"Eternal Feather":14,"Tingsha":0,"Pen Nib":39,"Letter Opener":29,"War Paint":19,"Paper Crane":0,"Du-Vu Doll":14,"Shuriken":4,"Bronze Scales":6,"Molten Egg 2":0,"Meat on the Bone":26,"Darkstone Periapt":9,"Singing Bowl":31,"Mango":44,"Cursed Key":34,"ClockworkSouvenir":0,"Nunchaku":25,"Mummified Hand":40,"Pantograph":10,"InkBottle":29,"Ring of the Snake":0,"Lee\u0027s Waffle":0,"Golden Idol":2,"PreservedInsect":41,"Frozen Egg 2":0,"Odd Mushroom":10,"White Beast Statue":43,"Anchor":28,"REME:ComplimentaryCards":0,"Ornamental Fan":24,"Coffee Dripper":17,"Membership Card":13,"FossilizedHelix":6,"TungstenRod":0},{"TwistedFunnel":47,"Calipers":40,"Nilry\u0027s Codex":63,"Whetstone":6,"Sling":11,"Boot":77,"Blood Vial":27,"Sozu":61,"Lizard Tail":27,"Sundial":49,"MealTicket":6,"Prayer Wheel":13,"Philosopher\u0027s Stone":35,"Fusion Hammer":69,"Kunai":15,"Toxic Egg 2":0,"Girya":12,"Oddly Smooth Stone":40,"Eternal Feather":9,"Tingsha":52,"Pen Nib":21,"Letter Opener":68,"War Paint":11,"Paper Crane":27,"Du-Vu Doll":60,"Shuriken":29,"Bronze Scales":31,"Molten Egg 2":0,"Meat on the Bone":13,"Darkstone Periapt":56,"Singing Bowl":68,"Mango":24,"Cursed Key":17,"ClockworkSouvenir":27,"Nunchaku":13,"Mummified Hand":22,"Pantograph":33,"InkBottle":42,"Ring of the Snake":0,"Lee\u0027s Waffle":27,"Golden Idol":1,"PreservedInsect":73,"Frozen Egg 2":0,"Odd Mushroom":7,"White Beast Statue":74,"Anchor":14,"REME:ComplimentaryCards":0,"Ornamental Fan":65,"Coffee Dripper":10,"Membership Card":8,"FossilizedHelix":4,"TungstenRod":52},{"TwistedFunnel":240,"Calipers":199,"Nilry\u0027s Codex":327,"Whetstone":22,"Sling":46,"Boot":389,"Blood Vial":128,"Sozu":316,"Lizard Tail":128,"Sundial":251,"MealTicket":22,"Prayer Wheel":58,"Philosopher\u0027s Stone":170,"Fusion Hammer":357,"Kunai":67,"Toxic Egg 2":0,"Girya":52,"Oddly Smooth Stone":199,"Eternal Feather":31,"Tingsha":266,"Pen Nib":98,"Letter Opener":349,"War Paint":46,"Paper Crane":128,"Du-Vu Doll":303,"Shuriken":132,"Bronze Scales":142,"Molten Egg 2":0,"Meat on the Bone":58,"Darkstone Periapt":282,"Singing Bowl":349,"Mango":113,"Cursed Key":79,"ClockworkSouvenir":128,"Nunchaku":58,"Mummified Hand":103,"Pantograph":155,"InkBottle":211,"Ring of the Snake":0,"Lee\u0027s Waffle":128,"Golden Idol":3,"PreservedInsect":376,"Frozen Egg 2":0,"Odd Mushroom":25,"White Beast Statue":378,"Anchor":63,"REME:ComplimentaryCards":0,"Ornamental Fan":336,"Coffee Dripper":43,"Membership Card":27,"FossilizedHelix":15,"TungstenRod":266}],"InkBottle":[14],"Ring of the Snake":[158]},"card_choices":[{"not_picked":["Underhanded Strike","Outmaneuver"],"picked":"Acrobatics","floor":1},{"not_picked":["Setup","Outmaneuver"],"picked":"Deflect","floor":3},{"not_picked":["Cloak And Dagger","Dash+1","Bouncing Flask"],"picked":"SKIP","floor":7},{"not_picked":["Skewer+1","Cloak And Dagger","Dagger Spray+1"],"picked":"SKIP","floor":8},{"not_picked":["Caltrops","Escape Plan","Dodge and Roll"],"picked":"SKIP","floor":10},{"not_picked":["Slice+1","Cloak And Dagger"],"picked":"Tools of the Trade","floor":12},{"not_picked":["Prepared","Acrobatics"],"picked":"Sucker Punch+1","floor":13},{"not_picked":["Glass Knife+1","Terror","Choke+1"],"picked":"SKIP","floor":14},{"not_picked":["Unload+1","Envenom"],"picked":"Bullet Time","floor":16},{"not_picked":["Outmaneuver","Poisoned Stab+1"],"picked":"Footwork","floor":18},{"not_picked":["Poisoned Stab+1","Masterful Stab+1"],"picked":"Footwork","floor":19},{"not_picked":["Cloak And Dagger","All Out Attack+1","Acrobatics"],"picked":"SKIP","floor":21},{"not_picked":["Bane+1","Dodge and Roll+1","Blur"],"picked":"SKIP","floor":24},{"not_picked":["Underhanded Strike+1","Outmaneuver","Flying Knee+1"],"picked":"SKIP","floor":27},{"not_picked":["Concentrate","Infinite Blades","All Out Attack+1"],"picked":"SKIP","floor":28},{"not_picked":["Dodge and Roll","Eviscerate+1"],"picked":"Prepared","floor":29},{"not_picked":["Wraith Form v2","Venomology","Burst"],"picked":"Singing Bowl","floor":33},{"not_picked":["Backstab+1","Calculated Gamble","Prepared"],"picked":"Singing Bowl","floor":35},{"not_picked":["Crippling Poison","Noxious Fumes+1","Dodge and Roll+1"],"picked":"Singing Bowl","floor":38},{"not_picked":["Slice+1","Blade Dance+1","Finisher+1"],"picked":"Singing Bowl","floor":39},{"not_picked":["Dagger Spray+1","Deflect+1"],"picked":"Adrenaline","floor":40},{"not_picked":["Blur","Outmaneuver","Eviscerate+1"],"picked":"Singing Bowl","floor":42},{"not_picked":["Deadly Poison+1","Grand Finale+1","Blur+1"],"picked":"Singing Bowl","floor":44},{"not_picked":["Masterful Stab+1","Dash+1","Calculated Gamble"],"picked":"Singing Bowl","floor":46},{"not_picked":["Bane+1","Eviscerate+1","Flying Knee+1"],"picked":"Singing Bowl","floor":47},{"not_picked":["Well Laid Plans+1","Sucker Punch+1"],"picked":"Doppelganger","floor":48}],"player_experience":94042,"relics_obtained":[{"floor":4,"key":"Molten Egg 2"},{"floor":9,"key":"Darkstone Periapt"},{"floor":14,"key":"Du-Vu Doll"},{"floor":20,"key":"Nilry\u0027s Codex"},{"floor":24,"key":"Ornamental Fan"},{"floor":26,"key":"Anchor"},{"floor":29,"key":"Letter Opener"},{"floor":40,"key":"InkBottle"},{"floor":43,"key":"White Beast Statue"},{"floor":44,"key":"Paper Crane"},{"floor":47,"key":"Boot"}],"event_choices":[{"damage_healed":0,"gold_gain":75,"player_choice":"Gather Gold","damage_taken":11,"max_hp_gain":0,"max_hp_loss":0,"event_name":"World of Goop","floor":2,"gold_loss":0},{"damage_healed":17,"gold_gain":0,"player_choice":"Healed and dodged fight","damage_taken":0,"max_hp_gain":0,"max_hp_loss":0,"event_name":"Mushrooms","floor":11,"gold_loss":0,"cards_obtained":["Parasite"]},{"damage_healed":0,"gold_gain":0,"player_choice":"Obtained Book","damage_taken":16,"max_hp_gain":0,"max_hp_loss":0,"event_name":"Cursed Tome","floor":20,"gold_loss":0},{"damage_healed":0,"gold_gain":0,"player_choice":"Obtained Relic","damage_taken":0,"relics_obtained":["Singing Bowl"],"max_hp_gain":0,"max_hp_loss":0,"event_name":"Addict","floor":31,"gold_loss":85},{"cards_removed":["Defend_G"],"damage_healed":0,"gold_gain":0,"player_choice":"Removed Skill","damage_taken":0,"max_hp_gain":0,"max_hp_loss":0,"event_name":"Falling","floor":36,"gold_loss":0},{"cards_removed":["Prepared"],"damage_healed":0,"gold_gain":0,"player_choice":"Purged","damage_taken":0,"max_hp_gain":0,"max_hp_loss":0,"event_name":"Purifier","floor":37,"gold_loss":0}],"is_beta":false,"boss_relics":[{"not_picked":["Black Star","WristBlade"],"picked":"Sozu"},{"not_picked":["Coffee Dripper","Astrolabe"],"picked":"Fusion Hammer"}],"items_purged_floors":[0,22,30],"is_endless":false,"potions_floor_spawned":[1,13,14,18,19,24,28,33,38,42,44,46,47,48],"ascension_level":3}}