{"host":"gs0b57ogvki1o7r7","time":1610813544,"event":{"mods":["2.2 Compatiblity","BaseMod","Colored Map","DeckTracker","Highlight Path","KOR Keyword Fix","Keyboard Shortcuts","Minty Spire (QoL Compilation)","Permanent Neow","Quick Restart","StSLib","SuperFastMode","everything is the same but u backflip on backflip"],"gold_per_floor":[114,126,51,70,22,22,50,68,68,90,90,90,40,58,58,163,163,174,124,134,64,81,81,81],"floor_reached":23,"language":"KOR","playtime":1430,"items_purged":["Strike_R"],"score":191,"play_id":"d4f0214c-a6b9-4bb5-88ad-fdd5f86fd5c9","local_time":"20210117011224","is_ascension_mode":false,"campfire_choices":[{"data":"Body Slam","floor":6,"key":"SMITH"},{"data":"Body Slam","floor":11,"key":"SMITH"},{"data":"Armaments","floor":15,"key":"SMITH"}],"circlet_count":0,"master_deck":["Strike_R","Strike_R","Strike_R","Defend_R+1","Defend_R","Defend_R","Defend_R","Bash","Warcry","Fire Breathing","Body Slam+1","Armaments+1","Armaments","Body Slam+1","Body Slam+1","Impervious","Ghostly Armor"],"relics":["Burning Blood","CaptainsWheel","Bottled Lightning","InkBottle","Odd Mushroom","Runic Cube"],"acts_visited":["Exordium","TheCity"],"potions_floor_usage":[16,16,16,23,23],"damage_taken":[{"damage":6,"enemies":"Cultist","floor":1,"turns":3},{"damage":10,"enemies":"Small Slimes","floor":2,"turns":5},{"damage":7,"enemies":"2 Louse","floor":4,"turns":3},{"damage":19,"enemies":"3 Sentries","floor":7,"turns":6},{"damage":3,"enemies":"Red Slaver","floor":8,"turns":5},{"damage":5,"enemies":"The Mushroom Lair","floor":10,"turns":5},{"damage":5,"enemies":"3 Louse","floor":14,"turns":4},{"damage":21,"enemies":"Slime Boss","floor":16,"turns":8},{"damage":0,"enemies":"Shell Parasite","floor":18,"turns":5},{"damage":0,"enemies":"Spheric Guardian","floor":20,"turns":4},{"damage":15,"enemies":"Snake Plant","floor":22,"turns":4},{"damage":79,"enemies":"Gremlin Leader","floor":23,"turns":5}],"seed_played":"-6313583810517567445","potions_obtained":[{"floor":1,"key":"Swift Potion"},{"floor":8,"key":"PowerPotion"},{"floor":10,"key":"AttackPotion"},{"floor":16,"key":"EssenceOfSteel"},{"floor":22,"key":"SneckoOil"}],"is_trial":false,"path_per_floor":["M","M","$","M","$","R","E","M","T","?","R","?","?","M","R","B",null,"M","?","M","$","M","E"],"character_chosen":"IRONCLAD","items_purchased":["Armaments","Ghostly Armor"],"campfire_rested":0,"item_purchase_floors":[5,21],"current_hp_per_floor":[56,52,52,51,51,51,38,41,41,42,42,26,26,27,27,12,80,80,80,80,80,71,0,0],"gold":81,"neow_bonus":"ONE_RARE_RELIC","is_daily":false,"chose_seed":false,"campfire_upgraded":3,"win_rate":0.0,"timestamp":1610813544,"path_taken":["M","?","$","M","?","R","E","M","T","?","R","?","?","M","R","BOSS","M","?","M","$","?","E"],"items_purchased_type":["Card","Card"],"build_version":"2020-12-22","purchased_purges":1,"victory":false,"max_hp_per_floor":[80,80,80,80,80,80,80,80,80,80,80,80,80,80,80,80,80,80,80,80,80,80,80,80],"card_choices":[{"not_picked":["True Grit","Sword Boomerang"],"picked":"Warcry","floor":1},{"not_picked":["Shockwave","Warcry"],"picked":"Fire Breathing","floor":2},{"not_picked":["Ghostly Armor","Flame Barrier"],"picked":"Body Slam","floor":4},{"not_picked":["Armaments","Heavy Blade","Anger"],"picked":"SKIP","floor":7},{"not_picked":["Heavy Blade","Anger"],"picked":"Armaments","floor":7},{"not_picked":["Dual Wield","Thunderclap"],"picked":"Body Slam","floor":8},{"not_picked":["Rupture","Wild Strike"],"picked":"Body Slam","floor":10},{"not_picked":["Flex","Uppercut","Burning Pact"],"picked":"SKIP","floor":14},{"not_picked":["Brutality","Fiend Fire"],"picked":"Impervious","floor":16},{"not_picked":["Burning Pact+1","Cleave+1","Warcry"],"picked":"SKIP","floor":18},{"not_picked":["Sever Soul","Clash","Burning Pact"],"picked":"SKIP","floor":20},{"not_picked":["Searing Blow+1","Flex","Sever Soul"],"picked":"SKIP","floor":22}],"player_experience":115873,"relics_obtained":[{"floor":7,"key":"Bottled Lightning"},{"floor":9,"key":"InkBottle"},{"floor":10,"key":"Odd Mushroom"}],"event_choices":[{"damage_healed":0,"gold_gain":0,"player_choice":"Fought Mushrooms","damage_taken":0,"max_hp_gain":0,"max_hp_loss":0,"event_name":"Mushrooms","floor":10,"gold_loss":0},{"damage_healed":0,"gold_gain":0,"player_choice":"Entered Light","damage_taken":16,"max_hp_gain":0,"max_hp_loss":0,"event_name":"Shining Light","floor":12,"gold_loss":0,"cards_upgraded":["Body Slam","Defend_R"]},{"cards_removed":["Strike_R"],"damage_healed":0,"gold_gain":0,"player_choice":"Card Removal","damage_taken":0,"max_hp_gain":0,"max_hp_loss":0,"event_name":"The Cleric","floor":13,"gold_loss":50},{"damage_healed":0,"gold_gain":0,"player_choice":"Bet on Owner","damage_taken":0,"max_hp_gain":0,"max_hp_loss":0,"event_name":"The Joust","floor":19,"gold_loss":50}],"is_beta":false,"boss_relics":[{"not_picked":["Calling Bell","Snecko Eye"],"picked":"Runic Cube"}],"items_purged_floors":[3],"is_endless":false,"potions_floor_spawned":[1,8,10,16,22],"killed_by":"Gremlin Leader","ascension_level":0}}