{"host":"bq4pt811tk9yrmjl","time":1610796884,"event":{"mods":["AchievementEnabler","BaseMod","Colored Map","Colored Powertips","Defuse TimeMaze Blight","Hermit","Minty Spire (QoL Compilation)","StSLib","SuperFastMode"],"gold_per_floor":[114,114,126,301,301,335,335,335,335,28,59,59,59,72,72,193,193,186,186,186,200,200,200,200],"floor_reached":23,"language":"ENG","playtime":335,"items_purged":["Doubt"],"score":231,"play_id":"9f86a2cc-511d-48e1-9528-9dadb4a6663c","local_time":"20210116093444","is_ascension_mode":true,"campfire_choices":[{"floor":7,"key":"RECALL"},{"data":"hermit:Maintenance","floor":15,"key":"SMITH"}],"circlet_count":0,"master_deck":["hermit:Strike_Hermit","hermit:Strike_Hermit","hermit:Strike_Hermit+1","hermit:Strike_Hermit+1","hermit:Defend_Hermit","hermit:Defend_Hermit","hermit:Defend_Hermit","hermit:Defend_Hermit","hermit:Snapshot","hermit:Covet","hermit:Brawl+1","Regret","hermit:Maintenance+1","Injury","hermit:FlashPowder","hermit:Vantage+1"],"relics":["hermit:ClaspedLocket","NeowsBlessing","Shovel","Turnip","Juzu Bracelet","Sling","Whetstone","Bloody Idol"],"acts_visited":["Exordium","TheCity"],"potions_floor_usage":[11,16],"damage_taken":[{"damage":0,"enemies":"Jaw Worm","floor":1,"turns":1},{"damage":0,"enemies":"Small Slimes","floor":3,"turns":1},{"damage":0,"enemies":"Gremlin Nob","floor":6,"turns":1},{"damage":21,"enemies":"3 Sentries","floor":11,"turns":7},{"damage":1,"enemies":"Cultist","floor":14,"turns":4},{"damage":19,"enemies":"The Guardian","floor":16,"turns":11},{"damage":30,"enemies":"2 Thieves","floor":18,"turns":4},{"damage":32,"enemies":"Chosen","floor":21,"turns":5},{"damage":28,"enemies":"Book of Stabbing","floor":23,"turns":7}],"seed_played":"-443717587739432722","potions_obtained":[{"floor":1,"key":"DistilledChaos"},{"floor":6,"key":"FearPotion"},{"floor":14,"key":"Block Potion"},{"floor":16,"key":"SteroidPotion"}],"is_trial":false,"path_per_floor":["M","?","M","?","?","E","R","?","T","$","E","$","?","M","R","B",null,"M","?","?","M","?","E"],"character_chosen":"HERMIT","items_purchased":["hermit:Maintenance","Sling"],"campfire_rested":0,"item_purchase_floors":[10,10],"current_hp_per_floor":[75,68,68,68,68,68,68,68,68,68,47,47,47,46,46,27,75,46,46,46,21,46,20,20],"gold":200,"neow_bonus":"THREE_ENEMY_KILL","is_daily":false,"chose_seed":false,"campfire_upgraded":1,"win_rate":0.0,"timestamp":1610796884,"path_taken":["M","?","M","?","?","E","R","?","T","$","E","$","?","M","R","BOSS","M","?","?","M","?","E"],"items_purchased_type":["Card","Relic"],"build_version":"2020-12-22","purchased_purges":1,"victory":false,"max_hp_per_floor":[75,75,75,75,75,75,75,75,75,75,75,75,75,75,75,75,75,75,75,75,75,75,75,75],"card_choices":[{"not_picked":["hermit:Showdown","hermit:Dive"],"picked":"hermit:Brawl","floor":1},{"not_picked":["hermit:Scavenge","hermit:LowProfile","hermit:NoHoldsBarred"],"picked":"SKIP","floor":3},{"not_picked":["hermit:Deadeye","hermit:CursedWeapon","hermit:NoHoldsBarred"],"picked":"SKIP","floor":6},{"not_picked":["hermit:Roulette","hermit:SprayPray","hermit:CalledShot"],"picked":"SKIP","floor":11},{"not_picked":["hermit:Feint","hermit:BodyArmor","hermit:HighCaliber"],"picked":"SKIP","floor":14},{"not_picked":["hermit:Dive","hermit:ShadowCloak+1"],"picked":"hermit:FlashPowder","floor":18},{"not_picked":["hermit:Coalescence","hermit:Brawl"],"picked":"hermit:Vantage+1","floor":21}],"player_experience":165942,"relics_obtained":[{"floor":6,"key":"Juzu Bracelet"},{"floor":11,"key":"Whetstone"}],"event_choices":[{"damage_healed":0,"gold_gain":0,"player_choice":"Success","damage_taken":7,"relics_obtained":["Shovel"],"max_hp_gain":0,"max_hp_loss":0,"event_name":"Scrap Ooze","floor":2,"gold_loss":0},{"damage_healed":0,"gold_gain":175,"player_choice":"AGREE","damage_taken":0,"max_hp_gain":0,"max_hp_loss":0,"event_name":"Liars Game","floor":4,"gold_loss":0,"cards_obtained":["Doubt"]},{"damage_healed":0,"gold_gain":0,"player_choice":"Box","damage_taken":0,"relics_obtained":["Turnip"],"max_hp_gain":0,"max_hp_loss":0,"event_name":"Big Fish","floor":5,"gold_loss":0,"cards_obtained":["Regret"]},{"damage_healed":0,"gold_gain":0,"player_choice":"Grow","damage_taken":0,"max_hp_gain":0,"max_hp_loss":0,"event_name":"Living Wall","floor":8,"gold_loss":0,"cards_upgraded":["hermit:Brawl"]},{"damage_healed":0,"gold_gain":0,"player_choice":"Take Wound","damage_taken":0,"relics_obtained":["Golden Idol"],"max_hp_gain":0,"max_hp_loss":0,"event_name":"Golden Idol","floor":13,"gold_loss":0,"cards_obtained":["Injury"]},{"damage_healed":0,"gold_gain":0,"player_choice":"Ignored","damage_taken":0,"max_hp_gain":0,"max_hp_loss":0,"event_name":"Beggar","floor":19,"gold_loss":0},{"damage_healed":0,"gold_gain":0,"player_choice":"Gave Idol","damage_taken":0,"relics_obtained":["Bloody Idol"],"max_hp_gain":0,"max_hp_loss":0,"event_name":"Forgotten Altar","floor":20,"relics_lost":["Golden Idol"],"gold_loss":0},{"damage_healed":25,"gold_gain":0,"player_choice":"Heal","damage_taken":0,"max_hp_gain":0,"max_hp_loss":0,"event_name":"The Library","floor":22,"gold_loss":0}],"is_beta":false,"boss_relics":[{"not_picked":["hermit:BartenderGlass","Philosopher\u0027s Stone"],"picked":"hermit:ClaspedLocket"}],"items_purged_floors":[10],"is_endless":false,"potions_floor_spawned":[1,6,14,16],"killed_by":"Book of Stabbing","ascension_level":1}}