{"host":"7koe0iw0zllko92h","time":1610790579,"event":{"mods":["Act Like it!","BaseMod","Colored Powertips","Hermit","Hubris","Infinite Spire","Minty Spire (QoL Compilation)","Replay The Spire","StSLib","The Cursed"],"gold_per_floor":[127,127,184,184,184,219,248,248,275,345,345,374,86,121,121,297,297,325,325,336,277,293,293,304,304,356,356,372,372,372,404,404,499,499,532,532,582,596,242,242,270,270,270,315,350,350,350,368,368,368,368],"floor_reached":50,"language":"ENG","playtime":5826,"items_purged":[],"score":553,"play_id":"d2ef68bb-9ce4-43cd-8923-10382f7416eb","local_time":"20210116044939","is_ascension_mode":false,"campfire_choices":[{"data":"hermit:Combo","floor":8.0,"key":"SMITH"},{"floor":15.0,"key":"REST"},{"floor":23,"key":"REST"},{"floor":30,"key":"REST"},{"data":"hubris:Rewind","floor":32,"key":"SMITH"},{"floor":40,"key":"REST"},{"floor":42,"key":"REST"},{"floor":46,"key":"REST"},{"floor":49,"key":"RECALL"}],"circlet_count":0,"master_deck":["hermit:Strike_Hermit","hermit:Strike_Hermit","hermit:Strike_Hermit","hermit:Strike_Hermit","hermit:Defend_Hermit","hermit:Defend_Hermit","hermit:Defend_Hermit","hermit:Snapshot","hermit:Covet","hermit:DeadOrAlive","hermit:Midnight","hermit:Deadeye","hermit:Combo+1","hermit:BigShot","hermit:CursedWeapon","hermit:Shortfuse","hermit:Brawl","hermit:BodyArmor","hermit:Magnum","hermit:Virtue","hermit:Horror","hermit:HoleUp","hermit:Ricochet","hubris:Rewind+1","hermit:Headshot","hermit:Ricochet+1","hermit:RoundhouseKick","hermit:CalledShot","Madness","Madness","hermit:Quickdraw+1","hermit:HoleUp","hermit:Cheat","hermit:ShadowCloak","hermit:Misfire","hermit:GhostlyPresence+1","hermit:Cheat+1","hermit:Enervate+1","hermit:Determination+1"],"relics":["hermit:Momento","hermit:Spyglass","Replay:Baseball","Anchor","Calipers","Orichalcum","Pet Ghost","Sozu","Akabeko","Bag of Preparation","ChewingGum","Durian","infinitespire:Lucky Rock","infinitespire:Joker Card","Pen Nib","Frozen Egg 2"],"acts_visited":["Exordium","TheCity","TheBeyond"],"potions_floor_usage":[31],"damage_taken":[{"damage":1.0,"enemies":"Cultist","floor":1.0,"turns":4.0},{"damage":8.0,"enemies":"Gremlin Nob","floor":6.0,"turns":3.0},{"damage":1.0,"enemies":"Jaw Worm","floor":7.0,"turns":2.0},{"damage":29.0,"enemies":"Lagavulin","floor":10.0,"turns":10.0},{"damage":2.0,"enemies":"Small Slimes","floor":12.0,"turns":3.0},{"damage":2.0,"enemies":"Gremlin Gang","floor":14.0,"turns":3.0},{"damage":24.0,"enemies":"Hexaghost","floor":16.0,"turns":10.0},{"damage":2,"enemies":"Shell Parasite","floor":18,"turns":3},{"damage":3,"enemies":"Chosen","floor":20,"turns":4},{"damage":23,"enemies":"Snecko","floor":22,"turns":5},{"damage":18,"enemies":"Snake Plant","floor":24,"turns":5},{"damage":4,"enemies":"Sentry and Sphere","floor":28,"turns":3},{"damage":7,"enemies":"Shelled Parasite and Fungi","floor":31,"turns":5},{"damage":46,"enemies":"Automaton","floor":33,"turns":7},{"damage":8,"enemies":"3 Shapes","floor":35,"turns":3},{"damage":14,"enemies":"Mind Bloom Boss Battle","floor":37,"turns":5},{"damage":0,"enemies":"Orb Walker","floor":38,"turns":3},{"damage":67,"enemies":"Giant Head","floor":41,"turns":9},{"damage":4,"enemies":"Sphere and 2 Shapes","floor":45,"turns":3},{"damage":0,"enemies":"Spire Growth","floor":48,"turns":2},{"damage":97,"enemies":"LordOfAnnihilation","floor":50,"turns":11}],"seed_played":"8405951710781791067","potions_obtained":[{"floor":7.0,"key":"SkillPotion"},{"floor":10.0,"key":"hermit:Tonic"},{"floor":14.0,"key":"Weak Potion"},{"floor":16.0,"key":"LifebloodPotion"}],"is_trial":false,"path_per_floor":["M","?","?","T","?","E","M","R","T","E","?","M","$","M","R","B",null,"M","?","M","?","M","R","M","AVR","T","?","M","?","R","M","R","B",null,"M","?","?","M","$","R","E","R","T","?","M","R","?","M","R","B"],"character_chosen":"HERMIT","items_purchased":["Pet Ghost","hermit:Brawl","PowerPotion","Adrenaline Potion","infinitespire:Lucky Rock","hermit:Cheat","hermit:ShadowCloak","hermit:Misfire"],"campfire_rested":6,"item_purchase_floors":[13,13,13,13,39,39,39,39],"current_hp_per_floor":[74,74,74,74,67,59,58,58,58,29,17,15,15,13,35,11,75,73,73,70,70,47,69,51,51,51,51,47,47,69,62,62,16,75,67,58,49,49,49,73,6,30,30,30,26,50,80,80,80,0,0],"gold":368,"neow_bonus":"RANDOM_EVENT","is_daily":false,"chose_seed":false,"campfire_upgraded":2,"win_rate":0.0,"timestamp":1610790579,"path_taken":["M","?","?","?","?","E","?","R","T","E","?","M","$","M","R","BOSS","M","?","M","?","M","R","?","AVR","T","?","M","?","R","M","R","BOSS","M","?","?","M","$","R","E","R","T","?","M","R","?","M","R","BOSS"],"items_purchased_type":["Relic","Card","Potion","Potion","Relic","Card","Card","Card"],"build_version":"2020-12-22","purchased_purges":0,"victory":false,"max_hp_per_floor":[75,75,75,75,75,75,75,75,75,75,75,75,75,75,75,75,75,75,75,75,75,75,75,75,75,75,75,75,75,75,75,75,75,75,75,75,80,80,80,80,80,80,80,80,80,80,80,80,80,80,80],"card_choices":[{"not_picked":["hermit:Manifest","hermit:Glare"],"picked":"hermit:Midnight","floor":1.0},{"not_picked":["hermit:Glare","hermit:Virtue"],"picked":"hermit:Combo","floor":6.0},{"not_picked":["hermit:TakeCover","hermit:Roughhouse"],"picked":"hermit:BigShot","floor":7.0},{"not_picked":["hermit:DeadOrAlive","hermit:Dive"],"picked":"hermit:CursedWeapon","floor":10.0},{"not_picked":["hermit:Feint","hermit:Dive"],"picked":"hermit:Shortfuse","floor":12.0},{"not_picked":["hermit:Feint","hermit:HighCaliber"],"picked":"hermit:BodyArmor","floor":14.0},{"not_picked":["hermit:FromBeyond","hermit:Dissolve"],"picked":"hermit:Magnum","floor":16.0},{"not_picked":["hermit:WideOpen","hermit:Deadeye+1"],"picked":"hermit:Virtue","floor":18},{"not_picked":["hermit:LowProfile","hermit:Roulette"],"picked":"hermit:Horror","floor":20},{"not_picked":["hermit:Snipe","hermit:Glare"],"picked":"hermit:HoleUp","floor":22},{"not_picked":["hermit:Roulette","hermit:LoneWolf"],"picked":"hermit:Ricochet","floor":24},{"not_picked":["hermit:CalledShot","hermit:DeadMansHand"],"picked":"hermit:Headshot","floor":28},{"not_picked":["hermit:CursedWeapon","hermit:Gestalt"],"picked":"hermit:Ricochet+1","floor":31},{"not_picked":["hermit:HighNoon","hermit:Magnum"],"picked":"hermit:RoundhouseKick","floor":33},{"not_picked":["hermit:Feint","hermit:TakeCover"],"picked":"hermit:CalledShot","floor":35},{"not_picked":["hermit:Dive+1","hermit:BodyArmor+1"],"picked":"hermit:Quickdraw+1","floor":37},{"not_picked":["hermit:LoneWolf","hermit:Ricochet"],"picked":"hermit:HoleUp","floor":38},{"not_picked":["hermit:Gestalt","hermit:LuckOfTheDraw"],"picked":"hermit:GhostlyPresence+1","floor":41},{"not_picked":["hermit:TakeCover","hermit:Gestalt+1"],"picked":"hermit:Cheat+1","floor":44},{"not_picked":["hermit:DeadMansHand+1","hermit:Roulette"],"picked":"hermit:Horror+1","floor":44},{"not_picked":["hermit:LoneWolf+1","hermit:LowProfile"],"picked":"hermit:Enervate+1","floor":45},{"not_picked":["hermit:Enervate+1","hermit:LowProfile"],"picked":"hermit:Determination+1","floor":48}],"player_experience":701885,"relics_obtained":[{"floor":4.0,"key":"hermit:Spyglass"},{"floor":6.0,"key":"Replay:Baseball"},{"floor":9.0,"key":"Anchor"},{"floor":10.0,"key":"Calipers"},{"floor":37,"key":"Durian"},{"floor":41,"key":"infinitespire:Joker Card"},{"floor":43,"key":"Pen Nib"},{"floor":44,"key":"Frozen Egg 2"}],"event_choices":[{"damage_healed":0.0,"max_hp_gain":0.0,"max_hp_loss":0.0,"gold_gain":0.0,"cards_transformed":["hermit:Defend_Hermit"],"event_name":"Living Wall","player_choice":"Change","floor":0.0,"gold_loss":0.0,"damage_taken":0.0,"cards_obtained":["hermit:DeadOrAlive"]},{"damage_healed":0.0,"max_hp_gain":0.0,"max_hp_loss":0.0,"gold_gain":57.0,"event_name":"Golden Wing","player_choice":"Gained Gold","floor":3.0,"gold_loss":0.0,"damage_taken":0.0},{"damage_healed":0.0,"max_hp_gain":0.0,"max_hp_loss":0.0,"gold_gain":0.0,"event_name":"Wheel of Change","player_choice":"Damaged","floor":5.0,"gold_loss":0.0,"damage_taken":7.0},{"damage_healed":0.0,"max_hp_gain":0.0,"max_hp_loss":0.0,"gold_gain":0.0,"event_name":"Scrap Ooze","player_choice":"Success","floor":11.0,"gold_loss":0.0,"damage_taken":12.0,"relics_obtained":["Orichalcum"]},{"damage_healed":0,"gold_gain":0,"player_choice":"Paid Gold","damage_taken":0,"relics_obtained":["Akabeko"],"max_hp_gain":0,"max_hp_loss":0,"event_name":"WeMeetAgain","floor":21,"gold_loss":59},{"damage_healed":0,"gold_gain":0,"player_choice":"Ignored","damage_taken":0,"max_hp_gain":0,"max_hp_loss":0,"event_name":"Beggar","floor":27,"gold_loss":0},{"damage_healed":0,"gold_gain":0,"player_choice":"Ignored","damage_taken":0,"max_hp_gain":0,"max_hp_loss":0,"event_name":"Vampires","floor":29,"gold_loss":0},{"damage_healed":0,"gold_gain":0,"player_choice":"Embrace Madness","damage_taken":9,"max_hp_gain":0,"max_hp_loss":0,"event_name":"Winding Halls","floor":36,"gold_loss":0,"cards_obtained":["Madness","Madness"]},{"damage_healed":0,"gold_gain":0,"player_choice":"Fight","damage_taken":0,"max_hp_gain":0,"max_hp_loss":0,"event_name":"MindBloom","floor":37,"gold_loss":0},{"cards_removed":["hermit:Horror"],"damage_healed":30,"gold_gain":0,"player_choice":"Offered Uncommon","damage_taken":0,"max_hp_gain":0,"max_hp_loss":0,"event_name":"Bonfire Elementals","floor":47,"gold_loss":0}],"is_beta":false,"boss_relics":[{"not_picked":["hermit:ClaspedLocket","hubris:VirtuousBlindfold"],"picked":"Sozu"},{"not_picked":["ReplayTheSpireMod:SealedPack","hubris:TerracottaHorce"],"picked":"ChewingGum"}],"items_purged_floors":[],"is_endless":false,"potions_floor_spawned":[7,10,14,16,24,28,37,38,41],"killed_by":"LordOfAnnihilation","ascension_level":0}}