{"host":"mytek2nu1hrzdnew","time":1610813993,"event":{"mods":["AchievementEnabler","Aspiration","BaseMod","Conspire","GifTheSpireLib","Gold Saver","Hubris","Minty Spire (QoL Compilation)","Replay The Spire","StSLib","Stuff the Spire","Uncapped"],"gold_per_floor":[616,298,298,343,379,379,475,529,555,597,645,645,678,708,708,1014,1014,1071,1125,731,731,142,142,763,796,870,900,930,978,1056,1113,1113,1113,1113],"floor_reached":33,"language":"ENG","playtime":1963,"items_purged":["Heavy Blade","Hidden Blade","Quick Slash"],"score":425,"play_id":"ab40e788-bcb5-48ec-be6a-ce1621a1ea4b","local_time":"20210116111953","daily_mods":["SealedDeck","Vintage","Green Cards","Heirloom","Midas","Binary"],"is_ascension_mode":false,"campfire_choices":[{"floor":6,"key":"REST"},{"floor":15,"key":"REST"},{"floor":23,"key":"REST"},{"floor":32,"key":"REST"}],"circlet_count":0,"master_deck":["Quick Slash","Armaments","Rampage","Inflame","Prepared","Spot Weakness","Flex","Infinite Blades","Accuracy"],"relics":["Unceasing Top","Busted Crown","hubris:Spice","Oddly Smooth Stone","Orichalcum","Singing Bowl","Anchor","Incense Burner","hubris:GlazedTorus","Ancient Tea Set","TheAbacus","ReplayTheSpireMod:Lightbulb","Red Skull","Blue Doll"],"acts_visited":["Exordium","TheCity"],"potions_floor_usage":[18,29,29,33],"damage_taken":[{"damage":0,"enemies":"Small Slimes","floor":1,"turns":2},{"damage":5,"enemies":"Jaw Worm","floor":4,"turns":2},{"damage":5,"enemies":"2 Louse","floor":5,"turns":3},{"damage":5,"enemies":"3 Sentries","floor":7,"turns":4},{"damage":8,"enemies":"Exordium Wildlife","floor":8,"turns":3},{"damage":0,"enemies":"Large Slime","floor":10,"turns":3},{"damage":4,"enemies":"Exordium Thugs","floor":11,"turns":3},{"damage":0,"enemies":"Exordium Wildlife","floor":13,"turns":2},{"damage":0,"enemies":"3 Louse","floor":14,"turns":2},{"damage":15,"enemies":"The Guardian","floor":16,"turns":5},{"damage":0,"enemies":"3 Byrds","floor":18,"turns":4},{"damage":14,"enemies":"conspire:FuzzyDice","floor":19,"turns":3},{"damage":0,"enemies":"Snake Plant","floor":25,"turns":3},{"damage":0,"enemies":"Chosen and Byrds","floor":27,"turns":4},{"damage":0,"enemies":"Snecko","floor":28,"turns":3},{"damage":0,"enemies":"3 Cultists","floor":29,"turns":3},{"damage":0,"enemies":"Slavers","floor":30,"turns":4},{"damage":1,"enemies":"conspire:HollyBat","floor":31,"turns":4},{"damage":3,"enemies":"conspire:MysteriousRune","floor":33,"turns":2}],"seed_played":"8860500603063226355","potions_obtained":[{"floor":5,"key":"SkillPotion"},{"floor":16,"key":"DuplicationPotion"},{"floor":19,"key":"Dexterity Potion"},{"floor":25,"key":"Block Potion"},{"floor":28,"key":"Explosive Potion"},{"floor":31,"key":"Regen Potion"}],"is_trial":true,"path_per_floor":["M","$","?","M","M","R","E","M","T","M","M","T","M","M","R","B",null,"M","M","$","?","$","R","?","M","T","M","M","M","E","M","R","B"],"character_chosen":"IRONCLAD","items_purchased":["Orichalcum","Spot Weakness","Flex","hubris:Spice","TheAbacus","hubris:Spice"],"campfire_rested":4,"item_purchase_floors":[2,2,2,20,22,22],"current_hp_per_floor":[88,88,88,83,86,96,88,80,72,72,68,64,56,56,56,41,56,56,42,40,40,32,32,24,24,16,16,8,8,8,1,1,0,0],"gold":1113,"neow_bonus":"","is_daily":false,"chose_seed":false,"campfire_upgraded":0,"win_rate":0.0,"timestamp":1610813993,"path_taken":["M","$","?","M","M","R","E","M","T","M","M","?","M","M","R","BOSS","M","M","$","?","$","R","?","M","T","?","M","M","E","M","R","BOSS"],"items_purchased_type":["Relic","Card","Card","Relic","Relic","Relic"],"build_version":"2020-12-22","purchased_purges":3,"victory":false,"max_hp_per_floor":[88,88,88,88,96,96,88,80,72,72,72,64,56,56,56,56,56,56,48,40,40,32,32,32,24,16,16,8,8,8,1,1,1,1],"card_choices":[],"player_experience":1056820,"relics_obtained":[{"floor":1,"key":"Oddly Smooth Stone"},{"floor":4,"key":"Singing Bowl"},{"floor":5,"key":"hubris:Spice"},{"floor":7,"key":"hubris:Spice"},{"floor":8,"key":"hubris:Spice"},{"floor":9,"key":"hubris:Spice"},{"floor":10,"key":"Anchor"},{"floor":11,"key":"Incense Burner"},{"floor":12,"key":"hubris:Spice"},{"floor":13,"key":"hubris:Spice"},{"floor":14,"key":"hubris:GlazedTorus"},{"floor":18,"key":"Ancient Tea Set"},{"floor":19,"key":"hubris:Spice"},{"floor":25,"key":"hubris:Spice"},{"floor":26,"key":"hubris:Spice"},{"floor":27,"key":"ReplayTheSpireMod:Lightbulb"},{"floor":28,"key":"hubris:Spice"},{"floor":29,"key":"Red Skull"},{"floor":30,"key":"Blue Doll"},{"floor":31,"key":"hubris:Spice"}],"event_choices":[],"is_beta":false,"boss_relics":[{"not_picked":["aspiration:FutureDiary","Mark of Pain","StuffTheSpire:RunicHypercube"]}],"items_purged_floors":[2,20,22],"is_endless":true,"potions_floor_spawned":[5,8,10,16,19,25,28,29,31],"killed_by":"conspire:MysteriousRune","ascension_level":0}}