{"host":"t7rtdu4954o308h4","time":1610772748,"event":{"mods":["100% Spire Juice","ATMod(°¢èªMod)","BaseMod","Better Debug","Conspire","Downfall-rebalance","Highlight Path","Hubris","Infinite Spire","Minty Spire (QoL Compilation)","MostiFishMod","Shop Mod","StSLib","TestMod","Waifu the Spire","¡¾ÒÅÎï¿¨ÅÆ¡¿REMEMod"],"gold_per_floor":[99,113,127,143,153,153,206,224,239,266,71,71,106,118,130,225,225,225,245,270,299,323,323,349,31,31,22,22,54,54,70,99,234,234,234,257,532,552,21,21,21,58,92,168,222,31,63,169,207,251,251,251],"floor_reached":50,"language":"ZHS","playtime":5249,"items_purged":["Slimebound:Defend_Slimebound","Regret"],"score":601,"play_id":"93af1578-4806-4f92-a12e-171f0878b594","local_time":"20210116125228","is_ascension_mode":true,"campfire_choices":[{"data":"Slimebound:Dissolve","floor":1,"key":"SMITH"},{"data":"Slimebound:SplitSpecialist","floor":6,"key":"SMITH"},{"data":"Slimebound:Recycling","floor":12,"key":"SMITH"},{"data":"Slimebound:Split","floor":18,"key":"SMITH"},{"floor":26,"key":"REST"},{"data":"Slimebound:OneTwoCombo","floor":28,"key":"SMITH"},{"data":"Slimebound:MassRepurpose","floor":35,"key":"SMITH"},{"data":"Slimebound:MassFeed","floor":40,"key":"SMITH"}],"circlet_count":0,"master_deck":["hubris:Hubris","Slimebound:Strike_Slimebound","Slimebound:Strike_Slimebound","Slimebound:Strike_Slimebound","Slimebound:Tackle","Slimebound:Defend_Slimebound","Slimebound:Defend_Slimebound+1","Slimebound:Split+1","Slimebound:CorrosiveSpit","Slimebound:Dissolve+1","AT_FamilyPortrait","Slimebound:RejuvenatingLick","Slimebound:SplitSpecialist+1","Slimebound:LivingWall","Slimebound:PrepareCrush","Slimebound:Equalize","Slimebound:SplitLeeching","Slimebound:LeechEnergy","Slimebound:Recycling+1","Slimebound:SlimeBarrage","Slimebound:CheckThePlaybook","Slimebound:Prepare","Slimebound:OozeBath","Slimebound:SpikyOuterGoop","Slimebound:ForwardTackle+1","Slimebound:LeechLife","Slimebound:OneTwoCombo+1","Slimebound:ProtectTheBoss","Slimebound:RainOfGoop","Slimebound:LevelUp","Slimebound:SplitSpecialist","Slimebound:Gluttony+1","Slimebound:MassRepurpose+1","Slimebound:LeadByExample+1","Slimebound:MassFeed+1","Slimebound:GoopTackle+1","Slimebound:BestDefense","Slimebound:Split","Slimebound:LeechEnergy","Slimebound:ViciousTackle","Slimebound:CheckThePlaybook","Jack Of All Trades","hubris:Greed"],"relics":["Slimebound:AbsorbEndCombat","AT_ATBox","DaveBox","testmod-TestBox","REME_ComplimentaryCards","testmod-ArcanaOfDestiny","DaCapo","PreservedInsect","hubris:ToyBattleship","Slimebound:TarBlob","testmod-Acrobat","hubris:Towel","SynthV:C4","AT_DeathDance","AT_ImmortalShieldbow","infinitespire:Midas Blood","REME_DuelDisc","Toolbox","MerchantsRug","conspire:BottledYoYo","Blue Candle","infinitespire:EmpoweringShard","Slimebound:SelfDamagePreventRelic","downfall:GremlinSack"],"acts_visited":["Exordium","TheCity","TheBeyond"],"potions_floor_usage":[31,33,36,49,50,50,50],"damage_taken":[{"damage":3,"enemies":"infinitespire:Voidling","floor":2,"turns":3},{"damage":0,"enemies":"Cultist","floor":3,"turns":2},{"damage":10,"enemies":"2 Louse","floor":4,"turns":2},{"damage":14,"enemies":"Exordium Wildlife","floor":5,"turns":5},{"damage":6,"enemies":"conspire:2 RoseBushes","floor":8,"turns":5},{"damage":3,"enemies":"3 Louse","floor":9,"turns":3},{"damage":6,"enemies":"Gremlin Nob","floor":10,"turns":2},{"damage":0,"enemies":"downfall:FleeingMerchant","floor":11,"turns":4},{"damage":1,"enemies":"2 Fungi Beasts","floor":13,"turns":3},{"damage":3,"enemies":"Exordium Wildlife","floor":14,"turns":3},{"damage":13,"enemies":"Exordium Thugs","floor":15,"turns":5},{"damage":31,"enemies":"ArchetypeAct1Statuses","floor":16,"turns":5},{"damage":14,"enemies":"3 Byrds","floor":19,"turns":4},{"damage":41,"enemies":"conspire:MimicChest","floor":20,"turns":4},{"damage":18,"enemies":"Cultist and Chosen","floor":21,"turns":6},{"damage":3,"enemies":"Centurion and Healer","floor":22,"turns":5},{"damage":7,"enemies":"downfall:FleeingMerchant","floor":25,"turns":4},{"damage":0,"enemies":"downfall:FleeingMerchant","floor":27,"turns":2},{"damage":46,"enemies":"REME_1_Revenger","floor":29,"turns":4},{"damage":0,"enemies":"Snecko","floor":31,"turns":4},{"damage":16,"enemies":"Snake Plant","floor":32,"turns":4},{"damage":25,"enemies":"downfall:Watcher","floor":33,"turns":7},{"damage":5,"enemies":"3 Darklings","floor":36,"turns":3},{"damage":6,"enemies":"Orb Walker","floor":38,"turns":2},{"damage":19,"enemies":"Sphere and 2 Shapes","floor":42,"turns":4},{"damage":0,"enemies":"Transient","floor":43,"turns":5},{"damage":5,"enemies":"Giant Head","floor":45,"turns":4},{"damage":13,"enemies":"Jaw Worm Horde","floor":47,"turns":2},{"damage":1,"enemies":"Jaw Worm Horde","floor":48,"turns":2},{"damage":19,"enemies":"Writhing Mass","floor":49,"turns":3},{"damage":94,"enemies":"downfall:Defect","floor":50,"turns":6}],"seed_played":"-1713015601915669832","potions_obtained":[{"floor":2,"key":"Fire Potion"},{"floor":5,"key":"Block Potion"},{"floor":10,"key":"SpeedPotion"},{"floor":14,"key":"CultistPotion"},{"floor":15,"key":"FairyPotion"},{"floor":20,"key":"Slimebound:SpawnSlimePotion"},{"floor":29,"key":"GamblersBrew"},{"floor":31,"key":"Energy Potion"},{"floor":33,"key":"Explosive Potion"},{"floor":45,"key":"Fire Potion"},{"floor":47,"key":"SkillPotion"},{"floor":48,"key":"SkillPotion"},{"floor":49,"key":"PowerPotion"}],"is_trial":false,"path_per_floor":["R","M","M","M","M","R","T","M","M","E","$","R","M","M","M","B",null,"R","M","?","M","M","?","T","$","R","$","R","E","?","M","M","B",null,"R","M","?","M","$","R","T","M","M","T","E","$","M","?","M","B"],"character_chosen":"SLIMEBOUND","items_purchased":["Slimebound:SlimeBarrage","AT_DeathDance","Slimebound:ProtectTheBoss","AT_ImmortalShieldbow","Slimebound:LevelUp","Slimebound:MassFeed","Toolbox","MerchantsRug","Slimebound:SelfDamagePreventRelic","Slimebound:BestDefense"],"campfire_rested":1,"item_purchase_floors":[11,25,25,27,27,39,39,39,46,46],"current_hp_per_floor":[71,68,69,61,49,49,49,45,46,42,51,51,53,52,46,23,71,71,58,26,16,20,20,20,21,42,44,44,43,43,46,37,33,71,71,68,68,63,63,63,63,52,75,75,75,75,65,72,55,0,0,0],"gold":251,"neow_bonus":"TEN_PERCENT_HP_BONUS","is_daily":false,"chose_seed":false,"campfire_upgraded":7,"win_rate":0.0,"timestamp":1610772748,"path_taken":["R","M","?","?","M","R","T","M","M","E","$","R","M","M","M","BOSS","R","M","?","M","M","?","T","$","R","?","R","E","?","M","M","BOSS","R","M","?","M","?","R","T","?","M","?","E","$","?","?","M","BOSS"],"items_purchased_type":["Card","Relic","Card","Relic","Card","Card","Relic","Relic","Relic","Card"],"build_version":"2020-12-22","purchased_purges":2,"victory":false,"max_hp_per_floor":[71,71,71,71,71,71,71,71,71,71,71,71,71,71,71,71,71,71,71,71,71,71,71,71,71,71,71,71,71,71,71,71,71,71,71,71,71,71,71,71,71,75,75,75,75,75,75,79,79,79,79,79],"card_choices":[{"not_picked":["Slimebound:ForwardTackle","Slimebound:ItLooksTasty"],"picked":"Slimebound:RejuvenatingLick","floor":2},{"not_picked":["Slimebound:ComboTackle","Slimebound:Schlurp"],"picked":"Slimebound:SplitSpecialist","floor":3},{"not_picked":["Slimebound:GrowthPunch","Slimebound:ItLooksTasty"],"picked":"Slimebound:LivingWall","floor":4},{"not_picked":["Slimebound:Schlurp","Slimebound:FlameTackle"],"picked":"Slimebound:PrepareCrush","floor":5},{"not_picked":["Slimebound:HauntingLick","Slimebound:LivingWall"],"picked":"Slimebound:Equalize","floor":8},{"not_picked":["Slimebound:FinishingTackle","Slimebound:GrowthPunch"],"picked":"Slimebound:SplitLeeching","floor":9},{"not_picked":["Slimebound:SplitAcid","Slimebound:ItLooksTasty"],"picked":"Slimebound:LeechEnergy","floor":10},{"not_picked":["Slimebound:LeechEnergy","Slimebound:LeechingTouch"],"picked":"Slimebound:Recycling","floor":11},{"not_picked":["Slimebound:Prepare","Slimebound:ComboTackle"],"picked":"Slimebound:CheckThePlaybook","floor":13},{"not_picked":["Slimebound:LeechEnergy","Slimebound:SplitMire"],"picked":"Slimebound:Prepare","floor":14},{"not_picked":["Slimebound:SplitLeeching","Slimebound:Prepare","Slimebound:GoopTackle"],"picked":"SKIP","floor":15},{"not_picked":["Slimebound:WasteNot","Slimebound:DouseInSlime"],"picked":"Slimebound:OozeBath","floor":16},{"not_picked":["Slimebound:PressTheAttack+1","Slimebound:LeechEnergy+1"],"picked":"Slimebound:SpikyOuterGoop","floor":19},{"not_picked":["Slimebound:FinishingTackle","Slimebound:PressTheAttack"],"picked":"Slimebound:ForwardTackle+1","floor":21},{"not_picked":["Slimebound:RainOfGoop","Slimebound:Equalize"],"picked":"Slimebound:LeechLife","floor":22},{"not_picked":["Slimebound:Grow","Slimebound:FlameTackle"],"picked":"Slimebound:OneTwoCombo","floor":25},{"not_picked":["Slimebound:LeechingTouch","Slimebound:LivingWall"],"picked":"Slimebound:RainOfGoop","floor":27},{"not_picked":["Slimebound:Replication","Slimebound:SplitAcid"],"picked":"Slimebound:SplitSpecialist","floor":29},{"not_picked":["Slimebound:SplitMire","Slimebound:SamplingLick","Slimebound:Prepare+1"],"picked":"SKIP","floor":31},{"not_picked":["Slimebound:Schlurp","Slimebound:SplitSpecialist+1"],"picked":"Slimebound:Gluttony+1","floor":32},{"not_picked":["Slimebound:FirmFortitude","Slimebound:DouseInSlime"],"picked":"Slimebound:MassRepurpose","floor":33},{"not_picked":["Slimebound:Prepare+1","Slimebound:SplitBruiser+1"],"picked":"Slimebound:LeadByExample+1","floor":36},{"not_picked":["Slimebound:SplitLeeching","Slimebound:Prepare+1","Slimebound:DisruptingSlam"],"picked":"SKIP","floor":38},{"not_picked":["Slimebound:LeechEnergy+1","Slimebound:DisruptingSlam","Slimebound:Prepare+1"],"picked":"SKIP","floor":42},{"not_picked":["Slimebound:HungryTackle","Slimebound:ForwardTackle","Slimebound:FinishingTackle+1"],"picked":"SKIP","floor":43},{"not_picked":["Slimebound:Schlurp","Slimebound:Prepare+1"],"picked":"Slimebound:GoopTackle+1","floor":45},{"not_picked":["Slimebound:PrepareCrush","Slimebound:RollThrough+1","Slimebound:ComboTackle"],"picked":"SKIP","floor":47},{"not_picked":["Slimebound:RejuvenatingLick+1","Slimebound:SamplingLick","Slimebound:DivideAndConquer"],"picked":"SKIP","floor":49}],"player_experience":95277,"relics_obtained":[{"floor":7,"key":"PreservedInsect"},{"floor":10,"key":"hubris:ToyBattleship"},{"floor":20,"key":"testmod-Acrobat"},{"floor":24,"key":"SynthV:C4"},{"floor":29,"key":"infinitespire:Midas Blood"},{"floor":41,"key":"conspire:BottledYoYo"},{"floor":44,"key":"Blue Candle"},{"floor":45,"key":"infinitespire:EmpoweringShard"},{"floor":48,"key":"downfall:GremlinSack"}],"event_choices":[],"is_beta":false,"boss_relics":[{"not_picked":["testmod-DreamHouse","hubris:CrackedHourglass"],"picked":"Slimebound:TarBlob"},{"not_picked":["Sozu","TakeMeEscape"],"picked":"REME_DuelDisc"}],"items_purged_floors":[11,39],"is_endless":false,"potions_floor_spawned":[2,5,10,13,14,15,20,29,31,33,45,47,48,49],"killed_by":"downfall:Defect","ascension_level":1}}