{"host":"8qkhzo0jjkmvsb7l","time":1610836801,"event":{"mods":["BaseMod","Conspire","Downfall","Marisa????????","Minty Spire (QoL Compilation)","StSLib"],"gold_per_floor":[99,119,119,119,119,29,29,48,48,48,76,91,191,209,226,226,226,226],"floor_reached":16,"language":"RUS","playtime":948,"items_purged":["champ:Defend"],"score":125,"play_id":"17783f5a-9e91-4474-a335-a0990a3f218d","local_time":"20210117014001","is_ascension_mode":false,"campfire_choices":[{"data":"champ:Execute","floor":1,"key":"SMITH"},{"floor":10,"key":"REST"}],"circlet_count":0,"master_deck":["champ:Strike","champ:Strike","champ:Defend","champ:Defend","champ:Execute+1","champ:Taunt+1","champ:Backstep+1","Dark Shackles+1","champ:BerserkersShout+1","champ:PreciseThrust+1","champ:IronFortress","champ:FanOfKnives+1","champ:DefensiveShout+1","champ:GutPunch+1"],"relics":["champ:ChampionCrown","War Paint","Toxic Egg 2","Molten Egg 2"],"acts_visited":["Exordium"],"potions_floor_usage":[13,16,16,16],"damage_taken":[{"damage":10,"enemies":"2 Louse","floor":2,"turns":3},{"damage":20,"enemies":"downfall:FleeingMerchant","floor":6,"turns":4},{"damage":10,"enemies":"Small Slimes","floor":8,"turns":3},{"damage":82,"enemies":"Gremlin Nob","floor":11,"turns":6},{"damage":10,"enemies":"conspire:RoseBush","floor":12,"turns":3},{"damage":41,"enemies":"downfall:Heads","floor":13,"turns":8},{"damage":10,"enemies":"Lots of Slimes","floor":14,"turns":2},{"damage":17,"enemies":"Blue Slaver","floor":15,"turns":4},{"damage":35,"enemies":"SI_SHIV_ARCHETYPE","floor":16,"turns":8}],"seed_played":"471607760064783509","potions_obtained":[{"floor":2,"key":"sneckomod:MuddlingPotion"},{"floor":8,"key":"Dexterity Potion"},{"floor":9,"key":"EntropicBrew"},{"floor":9,"key":"hexamod:SoulburnPotion"},{"floor":11,"key":"PowerPotion"}],"is_trial":false,"path_per_floor":["R","M","?","?","?","$","T","M","?","R","E","M","?","M","M","B"],"character_chosen":"THE_CHAMP","items_purchased":[],"campfire_rested":1,"item_purchase_floors":[],"current_hp_per_floor":[81,81,81,69,69,69,69,69,69,101,49,49,18,18,18,0,0,0],"gold":226,"neow_bonus":"TWENTY_PERCENT_HP_BONUS","is_daily":false,"chose_seed":false,"campfire_upgraded":1,"win_rate":0.0,"timestamp":1610836801,"path_taken":["R","M","?","?","?","$","T","?","?","R","E","?","?","M","M","BOSS"],"items_purchased_type":[],"build_version":"2020-12-22","purchased_purges":1,"victory":false,"max_hp_per_floor":[108,108,108,108,108,108,108,108,108,108,108,108,108,108,108,108,108,108],"card_choices":[{"not_picked":["champ:GutPunch","champ:DeathBlow"],"picked":"champ:Backstep","floor":2},{"not_picked":["champ:RecklessLeap","champ:PreemptiveStrike","champ:EnragedBash"],"picked":"SKIP","floor":6},{"not_picked":["champ:Haymaker","champ:FocusedDefense+1"],"picked":"champ:BerserkersShout+1","floor":8},{"not_picked":["champ:TornadoPunch+1","champ:EnGarde+1"],"picked":"champ:PreciseThrust+1","floor":11},{"not_picked":["champ:BerserkersShout+1","champ:EndlessRage","champ:Parry+1"],"picked":"SKIP","floor":12},{"not_picked":["champ:CrownThrow+1","champ:RisingSlash+1"],"picked":"champ:FanOfKnives+1","floor":13},{"not_picked":["champ:CrookedStrike+1","champ:PerfectedStrike+1"],"picked":"champ:DefensiveShout+1","floor":14},{"not_picked":["champ:RisingSlash+1","champ:Encircle+1"],"picked":"champ:GutPunch+1","floor":15}],"player_experience":240294,"relics_obtained":[{"floor":7,"key":"Toxic Egg 2"},{"floor":11,"key":"Molten Egg 2"}],"event_choices":[{"damage_healed":0,"gold_gain":0,"player_choice":"Success","damage_taken":12,"relics_obtained":["War Paint"],"max_hp_gain":0,"max_hp_loss":0,"event_name":"Scrap Ooze","floor":4,"gold_loss":0},{"damage_healed":0,"gold_gain":0,"player_choice":"Got Potions","damage_taken":0,"max_hp_gain":0,"max_hp_loss":0,"event_name":"Lab","floor":9,"gold_loss":0}],"is_beta":false,"boss_relics":[],"items_purged_floors":[6],"is_endless":false,"potions_floor_spawned":[2,8,11,12],"killed_by":"SI_SHIV_ARCHETYPE","ascension_level":0}}