{"host":"h4qgcirtxz6qax9j","time":1610813210,"event":{"mods":["AchievementEnabler","Astrologer","BaseMod","Colored Powertips","Minty Spire (QoL Compilation)","StSLib","SuperFastMode"],"gold_per_floor":[113,126,138,38,38,38,63,93,93,103,118,118,130,140,140,140,140],"floor_reached":16,"language":"KOR","playtime":561,"items_purged":[],"score":104,"play_id":"a66ff232-d1ee-4f6c-a5b6-deb2fbd9bc81","local_time":"20210117010650","is_ascension_mode":false,"campfire_choices":[{"data":"astrologer:TheStar","floor":6,"key":"SMITH"},{"floor":15,"key":"REST"}],"circlet_count":0,"master_deck":["astrologer:Strike","astrologer:Strike","astrologer:Strike","astrologer:Strike","astrologer:Defend","astrologer:Defend+1","astrologer:Defend+1","astrologer:Defend","astrologer:NorthStar","astrologer:TheFool","astrologer:TheStar+1","astrologer:Retelling","astrologer:MeteorShower+1","astrologer:Stardust","astrologer:Sunrise","astrologer:CrystalBall","astrologer:MeteorShower","astrologer:LonelyStar","astrologer:ReadTheStars"],"relics":["astrologer:SkyMirror","War Paint","The Courier","HornCleat"],"acts_visited":["Exordium"],"potions_floor_usage":[],"damage_taken":[{"damage":1,"enemies":"Small Slimes","floor":1,"turns":3},{"damage":0,"enemies":"Jaw Worm","floor":2,"turns":5},{"damage":0,"enemies":"2 Louse","floor":3,"turns":2},{"damage":40,"enemies":"3 Sentries","floor":7,"turns":9},{"damage":0,"enemies":"Blue Slaver","floor":10,"turns":3},{"damage":5,"enemies":"Large Slime","floor":11,"turns":7},{"damage":4,"enemies":"Exordium Wildlife","floor":13,"turns":4},{"damage":13,"enemies":"Exordium Thugs","floor":14,"turns":4},{"damage":51,"enemies":"Hexaghost","floor":16,"turns":11}],"seed_played":"-345704202851747199","potions_obtained":[{"floor":1,"key":"Swift Potion"},{"floor":7,"key":"Fire Potion"},{"floor":13,"key":"ColorlessPotion"}],"is_trial":false,"path_per_floor":["M","M","M","$","?","R","E","?","T","M","M","?","M","M","R","B"],"character_chosen":"ASTROLOGER","items_purchased":["astrologer:MeteorShower","astrologer:Stardust"],"campfire_rested":1,"item_purchase_floors":[4,4],"current_hp_per_floor":[69,69,69,69,69,69,29,29,29,29,24,47,43,30,51,0,0],"gold":140,"neow_bonus":"RANDOM_COMMON_RELIC","is_daily":false,"chose_seed":false,"campfire_upgraded":1,"win_rate":0.0,"timestamp":1610813210,"path_taken":["M","M","M","$","?","R","E","?","T","M","M","?","?","M","R","BOSS"],"items_purchased_type":["Card","Card"],"build_version":"2020-12-22","purchased_purges":0,"victory":false,"max_hp_per_floor":[70,70,70,70,70,70,70,70,70,70,70,70,70,70,70,70,70],"card_choices":[{"not_picked":["astrologer:Fireball","astrologer:Moonlight"],"picked":"astrologer:TheStar","floor":1},{"not_picked":["astrologer:Eclipse","astrologer:Still"],"picked":"astrologer:Retelling","floor":2},{"not_picked":["astrologer:Glimpse","astrologer:Retelling","astrologer:Eclipse"],"picked":"SKIP","floor":3},{"not_picked":["astrologer:FrozenStar","astrologer:Eclipse"],"picked":"astrologer:Sunrise","floor":7},{"not_picked":["astrologer:Conjunction","astrologer:MeteorShower"],"picked":"astrologer:CrystalBall","floor":10},{"not_picked":["astrologer:Eclipse","astrologer:Still"],"picked":"astrologer:MeteorShower","floor":11},{"not_picked":["astrologer:Fireball","astrologer:SolarFlare"],"picked":"astrologer:LonelyStar","floor":13},{"not_picked":["astrologer:FrozenStar","astrologer:Quincunx"],"picked":"astrologer:ReadTheStars","floor":14}],"player_experience":49406,"relics_obtained":[{"floor":7,"key":"The Courier"},{"floor":9,"key":"HornCleat"}],"event_choices":[{"damage_healed":0,"gold_gain":0,"player_choice":"Grow","damage_taken":0,"max_hp_gain":0,"max_hp_loss":0,"event_name":"Living Wall","floor":5,"gold_loss":0,"cards_upgraded":["astrologer:MeteorShower"]},{"damage_healed":0,"gold_gain":30,"player_choice":"Searched \u00271\u0027 times","damage_taken":0,"max_hp_gain":0,"max_hp_loss":0,"event_name":"Dead Adventurer","floor":8,"gold_loss":0},{"damage_healed":23,"gold_gain":0,"player_choice":"Banana","damage_taken":0,"max_hp_gain":0,"max_hp_loss":0,"event_name":"Big Fish","floor":12,"gold_loss":0}],"is_beta":false,"boss_relics":[],"items_purged_floors":[],"is_endless":false,"potions_floor_spawned":[1,7,13,14],"killed_by":"Hexaghost","ascension_level":0}}