{"host":"37dk0reb6x0du8wx","time":1610774845,"event":{"mods":["BaseMod","Colored Map","DeckTracker","Minty Spire (QoL Compilation)","Quick Restart","StSLib"],"gold_per_floor":[119,294,294,5000,5015,5015,5015,5015,5015,4280,3568,3581,2660,2692,2692,2789,2789,2806,2806,1796,1810,1040,1040,1072,1072,1072,1072,1106,1106,1119,277,277,374,374,374,374],"floor_reached":35,"language":"KOR","playtime":1225,"items_purged":["Strike_B","Strike_B","Strike_B","Defend_B","Defend_B","Zap"],"score":572,"play_id":"31964536-b4f4-484a-a8a4-0df8102f95d6","local_time":"20210116142725","is_ascension_mode":true,"campfire_choices":[{"data":"Defend_B","floor":6,"key":"SMITH"},{"data":"Defend_B","floor":8,"key":"SMITH"},{"floor":15,"key":"REST"},{"data":"Consume","floor":23,"key":"SMITH"},{"data":"Loop","floor":25,"key":"SMITH"},{"data":"Defragment","floor":27,"key":"SMITH"},{"data":"Auto Shields","floor":32,"key":"SMITH"}],"circlet_count":0,"master_deck":["Defend_B+1","Defend_B+1","Dualcast","Auto Shields+1","Loop+1","Leap","Leap","Consume+1","Reinforced Body","Conserve Battery","Defragment+1","Darkness","Loop+1"],"relics":["Cracked Core","NeowsBlessing","Happy Flower","Bird Faced Urn","Cauldron","Turnip","Pen Nib","PreservedInsect","StoneCalendar","Frozen Eye","Gremlin Horn","Question Card","OrangePellets","DataDisk","Empty Cage","Bottled Lightning","Ornamental Fan","ClockworkSouvenir","Medical Kit","Bag of Preparation","Ancient Tea Set","Torii","Mango","Centennial Puzzle","Thread and Needle","Bag of Marbles","DollysMirror","Philosopher\u0027s Stone"],"acts_visited":["Exordium","TheCity","TheBeyond"],"potions_floor_usage":[12,16,18,22,28,33,33],"damage_taken":[{"damage":0,"enemies":"Jaw Worm","floor":1,"turns":1},{"damage":0,"enemies":"Small Slimes","floor":4,"turns":2},{"damage":0,"enemies":"Cultist","floor":5,"turns":1},{"damage":38,"enemies":"Exordium Wildlife","floor":12,"turns":7},{"damage":1,"enemies":"Lagavulin","floor":14,"turns":7},{"damage":33,"enemies":"Slime Boss","floor":16,"turns":7},{"damage":21,"enemies":"3 Byrds","floor":18,"turns":5},{"damage":1,"enemies":"Chosen","floor":21,"turns":7},{"damage":11,"enemies":"Book of Stabbing","floor":24,"turns":4},{"damage":24,"enemies":"Slavers","floor":28,"turns":7},{"damage":1,"enemies":"Snecko","floor":30,"turns":4},{"damage":71,"enemies":"Collector","floor":33,"turns":10},{"damage":37,"enemies":"3 Darklings","floor":35,"turns":5}],"seed_played":"-7896445153491055393","potions_obtained":[{"floor":5,"key":"SneckoOil"},{"floor":10,"key":"Energy Potion"},{"floor":10,"key":"FairyPotion"},{"floor":12,"key":"Fruit Juice"},{"floor":16,"key":"DistilledChaos"},{"floor":21,"key":"EntropicBrew"},{"floor":30,"key":"GamblersBrew"}],"is_trial":false,"path_per_floor":["M","?","?","M","M","R","?","R","T","$","$","M","$","E","R","B",null,"M","?","$","M","$","R","E","R","T","R","E","?","M","$","R","B",null,"M"],"character_chosen":"DEFECT","items_purchased":["Cauldron","Turnip","Pen Nib","Auto Shields","PreservedInsect","StoneCalendar","Frozen Eye","Gremlin Horn","Question Card","OrangePellets","Loop","EssenceOfDarkness","Bottled Lightning","Ornamental Fan","ClockworkSouvenir","Consume","Reinforced Body","Doom and Gloom","Defragment","Medical Kit","Bag of Preparation","Ancient Tea Set","Regen Potion","Thread and Needle","Bag of Marbles","DollysMirror","Block Potion"],"campfire_rested":1,"item_purchase_floors":[10,10,10,10,11,11,11,13,13,13,13,13,20,20,20,20,20,20,22,22,22,22,22,31,31,31,31],"current_hp_per_floor":[75,75,75,75,75,75,80,80,80,80,80,47,47,48,73,42,85,64,64,64,65,65,65,58,58,72,72,67,67,70,70,70,5,99,64,64],"gold":374,"neow_bonus":"THREE_ENEMY_KILL","is_daily":false,"chose_seed":false,"campfire_upgraded":6,"win_rate":0.0,"timestamp":1610774845,"path_taken":["M","?","?","?","M","R","?","R","T","?","$","?","$","E","R","BOSS","M","?","$","M","$","R","E","R","T","R","E","?","?","$","R","BOSS","M"],"items_purchased_type":["Relic","Relic","Relic","Card","Relic","Relic","Relic","Relic","Relic","Relic","Card","Potion","Relic","Relic","Relic","Card","Card","Card","Card","Relic","Relic","Relic","Potion","Relic","Relic","Relic","Potion"],"build_version":"2020-12-22","purchased_purges":6,"victory":false,"max_hp_per_floor":[75,75,75,75,75,75,80,80,80,80,80,85,85,85,85,85,85,85,85,85,85,85,85,85,85,99,99,99,99,99,99,99,99,99,99,99],"card_choices":[{"not_picked":["Ball Lightning","Steam Power","Turbo"],"picked":"SKIP","floor":1},{"not_picked":["Gash","Steam","Cold Snap"],"picked":"SKIP","floor":4},{"not_picked":["Hologram","Stack"],"picked":"Amplify","floor":5},{"not_picked":["Compile Driver","Stack","Streamline"],"picked":"SKIP","floor":12},{"not_picked":["Gash","Streamline","Turbo"],"picked":"Leap","floor":14},{"not_picked":["Tempest","Stack+1","Melter"],"picked":"Leap","floor":18},{"not_picked":["Go for the Eyes","Blizzard","Recycle"],"picked":"Conserve Battery","floor":21},{"not_picked":["Compile Driver","Gash+1","Force Field","Lockon+1"],"picked":"SKIP","floor":24},{"not_picked":["Consume","Barrage","Self Repair"],"picked":"Darkness","floor":28},{"not_picked":["Electrodynamics","Rebound+1","Ball Lightning","Compile Driver"],"picked":"SKIP","floor":30}],"player_experience":194500,"relics_obtained":[{"floor":3,"key":"Happy Flower"},{"floor":9,"key":"Bird Faced Urn"},{"floor":14,"key":"DataDisk"},{"floor":24,"key":"Torii"},{"floor":26,"key":"Mango"},{"floor":28,"key":"Centennial Puzzle"}],"event_choices":[{"damage_healed":0,"gold_gain":175,"player_choice":"AGREE","damage_taken":0,"max_hp_gain":0,"max_hp_loss":0,"event_name":"Liars Game","floor":2,"gold_loss":0,"cards_obtained":["Doubt"]},{"damage_healed":0,"gold_gain":0,"player_choice":"Relic","damage_taken":0,"max_hp_gain":0,"max_hp_loss":0,"event_name":"Wheel of Change","floor":3,"gold_loss":0},{"damage_healed":0,"gold_gain":0,"player_choice":"Donut","damage_taken":0,"max_hp_gain":5,"max_hp_loss":0,"event_name":"Big Fish","floor":7,"gold_loss":0},{"cards_removed":["Amplify"],"damage_healed":0,"gold_gain":0,"player_choice":"Elegance","damage_taken":0,"max_hp_gain":0,"max_hp_loss":0,"event_name":"Back to Basics","floor":19,"gold_loss":0},{"cards_removed":["Doom and Gloom"],"damage_healed":0,"gold_gain":0,"player_choice":"Purged","damage_taken":0,"max_hp_gain":0,"max_hp_loss":0,"event_name":"Purifier","floor":29,"gold_loss":0}],"is_beta":false,"boss_relics":[{"not_picked":["Calling Bell","FrozenCore"],"picked":"Empty Cage"},{"not_picked":["Astrolabe","Sozu"],"picked":"Philosopher\u0027s Stone"}],"items_purged_floors":[10,11,13,20,22,31],"is_endless":false,"potions_floor_spawned":[5,12,16,21,30],"killed_by":"3 Darklings","ascension_level":4}}