{"host":"37uvkxgs6qebn1sk","time":1610774163,"event":{"mods":["BaseMod","Better Third Choice","Minty Spire (QoL Compilation)","Replay The Spire","StSLib","vexMod"],"gold_per_floor":[117,267,0,12,12,12,12,23,50,50,80,90,90,46,46,46,46],"floor_reached":16,"language":"ZHS","playtime":527,"items_purged":["Doubt"],"score":196,"play_id":"22a6257b-48ff-4519-9571-83ecb468a8d8","local_time":"20210116131603","is_ascension_mode":true,"campfire_choices":[{"data":"Defragment","floor":6.0,"key":"SMITH"},{"data":"Fission","floor":13,"key":"SMITH"},{"data":"Zap","floor":15,"key":"SMITH"}],"circlet_count":0,"master_deck":["AscendersBane","Strike_B","Strike_B","Strike_B","Strike_B","Defend_B","Defend_B","Defend_B","Zap+1","Dualcast","Glacier","Defragment+1","Finesse","Cold Snap","Compile Driver","Go for the Eyes","Self Repair","Fission+1","Crystallizer"],"relics":["Cracked Core","Geode","PreservedInsect","Replay:Mystery Machine"],"acts_visited":["Exordium"],"potions_floor_usage":[],"damage_taken":[{"damage":7.0,"enemies":"2 Louse","floor":1.0,"turns":2.0},{"damage":1.0,"enemies":"Cultist","floor":4.0,"turns":3.0},{"damage":0.0,"enemies":"Small Slimes","floor":8.0,"turns":3.0},{"damage":12,"enemies":"3 Sentries","floor":11,"turns":7},{"damage":0,"enemies":"3 Louse","floor":12,"turns":6},{"damage":80,"enemies":"Fading Forest","floor":16,"turns":11}],"seed_played":"-8067604633145595893","potions_obtained":[],"is_trial":false,"path_per_floor":["M","?","$","M","?","R","?","M","T","?","E","M","R","$","R","B"],"character_chosen":"DEFECT","items_purchased":["Defragment","Finesse","Crystallizer"],"campfire_rested":0,"item_purchase_floors":[3,3,14],"current_hp_per_floor":[57,57,57,56,51,51,51,51,51,58,46,53,53,53,53,0,0],"gold":46,"neow_bonus":"REMOVE_CARD","is_daily":false,"chose_seed":false,"campfire_upgraded":3,"win_rate":0.0,"timestamp":1610774163,"path_taken":["M","?","$","M","?","R","?","?","T","?","E","M","R","$","R","BOSS"],"items_purchased_type":["Card","Card","Card"],"build_version":"2020-12-22","purchased_purges":1,"victory":false,"max_hp_per_floor":[71,71,71,71,71,71,71,71,71,71,71,71,71,71,71,71,71],"card_choices":[{"not_picked":["Rebound","Hologram"],"picked":"Glacier","floor":1.0},{"not_picked":["Consume","Turbo"],"picked":"Cold Snap","floor":4.0},{"not_picked":["BasicCrystalCard","ReplayTheSpireMod:GoodbyeWorld"],"picked":"Go for the Eyes","floor":8.0},{"not_picked":["Sweeping Beam","Undo"],"picked":"Self Repair","floor":11},{"not_picked":["Hologram","Turbo"],"picked":"Fission","floor":12}],"player_experience":965055,"relics_obtained":[{"floor":9.0,"key":"PreservedInsect"},{"floor":11,"key":"Replay:Mystery Machine"}],"event_choices":[{"damage_healed":0.0,"max_hp_gain":0.0,"max_hp_loss":0.0,"gold_gain":150.0,"event_name":"betterThird:BetterSerpent","player_choice":"AGREE","floor":2.0,"gold_loss":0.0,"damage_taken":117.0},{"damage_healed":0.0,"max_hp_gain":0.0,"max_hp_loss":0.0,"gold_gain":0.0,"event_name":"betterThird:BetterScrap","player_choice":"Relic ","floor":5.0,"gold_loss":0.0,"damage_taken":5.0,"cards_obtained":["Omniscience"]},{"damage_healed":0.0,"max_hp_gain":0.0,"max_hp_loss":0.0,"gold_gain":0.0,"event_name":"Match and Keep!","player_choice":"1 cards matched","floor":7.0,"gold_loss":0.0,"damage_taken":0.0,"cards_obtained":["Compile Driver"]}],"is_beta":false,"boss_relics":[],"items_purged_floors":[3],"is_endless":false,"potions_floor_spawned":[],"killed_by":"Fading Forest","ascension_level":20}}