{"host":"y1oqg7uy0jc6f5mb","time":1610789140,"event":{"mods":["BaseMod","Block Reminder","Colored Map","Colored Powertips","Custom Start","DeckTracker","Highlight Path","Minty Spire (QoL Compilation)","Permanent Neow","Quick Restart","Relic Sorter","Relic Stats","StSLib"],"gold_per_floor":[117,117,117,134,154,185,185,220,220,234,234,25,54,70,70,173,173,187,200,200,217,230,230,256,283,283,298,69,98,98,112,112,209,209,222,222,240,255,305,305,305,305],"floor_reached":41,"language":"ENG","playtime":3239,"items_purged":[],"score":548,"play_id":"37a242b7-bdd4-4ef6-9836-7f10101fe185","local_time":"20210116172540","is_ascension_mode":true,"campfire_choices":[{"data":"True Grit","floor":7.0,"key":"SMITH"},{"data":"Spot Weakness","floor":15.0,"key":"SMITH"},{"data":"Body Slam","floor":23.0,"key":"SMITH"},{"data":"Armaments","floor":32.0,"key":"SMITH"},{"data":"True Grit","floor":40.0,"key":"SMITH"}],"circlet_count":0,"master_deck":["Strike_R","Strike_R","Strike_R","Strike_R","Defend_R+1","Defend_R+1","Defend_R","Defend_R","Bash","Flame Barrier","Clothesline","Shrug It Off","Thunderclap","True Grit+1","Body Slam+1","Feel No Pain+1","Fiend Fire","Intimidate","Good Instincts","Demon Form+1","Spot Weakness+1","Juggernaut+1","Cleave","Infernal Blade+1","Power Through+1","Ghostly Armor+1","Dark Embrace+1","True Grit+1","RitualDagger","Armaments+1","Juggernaut+1","Disarm+1","Madness","Madness","Body Slam"],"relics":["Burning Blood","Mercury Hourglass","War Paint","Frozen Egg 2","Nunchaku","Coffee Dripper","Lizard Tail","PreservedInsect","Bottled Flame","Happy Flower","Pear","Philosopher\u0027s Stone","Gambling Chip"],"acts_visited":["Exordium","TheCity","TheBeyond"],"potions_floor_usage":[],"damage_taken":[{"damage":7.0,"enemies":"Small Slimes","floor":1.0,"turns":4.0},{"damage":0.0,"enemies":"2 Louse","floor":4.0,"turns":2.0},{"damage":6.0,"enemies":"Cultist","floor":5.0,"turns":4.0},{"damage":44.0,"enemies":"3 Sentries","floor":6.0,"turns":11.0},{"damage":4.0,"enemies":"Gremlin Nob","floor":8.0,"turns":4.0},{"damage":1.0,"enemies":"Lots of Slimes","floor":10.0,"turns":3.0},{"damage":1.0,"enemies":"3 Sentries","floor":13.0,"turns":6.0},{"damage":0.0,"enemies":"Exordium Thugs","floor":14.0,"turns":5.0},{"damage":2.0,"enemies":"Slime Boss","floor":16.0,"turns":11.0},{"damage":0.0,"enemies":"3 Byrds","floor":18.0,"turns":3.0},{"damage":12.0,"enemies":"Shell Parasite","floor":19.0,"turns":6.0},{"damage":20.0,"enemies":"Cultist and Chosen","floor":21.0,"turns":5.0},{"damage":24.0,"enemies":"Snake Plant","floor":22.0,"turns":4.0},{"damage":18.0,"enemies":"Book of Stabbing","floor":24.0,"turns":5.0},{"damage":5.0,"enemies":"Chosen and Byrds","floor":27.0,"turns":6.0},{"damage":2.0,"enemies":"Gremlin Leader","floor":29.0,"turns":5.0},{"damage":4.0,"enemies":"Centurion and Healer","floor":31.0,"turns":7.0},{"damage":37.0,"enemies":"Collector","floor":33.0,"turns":9.0},{"damage":15.0,"enemies":"3 Darklings","floor":35.0,"turns":5.0},{"damage":26.0,"enemies":"Orb Walker","floor":37.0,"turns":4.0},{"damage":10.0,"enemies":"3 Darklings","floor":38.0,"turns":5.0},{"damage":61.0,"enemies":"2 Orb Walkers","floor":39.0,"turns":6.0},{"damage":54,"enemies":"Reptomancer","floor":41,"turns":4}],"seed_played":"-5495518101573030697","potions_obtained":[{"floor":5.0,"key":"Fire Potion"},{"floor":6.0,"key":"ColorlessPotion"},{"floor":16.0,"key":"Block Potion"},{"floor":18.0,"key":"SteroidPotion"},{"floor":20.0,"key":"Energy Potion"},{"floor":20.0,"key":"AttackPotion"},{"floor":20.0,"key":"Weak Potion"},{"floor":27.0,"key":"SpeedPotion"}],"is_trial":false,"path_per_floor":["M","?","?","M","M","E","R","E","T","M","?","$","E","M","R","B",null,"M","M","?","M","M","R","E","T","T","M","$","E","?","M","R","B",null,"M","?","M","M","?","R","E"],"character_chosen":"IRONCLAD","items_purchased":["Intimidate","Good Instincts","PowerPotion","Dark Embrace+1","Happy Flower","True Grit"],"campfire_rested":0,"item_purchase_floors":[12,12,12,28,28,28],"current_hp_per_floor":[79,79,84,85,85,47,47,49,49,54,54,54,59,65,65,69,85,85,79,79,65,47,47,35,35,35,36,36,50,44,46,46,15,95,86,74,54,50,53,53,0,0],"gold":305,"neow_bonus":"THREE_CARDS","is_daily":false,"chose_seed":false,"campfire_upgraded":5,"win_rate":0.0,"timestamp":1610789140,"path_taken":["M","?","?","M","M","E","R","E","T","M","?","$","E","M","R","BOSS","M","M","?","M","?","R","E","?","T","M","$","E","?","M","R","BOSS","M","?","M","M","?","R","E"],"items_purchased_type":["Card","Card","Potion","Card","Relic","Card"],"build_version":"2020-12-22","purchased_purges":0,"victory":false,"max_hp_per_floor":[80,80,85,85,85,85,85,85,85,85,85,85,85,85,85,85,85,85,85,85,85,85,85,85,85,85,85,85,95,95,95,95,95,95,95,95,95,95,95,95,95,95],"relic_stats":{"Nunchaku":[11],"Lizard Tail":47,"Happy Flower":[15],"counters":[23,121],"Gambling Chip":[3],"PreservedInsect":103,"War Paint":["Defend_R","Defend_R"],"obtain_stats":[{"Pear":29,"Happy Flower":28,"PreservedInsect":25,"War Paint":8,"Frozen Egg 2":9,"Burning Blood":0,"Mercury Hourglass":6,"Nunchaku":13,"Lizard Tail":24,"Bottled Flame":26,"Gambling Chip":39,"Philosopher\u0027s Stone":34,"Coffee Dripper":17},{"Pear":16,"Happy Flower":15,"PreservedInsect":14,"War Paint":5,"Frozen Egg 2":5,"Burning Blood":0,"Mercury Hourglass":4,"Nunchaku":7,"Lizard Tail":14,"Bottled Flame":14,"Gambling Chip":22,"Philosopher\u0027s Stone":18,"Coffee Dripper":9},{"Pear":82,"Happy Flower":77,"PreservedInsect":71,"War Paint":25,"Frozen Egg 2":25,"Burning Blood":0,"Mercury Hourglass":21,"Nunchaku":34,"Lizard Tail":71,"Bottled Flame":71,"Gambling Chip":117,"Philosopher\u0027s Stone":98,"Coffee Dripper":49}],"Burning Blood":121,"Mercury Hourglass":[494]},"card_choices":[{"not_picked":["Clothesline","Heavy Blade"],"picked":"Flame Barrier","floor":0.0},{"not_picked":["Clash","Body Slam"],"picked":"Clothesline","floor":1.0},{"not_picked":["Warcry","Inflame"],"picked":"Shrug It Off","floor":4.0},{"not_picked":["Heavy Blade","Brutality"],"picked":"Thunderclap","floor":5.0},{"not_picked":["Twin Strike","Iron Wave"],"picked":"True Grit","floor":6.0},{"not_picked":["Combust","Whirlwind"],"picked":"Body Slam","floor":8.0},{"not_picked":["Body Slam","Flex"],"picked":"Feel No Pain+1","floor":10.0},{"not_picked":["Heavy Blade","Rampage"],"picked":"Demon Form+1","floor":13.0},{"not_picked":["Uppercut","Clothesline"],"picked":"Spot Weakness","floor":14.0},{"not_picked":["Berserk+1","Feed"],"picked":"Juggernaut+1","floor":16.0},{"not_picked":["Flame Barrier","Clash"],"picked":"Cleave","floor":18.0},{"not_picked":["Perfected Strike+1","Cleave+1"],"picked":"Infernal Blade+1","floor":19.0},{"not_picked":["Thunderclap","Spot Weakness","Warcry"],"picked":"SKIP","floor":21.0},{"not_picked":["Clothesline","Entrench"],"picked":"Power Through+1","floor":22.0},{"not_picked":["Sword Boomerang","Body Slam+1"],"picked":"Ghostly Armor+1","floor":24.0},{"not_picked":["Perfected Strike","Rage","Whirlwind"],"picked":"SKIP","floor":27.0},{"not_picked":["Spot Weakness","Berserk+1","True Grit"],"picked":"SKIP","floor":29.0},{"not_picked":["Cleave","Clothesline"],"picked":"Armaments","floor":31.0},{"not_picked":["Berserk+1","Bludgeon"],"picked":"Juggernaut+1","floor":33.0},{"not_picked":["Power Through+1","Body Slam"],"picked":"Disarm+1","floor":35.0},{"not_picked":["Armaments","Flex","Pommel Strike"],"picked":"SKIP","floor":37.0},{"not_picked":["Uppercut","Headbutt"],"picked":"Body Slam","floor":38.0}],"player_experience":11919,"relics_obtained":[{"floor":6.0,"key":"Mercury Hourglass"},{"floor":8.0,"key":"War Paint"},{"floor":9.0,"key":"Frozen Egg 2"},{"floor":13.0,"key":"Nunchaku"},{"floor":24.0,"key":"Lizard Tail"},{"floor":25.0,"key":"PreservedInsect"},{"floor":26.0,"key":"Bottled Flame"},{"floor":29.0,"key":"Pear"},{"floor":39.0,"key":"Gambling Chip"}],"event_choices":[{"damage_healed":0.0,"max_hp_gain":0.0,"max_hp_loss":0.0,"gold_gain":0.0,"event_name":"Liars Game","player_choice":"Ignored","floor":2.0,"gold_loss":0.0,"damage_taken":0.0},{"damage_healed":0.0,"max_hp_gain":5.0,"max_hp_loss":0.0,"gold_gain":0.0,"event_name":"Big Fish","player_choice":"Donut","floor":3.0,"gold_loss":0.0,"damage_taken":0.0},{"damage_healed":0.0,"max_hp_gain":0.0,"max_hp_loss":0.0,"gold_gain":0.0,"cards_transformed":["Strike_R"],"event_name":"Transmorgrifier","player_choice":"Transformed","floor":11.0,"gold_loss":0.0,"damage_taken":0.0,"cards_obtained":["Fiend Fire"]},{"damage_healed":0.0,"max_hp_gain":0.0,"max_hp_loss":0.0,"gold_gain":0.0,"event_name":"Lab","player_choice":"Got Potions","floor":20.0,"gold_loss":0.0,"damage_taken":0.0},{"damage_healed":0.0,"max_hp_gain":0.0,"max_hp_loss":0.0,"gold_gain":0.0,"event_name":"Nest","player_choice":"Joined the Cult","floor":30.0,"gold_loss":0.0,"damage_taken":6.0,"cards_obtained":["RitualDagger"]},{"damage_healed":0.0,"max_hp_gain":0.0,"max_hp_loss":0.0,"gold_gain":0.0,"event_name":"Winding Halls","player_choice":"Embrace Madness","floor":36.0,"gold_loss":0.0,"damage_taken":12.0,"cards_obtained":["Madness","Madness"]},{"damage_healed":0.0,"max_hp_gain":0.0,"max_hp_loss":0.0,"gold_gain":0.0,"event_name":"Mysterious Sphere","player_choice":"Fight","floor":39.0,"gold_loss":0.0,"damage_taken":0.0}],"is_beta":false,"boss_relics":[{"not_picked":["Velvet Choker","Tiny House"],"picked":"Coffee Dripper"},{"not_picked":["Runic Cube","Runic Dome"],"picked":"Philosopher\u0027s Stone"}],"items_purged_floors":[],"is_endless":false,"potions_floor_spawned":[5,6,16,18,27,31],"killed_by":"Reptomancer","ascension_level":2}}