{"host":"mmqs5ul2bvb60kyc","time":1610775842,"event":{"mods":["AchievementEnabler","BaseMod","Colored Map","Colored Powertips","Good Game Mod","Minty Spire (QoL Compilation)","Quick Restart","StSLib"],"gold_per_floor":[114,126,51,64,239,239,256,290,302,329,341,383,413,453,465,549,561,583,609,803,815,595,595,629,648,699,733,751,445,470,470,470,543,543,555,555,245,257,272,272,298,298,298,298,333,343,360,392,392,392,392,392,120,152,152],"floor_reached":56,"language":"ZHS","playtime":6879,"items_purged":["Decay","Strike_R","Strike_R","Strike_R"],"score":2206,"play_id":"0122aecc-b341-4b06-bacc-5d7ce93254dd","local_time":"20210116134402","is_ascension_mode":true,"campfire_choices":[{"data":"Apotheosis","floor":6.0,"key":"SMITH"},{"data":"Second Wind","floor":11.0,"key":"SMITH"},{"data":"Fire Breathing","floor":15.0,"key":"SMITH"},{"data":"Corruption","floor":23.0,"key":"SMITH"},{"data":"Feel No Pain","floor":32.0,"key":"SMITH"},{"floor":40,"key":"RECALL"},{"data":"Barricade","floor":42,"key":"SMITH"},{"data":"Havoc","floor":44,"key":"SMITH"},{"data":"Panacea","floor":49,"key":"SMITH"},{"data":"Body Slam","floor":52,"key":"SMITH"}],"circlet_count":0,"master_deck":["AscendersBane","Strike_R","Strike_R","Defend_R","Defend_R","Defend_R","Defend_R","Bash","Apotheosis+1","Second Wind","Doubt","Second Wind+1","Carnage","Fiend Fire","Fire Breathing+1","Corruption+1","Juggernaut","Writhe","Inflame","Havoc+1","Feel No Pain+1","Shrug It Off","Shrug It Off","Barricade+1","Body Slam+1","Panacea+1","Bandage Up","Seeing Red+1","Entrench+1","Evolve","Dark Embrace"],"relics":["Burning Blood","REME:ComplimentaryCards","Dead Branch","MawBank","Blue Candle","Happy Flower","Black Star","Red Mask","Red Mask","Red Mask","Red Mask","Red Mask","Red Mask","Red Mask","Dream Catcher","Toolbox","Tiny Chest","Smiling Mask","Bronze Scales","Bag of Preparation","Eternal Feather","Red Skull","PreservedInsect","Ancient Tea Set","Mango","Coffee Dripper","Toxic Egg 2","HornCleat","Omamori","Sundial","Bird Faced Urn","MealTicket","StoneCalendar","Toy Ornithopter","Medical Kit","Pantograph","Pocketwatch"],"acts_visited":["Exordium","TheCity","TheBeyond","TheEnding"],"potions_floor_usage":[55],"damage_taken":[{"damage":13.0,"enemies":"Jaw Worm","floor":1.0,"turns":5.0},{"damage":0.0,"enemies":"2 Louse","floor":2.0,"turns":4.0},{"damage":27.0,"enemies":"Small Slimes","floor":4.0,"turns":5.0},{"damage":1.0,"enemies":"3 Louse","floor":7.0,"turns":4.0},{"damage":22.0,"enemies":"Lagavulin","floor":8.0,"turns":9.0},{"damage":0.0,"enemies":"Exordium Thugs","floor":10.0,"turns":4.0},{"damage":10.0,"enemies":"Gremlin Nob","floor":12.0,"turns":3.0},{"damage":0.0,"enemies":"2 Fungi Beasts","floor":13.0,"turns":2.0},{"damage":11.0,"enemies":"3 Sentries","floor":14.0,"turns":7.0},{"damage":18.0,"enemies":"The Guardian","floor":16.0,"turns":9.0},{"damage":11.0,"enemies":"Shell Parasite","floor":18.0,"turns":5.0},{"damage":7.0,"enemies":"3 Byrds","floor":19.0,"turns":4.0},{"damage":5.0,"enemies":"Masked Bandits","floor":20.0,"turns":6.0},{"damage":41.0,"enemies":"Book of Stabbing","floor":24.0,"turns":6.0},{"damage":5.0,"enemies":"Snake Plant","floor":25.0,"turns":3.0},{"damage":20.0,"enemies":"Slavers","floor":27.0,"turns":5.0},{"damage":8.0,"enemies":"Snecko","floor":28.0,"turns":3.0},{"damage":1.0,"enemies":"Book of Stabbing","floor":30.0,"turns":4.0},{"damage":4.0,"enemies":"Automaton","floor":33.0,"turns":4.0},{"damage":4.0,"enemies":"3 Darklings","floor":35.0,"turns":4.0},{"damage":0,"enemies":"3 Shapes","floor":38,"turns":4},{"damage":2,"enemies":"Writhing Mass","floor":39,"turns":4},{"damage":0,"enemies":"Nemesis","floor":41,"turns":3},{"damage":7,"enemies":"Giant Head","floor":45,"turns":5},{"damage":0,"enemies":"Jaw Worm Horde","floor":46,"turns":5},{"damage":0,"enemies":"Sphere and 2 Shapes","floor":47,"turns":4},{"damage":10,"enemies":"Reptomancer","floor":48,"turns":5},{"damage":42,"enemies":"Awakened One","floor":50,"turns":5},{"damage":31,"enemies":"Shield and Spear","floor":54,"turns":5},{"damage":15,"enemies":"The Heart","floor":55,"turns":5}],"seed_played":"-6895013888673290147","potions_obtained":[{"floor":4.0,"key":"GamblersBrew"},{"floor":10.0,"key":"Energy Potion"},{"floor":12.0,"key":"Weak Potion"},{"floor":14.0,"key":"DuplicationPotion"},{"floor":16.0,"key":"Swift Potion"},{"floor":19.0,"key":"EntropicBrew"},{"floor":20.0,"key":"LiquidMemories"},{"floor":28.0,"key":"GamblersBrew"}],"is_trial":false,"path_per_floor":["M","M","$","M","?","R","M","E","T","M","R","E","M","E","R","B",null,"M","M","?","?","$","R","E","M","T","E","M","$","E","T","R","B",null,"M","?","$","M","M","R","E","R","T","R","E","M","M","E","R","B",null,"R","$","E","B",null],"character_chosen":"IRONCLAD","items_purchased":["Toolbox","Inflame","Feel No Pain","Red Skull","Shrug It Off","Toxic Egg 2","Medical Kit","Evolve"],"campfire_rested":0,"item_purchase_floors":[22,22,29,29,29,37,53,53],"current_hp_per_floor":[65,71,71,50,50,50,55,39,39,45,45,41,47,42,42,30,68,63,62,63,63,63,63,28,29,29,15,13,13,18,32,47,49,83,85,75,75,85,94,94,94,94,94,94,93,94,94,94,94,74,89,94,94,79,94],"gold":152,"neow_bonus":"ONE_RARE_RELIC","is_daily":false,"chose_seed":false,"campfire_upgraded":9,"win_rate":0.0,"timestamp":1610775842,"path_taken":["M","M","$","M","?","R","M","E","T","M","R","E","M","E","R","BOSS","M","M","?","?","$","R","E","M","T","E","M","$","E","?","R","BOSS","M","?","$","M","M","R","E","R","T","R","E","M","M","E","R","BOSS","R","$","E","BOSS"],"items_purchased_type":["Relic","Card","Card","Relic","Card","Relic","Relic","Card"],"build_version":"2020-12-22","purchased_purges":4,"victory":true,"max_hp_per_floor":[80,80,80,80,80,80,80,80,80,80,80,80,80,80,80,80,80,80,80,80,80,80,80,80,80,80,80,80,80,80,94,94,94,94,94,94,94,94,94,94,94,94,94,94,94,94,94,94,94,94,94,94,94,94,94],"card_choices":[{"not_picked":["Evolve","Armaments"],"picked":"Second Wind","floor":1.0},{"not_picked":["Blood for Blood","Twin Strike","Combust"],"picked":"SKIP","floor":2.0},{"not_picked":["Clash","Clothesline","Heavy Blade"],"picked":"SKIP","floor":4.0},{"not_picked":["True Grit","Heavy Blade"],"picked":"Second Wind","floor":7.0},{"not_picked":["Wild Strike","Sword Boomerang"],"picked":"Carnage","floor":8.0},{"not_picked":["Clash","Twin Strike","Dual Wield"],"picked":"SKIP","floor":10.0},{"not_picked":["Pommel Strike","Body Slam"],"picked":"Fiend Fire","floor":12.0},{"not_picked":["Armaments","Pommel Strike"],"picked":"Fire Breathing","floor":13.0},{"not_picked":["Flex","Iron Wave","Headbutt"],"picked":"SKIP","floor":14.0},{"not_picked":["Fiend Fire","Bludgeon"],"picked":"Corruption","floor":16.0},{"not_picked":["Wild Strike","Twin Strike","Perfected Strike"],"picked":"SKIP","floor":18.0},{"not_picked":["Clash","Headbutt","Perfected Strike"],"picked":"SKIP","floor":19.0},{"not_picked":["Anger","Entrench"],"picked":"Juggernaut","floor":20.0},{"not_picked":["Sword Boomerang","Blood for Blood"],"picked":"Havoc","floor":24.0},{"not_picked":["Flex","Wild Strike+1","Clothesline"],"picked":"SKIP","floor":25.0},{"not_picked":["Thunderclap","Havoc","Twin Strike"],"picked":"SKIP","floor":27.0},{"not_picked":["Sever Soul","Clash","Dual Wield+1"],"picked":"SKIP","floor":28.0},{"not_picked":["Double Tap","Blood for Blood"],"picked":"Shrug It Off","floor":30.0},{"not_picked":["Double Tap","Brutality"],"picked":"Barricade","floor":33.0},{"not_picked":["Carnage","Havoc"],"picked":"Body Slam","floor":35.0},{"not_picked":["Enlightenment","Mayhem"],"picked":"Panacea","floor":36.0},{"not_picked":["Secret Weapon","Swift Strike"],"picked":"Bandage Up","floor":36.0},{"not_picked":["Body Slam","Dropkick"],"picked":"Seeing Red+1","floor":38},{"not_picked":["Wild Strike","Cleave+1","Headbutt"],"picked":"SKIP","floor":39},{"not_picked":["Sword Boomerang","Bludgeon"],"picked":"Entrench+1","floor":41},{"not_picked":["Whirlwind+1","Heavy Blade","Cleave+1"],"picked":"SKIP","floor":45},{"not_picked":["Sword Boomerang","Rupture","Rampage+1"],"picked":"SKIP","floor":46},{"not_picked":["Searing Blow+1","Twin Strike","Bludgeon"],"picked":"SKIP","floor":47},{"not_picked":["Flex+1","Carnage","Wild Strike"],"picked":"SKIP","floor":48},{"not_picked":["Pummel","Entrench+1"],"picked":"Dark Embrace","floor":54}],"player_experience":257912,"relics_obtained":[{"floor":8.0,"key":"MawBank"},{"floor":12.0,"key":"Blue Candle"},{"floor":14.0,"key":"Happy Flower"},{"floor":20.0,"key":"Red Mask"},{"floor":20.0,"key":"Red Mask"},{"floor":20.0,"key":"Red Mask"},{"floor":20.0,"key":"Red Mask"},{"floor":20.0,"key":"Red Mask"},{"floor":20.0,"key":"Red Mask"},{"floor":20.0,"key":"Red Mask"},{"floor":24.0,"key":"Tiny Chest"},{"floor":24.0,"key":"Smiling Mask"},{"floor":26.0,"key":"Bronze Scales"},{"floor":27.0,"key":"Bag of Preparation"},{"floor":27.0,"key":"Eternal Feather"},{"floor":30.0,"key":"PreservedInsect"},{"floor":30.0,"key":"Ancient Tea Set"},{"floor":31.0,"key":"Mango"},{"floor":41,"key":"HornCleat"},{"floor":41,"key":"Omamori"},{"floor":43,"key":"Sundial"},{"floor":45,"key":"Bird Faced Urn"},{"floor":45,"key":"MealTicket"},{"floor":48,"key":"StoneCalendar"},{"floor":48,"key":"Toy Ornithopter"},{"floor":54,"key":"Pantograph"},{"floor":54,"key":"Pocketwatch"}],"event_choices":[{"damage_healed":0.0,"max_hp_gain":0.0,"max_hp_loss":0.0,"gold_gain":175.0,"event_name":"Liars Game","player_choice":"AGREE","floor":5.0,"gold_loss":0.0,"damage_taken":0.0,"cards_obtained":["Doubt"]},{"damage_healed":0.0,"max_hp_gain":0.0,"max_hp_loss":0.0,"gold_gain":0.0,"event_name":"Masked Bandits","player_choice":"Fought Bandits","floor":20.0,"gold_loss":0.0,"damage_taken":0.0},{"damage_healed":0.0,"max_hp_gain":0.0,"max_hp_loss":0.0,"gold_gain":0.0,"event_name":"Masked Bandits","player_choice":"Fought Bandits","floor":20.0,"gold_loss":0.0,"damage_taken":0.0},{"damage_healed":0.0,"max_hp_gain":0.0,"max_hp_loss":0.0,"gold_gain":0.0,"event_name":"Masked Bandits","player_choice":"Fought Bandits","floor":20.0,"gold_loss":0.0,"damage_taken":0.0},{"damage_healed":0.0,"max_hp_gain":0.0,"max_hp_loss":0.0,"gold_gain":0.0,"event_name":"Masked Bandits","player_choice":"Fought Bandits","floor":20.0,"gold_loss":0.0,"damage_taken":0.0},{"damage_healed":0.0,"max_hp_gain":0.0,"max_hp_loss":0.0,"gold_gain":0.0,"event_name":"Masked Bandits","player_choice":"Fought Bandits","floor":20.0,"gold_loss":0.0,"damage_taken":0.0},{"damage_healed":0.0,"max_hp_gain":0.0,"max_hp_loss":0.0,"gold_gain":0.0,"event_name":"Masked Bandits","player_choice":"Fought Bandits","floor":20.0,"gold_loss":0.0,"damage_taken":0.0},{"damage_healed":0.0,"max_hp_gain":0.0,"max_hp_loss":0.0,"gold_gain":0.0,"event_name":"Masked Bandits","player_choice":"Fought Bandits","floor":20.0,"gold_loss":0.0,"damage_taken":0.0},{"damage_healed":0.0,"max_hp_gain":0.0,"max_hp_loss":0.0,"gold_gain":0.0,"event_name":"The Mausoleum","player_choice":"Opened","floor":21.0,"gold_loss":0.0,"damage_taken":0.0,"relics_obtained":["Dream Catcher"],"cards_obtained":["Writhe"]},{"damage_healed":0.0,"max_hp_gain":0.0,"max_hp_loss":0.0,"gold_gain":0.0,"event_name":"SensoryStone","player_choice":"Memory 3","floor":36.0,"gold_loss":0.0,"damage_taken":10.0}],"is_beta":false,"boss_relics":[{"not_picked":["Runic Cube","SlaversCollar"],"picked":"Black Star"},{"not_picked":["Black Blood","Sozu"],"picked":"Coffee Dripper"}],"items_purged_floors":[3,29,37,53],"is_endless":false,"potions_floor_spawned":[4,10,12,14,16,19,20,20,20,24,28,38,46,47],"ascension_level":13}}