{"host":"s2ap0bnrs90y0f0j","time":1610759282,"event":{"mods":["BaseMod","Minty Spire (QoL Compilation)","StSLib","TheArtist","TheBandit"],"gold_per_floor":[209,224,174,174,174,73,73,93,93,93,16,16,16,51,51,171,171,192,107,120,145,145,178,201,237,237,2,27,51,85,98,98,217,217,238,307,307,640,33,59,73,73,73,83,83,33,44,72,72,72],"floor_reached":51,"language":"ENG","playtime":3152,"items_purged":["wariomod:Strike","wariomod:Defend"],"score":1049,"play_id":"9a7bbf34-4da5-4262-89ad-1e5c469efb03","local_time":"20210115200802","is_ascension_mode":true,"campfire_choices":[{"data":"wariomod:RacingSpeed","floor":7,"key":"SMITH"},{"data":"wariomod:Smackflip","floor":10,"key":"SMITH"},{"data":"wariomod:TrekTime","floor":12,"key":"SMITH"},{"data":"wariomod:DonateDraw","floor":15,"key":"SMITH"},{"floor":32,"key":"REST"},{"data":"Mayhem","floor":42,"key":"SMITH"},{"floor":49,"key":"REST"}],"circlet_count":0,"master_deck":["wariomod:Strike","wariomod:Strike","wariomod:Defend","wariomod:Defend","wariomod:Step","wariomod:Leap+1","wariomod:RacingSpeed+1","wariomod:Smackflip","wariomod:DoubleDip","wariomod:Smackflip+1","wariomod:SmallSprint","wariomod:TrekTime+1","wariomod:DonateDraw+1","wariomod:PoisonBombs","wariomod:HappyHit+1","wariomod:TreasureDig+1","wariomod:BodyBlock","wariomod:BodyBlock+1","wariomod:GodlyGift+1","wariomod:SilenceBombs","wariomod:Bombshield+1","wariomod:RacingSpeed","wariomod:WhirlwindBurst+1","wariomod:DiceyMove+1","wariomod:SpacialMastery+1","wariomod:DisarmingMoves+1","Sadistic Nature","wariomod:BoomBoom+1","Mayhem+1","wariomod:BoomBoom+1","wariomod:Bombshield+1","wariomod:Bombshield+1"],"relics":["wariomod:TheHat","HornCleat","Mummified Hand","Pen Nib","Philosopher\u0027s Stone","Meat on the Bone","wariomod:SunglassHat","Toxic Egg 2","Strawberry","Pear","wariomod:GlassHat","Kunai","SlaversCollar","FossilizedHelix","Whetstone","Lee\u0027s Waffle","Smiling Mask","Ornamental Fan","Blue Candle"],"acts_visited":["Exordium","TheCity","TheBeyond"],"potions_floor_usage":[14,15,21,25,28,30,36,44,48],"damage_taken":[{"damage":2,"enemies":"2 Louse","floor":1,"turns":3},{"damage":0,"enemies":"Jaw Worm","floor":2,"turns":4},{"damage":7,"enemies":"Small Slimes","floor":8,"turns":3},{"damage":0,"enemies":"Lagavulin","floor":14,"turns":4},{"damage":18,"enemies":"Slime Boss","floor":16,"turns":5},{"damage":17,"enemies":"3 Byrds","floor":18,"turns":2},{"damage":6,"enemies":"2 Thieves","floor":20,"turns":3},{"damage":0,"enemies":"3 Cultists","floor":21,"turns":3},{"damage":0,"enemies":"Gremlin Leader","floor":23,"turns":5},{"damage":0,"enemies":"Snecko","floor":24,"turns":4},{"damage":16,"enemies":"Book of Stabbing","floor":25,"turns":5},{"damage":2,"enemies":"Snake Plant","floor":28,"turns":3},{"damage":21,"enemies":"Chosen and Byrds","floor":29,"turns":5},{"damage":38,"enemies":"Slavers","floor":30,"turns":3},{"damage":17,"enemies":"Shelled Parasite and Fungi","floor":31,"turns":5},{"damage":1,"enemies":"Champ","floor":33,"turns":6},{"damage":8,"enemies":"3 Shapes","floor":35,"turns":4},{"damage":23,"enemies":"2 Orb Walkers","floor":36,"turns":5},{"damage":0,"enemies":"Nemesis","floor":40,"turns":3},{"damage":20,"enemies":"3 Darklings","floor":41,"turns":3},{"damage":48,"enemies":"Sphere and 2 Shapes","floor":44,"turns":4},{"damage":0,"enemies":"Maw","floor":47,"turns":4},{"damage":36,"enemies":"Reptomancer","floor":48,"turns":3},{"damage":0,"enemies":"Awakened One","floor":50,"turns":4}],"seed_played":"-5919460854703799966","potions_obtained":[{"floor":1,"key":"DistilledChaos"},{"floor":2,"key":"LiquidBronze"},{"floor":14,"key":"Fruit Juice"},{"floor":18,"key":"SkillPotion"},{"floor":20,"key":"DistilledChaos"},{"floor":24,"key":"Regen Potion"},{"floor":28,"key":"Regen Potion"},{"floor":33,"key":"ColorlessPotion"},{"floor":35,"key":"Dexterity Potion"},{"floor":40,"key":"FearPotion"},{"floor":41,"key":"ColorlessPotion"},{"floor":44,"key":"PowerPotion"},{"floor":47,"key":"DuplicationPotion"}],"is_trial":false,"path_per_floor":["M","M","?","?","?","$","R","M","T","R","$","R","?","E","R","B",null,"M","?","M","M","?","E","M","E","T","$","M","M","E","M","R","B",null,"M","?","?","?","$","E","M","R","T","M","?","$","M","E","R","B",null],"character_chosen":"THE_BANDIT","items_purchased":["wariomod:DoubleDip","wariomod:Smackflip","wariomod:TrekTime","wariomod:SilenceBombs","wariomod:GlassHat","Whetstone","wariomod:BoomBoom+1","Mayhem","Lee\u0027s Waffle"],"campfire_rested":2,"item_purchase_floors":[6,6,11,27,27,39,39,39,39],"current_hp_per_floor":[78,78,78,74,62,62,62,55,55,55,55,55,60,60,65,47,84,67,67,61,61,61,61,61,52,62,62,72,51,34,29,59,58,101,93,70,70,70,108,108,88,88,88,52,52,52,64,40,72,72],"gold":72,"neow_bonus":"HUNDRED_GOLD","is_daily":false,"chose_seed":false,"campfire_upgraded":5,"win_rate":0.0,"timestamp":1610759282,"path_taken":["M","M","?","?","?","?","R","?","T","R","$","R","?","E","R","BOSS","M","?","M","M","?","E","?","E","T","$","M","M","E","M","R","BOSS","M","?","?","?","$","E","?","R","T","M","?","?","M","E","R","BOSS"],"items_purchased_type":["Card","Card","Card","Card","Relic","Relic","Card","Card","Relic"],"build_version":"2020-12-22","purchased_purges":2,"victory":true,"max_hp_per_floor":[80,80,80,74,74,74,74,74,74,74,74,74,79,79,84,84,84,84,84,84,84,84,84,84,91,101,101,101,101,101,101,101,101,101,101,101,101,101,108,108,108,108,108,108,108,108,108,108,108,108],"card_choices":[{"not_picked":["wariomod:Game","wariomod:ChargeForth"],"picked":"wariomod:RacingSpeed","floor":1},{"not_picked":["wariomod:Boomsmack","wariomod:ThatsNotAll"],"picked":"wariomod:Smackflip","floor":2},{"not_picked":["wariomod:Goblast","wariomod:Boomsmack"],"picked":"wariomod:SmallSprint","floor":8},{"not_picked":["wariomod:ForbiddenMagic","wariomod:Smackflip"],"picked":"wariomod:DonateDraw","floor":14},{"not_picked":["wariomod:GoAgain","wariomod:AbandonGame"],"picked":"wariomod:PoisonBombs","floor":16},{"not_picked":["wariomod:SmackSlam+1","wariomod:Goblast"],"picked":"wariomod:HappyHit","floor":18},{"not_picked":["wariomod:Game+1","wariomod:Smackflip"],"picked":"wariomod:TreasureDig+1","floor":20},{"not_picked":["wariomod:SmallSprint","wariomod:f"],"picked":"wariomod:BodyBlock","floor":21},{"not_picked":["wariomod:VeryLongJump","wariomod:ThatsNotAll+1"],"picked":"wariomod:BodyBlock+1","floor":23},{"not_picked":["wariomod:SpikeSlash","wariomod:Boomsmack","wariomod:AwfulLook"],"picked":"SKIP","floor":24},{"not_picked":["wariomod:SimpleShield+1","wariomod:SmackSlam"],"picked":"wariomod:GodlyGift+1","floor":25},{"not_picked":["wariomod:SimpleShield+1","wariomod:BodyBlock+1"],"picked":"wariomod:Bombshield+1","floor":28},{"not_picked":["wariomod:NullJump+1","wariomod:DisarmingMoves+1"],"picked":"wariomod:RacingSpeed","floor":29},{"not_picked":["wariomod:AwfulLook","wariomod:SpaceSwap+1"],"picked":"wariomod:WhirlwindBurst+1","floor":30},{"not_picked":["wariomod:NullJump+1","wariomod:BlastDash"],"picked":"wariomod:DiceyMove+1","floor":31},{"not_picked":["wariomod:Enshrine+1","wariomod:FabulousPrizes+1"],"picked":"wariomod:SpacialMastery+1","floor":33},{"not_picked":["wariomod:Bombtime+1","wariomod:DiceyMove+1","wariomod:ThatsNotAll"],"picked":"SKIP","floor":35},{"not_picked":["wariomod:Bomblaster+1","wariomod:EndlessBlast"],"picked":"wariomod:DisarmingMoves+1","floor":36},{"not_picked":["Forethought+1","Mind Blast"],"picked":"Sadistic Nature","floor":37},{"not_picked":["wariomod:Immortalize+1","wariomod:Game"],"picked":"wariomod:BoomBoom+1","floor":40},{"not_picked":["wariomod:Smackflip","wariomod:DisarmingMoves+1"],"picked":"wariomod:Bombshield+1","floor":41},{"not_picked":["wariomod:ThatsNotAll+1","wariomod:SmallSprint"],"picked":"wariomod:Bombshield+1","floor":44},{"not_picked":["wariomod:Boomsmack+1","wariomod:TempestBlasts+1","wariomod:ThatsNotAll"],"picked":"SKIP","floor":47},{"not_picked":["wariomod:SpikeSlash","wariomod:DoubleDash+1","wariomod:DoubleDip+1"],"picked":"SKIP","floor":48}],"player_experience":670098,"relics_obtained":[{"floor":9,"key":"Mummified Hand"},{"floor":14,"key":"Pen Nib"},{"floor":23,"key":"Toxic Egg 2"},{"floor":25,"key":"Strawberry"},{"floor":26,"key":"Pear"},{"floor":30,"key":"Kunai"},{"floor":36,"key":"FossilizedHelix"},{"floor":40,"key":"Smiling Mask"},{"floor":43,"key":"Ornamental Fan"},{"floor":48,"key":"Blue Candle"}],"event_choices":[{"cards_removed":["wariomod:Defend"],"damage_healed":0,"gold_gain":0,"player_choice":"Card Removal","damage_taken":0,"max_hp_gain":0,"max_hp_loss":0,"event_name":"The Cleric","floor":3,"gold_loss":50},{"damage_healed":0,"gold_gain":0,"player_choice":"Lose Max HP","damage_taken":0,"relics_obtained":["Golden Idol"],"max_hp_gain":0,"max_hp_loss":6,"event_name":"Golden Idol","floor":4,"gold_loss":0},{"damage_healed":0,"gold_gain":0,"player_choice":"Success","damage_taken":12,"relics_obtained":["HornCleat"],"max_hp_gain":0,"max_hp_loss":0,"event_name":"Scrap Ooze","floor":5,"gold_loss":0},{"damage_healed":0,"gold_gain":0,"player_choice":"Donut","damage_taken":0,"max_hp_gain":5,"max_hp_loss":0,"event_name":"Big Fish","floor":13,"gold_loss":0},{"damage_healed":0,"gold_gain":0,"player_choice":"Obtained Relic","damage_taken":0,"relics_obtained":["Meat on the Bone"],"max_hp_gain":0,"max_hp_loss":0,"event_name":"Addict","floor":19,"gold_loss":85},{"damage_healed":0,"gold_gain":0,"player_choice":"Gave Potion","damage_taken":0,"relics_obtained":["wariomod:SunglassHat"],"max_hp_gain":0,"max_hp_loss":0,"event_name":"WeMeetAgain","floor":22,"gold_loss":0},{"damage_healed":0,"gold_gain":0,"player_choice":"Fight","damage_taken":0,"max_hp_gain":0,"max_hp_loss":0,"event_name":"Mysterious Sphere","floor":36,"gold_loss":0},{"damage_healed":0,"gold_gain":0,"player_choice":"Memory 1","damage_taken":0,"max_hp_gain":0,"max_hp_loss":0,"event_name":"SensoryStone","floor":37,"gold_loss":0},{"damage_healed":0,"gold_gain":333,"player_choice":"Gave Idol","damage_taken":0,"max_hp_gain":0,"max_hp_loss":0,"event_name":"The Moai Head","floor":38,"relics_lost":["Golden Idol"],"gold_loss":0},{"cards_removed":["wariomod:Strike"],"damage_healed":0,"gold_gain":0,"player_choice":"Removed Attack","damage_taken":0,"max_hp_gain":0,"max_hp_loss":0,"event_name":"Falling","floor":45,"gold_loss":0}],"is_beta":false,"boss_relics":[{"not_picked":["Sozu","Ectoplasm"],"picked":"Philosopher\u0027s Stone"},{"not_picked":["wariomod:DoomHat","Cursed Key"],"picked":"SlaversCollar"}],"items_purged_floors":[39,46],"is_endless":false,"potions_floor_spawned":[1,2,14,18,20,24,28,33,35,40,41,44,47],"ascension_level":2}}