{"host":"wogey4gsknv4ot2d","time":1610764665,"event":{"mods":["2.2 Compatiblity","AchievementEnabler","BaseMod","Bestiary","Better Third Choice","Colored Map","Colored Powertips","Googly Eyes","Key Reminder","Minty Spire (QoL Compilation)","Permanent Neow","Rare Cards Sparkle","Relic Stats","StSLib","The Bug Knight","The IronCluck","slay the spire mod where everything is the same but ironclad has a cowboy hat"],"gold_per_floor":[115,115,80,80,103,137,137,158,158,1,20,87,101,122,122,122,122],"floor_reached":16,"language":"ENG","playtime":558,"items_purged":[],"score":102,"play_id":"87f2ad0c-c157-4f90-baf1-4ce836c909bb","local_time":"20210115203745","is_ascension_mode":false,"campfire_choices":[{"floor":7,"key":"REST"},{"floor":15,"key":"REST"}],"circlet_count":0,"master_deck":["HollowMod:NailStrikeStart","HollowMod:NailStrikeStart+1","HollowMod:NailStrikeStart","HollowMod:NailStrikeStart+1","HollowMod:QuickDashStart","HollowMod:QuickDashStart","HollowMod:QuickDashStart","HollowMod:QuickDashStart","HollowMod:FocusHealStart+1","HollowMod:PogoStrike","HollowMod:DashSlash","HollowMod:SoulStrike","HollowMod:VengefulSpirit","HollowMod:HeavyBlow","HollowMod:HeavyBlow","HollowMod:LifebloodCocoon","HollowMod:DesolateDive"],"relics":["HollowMod:VesselMask","Golden Idol","White Beast Statue","HollowMod:MantisClawRelic","Strawberry"],"acts_visited":["Exordium"],"potions_floor_usage":[6,16,16],"damage_taken":[{"damage":11,"enemies":"Jaw Worm","floor":1,"turns":2},{"damage":5,"enemies":"Small Slimes","floor":5,"turns":3},{"damage":40,"enemies":"3 Sentries","floor":6,"turns":7},{"damage":2,"enemies":"Cultist","floor":8,"turns":3},{"damage":0,"enemies":"3 Louse","floor":11,"turns":3},{"damage":13,"enemies":"Gremlin Gang","floor":13,"turns":4},{"damage":37,"enemies":"Exordium Thugs","floor":14,"turns":6},{"damage":45,"enemies":"Slime Boss","floor":16,"turns":5}],"seed_played":"-4298855276493496405","potions_obtained":[{"floor":1,"key":"LiquidBronze"},{"floor":8,"key":"FearPotion"},{"floor":13,"key":"Block Potion"},{"floor":14,"key":"BlessingOfTheForge"}],"is_trial":false,"path_per_floor":["M","?","?","?","M","E","R","M","T","$","M","?","M","M","R","B"],"character_chosen":"THE_BUGKNIGHT","items_purchased":["Strawberry"],"campfire_rested":2,"item_purchase_floors":[10],"current_hp_per_floor":[70,52,70,55,56,16,38,42,42,49,49,49,46,21,45,0,0],"gold":122,"neow_bonus":"UPGRADE_CARD","is_daily":false,"chose_seed":false,"campfire_upgraded":0,"win_rate":0.0,"timestamp":1610764665,"path_taken":["M","?","?","?","M","E","R","M","T","$","M","?","M","M","R","BOSS"],"items_purchased_type":["Relic"],"build_version":"2020-12-22","purchased_purges":0,"victory":false,"max_hp_per_floor":[75,75,75,75,75,75,75,75,75,82,82,82,82,82,82,82,82],"relic_stats":{"counters":[8,33],"Golden Idol":27,"obtain_stats":[{"Golden Idol":2,"Strawberry":10,"HollowMod:VesselMask":0,"HollowMod:MantisClawRelic":9,"White Beast Statue":6},{"Golden Idol":1,"Strawberry":4,"HollowMod:VesselMask":0,"HollowMod:MantisClawRelic":4,"White Beast Statue":3},{"Golden Idol":2,"Strawberry":15,"HollowMod:VesselMask":0,"HollowMod:MantisClawRelic":15,"White Beast Statue":12}]},"card_choices":[{"not_picked":["HollowMod:InfectionAssault","HollowMod:ChannelNail"],"picked":"HollowMod:DashSlash","floor":1},{"not_picked":["HollowMod:CycloneSlash","HollowMod:RecoilStrike"],"picked":"HollowMod:SoulStrike","floor":5},{"not_picked":["HollowMod:theNailsmith","HollowMod:HornetsHelp"],"picked":"HollowMod:VengefulSpirit","floor":6},{"not_picked":["HollowMod:VengefulVoid","HollowMod:RecoilStrike"],"picked":"HollowMod:HeavyBlow","floor":8},{"not_picked":["HollowMod:WraithStrike","HollowMod:MawleksShell"],"picked":"HollowMod:HeavyBlow","floor":11},{"not_picked":["HollowMod:SharpenedNail","HollowMod:HowlingWraiths"],"picked":"HollowMod:LifebloodCocoon","floor":13},{"not_picked":["HollowMod:DashSlash","HollowMod:SoulStrike"],"picked":"HollowMod:DesolateDive","floor":14}],"player_experience":34799,"relics_obtained":[{"floor":6,"key":"White Beast Statue"},{"floor":9,"key":"HollowMod:MantisClawRelic"}],"event_choices":[{"damage_healed":0,"gold_gain":0,"player_choice":"Take Damage","damage_taken":18,"relics_obtained":["Golden Idol"],"max_hp_gain":0,"max_hp_loss":0,"event_name":"Golden Idol","floor":2,"gold_loss":0},{"damage_healed":18,"gold_gain":0,"player_choice":"Healed","damage_taken":0,"max_hp_gain":0,"max_hp_loss":0,"event_name":"The Cleric","floor":3,"gold_loss":35},{"damage_healed":70,"gold_gain":0,"player_choice":"Upgrade","damage_taken":15,"max_hp_gain":0,"max_hp_loss":75,"event_name":"betterThird:BetterShining","floor":4,"gold_loss":0,"cards_upgraded":["HollowMod:NailStrikeStart","HollowMod:FocusHealStart"]},{"damage_healed":0,"gold_gain":67,"player_choice":"Gained Gold","damage_taken":0,"max_hp_gain":0,"max_hp_loss":0,"event_name":"Golden Wing","floor":12,"gold_loss":0}],"is_beta":false,"boss_relics":[],"items_purged_floors":[],"is_endless":false,"potions_floor_spawned":[1,8,11,13,14],"killed_by":"Slime Boss","ascension_level":0}}