{"host":"ydg0vn0pu4pubmdt","time":1610801239,"event":{"mods":["AchievementEnabler","BaseMod","Colored Map","Gold Saver","Minty Spire (QoL Compilation)","Quick Restart","SuperFastMode"],"gold_per_floor":[1035,1045,293,243,243,243,263,263,263,298,96,171,204,223,223,327,377,387,387,206,225,237,237,262,262,286,319,170,180,180,180,180,281,281,293,303,319,158,170,202,202,235,235,261,261,261,261,276,276,276],"floor_reached":51,"language":"KOR","playtime":7183,"items_purged":["Strike_G","Strike_G","Defend_G","Strike_G+1","Defend_G"],"score":1532,"play_id":"c9c135a2-29fe-4e63-8146-82567e9a5064","local_time":"20210116214719","is_ascension_mode":true,"campfire_choices":[{"data":"Accuracy","floor":6.0,"key":"SMITH"},{"data":"Blade Dance","floor":8.0,"key":"SMITH"},{"data":"Blade Dance","floor":15.0,"key":"SMITH"},{"data":"Adrenaline","floor":23.0,"key":"SMITH"},{"data":"Prepared","floor":25.0,"key":"SMITH"},{"data":"Well Laid Plans","floor":32.0,"key":"SMITH"},{"data":"After Image","floor":41.0,"key":"SMITH"},{"data":"Tactician","floor":45.0,"key":"SMITH"},{"data":"Madness","floor":49,"key":"SMITH"}],"circlet_count":0,"master_deck":["Strike_G+1","Defend_G+1","Defend_G+1","Defend_G","Survivor","Neutralize","Quick Slash","Bouncing Flask","Blade Dance+1","Tactician+1","Accuracy+1","Grand Finale","Prepared+1","PiercingWail+1","Blade Dance+1","Adrenaline+1","Well Laid Plans+1","Backflip+1","Ghostly","Ghostly","Ghostly","Ghostly","Ghostly","Adrenaline+1","After Image+1","Acrobatics+1","Madness","Madness+1","Acrobatics+1"],"relics":["Ring of the Snake","War Paint","Sundial","Ninja Scroll","Nunchaku","Meat on the Bone","Membership Card","Dream Catcher","Tiny House","Vajra","Shuriken","Blood Vial","Mercury Hourglass","Akabeko","Cursed Key","Anchor","Oddly Smooth Stone","Eternal Feather","Art of War"],"acts_visited":["Exordium","TheCity","TheBeyond"],"potions_floor_usage":[],"damage_taken":[{"damage":0.0,"enemies":"Cultist","floor":1.0,"turns":4.0},{"damage":0.0,"enemies":"2 Louse","floor":2.0,"turns":3.0},{"damage":0.0,"enemies":"Jaw Worm","floor":7.0,"turns":1.0},{"damage":0.0,"enemies":"Gremlin Nob","floor":10.0,"turns":2.0},{"damage":7.0,"enemies":"Lagavulin","floor":13.0,"turns":3.0},{"damage":0.0,"enemies":"3 Louse","floor":14.0,"turns":3.0},{"damage":0.0,"enemies":"Hexaghost","floor":16.0,"turns":7.0},{"damage":0.0,"enemies":"Shell Parasite","floor":18.0,"turns":1.0},{"damage":0.0,"enemies":"Spheric Guardian","floor":21.0,"turns":2.0},{"damage":20.0,"enemies":"Snecko","floor":22.0,"turns":6.0},{"damage":0.0,"enemies":"Gremlin Leader","floor":24.0,"turns":4.0},{"damage":6.0,"enemies":"Slavers","floor":27.0,"turns":3.0},{"damage":0.0,"enemies":"Centurion and Healer","floor":29.0,"turns":4.0},{"damage":0.0,"enemies":"Automaton","floor":33.0,"turns":6.0},{"damage":0.0,"enemies":"3 Darklings","floor":35.0,"turns":3.0},{"damage":0.0,"enemies":"3 Shapes","floor":36.0,"turns":2.0},{"damage":0.0,"enemies":"Sphere and 2 Shapes","floor":37.0,"turns":5.0},{"damage":0.0,"enemies":"4 Shapes","floor":39.0,"turns":4.0},{"damage":0.0,"enemies":"Nemesis","floor":40.0,"turns":3.0},{"damage":0.0,"enemies":"Reptomancer","floor":42.0,"turns":6.0},{"damage":0.0,"enemies":"Nemesis","floor":44.0,"turns":5.0},{"damage":0,"enemies":"Maw","floor":48,"turns":5},{"damage":0,"enemies":"Awakened One","floor":50,"turns":6}],"seed_played":"9184839243729687861","potions_obtained":[{"floor":7.0,"key":"Strength Potion"},{"floor":13.0,"key":"ColorlessPotion"},{"floor":14.0,"key":"LiquidMemories"},{"floor":17.0,"key":"SkillPotion"},{"floor":18.0,"key":"FearPotion"},{"floor":33.0,"key":"Weak Potion"},{"floor":42.0,"key":"Fruit Juice"}],"is_trial":false,"path_per_floor":["M","M","$","?","?","R","M","R","T","E","$","?","E","M","R","B",null,"M","?","$","M","M","R","E","R","T","E","$","M","?","?","R","B",null,"M","M","M","$","M","E","R","E","T","E","R","T","?","M","R","B",null],"character_chosen":"THE_SILENT","items_purchased":["Sundial","Blade Dance","Tactician","Accuracy","Ninja Scroll","Membership Card","Well Laid Plans","Vajra","Akabeko","Anchor"],"campfire_rested":0,"item_purchase_floors":[3,3,3,3,3,11,20,20,28,38],"current_hp_per_floor":[70,70,70,70,56,56,56,56,56,56,56,45,38,38,38,38,75,75,61,61,61,41,41,41,41,41,49,49,51,40,40,40,40,40,40,40,40,40,40,40,40,40,40,40,40,40,35,37,40,40],"gold":276,"neow_bonus":"RANDOM_COMMON_RELIC","is_daily":false,"chose_seed":false,"campfire_upgraded":9,"win_rate":0.0,"timestamp":1610801239,"path_taken":["M","M","$","?","?","R","M","R","T","E","$","?","E","M","R","BOSS","M","?","$","M","M","R","E","R","T","E","$","M","?","?","R","BOSS","BOSS","M","M","M","$","M","E","R","E","T","E","R","?","?","M","R","BOSS"],"items_purchased_type":["Relic","Card","Card","Card","Relic","Relic","Card","Relic","Relic","Relic"],"build_version":"2020-12-22","purchased_purges":5,"victory":true,"max_hp_per_floor":[70,70,70,70,70,70,70,70,70,70,70,70,70,70,70,70,75,75,80,80,80,80,80,80,80,80,80,80,80,40,40,40,40,40,40,40,40,40,40,40,40,40,40,40,40,40,40,40,40,40],"card_choices":[{"not_picked":["Deadly Poison","Bane"],"picked":"Quick Slash","floor":1.0},{"not_picked":["Infinite Blades","Dodge and Roll"],"picked":"Bouncing Flask","floor":2.0},{"not_picked":["Escape Plan","Poisoned Stab"],"picked":"Grand Finale","floor":7.0},{"not_picked":["Flechettes","Deflect"],"picked":"Prepared","floor":10.0},{"not_picked":["Riddle With Holes","Slice"],"picked":"PiercingWail","floor":13.0},{"not_picked":["Dagger Throw","Corpse Explosion"],"picked":"Blade Dance","floor":14.0},{"not_picked":["Tools of the Trade","Doppelganger"],"picked":"Adrenaline","floor":16.0},{"not_picked":["Underhanded Strike+1","Quick Slash","Leg Sweep"],"picked":"SKIP","floor":18.0},{"not_picked":["Poisoned Stab","Doppelganger"],"picked":"Backflip+1","floor":21.0},{"not_picked":["Dagger Spray","Choke","Infinite Blades"],"picked":"SKIP","floor":22.0},{"not_picked":["Dagger Spray","Choke","Infinite Blades"],"picked":"SKIP","floor":22.0},{"not_picked":["Slice","Cloak And Dagger","Heel Hook"],"picked":"SKIP","floor":24.0},{"not_picked":["Dagger Spray+1","Flying Knee+1","Storm of Steel"],"picked":"SKIP","floor":27.0},{"not_picked":["Footwork","Predator","Dash"],"picked":"SKIP","floor":29.0},{"not_picked":["Malaise","Doppelganger"],"picked":"After Image","floor":33.0},{"not_picked":["Heel Hook+1","Dash","Backstab"],"picked":"SKIP","floor":35.0},{"not_picked":["Endless Agony+1","Prepared+1"],"picked":"Acrobatics+1","floor":36.0},{"not_picked":["Dodge and Roll+1","Prepared","Bouncing Flask"],"picked":"SKIP","floor":37.0},{"not_picked":["Bane","Blade Dance+1","Crippling Poison"],"picked":"SKIP","floor":39.0},{"not_picked":["Doppelganger","Outmaneuver","Catalyst"],"picked":"SKIP","floor":40.0},{"not_picked":["Dagger Spray","Blade Dance","Dash"],"picked":"SKIP","floor":42.0},{"not_picked":["Outmaneuver+1","Prepared","Envenom"],"picked":"SKIP","floor":44.0},{"not_picked":["Prepared+1","Sucker Punch"],"picked":"Acrobatics+1","floor":48}],"player_experience":393084,"relics_obtained":[{"floor":9.0,"key":"Nunchaku"},{"floor":10.0,"key":"Meat on the Bone"},{"floor":13.0,"key":"Dream Catcher"},{"floor":24.0,"key":"Shuriken"},{"floor":26.0,"key":"Blood Vial"},{"floor":27.0,"key":"Mercury Hourglass"},{"floor":40.0,"key":"Oddly Smooth Stone"},{"floor":42.0,"key":"Eternal Feather"},{"floor":44.0,"key":"Art of War"}],"event_choices":[{"cards_removed":["Strike_G"],"damage_healed":0.0,"max_hp_gain":0.0,"max_hp_loss":0.0,"gold_gain":0.0,"event_name":"The Cleric","player_choice":"Card Removal","floor":4.0,"gold_loss":50.0,"damage_taken":0.0},{"damage_healed":0.0,"max_hp_gain":0.0,"max_hp_loss":0.0,"gold_gain":0.0,"event_name":"Shining Light","player_choice":"Entered Light","floor":5.0,"gold_loss":0.0,"damage_taken":14.0,"cards_upgraded":["Strike_G","Strike_G"]},{"damage_healed":0.0,"max_hp_gain":0.0,"max_hp_loss":0.0,"gold_gain":75.0,"event_name":"World of Goop","player_choice":"Gather Gold","floor":12.0,"gold_loss":0.0,"damage_taken":11.0},{"damage_healed":0.0,"max_hp_gain":5.0,"max_hp_loss":0.0,"gold_gain":0.0,"event_name":"Forgotten Altar","player_choice":"Shed Blood","floor":19.0,"gold_loss":0.0,"damage_taken":19.0},{"damage_healed":0.0,"max_hp_gain":0.0,"max_hp_loss":40.0,"gold_gain":0.0,"event_name":"Ghosts","player_choice":"Became a Ghost","floor":30.0,"gold_loss":0.0,"damage_taken":0.0,"cards_obtained":["Ghostly","Ghostly","Ghostly","Ghostly","Ghostly"]},{"damage_healed":0.0,"max_hp_gain":0.0,"max_hp_loss":0.0,"gold_gain":0.0,"event_name":"Duplicator","player_choice":"Copied","floor":31.0,"gold_loss":0.0,"damage_taken":0.0,"cards_obtained":["Adrenaline"]},{"damage_healed":0,"gold_gain":0,"player_choice":"Embrace Madness","damage_taken":5,"max_hp_gain":0,"max_hp_loss":0,"event_name":"Winding Halls","floor":47,"gold_loss":0,"cards_obtained":["Madness","Madness"]}],"is_beta":false,"boss_relics":[{"not_picked":["SlaversCollar","Philosopher\u0027s Stone"],"picked":"Tiny House"},{"not_picked":["Busted Crown","Astrolabe"],"picked":"Cursed Key"}],"items_purged_floors":[3,11,20,28,38],"is_endless":false,"potions_floor_spawned":[7,13,14,18,24,27,33,36,39,42],"ascension_level":4}}