{"host":"opg65mucj6ra7dr1","time":1610791413,"event":{"mods":["BaseMod","DeckTracker","Keyboard Shortcuts","Minty Spire (QoL Compilation)","Permanent Neow","Quick Restart","everything is the same but u backflip on backflip"],"gold_per_floor":[111,124,124,142,442,467,467,482,482,482,494,509,509,524,524,624,624,640,640,651,662,672,672,672],"floor_reached":23,"language":"KOR","playtime":818,"items_purged":[],"score":276,"play_id":"6d1ce6ab-1f57-4e42-9ac8-ed970941eab8","local_time":"20210116190333","is_ascension_mode":true,"campfire_choices":[{"floor":10.0,"key":"REST"},{"data":"Cloak And Dagger","floor":13.0,"key":"SMITH"},{"data":"Infinite Blades","floor":15.0,"key":"SMITH"}],"circlet_count":0,"master_deck":["Strike_G","Strike_G","Strike_G","Strike_G","Defend_G","Defend_G","Defend_G","Defend_G","Defend_G","Survivor","Neutralize","Dagger Spray","Calculated Gamble","Sucker Punch","Quick Slash","Blur","Backflip","Cloak And Dagger+1","Infinite Blades+1","Die Die Die","Deflect","Deflect"],"relics":["Ring of the Snake","Old Coin","Kunai","Pear","Black Star"],"acts_visited":["Exordium","TheCity"],"potions_floor_usage":[23],"damage_taken":[{"damage":3.0,"enemies":"Jaw Worm","floor":1.0,"turns":4.0},{"damage":8.0,"enemies":"Small Slimes","floor":2.0,"turns":5.0},{"damage":1.0,"enemies":"2 Louse","floor":4.0,"turns":3.0},{"damage":15.0,"enemies":"Gremlin Nob","floor":6.0,"turns":4.0},{"damage":12.0,"enemies":"Gremlin Gang","floor":8.0,"turns":3.0},{"damage":7.0,"enemies":"Large Slime","floor":11.0,"turns":7.0},{"damage":4.0,"enemies":"Lots of Slimes","floor":12.0,"turns":2.0},{"damage":0.0,"enemies":"3 Louse","floor":14.0,"turns":2.0},{"damage":3.0,"enemies":"Hexaghost","floor":16.0,"turns":9.0},{"damage":9.0,"enemies":"3 Byrds","floor":18.0,"turns":4.0},{"damage":12.0,"enemies":"Chosen","floor":20.0,"turns":7.0},{"damage":10.0,"enemies":"Sentry and Sphere","floor":21.0,"turns":10.0},{"damage":30.0,"enemies":"3 Cultists","floor":22.0,"turns":8.0},{"damage":0,"enemies":"Book of Stabbing","floor":23,"turns":4}],"seed_played":"-4072046561426059746","potions_obtained":[{"floor":1.0,"key":"Strength Potion"},{"floor":8.0,"key":"CultistPotion"},{"floor":11.0,"key":"AttackPotion"},{"floor":12.0,"key":"Fire Potion"},{"floor":14.0,"key":"Block Potion"},{"floor":16.0,"key":"SpeedPotion"},{"floor":20.0,"key":"Ancient Potion"},{"floor":21.0,"key":"Fire Potion"}],"is_trial":false,"path_per_floor":["M","M","?","M","?","E","?","M","T","R","M","M","R","M","R","B",null,"M","?","M","M","M","E"],"character_chosen":"THE_SILENT","items_purchased":[],"campfire_rested":1,"item_purchase_floors":[],"current_hp_per_floor":[60,52,52,51,44,29,22,10,20,44,37,33,33,33,33,30,68,59,64,52,42,12,12,12],"gold":672,"neow_bonus":"TRANSFORM_CARD","is_daily":false,"chose_seed":false,"campfire_upgraded":2,"win_rate":0.0,"timestamp":1610791413,"path_taken":["M","M","?","M","?","E","?","M","T","R","M","?","R","M","R","BOSS","M","?","?","M","M","E"],"items_purchased_type":[],"build_version":"2020-12-22","purchased_purges":0,"victory":false,"max_hp_per_floor":[70,70,70,70,70,70,70,70,80,80,80,80,80,80,80,80,80,80,80,80,80,80,80,80],"card_choices":[{"not_picked":["Tactician","Dodge and Roll"],"picked":"Dagger Spray","floor":1.0},{"not_picked":["Caltrops","Blur"],"picked":"Calculated Gamble","floor":2.0},{"not_picked":["Acrobatics","Heel Hook"],"picked":"Sucker Punch","floor":4.0},{"not_picked":["Endless Agony","Malaise"],"picked":"Quick Slash","floor":6.0},{"not_picked":["Quick Slash","Crippling Poison"],"picked":"Blur","floor":8.0},{"not_picked":["Crippling Poison","Flying Knee"],"picked":"Backflip","floor":11.0},{"not_picked":["PiercingWail","Well Laid Plans"],"picked":"Cloak And Dagger","floor":12.0},{"not_picked":["Wraith Form v2","Dash"],"picked":"Infinite Blades","floor":14.0},{"not_picked":["Unload","Bullet Time"],"picked":"Die Die Die","floor":16.0},{"not_picked":["Eviscerate","Deadly Poison","Skewer"],"picked":"SKIP","floor":18.0},{"not_picked":["PiercingWail","Underhanded Strike"],"picked":"Deflect","floor":20.0},{"not_picked":["Dagger Spray","Poisoned Stab","Acrobatics"],"picked":"SKIP","floor":21.0},{"not_picked":["Poisoned Stab","Dodge and Roll"],"picked":"Deflect","floor":22.0}],"player_experience":135079,"relics_obtained":[{"floor":6.0,"key":"Kunai"},{"floor":9.0,"key":"Pear"}],"event_choices":[{"damage_healed":0.0,"max_hp_gain":0.0,"max_hp_loss":0.0,"gold_gain":0.0,"event_name":"Liars Game","player_choice":"Ignored","floor":3.0,"gold_loss":0.0,"damage_taken":0.0},{"damage_healed":0.0,"max_hp_gain":0.0,"max_hp_loss":0.0,"gold_gain":0.0,"event_name":"Scrap Ooze","player_choice":"Success","floor":5.0,"gold_loss":0.0,"damage_taken":7.0,"relics_obtained":["Old Coin"]},{"damage_healed":0.0,"max_hp_gain":0.0,"max_hp_loss":0.0,"gold_gain":0.0,"event_name":"Wheel of Change","player_choice":"Damaged","floor":7.0,"gold_loss":0.0,"damage_taken":7.0},{"cards_removed":["Deadly Poison"],"damage_healed":5.0,"max_hp_gain":0.0,"max_hp_loss":0.0,"gold_gain":0.0,"event_name":"Bonfire Elementals","player_choice":"Offered Common","floor":19.0,"gold_loss":0.0,"damage_taken":0.0},{"cards_removed":["Deadly Poison"],"damage_healed":5.0,"max_hp_gain":0.0,"max_hp_loss":0.0,"gold_gain":0.0,"event_name":"Bonfire Elementals","player_choice":"Offered Special","floor":19.0,"gold_loss":0.0,"damage_taken":0.0}],"is_beta":false,"boss_relics":[{"not_picked":["SacredBark","Busted Crown"],"picked":"Black Star"}],"items_purged_floors":[],"is_endless":false,"potions_floor_spawned":[1,8,11,12,14,16,20,21],"killed_by":"Book of Stabbing","ascension_level":8}}