{"host":"ok3pmhc1fiz31noj","time":1610803748,"event":{"mods":["AchievementEnabler","BaseMod","Colored Map","Colored Powertips","Minty Spire (QoL Compilation)","Quick Restart","Relic Stats","Replay The Spire","StSLib"],"gold_per_floor":[115,290,240,254,254,282,294,319,343,343,343,343,343,190,190,190,190],"floor_reached":16,"language":"ZHS","playtime":351,"items_purged":["Strike_B"],"score":156,"play_id":"d679b87e-8e39-4b07-b061-c47422b78d07","local_time":"20210116212908","is_ascension_mode":false,"campfire_choices":[{"data":"Electrodynamics","floor":15,"key":"SMITH"}],"circlet_count":0,"master_deck":["Strike_B","Strike_B","Strike_B","Defend_B","Defend_B","Defend_B","Zap","Dualcast","Ball Lightning","Chaos","Skim","Conserve Battery","Electrodynamics+1","Heatsinks"],"relics":["Cracked Core","NeowsBlessing","Pet Ghost","PreservedInsect","Omamori","Juzu Bracelet","Mango","Replay:Ringing Soul"],"acts_visited":["Exordium"],"potions_floor_usage":[16],"damage_taken":[{"damage":0,"enemies":"Jaw Worm","floor":1,"turns":1},{"damage":0,"enemies":"Small Slimes","floor":4,"turns":1},{"damage":0,"enemies":"3 Sentries","floor":6,"turns":1},{"damage":5,"enemies":"2 Louse","floor":7,"turns":2},{"damage":35,"enemies":"Gremlin Nob","floor":8,"turns":4},{"damage":56,"enemies":"Hexaghost","floor":16,"turns":10}],"seed_played":"6767722741061833573","potions_obtained":[{"floor":8,"key":"Strength Potion"}],"is_trial":false,"path_per_floor":["M","?","?","M","?","E","M","E","T","?","T","?","T","$","R","B"],"character_chosen":"DEFECT","items_purchased":["Heatsinks"],"campfire_rested":0,"item_purchase_floors":[14],"current_hp_per_floor":[75,75,75,75,75,75,70,35,35,35,49,49,49,52,52,0,0],"gold":190,"neow_bonus":"THREE_ENEMY_KILL","is_daily":false,"chose_seed":false,"campfire_upgraded":1,"win_rate":0.0,"timestamp":1610803748,"path_taken":["M","?","?","M","?","E","M","E","T","?","?","?","?","$","R","BOSS"],"items_purchased_type":["Card"],"build_version":"2020-12-22","purchased_purges":1,"victory":false,"max_hp_per_floor":[75,75,75,75,75,75,75,75,75,75,89,89,89,92,92,92,92],"relic_stats":{"counters":[6,19],"PreservedInsect":21,"Juzu Bracelet":1,"obtain_stats":[{"Replay:Ringing Soul":13,"NeowsBlessing":0,"Mango":11,"PreservedInsect":6,"Omamori":8,"Juzu Bracelet":9,"Cracked Core":0,"Pet Ghost":5},{"Replay:Ringing Soul":5,"NeowsBlessing":0,"Mango":5,"PreservedInsect":3,"Omamori":5,"Juzu Bracelet":5,"Cracked Core":0,"Pet Ghost":2},{"Replay:Ringing Soul":9,"NeowsBlessing":0,"Mango":9,"PreservedInsect":3,"Omamori":9,"Juzu Bracelet":9,"Cracked Core":0,"Pet Ghost":2}]},"card_choices":[{"not_picked":["Sweeping Beam","Steam Power"],"picked":"Ball Lightning","floor":1},{"not_picked":["Beam Cell","FTL"],"picked":"Chaos","floor":4},{"not_picked":["Gash","Steam Power"],"picked":"Skim","floor":6},{"not_picked":["Stack","Heatsinks"],"picked":"Conserve Battery","floor":7},{"not_picked":["Compile Driver","Stack"],"picked":"Electrodynamics","floor":8}],"player_experience":146281,"relics_obtained":[{"floor":6,"key":"PreservedInsect"},{"floor":8,"key":"Omamori"},{"floor":9,"key":"Juzu Bracelet"},{"floor":11,"key":"Mango"},{"floor":13,"key":"Replay:Ringing Soul"}],"event_choices":[{"damage_healed":0,"gold_gain":175,"player_choice":"AGREE","damage_taken":0,"max_hp_gain":0,"max_hp_loss":0,"event_name":"Liars Game","floor":2,"gold_loss":0,"cards_obtained":["Doubt"]},{"cards_removed":["Doubt"],"damage_healed":0,"gold_gain":0,"player_choice":"Card Removal","damage_taken":0,"max_hp_gain":0,"max_hp_loss":0,"event_name":"The Cleric","floor":3,"gold_loss":50},{"damage_healed":0,"gold_gain":0,"player_choice":"Box","damage_taken":0,"relics_obtained":["Pet Ghost"],"max_hp_gain":0,"max_hp_loss":0,"event_name":"Big Fish","floor":5,"gold_loss":0,"cards_obtained":["Regret"]},{"cards_removed":["Regret"],"damage_healed":0,"gold_gain":0,"player_choice":"Forget","damage_taken":0,"max_hp_gain":0,"max_hp_loss":0,"event_name":"Living Wall","floor":12,"gold_loss":0}],"is_beta":false,"boss_relics":[],"items_purged_floors":[14],"is_endless":false,"potions_floor_spawned":[8],"killed_by":"Hexaghost","ascension_level":0}}