{"host":"2pmmafybkq7zb6na","time":1610784867,"event":{"mods":["AchievementEnabler","BaseMod","Colored Map","Highlight Path","Minty Spire (QoL Compilation)","Quick Restart","StSLib","SuperFastMode"],"gold_per_floor":[117,117,22,41,53,84,9,23,23,39,72,72,83,83,83,178,178,198,214,38,38,52,52,83,96,96,96,21,34,34,52,52,147,147,161,161,161,172,184,184,3,3,26,26,38,58,58,69,69,69],"floor_reached":51,"language":"KOR","playtime":2383,"items_purged":["Strike_G","Strike_G"],"score":731,"play_id":"115b3c36-613c-41ef-88f3-100f35630b71","local_time":"20210116171427","is_ascension_mode":false,"campfire_choices":[{"floor":12.0,"key":"REST"},{"data":"Infinite Blades","floor":15.0,"key":"SMITH"},{"data":"Blade Dance","floor":23.0,"key":"SMITH"},{"data":"Phantasmal Killer","floor":30.0,"key":"SMITH"},{"floor":32.0,"key":"REST"},{"floor":40,"key":"REST"},{"floor":44,"key":"REST"},{"floor":49,"key":"REST"}],"circlet_count":0,"master_deck":["Strike_G","Defend_G","Defend_G","Defend_G","Defend_G","Defend_G","Survivor","Neutralize","Dagger Throw","Blade Dance+1","Infinite Blades+1","Acrobatics","PiercingWail","Adrenaline","Deflect","Phantasmal Killer+1","Deflect+1","Blade Dance","Infinite Blades+1","Cloak And Dagger","Blade Dance+1","Footwork+1","Infinite Blades","Cloak And Dagger","Purity","Dagger Throw+1","Cloak And Dagger+1","Parasite","Blade Dance+1","Accuracy","Blade Dance+1","Cloak And Dagger"],"relics":["Ring of the Snake","Boot","Paper Crane","CaptainsWheel","WristBlade","DollysMirror","Juzu Bracelet","Prayer Wheel","Sozu","Mercury Hourglass","Anchor"],"acts_visited":["Exordium","TheCity","TheBeyond"],"potions_floor_usage":[39],"damage_taken":[{"damage":6.0,"enemies":"2 Louse","floor":1.0,"turns":4.0},{"damage":2.0,"enemies":"Cultist","floor":4.0,"turns":4.0},{"damage":0.0,"enemies":"Small Slimes","floor":5.0,"turns":4.0},{"damage":36.0,"enemies":"Gremlin Nob","floor":6.0,"turns":5.0},{"damage":3.0,"enemies":"Red Slaver","floor":8.0,"turns":6.0},{"damage":2.0,"enemies":"3 Louse","floor":10.0,"turns":4.0},{"damage":13.0,"enemies":"3 Sentries","floor":11.0,"turns":7.0},{"damage":0.0,"enemies":"Blue Slaver","floor":13.0,"turns":4.0},{"damage":26.0,"enemies":"Slime Boss","floor":16.0,"turns":11.0},{"damage":2.0,"enemies":"Spheric Guardian","floor":18.0,"turns":4.0},{"damage":3.0,"enemies":"Chosen","floor":19.0,"turns":4.0},{"damage":16.0,"enemies":"Snake Plant","floor":22.0,"turns":4.0},{"damage":4.0,"enemies":"Book of Stabbing","floor":24.0,"turns":4.0},{"damage":0.0,"enemies":"Sentry and Sphere","floor":25.0,"turns":3.0},{"damage":0.0,"enemies":"3 Cultists","floor":29.0,"turns":4.0},{"damage":13.0,"enemies":"Shelled Parasite and Fungi","floor":31.0,"turns":3.0},{"damage":32.0,"enemies":"Champ","floor":33.0,"turns":7.0},{"damage":0,"enemies":"Orb Walker","floor":35,"turns":3},{"damage":12,"enemies":"3 Shapes","floor":38,"turns":3},{"damage":39,"enemies":"Writhing Mass","floor":39,"turns":6},{"damage":3,"enemies":"Maw","floor":45,"turns":5},{"damage":4,"enemies":"4 Shapes","floor":46,"turns":3},{"damage":14,"enemies":"Sphere and 2 Shapes","floor":48,"turns":3},{"damage":38,"enemies":"Donu and Deca","floor":50,"turns":7}],"seed_played":"1855086719863705559","potions_obtained":[{"floor":1.0,"key":"DuplicationPotion"},{"floor":5.0,"key":"GamblersBrew"},{"floor":8.0,"key":"AttackPotion"},{"floor":10.0,"key":"Regen Potion"},{"floor":13.0,"key":"SmokeBomb"},{"floor":14.0,"key":"Strength Potion"},{"floor":24.0,"key":"DistilledChaos"},{"floor":25.0,"key":"EssenceOfSteel"},{"floor":31.0,"key":"Fire Potion"}],"is_trial":false,"path_per_floor":["M","?","$","M","M","E","$","M","T","M","E","R","M","?","R","B",null,"M","M","$","$","M","R","E","M","T","?","$","M","R","M","R","B",null,"M","?","?","M","M","R","$","T","T","R","M","M","$","M","R","B",null],"character_chosen":"THE_SILENT","items_purchased":["Blade Dance","Infinite Blades","Blade Dance","DollysMirror","Infinite Blades","Accuracy"],"campfire_rested":5,"item_purchase_floors":[3,3,20,20,28,41],"current_hp_per_floor":[71,71,71,69,69,33,33,30,30,28,30,53,53,53,53,27,77,75,72,72,72,56,56,52,52,52,52,52,52,52,39,62,30,77,77,77,67,55,16,39,39,39,39,62,59,55,55,41,64,26],"gold":69,"neow_bonus":"TEN_PERCENT_HP_BONUS","is_daily":false,"chose_seed":false,"campfire_upgraded":3,"win_rate":0.0,"timestamp":1610784867,"path_taken":["M","?","?","M","M","E","$","M","T","?","E","R","M","?","R","BOSS","M","M","?","$","M","R","E","M","T","?","$","M","R","M","R","BOSS","M","?","?","M","M","R","$","?","T","R","M","M","$","M","R","BOSS"],"items_purchased_type":["Card","Card","Card","Relic","Card","Card"],"build_version":"2020-12-22","purchased_purges":2,"victory":true,"max_hp_per_floor":[77,77,77,77,77,77,77,77,77,77,77,77,77,77,77,77,77,77,77,77,77,77,77,77,77,77,77,77,77,77,77,77,77,77,77,77,77,77,77,77,77,77,77,77,77,77,77,77,77,77],"card_choices":[{"not_picked":["Distraction","Outmaneuver"],"picked":"Dagger Throw","floor":1.0},{"not_picked":["Flechettes","Endless Agony"],"picked":"Acrobatics","floor":4.0},{"not_picked":["Expertise","Skewer"],"picked":"PiercingWail","floor":5.0},{"not_picked":["Acrobatics","Escape Plan"],"picked":"Adrenaline","floor":6.0},{"not_picked":["All Out Attack","Deadly Poison","Poisoned Stab"],"picked":"SKIP","floor":8.0},{"not_picked":["Bane","Dagger Spray"],"picked":"Deflect","floor":10.0},{"not_picked":["Bouncing Flask","Skewer","Backflip"],"picked":"SKIP","floor":11.0},{"not_picked":["Deadly Poison","Quick Slash","Riddle With Holes"],"picked":"SKIP","floor":13.0},{"not_picked":["Die Die Die","Bullet Time"],"picked":"Phantasmal Killer","floor":16.0},{"not_picked":["Heel Hook","Sucker Punch"],"picked":"Deflect+1","floor":18.0},{"not_picked":["Endless Agony","Outmaneuver","Dash"],"picked":"SKIP","floor":19.0},{"not_picked":["Backflip","Flechettes"],"picked":"Cloak And Dagger","floor":22.0},{"not_picked":["Slice","Dash"],"picked":"Blade Dance+1","floor":24.0},{"not_picked":["PiercingWail+1","Catalyst"],"picked":"Footwork+1","floor":25.0},{"not_picked":["Dagger Spray","Bane","Deadly Poison"],"picked":"SKIP","floor":29.0},{"not_picked":["All Out Attack","Tools of the Trade","Crippling Poison"],"picked":"SKIP","floor":29.0},{"not_picked":["Deflect","Poisoned Stab","Dagger Spray"],"picked":"SKIP","floor":31.0},{"not_picked":["Dagger Spray+1","Choke","Flying Knee"],"picked":"SKIP","floor":31.0},{"not_picked":["PiercingWail","Outmaneuver+1"],"picked":"Cloak And Dagger","floor":35},{"not_picked":["Crippling Poison+1","Flechettes+1","Well Laid Plans"],"picked":"SKIP","floor":35},{"not_picked":["Mind Blast","HandOfGreed"],"picked":"Purity","floor":37},{"not_picked":["Prepared","Poisoned Stab+1"],"picked":"Dagger Throw+1","floor":38},{"not_picked":["Quick Slash+1","Predator"],"picked":"Cloak And Dagger+1","floor":38},{"not_picked":["Eviscerate","All Out Attack+1"],"picked":"Blade Dance+1","floor":39},{"not_picked":["Sucker Punch+1","Catalyst","Noxious Fumes+1"],"picked":"SKIP","floor":39},{"not_picked":["Outmaneuver","Bane+1","Footwork"],"picked":"SKIP","floor":45},{"not_picked":["Endless Agony","Flechettes","Dodge and Roll"],"picked":"SKIP","floor":45},{"not_picked":["Backflip","Heel Hook+1"],"picked":"Blade Dance+1","floor":46},{"not_picked":["Dash","Slice+1"],"picked":"Cloak And Dagger","floor":46},{"not_picked":["Dagger Throw","Escape Plan","Underhanded Strike"],"picked":"SKIP","floor":48},{"not_picked":["Choke+1","Poisoned Stab+1","Night Terror"],"picked":"SKIP","floor":48}],"player_experience":47897,"relics_obtained":[{"floor":6.0,"key":"Boot"},{"floor":9.0,"key":"Paper Crane"},{"floor":11.0,"key":"CaptainsWheel"},{"floor":24.0,"key":"Juzu Bracelet"},{"floor":26.0,"key":"Prayer Wheel"},{"floor":42,"key":"Mercury Hourglass"},{"floor":43,"key":"Anchor"}],"event_choices":[{"cards_removed":["Strike_G"],"damage_healed":0.0,"max_hp_gain":0.0,"max_hp_loss":0.0,"gold_gain":0.0,"event_name":"Bonfire Elementals","player_choice":"Offered Basic","floor":2.0,"gold_loss":0.0,"damage_taken":0.0},{"damage_healed":0.0,"max_hp_gain":0.0,"max_hp_loss":0.0,"gold_gain":0.0,"event_name":"Lab","player_choice":"Got Potions","floor":14.0,"gold_loss":0.0,"damage_taken":0.0},{"cards_removed":["Strike_G"],"damage_healed":0.0,"max_hp_gain":0.0,"max_hp_loss":0.0,"gold_gain":0.0,"event_name":"Back to Basics","player_choice":"Elegance","floor":27.0,"gold_loss":0.0,"damage_taken":0.0},{"damage_healed":0,"gold_gain":0,"player_choice":"Ignored","damage_taken":0,"max_hp_gain":0,"max_hp_loss":0,"event_name":"Tomb of Lord Red Mask","floor":36,"gold_loss":0},{"damage_healed":0,"gold_gain":0,"player_choice":"Memory 3","damage_taken":10,"max_hp_gain":0,"max_hp_loss":0,"event_name":"SensoryStone","floor":37,"gold_loss":0}],"is_beta":false,"boss_relics":[{"not_picked":["Tiny House","Snecko Eye"],"picked":"WristBlade"},{"not_picked":["Astrolabe","Fusion Hammer"],"picked":"Sozu"}],"items_purged_floors":[7,41],"is_endless":false,"potions_floor_spawned":[1,5,8,10,13,24,25,31,38,45,48],"ascension_level":0}}