{"host":"dr5ef424til0p8zn","time":1610830106,"event":{"mods":["2.2 Compatiblity","Act Like it!","BaseMod","Better Skull","Downfall","Gremlin Skip","Hallownest","Hermit","Minty Spire (QoL Compilation)","Shade Mod","StSLib","Td1madao Mod","The Bug Knight","The Hierophant","The Marked"],"gold_per_floor":[349,367,377,307,58,58,58,74,74,74,89,89,89,105,118,118,118],"floor_reached":16,"language":"ENG","playtime":1711,"items_purged":[],"score":92,"play_id":"f5ef3e6d-ee24-4773-ba3f-31a406265cd6","local_time":"20210116214826","is_ascension_mode":false,"campfire_choices":[{"data":"bronze:Goto","floor":1,"key":"SMITH"},{"floor":6,"key":"REST"},{"data":"bronze:GetLatest","floor":10,"key":"SMITH"},{"floor":13,"key":"REST"}],"circlet_count":0,"master_deck":["bronze:Strike+1","bronze:Strike","bronze:Strike","bronze:Strike","bronze:Defend","bronze:Defend","bronze:Defend","bronze:Defend","bronze:Replicate","bronze:Goto+1","bronze:ChildClass","bronze:GetLatest+1","bronze:Overload","bronze:ChosenStrike+1","bronze:Frontload+1","bronze:BuggyMess","bronze:Branch"],"relics":["bronze:BronzeCore","Hallownest:StagBellRelic1","Potion Belt","Pear"],"acts_visited":["Hallownest:Greenpath"],"potions_floor_usage":[5,5,16],"damage_taken":[{"damage":0,"enemies":"Hallownest:monsterHuskWarrior","floor":2,"turns":4},{"damage":0,"enemies":"Hallownest:2_Baldur","floor":3,"turns":4},{"damage":10,"enemies":"downfall:FleeingMerchant","floor":5,"turns":4},{"damage":7,"enemies":"Hallownest:monsterHuskGuard","floor":8,"turns":4},{"damage":3,"enemies":"Hallownest:1_Baldur_1_Crawlid_1_Warrior","floor":11,"turns":6},{"damage":0,"enemies":"Hallownest:monsterAspidMother","floor":14,"turns":7},{"damage":40,"enemies":"Hallownest:Guard_and_Warrior","floor":15,"turns":7},{"damage":8,"enemies":"SI_SHIV_ARCHETYPE","floor":16,"turns":3}],"seed_played":"3501565339662415386","potions_obtained":[{"floor":2,"key":"FearPotion"},{"floor":3,"key":"hexamod:SoulburnPotion"},{"floor":15,"key":"hexamod:SoulburnPotion"}],"is_trial":false,"path_per_floor":["R","M","M","?","$","R","T","M","?","R","M","?","R","M","M","B"],"character_chosen":"THE_AUTOMATON","items_purchased":["bronze:ChosenStrike","Potion Belt"],"campfire_rested":2,"item_purchase_floors":[5,5],"current_hp_per_floor":[49,49,49,49,39,60,70,63,63,63,60,20,44,44,4,0,0],"gold":118,"neow_bonus":"TWO_FIFTY_GOLD","is_daily":false,"chose_seed":false,"campfire_upgraded":2,"win_rate":0.0,"timestamp":1610830106,"path_taken":["R","M","M","?","$","R","T","M","?","R","M","?","R","M","M","BOSS"],"items_purchased_type":["Card","Relic"],"build_version":"2020-12-22","purchased_purges":0,"victory":false,"max_hp_per_floor":[70,70,70,70,70,70,80,80,80,80,80,80,80,80,80,80,80],"card_choices":[{"not_picked":["bronze:WildBeam","bronze:BronzeOrb"],"picked":"bronze:ChildClass","floor":2},{"not_picked":["bronze:DelayedGuard","bronze:BronzeArmor"],"picked":"bronze:GetLatest","floor":3},{"not_picked":["bronze:DelayedGuard","bronze:DelayedSlice"],"picked":"bronze:Overload","floor":5},{"not_picked":["bronze:Invalidate","bronze:ThunderWave"],"picked":"bronze:Frontload","floor":8},{"not_picked":["bronze:WildBeam","bronze:Iterate"],"picked":"bronze:BuggyMess","floor":11},{"not_picked":["bronze:DelayedGuard","bronze:Invalidate","bronze:Frontload"],"picked":"SKIP","floor":14},{"not_picked":["bronze:Shield","bronze:Flail"],"picked":"bronze:Branch","floor":15}],"player_experience":508200,"relics_obtained":[{"floor":7,"key":"Pear"}],"event_choices":[{"damage_healed":0,"gold_gain":0,"player_choice":"UP UP UP ","damage_taken":46,"relics_obtained":[],"max_hp_gain":0,"max_hp_loss":0,"event_name":"betterSkull:BetterSkull","floor":12,"gold_loss":0,"cards_upgraded":["bronze:ChosenStrike","bronze:Strike","bronze:Frontload"]}],"is_beta":false,"boss_relics":[],"items_purged_floors":[],"is_endless":false,"potions_floor_spawned":[2,3,15],"killed_by":"SI_SHIV_ARCHETYPE","ascension_level":0}}