{"host":"u9h06qdlnp3wgzsw","time":1610833066,"event":{"mods":["BaseMod","Downfall","Hermit","Minty Spire (QoL Compilation)","Rare Cards Sparkle","Shop Mod","StSLib"],"gold_per_floor":[99,11,26,26,38,53,53,53,82,94,94,544,344,72,82,181,181,181,191,211,227,85,100,100,118,134,234,249,149,178,195,207,302,302,302,322,322,342,360,360,360,376,376,395,407,419,55,71,84,84,84,109,64,64,64,64],"floor_reached":57,"language":"ENG","playtime":6697,"items_purged":["Shame","Pain","downfall:Icky"],"score":1261,"play_id":"22301d7d-693d-448c-bfe2-6aad59c35529","local_time":"20210116163746","is_ascension_mode":false,"campfire_choices":[{"floor":1.0,"key":"RECALL"},{"floor":8.0,"key":"REST"},{"data":"champ:Backstep","floor":11.0,"key":"SMITH"},{"data":"champ:CheapShot","floor":13.0,"key":"SMITH"},{"data":"champ:GladiatorForm","floor":18.0,"key":"SMITH"},{"floor":29,"key":"REST"},{"data":"champ:Devastate","floor":35,"key":"SMITH"},{"data":"champ:TripleStrike","floor":40,"key":"SMITH"},{"data":"champ:ShieldWall","floor":43,"key":"SMITH"},{"floor":54,"key":"REST"}],"circlet_count":0,"master_deck":["champ:Strike","champ:Strike","champ:Strike","champ:Strike","champ:Defend","champ:Defend","champ:Defend","champ:Defend","champ:Execute","champ:Taunt","champ:CheapShot+1","champ:CrownThrow","champ:Improvising+1","champ:FlashCut","champ:FalseCounter","champ:Backstep+1","champ:VampiricStrike","champ:TornadoPunch","downfall:Icky","downfall:Icky","champ:Circumvent","champ:ShieldWall+1","expansioncontent:DashGenerateEvil+1","champ:GladiatorForm+1","champ:VampiricStrike","champ:Duel+1","champ:SkillfulDodge+1","champ:ArenaPreparation+1","champ:EnGarde","champ:TripleStrike+1","champ:PreciseThrust","champ:CheapShot+1","champ:RageSigil","champ:Devastate+1","CurseOfTheBell","champ:ShieldWall+1","champ:FlashCut+1","champ:ShieldSigil+1","champ:RageSigil+1","champ:ShieldSlam+1","champ:TripleStrike","champ:FocusedDefense","expansioncontent:QuickStudy","champ:HoldFirm","expansioncontent:AwakenDeath"],"relics":["champ:ChampionCrown","Bag of Preparation","downfall:HeartBlessingRed","downfall:HeartBlessingGreen","Sozu","Bird Faced Urn","downfall:HeartBlessingBlue","Anchor","MerchantsRug","HandDrill","Shuriken","Ornamental Fan"],"acts_visited":["Exordium","TheCity","TheBeyond","TheEnding"],"potions_floor_usage":[28],"damage_taken":[{"damage":37.0,"enemies":"downfall:FleeingMerchant","floor":2.0,"turns":5.0},{"damage":15.0,"enemies":"Small Slimes","floor":3.0,"turns":3.0},{"damage":10.0,"enemies":"Cultist","floor":5.0,"turns":4.0},{"damage":15.0,"enemies":"2 Louse","floor":6.0,"turns":3.0},{"damage":11.0,"enemies":"Gremlin Nob","floor":9.0,"turns":4.0},{"damage":3.0,"enemies":"Exordium Wildlife","floor":10.0,"turns":4.0},{"damage":13.0,"enemies":"downfall:FleeingMerchant","floor":14.0,"turns":5.0},{"damage":0.0,"enemies":"Blue Slaver","floor":15.0,"turns":2.0},{"damage":70.0,"enemies":"SI_SHIV_ARCHETYPE","floor":16.0,"turns":9.0},{"damage":10.0,"enemies":"Spheric Guardian","floor":19.0,"turns":4.0},{"damage":10.0,"enemies":"Chosen","floor":20.0,"turns":4.0},{"damage":0.0,"enemies":"Snake Plant","floor":21.0,"turns":2.0},{"damage":23.0,"enemies":"downfall:FleeingMerchant","floor":22.0,"turns":5.0},{"damage":20.0,"enemies":"Sentry and Sphere","floor":23.0,"turns":5.0},{"damage":55,"enemies":"Shelled Parasite and Fungi","floor":25,"turns":6},{"damage":10,"enemies":"Chosen and Byrds","floor":26,"turns":5},{"damage":30,"enemies":"IC_STATUS_ARCHETYPE","floor":27,"turns":7},{"damage":10,"enemies":"Sentry and Sphere","floor":28,"turns":5},{"damage":50,"enemies":"Gremlin Leader","floor":30,"turns":8},{"damage":0,"enemies":"Snecko","floor":31,"turns":5},{"damage":33,"enemies":"Centurion and Healer","floor":32,"turns":3},{"damage":30,"enemies":"WA_ARCHETYPE_CALM","floor":33,"turns":9},{"damage":35,"enemies":"3 Darklings","floor":36,"turns":7},{"damage":21,"enemies":"Orb Walker","floor":38,"turns":3},{"damage":13,"enemies":"4 Shapes","floor":39,"turns":4},{"damage":17,"enemies":"Maw","floor":42,"turns":8},{"damage":8,"enemies":"Transient","floor":44,"turns":5},{"damage":32,"enemies":"Sphere and 2 Shapes","floor":45,"turns":6},{"damage":25,"enemies":"3 Darklings","floor":46,"turns":5},{"damage":5,"enemies":"downfall:FleeingMerchant","floor":47,"turns":5},{"damage":0,"enemies":"Jaw Worm Horde","floor":48,"turns":2},{"damage":17,"enemies":"4 Shapes","floor":49,"turns":6},{"damage":97,"enemies":"DF_ARCHETYPE_ORBS","floor":50,"turns":9},{"damage":161,"enemies":"downfall:CharBossMerchant","floor":52,"turns":11},{"damage":4,"enemies":"downfall:NeowBoss","floor":55,"turns":15},{"damage":328,"enemies":"downfall:NeowBossFinal","floor":56,"turns":14}],"seed_played":"-4464433720231893006","potions_obtained":[{"floor":3.0,"key":"champ:CounterPotion"},{"floor":10.0,"key":"SpeedPotion"},{"floor":15.0,"key":"DuplicationPotion"},{"floor":16.0,"key":"Slimebound:ThreeZeroPotion"}],"is_trial":false,"path_per_floor":["R","$","M","?","M","M","T","R","E","M","R","?","R","$","M","B",null,"R","M","M","M","$","M","T","M","M","?","M","R","E","M","M","B",null,"R","M","?","M","M","R","T","M","R","M","M","M","$","M","M","B",null,"E","$","R","B","B",null],"character_chosen":"THE_CHAMP","items_purchased":["champ:Improvising","champ:ShieldWall","expansioncontent:DashGenerateEvil","champ:EnGarde","MerchantsRug","HandDrill","Shuriken","Ancient Tea Set","expansioncontent:QuickStudy","expansioncontent:AwakenDeath"],"campfire_rested":3,"item_purchase_floors":[2,14,14,22,47,47,47,47,47,53],"current_hp_per_floor":[90,83,78,78,78,73,73,90,89,86,86,86,86,83,83,48,90,90,90,90,90,87,67,67,37,37,27,36,94,100,100,77,70,100,100,71,71,66,61,85,85,95,106,103,79,76,75,81,70,16,118,22,22,58,64,16],"gold":64,"neow_bonus":"THREE_RARE_CARDS","is_daily":false,"chose_seed":false,"campfire_upgraded":6,"win_rate":0.0,"timestamp":1610833066,"path_taken":["R","$","M","?","M","?","T","R","E","M","R","?","R","?","M","BOSS","R","M","M","M","$","M","T","M","M","?","M","R","E","M","M","BOSS","R","M","?","M","M","R","T","M","R","?","M","M","$","M","M","BOSS","E","$","R","BOSS","BOSS"],"items_purchased_type":["Card","Card","Card","Card","Relic","Relic","Relic","Relic","Card","Card"],"build_version":"2020-12-22","purchased_purges":3,"victory":true,"max_hp_per_floor":[90,90,90,90,90,90,90,90,90,90,90,90,90,90,90,90,90,90,90,90,90,90,90,90,90,90,90,90,100,100,100,100,100,100,100,102,102,102,104,104,104,106,106,108,112,116,116,118,118,118,118,120,120,120,120,120],"card_choices":[{"not_picked":["champ:StrikeOfGenius","champ:SteelEdge"],"picked":"champ:CheapShot","floor":0.0},{"not_picked":["champ:FlashCut","champ:PreciseThrust"],"picked":"champ:CrownThrow","floor":2.0},{"not_picked":["champ:TornadoPunch","champ:CrownThrow"],"picked":"champ:FlashCut","floor":3.0},{"not_picked":["champ:BladeFlurry","champ:GutPunch"],"picked":"champ:FalseCounter","floor":5.0},{"not_picked":["champ:FocusedBerserking","champ:Shatter"],"picked":"champ:Backstep","floor":6.0},{"not_picked":["champ:Haymaker","champ:RecklessLeap"],"picked":"champ:VampiricStrike","floor":9.0},{"not_picked":["champ:FocusedDefense","champ:BerserkersShout"],"picked":"champ:TornadoPunch","floor":10.0},{"not_picked":["champ:FanOfKnives","champ:Backstep"],"picked":"champ:Circumvent","floor":14.0},{"not_picked":["champ:FlashCut","champ:IronFortress"],"picked":"champ:GladiatorForm","floor":15.0},{"not_picked":["champ:MurderStrike","champ:IgnorePain"],"picked":"champ:VampiricStrike","floor":16.0},{"not_picked":["champ:ShieldSigil","champ:StanceDance"],"picked":"champ:Duel+1","floor":19.0},{"not_picked":["champ:PerfectedStrike","champ:StanceDance","champ:Endure"],"picked":"SKIP","floor":20.0},{"not_picked":["champ:CrownThrow","champ:Backstep+1"],"picked":"champ:SkillfulDodge+1","floor":21.0},{"not_picked":["champ:Shatter+1","champ:BerserkerStyle+1"],"picked":"champ:ArenaPreparation+1","floor":22.0},{"not_picked":["champ:Encircle","champ:BringItOn"],"picked":"champ:TripleStrike","floor":23.0},{"not_picked":["champ:Shatter","champ:Backstep","champ:CrownThrow"],"picked":"SKIP","floor":25},{"not_picked":["champ:DefensiveShout","champ:BerserkersShout"],"picked":"champ:PreciseThrust","floor":26},{"not_picked":["champ:TornadoPunch","champ:DefensiveShout+1"],"picked":"champ:CheapShot","floor":28},{"not_picked":["champ:SwordThrow","champ:StanceDance"],"picked":"champ:RageSigil","floor":30},{"not_picked":["champ:ShieldSlam","champ:FalseCounter","champ:AdrenalArmor+1"],"picked":"SKIP","floor":31},{"not_picked":["champ:FlashCut","champ:BerserkersShout+1","champ:EnGarde"],"picked":"SKIP","floor":32},{"not_picked":["champ:SteelEdge","champ:StrikeOfGenius"],"picked":"champ:Devastate","floor":33},{"not_picked":["champ:RapidStrikes","champ:StanceDance"],"picked":"champ:ShieldWall+1","floor":36},{"not_picked":["champ:ShieldSigil","champ:Shatter+1","champ:BerserkersShout"],"picked":"Singing Bowl","floor":36},{"not_picked":["champ:PreciseThrust+1","champ:RecklessLeap"],"picked":"champ:FlashCut+1","floor":38},{"not_picked":["champ:Shatter+1","champ:FanOfKnives"],"picked":"champ:ShieldSigil+1","floor":38},{"not_picked":["champ:CrookedStrike","champ:BerserkersShout+1","champ:Backstep+1"],"picked":"Singing Bowl","floor":39},{"not_picked":["champ:FocusedBerserking+1","champ:FaceSlap+1"],"picked":"champ:RageSigil+1","floor":39},{"not_picked":["champ:PreciseThrust+1","champ:RapidStrikes"],"picked":"champ:ShieldSlam+1","floor":42},{"not_picked":["champ:FanOfKnives","champ:AdrenalArmor+1","champ:HeartStrike"],"picked":"Singing Bowl","floor":42},{"not_picked":["champ:Lariat+1","champ:Shatter+1"],"picked":"champ:TripleStrike","floor":44},{"not_picked":["champ:Haymaker","champ:ShieldSlam+1","champ:FaceSlap"],"picked":"Singing Bowl","floor":44},{"not_picked":["champ:RecklessLeap","champ:StanceDance","champ:EnGarde+1"],"picked":"Singing Bowl","floor":45},{"not_picked":["champ:EnGarde+1","champ:GutPunch+1","champ:IgnorePain"],"picked":"Singing Bowl","floor":45},{"not_picked":["champ:Backstep+1","champ:GutPunch","champ:CrownThrow+1"],"picked":"Singing Bowl","floor":46},{"not_picked":["champ:GutPunch+1","champ:BladeFlurry+1","champ:StanceDance+1"],"picked":"Singing Bowl","floor":46},{"not_picked":["champ:DefensiveStyle","champ:Backstep+1"],"picked":"champ:FocusedDefense","floor":47},{"not_picked":["champ:Circumvent","champ:BerserkersShout+1","champ:TornadoPunch+1"],"picked":"Singing Bowl","floor":48},{"not_picked":["champ:Circumvent+1","champ:FanOfKnives"],"picked":"champ:HoldFirm","floor":49},{"not_picked":["champ:EndlessRage+1","champ:Lariat+1","champ:HeavySlash"],"picked":"Singing Bowl","floor":52}],"player_experience":743489,"relics_obtained":[{"floor":7.0,"key":"Bag of Preparation"},{"floor":9.0,"key":"Toy Ornithopter"},{"floor":27,"key":"Bird Faced Urn"},{"floor":27,"key":"Eternal Feather"},{"floor":30,"key":"Blood Vial"},{"floor":34,"key":"Anchor"},{"floor":34,"key":"Singing Bowl"},{"floor":34,"key":"Prayer Wheel"},{"floor":41,"key":"Darkstone Periapt"},{"floor":52,"key":"Ornamental Fan"}],"event_choices":[{"damage_healed":0.0,"max_hp_gain":0.0,"max_hp_loss":0.0,"gold_gain":0.0,"event_name":"Accursed Blacksmith","player_choice":"Forge","floor":4.0,"gold_loss":0.0,"damage_taken":0.0,"cards_upgraded":["champ:Improvising"]}],"is_beta":false,"boss_relics":[{"not_picked":["bronze:MakeshiftBattery","Runic Dome"],"picked":"Sozu"},{"not_picked":["Snecko Eye","Philosopher\u0027s Stone"],"picked":"Calling Bell"}],"items_purged_floors":[22,47,53],"is_endless":false,"potions_floor_spawned":[3,10,15,16,20,21,31,32,33,36,38,48,49],"ascension_level":0}}