{"host":"az1ex86qolajid0q","time":1610757264,"event":{"mods":["2.2 Compatiblity","AchievementEnabler","Astrologer","BaseMod","Beaked The Cultist","Better Altar","Better Match","Better Note","Better Sensory Stone","Better Skull","Better Third Choice","Better Vampires","BetterRewards","Colored Map","Colored Powertips","Downfall","Energized Spire","Hermit","Jorbs\u0027s Wanderer Trilogy","Minty Spire (QoL Compilation)","Permanent Neow","Rare Cards Sparkle","Relic Sorter","Relic Stats","Shop Mod","Spicy Shops","StSLib","The Construct"],"gold_per_floor":[115,115,115,131,149,183,183,27,27,27,57,72,92,122,122,226,226,196,208,208,12,12,12,25,21,44,144,174,174,174],"floor_reached":29,"language":"ENG","playtime":1157,"items_purged":[],"score":470,"play_id":"292b04d3-6a95-489c-8de5-118f42ffe9f5","local_time":"20210115183424","is_ascension_mode":true,"campfire_choices":[{"data":"Judgement","floor":7,"key":"SMITH"},{"floor":10,"key":"REST"},{"data":"Wallop","floor":15,"key":"SMITH"},{"data":"Ragnarok","floor":23,"key":"SMITH"}],"circlet_count":0,"master_deck":["AscendersBane","Strike_P","Strike_P","Strike_P+1","Strike_P","Defend_P","Defend_P","Defend_P","Defend_P","Eruption","Vigilance","EmptyFist+1","SandsOfTime","SandsOfTime","Judgement+1","Halt","Wallop+1","Perseverance","SpiritShield","Consecrate+1","FearNoEvil+1","Ragnarok+1","Bandage Up","BattleHymn","Ragnarok"],"relics":["Philosopher\u0027s Stone","beaked:ShinyBauble","Membership Card","Regal Pillow","Bag of Preparation","Nunchaku","energizedSpire:EnergizedDie","Matryoshka","Lee\u0027s Waffle","MealTicket","Dream Catcher","Dead Branch","Kunai","PreservedInsect"],"acts_visited":["Exordium","TheCity"],"potions_floor_usage":[11,14,14,20,20,28,29],"damage_taken":[{"damage":11,"enemies":"Small Slimes","floor":1,"turns":4},{"damage":3,"enemies":"2 Louse","floor":4,"turns":2},{"damage":8,"enemies":"Jaw Worm","floor":5,"turns":3},{"damage":17,"enemies":"Gremlin Nob","floor":6,"turns":3},{"damage":0,"enemies":"Lagavulin","floor":11,"turns":4},{"damage":0,"enemies":"Exordium Thugs","floor":12,"turns":3},{"damage":5,"enemies":"Exordium Wildlife","floor":13,"turns":3},{"damage":0,"enemies":"Gremlin Nob","floor":14,"turns":2},{"damage":18,"enemies":"The Guardian","floor":16,"turns":8},{"damage":12,"enemies":"2 Thieves","floor":18,"turns":3},{"damage":6,"enemies":"Chosen","floor":19,"turns":3},{"damage":34,"enemies":"Shelled Parasite and Fungi","floor":20,"turns":6},{"damage":5,"enemies":"Centurion and Healer","floor":24,"turns":4},{"damage":31,"enemies":"Colosseum Slavers","floor":27,"turns":4},{"damage":22,"enemies":"Colosseum Nobs","floor":27,"turns":4},{"damage":26,"enemies":"Book of Stabbing","floor":28,"turns":5},{"damage":10,"enemies":"Snecko","floor":29,"turns":3}],"seed_played":"-6740819693635297519","potions_obtained":[{"floor":4,"key":"BottledMiracle"},{"floor":6,"key":"BottledMiracle"},{"floor":11,"key":"SpeedPotion"},{"floor":12,"key":"sneckomod:MuddlingPotion"},{"floor":19,"key":"SneckoOil"},{"floor":27,"key":"Explosive Potion"},{"floor":28,"key":"Dexterity Potion"}],"is_trial":false,"path_per_floor":["M","?","?","M","M","E","R","$","T","R","E","M","M","E","R","B",null,"M","M","M","$","?","R","M","$","T","?","E","M"],"character_chosen":"WATCHER","items_purchased":["Membership Card","Matryoshka","Lee\u0027s Waffle","Bandage Up"],"campfire_rested":1,"item_purchase_floors":[8,21,21,25],"current_hp_per_floor":[54,40,64,61,53,36,36,36,36,72,72,72,67,67,67,49,66,54,48,14,79,79,79,74,74,74,25,3,0,0],"gold":174,"neow_bonus":"BOSS_RELIC","is_daily":false,"chose_seed":false,"campfire_upgraded":3,"win_rate":0.0,"timestamp":1610757264,"path_taken":["M","?","?","M","M","E","R","?","T","R","E","M","M","E","R","BOSS","M","M","M","$","?","R","?","?","T","?","E","M"],"items_purchased_type":["Relic","Relic","Relic","Card"],"build_version":"2020-12-22","purchased_purges":0,"victory":false,"max_hp_per_floor":[72,72,72,72,72,72,72,72,72,72,72,72,72,72,72,72,72,72,72,72,79,79,79,79,79,79,79,79,79,79],"relic_stats":{"Regal Pillow":15,"Nunchaku":[7],"Lee\u0027s Waffle":65,"Dream Catcher":0,"counters":[17,64],"Dead Branch":[7],"MealTicket":0,"PreservedInsect":0,"Bag of Preparation":[24],"Kunai":[2],"obtain_stats":[{"beaked:ShinyBauble":6,"Regal Pillow":9,"Lee\u0027s Waffle":21,"Dead Branch":27,"energizedSpire:EnergizedDie":17,"PreservedInsect":28,"Bag of Preparation":11,"Nunchaku":14,"Dream Catcher":26,"Matryoshka":21,"Philosopher\u0027s Stone":0,"MealTicket":26,"Membership Card":8,"Kunai":27,"PureWater":0},{"beaked:ShinyBauble":4,"Regal Pillow":4,"Lee\u0027s Waffle":12,"Dead Branch":15,"energizedSpire:EnergizedDie":9,"PreservedInsect":16,"Bag of Preparation":5,"Nunchaku":8,"Dream Catcher":13,"Matryoshka":12,"Philosopher\u0027s Stone":0,"MealTicket":13,"Membership Card":4,"Kunai":15,"PureWater":0},{"beaked:ShinyBauble":12,"Regal Pillow":12,"Lee\u0027s Waffle":44,"Dead Branch":56,"energizedSpire:EnergizedDie":32,"PreservedInsect":61,"Bag of Preparation":16,"Nunchaku":24,"Dream Catcher":48,"Matryoshka":44,"Philosopher\u0027s Stone":0,"MealTicket":48,"Membership Card":12,"Kunai":56,"PureWater":0}]},"card_choices":[{"not_picked":["ReachHeaven","ThirdEye"],"picked":"EmptyFist","floor":1},{"not_picked":["Pray","WheelKick"],"picked":"SandsOfTime","floor":4},{"not_picked":["Nirvana","Tantrum"],"picked":"SandsOfTime","floor":5},{"not_picked":["Protect","TalkToTheHand"],"picked":"Judgement","floor":6},{"not_picked":["ThirdEye","Nirvana","SashWhip"],"picked":"SKIP","floor":11},{"not_picked":["Protect","InnerPeace"],"picked":"Halt","floor":12},{"not_picked":["Halt","FollowUp"],"picked":"Wallop","floor":13},{"not_picked":["Protect","FollowUp"],"picked":"Perseverance","floor":14},{"not_picked":["Scrawl","Brilliance"],"picked":"SpiritShield","floor":16},{"not_picked":["PathToVictory+1","FlyingSleeves"],"picked":"Consecrate+1","floor":18},{"not_picked":["Prostrate","WindmillStrike"],"picked":"FearNoEvil+1","floor":19},{"not_picked":["BowlingBash","Prostrate+1","ClearTheMind+1"],"picked":"SKIP","floor":20},{"not_picked":["FearNoEvil+1","SashWhip","Nirvana+1"],"picked":"SKIP","floor":24},{"not_picked":["Pray+1","FlyingSleeves"],"picked":"BattleHymn","floor":27},{"not_picked":["Nirvana","ThirdEye"],"picked":"Ragnarok","floor":28}],"player_experience":676555,"relics_obtained":[{"floor":6,"key":"beaked:ShinyBauble"},{"floor":9,"key":"Regal Pillow"},{"floor":11,"key":"Bag of Preparation"},{"floor":14,"key":"Nunchaku"},{"floor":26,"key":"MealTicket"},{"floor":26,"key":"Dream Catcher"},{"floor":27,"key":"Dead Branch"},{"floor":27,"key":"Kunai"},{"floor":28,"key":"PreservedInsect"}],"event_choices":[{"damage_healed":54,"gold_gain":0,"player_choice":"Upgrade","damage_taken":14,"max_hp_gain":0,"max_hp_loss":72,"event_name":"betterThird:BetterShining","floor":2,"gold_loss":0,"cards_upgraded":["EmptyFist","Strike_P"]},{"damage_healed":24,"gold_gain":0,"player_choice":"Banana","damage_taken":0,"max_hp_gain":0,"max_hp_loss":0,"event_name":"Big Fish","floor":3,"gold_loss":0},{"cards_removed":["Judgement"],"damage_healed":0,"gold_gain":0,"player_choice":"Take \u0026 Give","damage_taken":0,"max_hp_gain":0,"max_hp_loss":0,"event_name":"betterNote:BetterNote","floor":22,"gold_loss":0,"cards_obtained":["Ragnarok"]},{"damage_healed":0,"gold_gain":0,"player_choice":"Fight","damage_taken":0,"max_hp_gain":0,"max_hp_loss":0,"event_name":"Colosseum","floor":27,"gold_loss":0},{"damage_healed":0,"gold_gain":0,"player_choice":"Fought Nobs","damage_taken":0,"max_hp_gain":0,"max_hp_loss":0,"event_name":"Colosseum","floor":27,"gold_loss":0}],"is_beta":false,"boss_relics":[{"not_picked":["bronze:MakeshiftBattery","beaked:MawFillet"],"picked":"energizedSpire:EnergizedDie"}],"items_purged_floors":[],"is_endless":false,"potions_floor_spawned":[4,6,11,12,19,27,28],"killed_by":"Snecko","ascension_level":10}}