{"host":"rq33ss4gawu1dric","time":1610811832,"event":{"mods":["BaseMod","Colored Map","Colored Powertips","Good Game Mod","Minty Spire (QoL Compilation)"],"gold_per_floor":[109,184,200,160,178,178,178,178,178,191,34,34,34],"floor_reached":12,"language":"ZHS","playtime":428,"items_purged":[],"score":68,"play_id":"8ba31ad7-e6c7-470d-b7ef-24991b3bd4f4","local_time":"20210116234352","is_ascension_mode":false,"campfire_choices":[{"data":"Vigilance","floor":6,"key":"SMITH"},{"data":"Eruption","floor":8,"key":"SMITH"}],"circlet_count":0,"master_deck":["Strike_P","Strike_P","Strike_P","Strike_P","Defend_P","Defend_P","Defend_P","Defend_P","Eruption+1","Vigilance+1","Battle Trance","FlyingSleeves","Protect"],"relics":["PureWater","REME:ComplimentaryCards","NeowsBlessing","InkBottle","Ornamental Fan","Dream Catcher"],"acts_visited":["Exordium"],"potions_floor_usage":[12,12,12],"damage_taken":[{"damage":0,"enemies":"2 Louse","floor":1,"turns":2},{"damage":0,"enemies":"Cultist","floor":3,"turns":1},{"damage":0,"enemies":"Jaw Worm","floor":5,"turns":1},{"damage":1,"enemies":"Lots of Slimes","floor":10,"turns":5},{"damage":131,"enemies":"Gremlin Nob","floor":12,"turns":8}],"seed_played":"-5181499726834741033","potions_obtained":[{"floor":1,"key":"EssenceOfSteel"},{"floor":4,"key":"Block Potion"},{"floor":4,"key":"Block Potion"}],"is_trial":false,"path_per_floor":["M","?","M","?","M","R","T","R","T","M","$","E"],"character_chosen":"WATCHER","items_purchased":["Dream Catcher"],"campfire_rested":0,"item_purchase_floors":[11],"current_hp_per_floor":[72,65,65,65,65,65,65,65,65,64,64,0,0],"gold":34,"neow_bonus":"THREE_ENEMY_KILL","is_daily":false,"chose_seed":false,"campfire_upgraded":2,"win_rate":0.0,"timestamp":1610811832,"path_taken":["M","?","?","?","?","R","?","R","T","M","$","E"],"items_purchased_type":["Relic"],"build_version":"2020-12-22","purchased_purges":0,"victory":false,"max_hp_per_floor":[72,72,72,72,72,72,72,72,72,72,72,72,72],"card_choices":[{"not_picked":["Fasting2","Pray"],"picked":"FlyingSleeves","floor":1},{"not_picked":["FlyingSleeves","Crescendo","Omniscience"],"picked":"SKIP","floor":3},{"not_picked":["FearNoEvil","CrushJoints"],"picked":"Protect","floor":5},{"not_picked":["Evaluate","FlurryOfBlows","ClearTheMind"],"picked":"SKIP","floor":10}],"player_experience":21254,"relics_obtained":[{"floor":7,"key":"InkBottle"},{"floor":9,"key":"Ornamental Fan"}],"event_choices":[{"damage_healed":0,"gold_gain":75,"player_choice":"Touch","damage_taken":7,"max_hp_gain":0,"max_hp_loss":0,"event_name":"FaceTrader","floor":2,"gold_loss":0},{"damage_healed":0,"gold_gain":0,"player_choice":"Bought 3 Potions","damage_taken":0,"max_hp_gain":0,"max_hp_loss":0,"event_name":"The Woman in Blue","floor":4,"gold_loss":0}],"is_beta":false,"boss_relics":[],"items_purged_floors":[],"is_endless":false,"potions_floor_spawned":[1,5,10],"killed_by":"Gremlin Nob","ascension_level":0}}