{"host":"8rqsnaeml9gxb0kp","time":1610840773,"event":{"mods":["AchievementEnabler","BaseMod","Dark Map","Minty Spire (QoL Compilation)","StSLib"],"gold_per_floor":[369,386,386,397,416,416,441,441,464,464,41,51,66,80,80,80,80],"floor_reached":16,"language":"ENG","playtime":616,"items_purged":["Strike_R"],"score":120,"play_id":"eee937d4-998a-4106-ae24-e249c5ac4efe","local_time":"20210116154613","is_ascension_mode":true,"campfire_choices":[{"data":"Rupture","floor":6,"key":"SMITH"},{"floor":8,"key":"REST"},{"floor":15,"key":"REST"}],"circlet_count":0,"master_deck":["Strike_R+1","Strike_R","Strike_R","Strike_R+1","Defend_R","Defend_R","Defend_R","Defend_R","Bash+1","Rupture+1","Thunderclap","Heavy Blade","Blood for Blood+1","Rupture","Cleave","Feel No Pain","Armaments"],"relics":["Burning Blood","Bag of Preparation","Orichalcum","Pen Nib","Whetstone"],"acts_visited":["Exordium"],"potions_floor_usage":[7,13,16],"damage_taken":[{"damage":4,"enemies":"Jaw Worm","floor":1,"turns":5},{"damage":15,"enemies":"2 Louse","floor":2,"turns":3},{"damage":6,"enemies":"Cultist","floor":4,"turns":3},{"damage":15,"enemies":"2 Fungi Beasts","floor":5,"turns":3},{"damage":67,"enemies":"Lagavulin","floor":7,"turns":8},{"damage":12,"enemies":"3 Louse","floor":12,"turns":3},{"damage":12,"enemies":"Large Slime","floor":13,"turns":3},{"damage":9,"enemies":"Exordium Wildlife","floor":14,"turns":4},{"damage":34,"enemies":"Slime Boss","floor":16,"turns":7}],"seed_played":"-2320115768669265941","potions_obtained":[{"floor":1,"key":"AttackPotion"},{"floor":2,"key":"BloodPotion"},{"floor":4,"key":"FearPotion"}],"is_trial":false,"path_per_floor":["M","M","?","M","M","R","E","R","T","?","$","M","M","M","R","B"],"character_chosen":"IRONCLAD","items_purchased":["Rupture","Pen Nib","Whetstone"],"campfire_rested":2,"item_purchase_floors":[11,11,11],"current_hp_per_floor":[72,63,63,63,54,54,7,28,28,28,28,22,16,13,34,0,0],"gold":80,"neow_bonus":"TWO_FIFTY_GOLD","is_daily":false,"chose_seed":false,"campfire_upgraded":1,"win_rate":0.0,"timestamp":1610840773,"path_taken":["M","M","?","M","M","R","E","R","T","?","$","?","M","M","R","BOSS"],"items_purchased_type":["Card","Relic","Relic"],"build_version":"2020-12-22","purchased_purges":1,"victory":false,"max_hp_per_floor":[72,72,72,72,72,72,72,72,72,72,72,72,72,72,72,72,72],"card_choices":[{"not_picked":["Bloodletting","Twin Strike"],"picked":"Rupture","floor":1},{"not_picked":["Clash","Dual Wield"],"picked":"Thunderclap","floor":2},{"not_picked":["Sword Boomerang","Warcry"],"picked":"Heavy Blade","floor":4},{"not_picked":["Sword Boomerang","Havoc","Clash"],"picked":"SKIP","floor":5},{"not_picked":["Seeing Red","Hemokinesis"],"picked":"Blood for Blood","floor":7},{"not_picked":["True Grit","Infernal Blade"],"picked":"Cleave","floor":12},{"not_picked":["True Grit","Anger"],"picked":"Feel No Pain","floor":13},{"not_picked":["Wild Strike","Anger"],"picked":"Armaments","floor":14}],"player_experience":76157,"relics_obtained":[{"floor":7,"key":"Bag of Preparation"},{"floor":9,"key":"Orichalcum"}],"event_choices":[{"damage_healed":0,"gold_gain":0,"player_choice":"Grow","damage_taken":0,"max_hp_gain":0,"max_hp_loss":0,"event_name":"Living Wall","floor":3,"gold_loss":0,"cards_upgraded":["Bash"]},{"damage_healed":0,"gold_gain":0,"player_choice":"Upgraded","damage_taken":0,"max_hp_gain":0,"max_hp_loss":0,"event_name":"Upgrade Shrine","floor":10,"gold_loss":0,"cards_upgraded":["Blood for Blood"]}],"is_beta":false,"boss_relics":[],"items_purged_floors":[11],"is_endless":false,"potions_floor_spawned":[1,2,4],"killed_by":"Slime Boss","ascension_level":3}}