{"host":"d61fcf2p3sjwe6yo","time":1610810781,"event":{"mods":["AchievementEnabler","BaseMod","Colored Map","Downfall","Minty Spire (QoL Compilation)","StSLib","SuperFastMode"],"gold_per_floor":[99,112,129,139,159,188,188,217,228,259,273,298,157,168,186,186,186],"floor_reached":16,"language":"ENG","playtime":1077,"items_purged":["bronze:Strike"],"score":168,"play_id":"4db57f79-db1c-42b6-9fed-f7f5882e37b3","local_time":"20210116182621","is_ascension_mode":true,"campfire_choices":[{"data":"bronze:Replicate","floor":1,"key":"SMITH"}],"circlet_count":0,"master_deck":["bronze:Strike","bronze:Strike","bronze:Strike","bronze:Defend","bronze:Defend","bronze:Defend","bronze:Defend","bronze:Replicate+1","bronze:Goto","bronze:Frontload","bronze:Separator","bronze:Branch","bronze:InfiniteLoop","bronze:Fortify","bronze:Boost","bronze:Branch","bronze:AlphaBuild","bronze:Optimize","bronze:Constructor"],"relics":["bronze:BronzeCore","Regal Pillow","Boot","Smiling Mask","Kunai","Strawberry","Pear"],"acts_visited":["Exordium"],"potions_floor_usage":[6,10,12,16],"damage_taken":[{"damage":5,"enemies":"Jaw Worm","floor":2,"turns":4},{"damage":3,"enemies":"Small Slimes","floor":3,"turns":4},{"damage":0,"enemies":"2 Louse","floor":4,"turns":3},{"damage":25,"enemies":"Gremlin Gang","floor":5,"turns":6},{"damage":6,"enemies":"Gremlin Nob","floor":6,"turns":3},{"damage":4,"enemies":"3 Sentries","floor":8,"turns":8},{"damage":4,"enemies":"Red Slaver","floor":9,"turns":2},{"damage":7,"enemies":"Gremlin Nob","floor":10,"turns":5},{"damage":3,"enemies":"Large Slime","floor":11,"turns":5},{"damage":9,"enemies":"3 Sentries","floor":12,"turns":7},{"damage":0,"enemies":"downfall:FleeingMerchant","floor":13,"turns":4},{"damage":0,"enemies":"2 Fungi Beasts","floor":14,"turns":2},{"damage":1,"enemies":"3 Louse","floor":15,"turns":3},{"damage":16,"enemies":"DF_ARCHETYPE_STREAMLINE","floor":16,"turns":12}],"seed_played":"-6869259852534925232","potions_obtained":[{"floor":4,"key":"hexamod:SoulburnPotion"},{"floor":5,"key":"LiquidMemories"},{"floor":6,"key":"Strength Potion"},{"floor":8,"key":"Explosive Potion"},{"floor":10,"key":"FearPotion"}],"is_trial":false,"path_per_floor":["R","M","M","M","M","E","T","E","M","E","M","E","$","M","M","B"],"character_chosen":"THE_AUTOMATON","items_purchased":["bronze:Optimize"],"campfire_rested":0,"item_purchase_floors":[13],"current_hp_per_floor":[70,65,62,62,37,31,31,27,23,23,20,21,21,21,20,4,4],"gold":186,"neow_bonus":"RANDOM_COMMON_RELIC","is_daily":false,"chose_seed":false,"campfire_upgraded":1,"win_rate":0.0,"timestamp":1610810781,"path_taken":["R","M","M","M","M","E","T","E","M","E","M","E","$","M","M","BOSS"],"items_purchased_type":["Card"],"build_version":"2020-12-22","purchased_purges":1,"victory":false,"max_hp_per_floor":[70,70,70,70,70,70,70,70,70,77,77,87,87,87,87,87,87],"card_choices":[{"not_picked":["bronze:Safeguard","bronze:WhirlingStrike"],"picked":"bronze:Frontload","floor":2},{"not_picked":["bronze:Optimize","bronze:BuggyMess"],"picked":"bronze:Separator","floor":3},{"not_picked":["bronze:DelayedGuard","bronze:DarkDash","bronze:Flail"],"picked":"SKIP","floor":4},{"not_picked":["bronze:Refactor","bronze:Deprecate"],"picked":"bronze:Branch","floor":5},{"not_picked":["bronze:FollowUp","bronze:ItsAFeature"],"picked":"bronze:InfiniteLoop","floor":6},{"not_picked":["bronze:ForLoop","bronze:Refactor","bronze:Overload"],"picked":"SKIP","floor":8},{"not_picked":["bronze:BronzeArmor","bronze:Overload"],"picked":"bronze:Fortify","floor":9},{"not_picked":["bronze:CutThrough","bronze:Iterate"],"picked":"bronze:Boost","floor":10},{"not_picked":["bronze:NullPointer","bronze:CutThrough","bronze:Overheat"],"picked":"SKIP","floor":11},{"not_picked":["bronze:CutThrough","bronze:BurnOut"],"picked":"bronze:Branch","floor":12},{"not_picked":["bronze:WildBeam","bronze:DelayedSlice"],"picked":"bronze:AlphaBuild","floor":13},{"not_picked":["bronze:WhirlingStrike","bronze:Constructor","bronze:Overload"],"picked":"SKIP","floor":14},{"not_picked":["bronze:BitShift","bronze:WildBeam"],"picked":"bronze:Constructor","floor":15}],"player_experience":557905,"relics_obtained":[{"floor":6,"key":"Boot"},{"floor":7,"key":"Smiling Mask"},{"floor":8,"key":"Kunai"},{"floor":10,"key":"Strawberry"},{"floor":12,"key":"Pear"}],"event_choices":[],"is_beta":false,"boss_relics":[],"items_purged_floors":[13],"is_endless":false,"potions_floor_spawned":[4,5,6,8,10],"killed_by":"DF_ARCHETYPE_STREAMLINE","ascension_level":1}}