{"host":"9tdhussg6z28ni1x","time":1610781008,"event":{"mods":["2.2 Compatiblity","BaseMod","CapriCore","KOR Keyword Fix","Minty Spire (QoL Compilation)","Relic Stats","Replay The Spire","StSLib","SuperFastMode","The Dragon Tamer","The Hierophant","The Poker Player","WarShipGirlsR/??á´Ò³R mod"],"gold_per_floor":[112,124,124,43,67,67,126,144,144,144,162,172,172,190,190,286,286,300,311,311,128,128,128,148,148,148,148,148,179,190,190,190,190],"floor_reached":31,"language":"KOR","playtime":1393,"items_purged":["PokerPlayerMod:Spade1"],"score":270,"play_id":"3e14b68c-9f0d-43ea-9ca3-5b30c7fd859d","local_time":"20210116161008","is_ascension_mode":false,"metric_token":862,"campfire_choices":[{"data":"PokerPlayerMod:GamblerForm","floor":6,"key":"SMITH"},{"data":"PokerPlayerMod:TrumpStrike","floor":10,"key":"SMITH"},{"data":"PokerPlayerMod:Sharpen","floor":15,"key":"SMITH"},{"data":"PokerPlayerMod:Sharpen","floor":23,"key":"SMITH"},{"floor":25,"key":"REST"},{"data":"PokerPlayerMod:Mulligan","floor":28,"key":"SMITH"}],"circlet_count":0,"master_deck":["PokerPlayerMod:Diamond1","PokerPlayerMod:Diamond2","PokerPlayerMod:Diamond3","PokerPlayerMod:Diamond4","PokerPlayerMod:Diamond5","PokerPlayerMod:Spade2","PokerPlayerMod:Spade3","PokerPlayerMod:Spade4","PokerPlayerMod:Club1","PokerPlayerMod:Club2","PokerPlayerMod:Heart2","PokerPlayerMod:TrumpStrike+1","PokerPlayerMod:BadJoker","PokerPlayerMod:Mulligan+1","PokerPlayerMod:Heart4","PokerPlayerMod:Club10+","PokerPlayerMod:GamblerForm+1","PokerPlayerMod:Sharpen+1","PokerPlayerMod:MagicTrick","PokerPlayerMod:Diamond5","PokerPlayerMod:Sharpen+1","PokerPlayerMod:Diamond3","PokerPlayerMod:Diamond8","PokerPlayerMod:Diamond3","PokerPlayerMod:Diamond3","PokerPlayerMod:Diamond4","PokerPlayerMod:Diamond6","Pain","PokerPlayerMod:Diamond4"],"relics":["PokerPlayerMod:DeckCase","Replay:Kaleidoscope","ReplayFunnel","Mirror","ReplayTheSpireMod:Lightbulb","Runic Dome","Counterbalance","WarpedTongs","Juzu Bracelet"],"acts_visited":["Exordium","TheCity"],"potions_floor_usage":[],"damage_taken":[{"damage":3,"enemies":"2 Louse","floor":1,"turns":2},{"damage":4,"enemies":"Cultist","floor":2,"turns":3},{"damage":22,"enemies":"3 Sentries","floor":7,"turns":6},{"damage":11,"enemies":"Jaw Worm","floor":8,"turns":3},{"damage":0,"enemies":"Large Slime","floor":11,"turns":3},{"damage":0,"enemies":"Exordium Wildlife","floor":12,"turns":1},{"damage":0,"enemies":"2 Fungi Beasts","floor":14,"turns":2},{"damage":27,"enemies":"Hexaghost","floor":16,"turns":6},{"damage":0,"enemies":"Spheric Guardian","floor":18,"turns":3},{"damage":4,"enemies":"Chosen","floor":19,"turns":3},{"damage":28,"enemies":"Centurion and Healer","floor":24,"turns":4},{"damage":25,"enemies":"Book of Stabbing","floor":29,"turns":3},{"damage":11,"enemies":"Cultist and Chosen","floor":30,"turns":3},{"damage":8,"enemies":"Shelled Parasite and Fungi","floor":31,"turns":1}],"seed_played":"3575404921562682995","potions_obtained":[{"floor":7,"key":"LifebloodPotion"},{"floor":12,"key":"EntropicBrew"},{"floor":16,"key":"Cursed Concoction"}],"is_trial":false,"path_per_floor":["M","M","?","$","T","R","?","M","T","R","M","M","$","M","R","B",null,"M","M","?","$","?","R","M","R","T","?","R","E","M","M"],"character_chosen":"THE_POKER_PLAYER","items_purchased":["PokerPlayerMod:Sharpen","PokerPlayerMod:Diamond4","PokerPlayerMod:Diamond6"],"campfire_rested":1,"item_purchase_floors":[4,21,21],"current_hp_per_floor":[47,43,43,43,43,43,28,24,24,24,26,28,28,39,39,32,47,47,43,43,43,36,36,20,35,35,35,35,15,4,0,0,0],"gold":190,"neow_bonus":"ONE_RARE_RELIC","is_daily":false,"chose_seed":false,"campfire_upgraded":5,"win_rate":0.0,"timestamp":1610781008,"path_taken":["M","M","?","?","?","R","?","M","T","R","M","M","$","M","R","BOSS","M","M","?","$","?","R","M","R","T","?","R","E","M","M"],"items_purchased_type":["Card","Card","Card"],"build_version":"2020-12-22","purchased_purges":1,"victory":false,"max_hp_per_floor":[47,47,47,47,47,47,47,47,47,47,47,47,47,47,47,47,47,47,47,47,47,52,52,52,52,52,52,52,52,52,52,52,52],"relic_stats":{"counters":[14,43],"Juzu Bracelet":0,"obtain_stats":[{"ReplayFunnel":5,"Runic Dome":17,"PokerPlayerMod:DeckCase":0,"Counterbalance":26,"Juzu Bracelet":29,"Replay:Kaleidoscope":0,"Mirror":7,"ReplayTheSpireMod:Lightbulb":9,"WarpedTongs":27},{"ReplayFunnel":2,"Runic Dome":8,"PokerPlayerMod:DeckCase":0,"Counterbalance":11,"Juzu Bracelet":12,"Replay:Kaleidoscope":0,"Mirror":2,"ReplayTheSpireMod:Lightbulb":4,"WarpedTongs":11},{"ReplayFunnel":5,"Runic Dome":26,"PokerPlayerMod:DeckCase":0,"Counterbalance":36,"Juzu Bracelet":39,"Replay:Kaleidoscope":0,"Mirror":5,"ReplayTheSpireMod:Lightbulb":14,"WarpedTongs":36}],"WarpedTongs":[7]},"card_choices":[{"not_picked":["PokerPlayerMod:ClubStrike","PokerPlayerMod:Spade3"],"picked":"PokerPlayerMod:Heart4","floor":1},{"not_picked":["PokerPlayerMod:Spade3","PokerPlayerMod:Raise"],"picked":"PokerPlayerMod:Club10+","floor":2},{"not_picked":["PokerPlayerMod:Heart1","PokerPlayerMod:Trickery"],"picked":"PokerPlayerMod:MagicTrick","floor":7},{"not_picked":["PokerPlayerMod:Club3","PokerPlayerMod:Diamond3"],"picked":"PokerPlayerMod:Diamond5","floor":8},{"not_picked":["PokerPlayerMod:Spade5","PokerPlayerMod:FillThePot","PokerPlayerMod:Diamond1"],"picked":"SKIP","floor":11},{"not_picked":["PokerPlayerMod:MagicTrick","PokerPlayerMod:HeartStrike"],"picked":"PokerPlayerMod:Sharpen","floor":12},{"not_picked":["PokerPlayerMod:Spade2","PokerPlayerMod:MagicTrick"],"picked":"PokerPlayerMod:Diamond3","floor":14},{"not_picked":["PokerPlayerMod:Spade9","PokerPlayerMod:Club7"],"picked":"PokerPlayerMod:Diamond8","floor":16},{"not_picked":["PokerPlayerMod:Spade4","PokerPlayerMod:SpadeStrike"],"picked":"PokerPlayerMod:Diamond3","floor":18},{"not_picked":["PokerPlayerMod:StackedDeck","PokerPlayerMod:DartThrow"],"picked":"PokerPlayerMod:Diamond3","floor":19},{"not_picked":["PokerPlayerMod:Manipulation","PokerPlayerMod:ClubDance","PokerPlayerMod:Club4"],"picked":"SKIP","floor":24},{"not_picked":["PokerPlayerMod:Club1","PokerPlayerMod:ClubsClub+1"],"picked":"PokerPlayerMod:Diamond4","floor":29},{"not_picked":["PokerPlayerMod:ClubShade","PokerPlayerMod:Raise","PokerPlayerMod:HiddenCard+1"],"picked":"SKIP","floor":30}],"player_experience":265209,"relics_obtained":[{"floor":5,"key":"ReplayFunnel"},{"floor":9,"key":"ReplayTheSpireMod:Lightbulb"},{"floor":26,"key":"Counterbalance"},{"floor":29,"key":"Juzu Bracelet"}],"event_choices":[{"damage_healed":0,"gold_gain":0,"player_choice":"1 cards matched","damage_taken":0,"max_hp_gain":0,"max_hp_loss":0,"event_name":"Match and Keep!","floor":3,"gold_loss":0,"cards_obtained":["PokerPlayerMod:GamblerForm"]},{"damage_healed":0,"gold_gain":0,"player_choice":"Searched \u00272\u0027 times","damage_taken":0,"relics_obtained":["Mirror"],"max_hp_gain":0,"max_hp_loss":0,"event_name":"Dead Adventurer","floor":7,"gold_loss":0},{"damage_healed":0,"gold_gain":0,"player_choice":"Ignored","damage_taken":0,"max_hp_gain":0,"max_hp_loss":0,"event_name":"The Mausoleum","floor":20,"gold_loss":0},{"damage_healed":0,"gold_gain":0,"player_choice":"Shed Blood","damage_taken":12,"max_hp_gain":5,"max_hp_loss":0,"event_name":"Forgotten Altar","floor":22,"gold_loss":0},{"damage_healed":0,"gold_gain":0,"player_choice":"Rummage","damage_taken":0,"relics_obtained":["WarpedTongs"],"max_hp_gain":0,"max_hp_loss":0,"event_name":"Accursed Blacksmith","floor":27,"gold_loss":0,"cards_obtained":["Pain"]}],"is_beta":false,"boss_relics":[{"not_picked":["Kintsugi","Ring of Chaos"],"picked":"Runic Dome"}],"items_purged_floors":[21],"is_endless":false,"potions_floor_spawned":[7,12,16,19],"killed_by":"Shelled Parasite and Fungi","ascension_level":0}}