{"host":"dwqr8rfkubzfvfti","time":1610826051,"event":{"mods":["BaseMod","Colored Map","Colored Powertips","Minty Spire (QoL Compilation)","Rare Cards Sparkle","Relic Stats"],"gold_per_floor":[116,142,157,157,177,177,204,216,216,226,236,269,221,221,221,326,326,346,363,374,374,299,324,324,324,324],"floor_reached":25,"language":"ENG","playtime":1195,"items_purged":[],"score":350,"play_id":"5639e938-cbc7-43d4-ab7b-4808902796f1","local_time":"20210116144051","is_ascension_mode":true,"campfire_choices":[{"floor":6,"key":"REST"},{"floor":15,"key":"REST"},{"floor":24,"key":"REST"}],"circlet_count":0,"master_deck":["AscendersBane","Strike_G","Strike_G","Strike_G","Strike_G","Defend_G","Defend_G","Defend_G","Defend_G","Defend_G","Survivor+1","Neutralize","Quick Slash","Poisoned Stab","Poisoned Stab+1","Envenom","Poisoned Stab","Riddle With Holes","PiercingWail","Blade Dance","Bane","Storm of Steel","Bane","Noxious Fumes+1","Catalyst","Glass Knife"],"relics":["Fusion Hammer","Potion Belt","Peace Pipe","Dead Branch","Tiny Chest","Cursed Key","Omamori"],"acts_visited":["Exordium","TheCity"],"potions_floor_usage":[5,12,16,20,23,23],"damage_taken":[{"damage":1,"enemies":"Cultist","floor":1,"turns":6},{"damage":0,"enemies":"Jaw Worm","floor":3,"turns":4},{"damage":0,"enemies":"2 Louse","floor":5,"turns":3},{"damage":10,"enemies":"Gremlin Nob","floor":7,"turns":4},{"damage":3,"enemies":"2 Fungi Beasts","floor":8,"turns":4},{"damage":8,"enemies":"3 Louse","floor":10,"turns":3},{"damage":1,"enemies":"Blue Slaver","floor":11,"turns":3},{"damage":17,"enemies":"Lagavulin","floor":12,"turns":5},{"damage":12,"enemies":"Hexaghost","floor":16,"turns":7},{"damage":0,"enemies":"3 Byrds","floor":18,"turns":3},{"damage":0,"enemies":"Chosen","floor":19,"turns":4},{"damage":14,"enemies":"Snake Plant","floor":20,"turns":3},{"damage":26,"enemies":"Slavers","floor":23,"turns":4},{"damage":48,"enemies":"Book of Stabbing","floor":25,"turns":4}],"seed_played":"-725442624682975591","potions_obtained":[{"floor":3,"key":"Swift Potion"},{"floor":4,"key":"Energy Potion"},{"floor":4,"key":"LiquidBronze"},{"floor":4,"key":"DuplicationPotion"},{"floor":5,"key":"Fruit Juice"},{"floor":10,"key":"CunningPotion"},{"floor":12,"key":"LiquidMemories"},{"floor":19,"key":"Weak Potion"}],"is_trial":false,"path_per_floor":["M","T","M","?","M","R","E","M","T","M","M","E","$","?","R","B",null,"M","M","M","?","?","E","R","E"],"character_chosen":"THE_SILENT","items_purchased":["Bane"],"campfire_rested":3,"item_purchase_floors":[13],"current_hp_per_floor":[62,62,62,62,67,75,65,62,62,54,53,36,36,21,43,31,64,64,64,50,50,50,24,46,0,0],"gold":324,"neow_bonus":"BOSS_RELIC","is_daily":false,"chose_seed":false,"campfire_upgraded":0,"win_rate":0.0,"timestamp":1610826051,"path_taken":["M","?","M","?","?","R","E","M","T","M","M","E","$","?","R","BOSS","M","M","M","?","?","E","R","E"],"items_purchased_type":["Card"],"build_version":"2020-12-22","purchased_purges":0,"victory":false,"max_hp_per_floor":[70,70,70,70,75,75,75,75,75,75,75,75,75,75,75,75,75,75,75,75,75,75,75,75,75,75],"relic_stats":{"Peace Pipe":0,"counters":[14,57],"Dead Branch":[56],"Tiny Chest":0,"Cursed Key":0,"obtain_stats":[{"Potion Belt":2,"Peace Pipe":7,"Dead Branch":9,"Tiny Chest":12,"Fusion Hammer":0,"Omamori":23,"Cursed Key":17,"Ring of the Snake":0},{"Potion Belt":1,"Peace Pipe":4,"Dead Branch":5,"Tiny Chest":8,"Fusion Hammer":0,"Omamori":13,"Cursed Key":9,"Ring of the Snake":0},{"Potion Belt":6,"Peace Pipe":17,"Dead Branch":21,"Tiny Chest":32,"Fusion Hammer":0,"Omamori":53,"Cursed Key":39,"Ring of the Snake":0}]},"card_choices":[{"not_picked":["Bane","Eviscerate"],"picked":"Quick Slash","floor":1},{"not_picked":["Flying Knee","Slice"],"picked":"Poisoned Stab","floor":3},{"not_picked":["Cloak And Dagger","All Out Attack"],"picked":"Poisoned Stab","floor":5},{"not_picked":["After Image","Sucker Punch"],"picked":"Envenom","floor":7},{"not_picked":["Finisher","Underhanded Strike"],"picked":"Poisoned Stab","floor":8},{"not_picked":["Deadly Poison","Dagger Throw"],"picked":"Riddle With Holes","floor":10},{"not_picked":["Expertise","Prepared"],"picked":"PiercingWail","floor":11},{"not_picked":["Backflip","Finisher"],"picked":"Blade Dance","floor":12},{"not_picked":["Unload","Grand Finale"],"picked":"Storm of Steel","floor":16},{"not_picked":["Distraction","Deadly Poison"],"picked":"Bane","floor":18},{"not_picked":["Predator","PiercingWail"],"picked":"Noxious Fumes+1","floor":19},{"not_picked":["Sucker Punch","All Out Attack"],"picked":"Catalyst","floor":20},{"not_picked":["Riddle With Holes","Masterful Stab"],"picked":"Glass Knife","floor":23}],"player_experience":490535,"relics_obtained":[{"floor":2,"key":"Potion Belt"},{"floor":7,"key":"Peace Pipe"},{"floor":9,"key":"Dead Branch"},{"floor":12,"key":"Tiny Chest"},{"floor":23,"key":"Omamori"}],"event_choices":[{"damage_healed":0,"gold_gain":0,"player_choice":"Got Potions","damage_taken":0,"max_hp_gain":0,"max_hp_loss":0,"event_name":"Lab","floor":4,"gold_loss":0},{"damage_healed":0,"gold_gain":0,"player_choice":"Entered Light","damage_taken":15,"max_hp_gain":0,"max_hp_loss":0,"event_name":"Shining Light","floor":14,"gold_loss":0,"cards_upgraded":["Survivor","Poisoned Stab"]},{"damage_healed":0,"gold_gain":0,"player_choice":"Ignored","damage_taken":0,"max_hp_gain":0,"max_hp_loss":0,"event_name":"Ghosts","floor":21,"gold_loss":0},{"cards_removed":["Strike_G"],"damage_healed":0,"gold_gain":0,"player_choice":"Gave Gold","damage_taken":0,"max_hp_gain":0,"max_hp_loss":0,"event_name":"Beggar","floor":22,"gold_loss":75}],"is_beta":false,"boss_relics":[{"not_picked":["Sozu","Busted Crown"],"picked":"Cursed Key"}],"items_purged_floors":[],"is_endless":false,"potions_floor_spawned":[3,5,10,12,19],"killed_by":"Book of Stabbing","ascension_level":10}}