{"host":"9tdk3zzhmpo6o3dg","time":1610806426,"event":{"mods":["AchievementEnabler","BaseMod","Downfall","Marisa£®ÏF”Í°°ƒß¿Ì…≥£©","Minty Spire (QoL Compilation)","Shop Mod","StSLib","The Cursed","The Marked","The Servant 0.9.4"],"gold_per_floor":[118,21,21,31,46,46,46,46,46,46,62,73,100,119,119,217,217,227,227,227,227,244,244,244],"floor_reached":23,"language":"ZHS","playtime":601,"items_purged":[],"score":217,"play_id":"7d2a6d41-1b3b-4e08-b309-ae64fcb9f677","local_time":"20210116221346","is_ascension_mode":true,"campfire_choices":[{"data":"White Noise","floor":6,"key":"SMITH"},{"data":"Zap","floor":8,"key":"SMITH"},{"data":"Capacitor","floor":15,"key":"SMITH"}],"circlet_count":0,"master_deck":["Strike_B","Strike_B","Strike_B","Strike_B","Defend_B","Defend_B","Defend_B","Defend_B","Zap+1","Dualcast+1","White Noise+1","Turbo","Coolheaded+1","Static Discharge+1","Self Repair","Capacitor+1","Necronomicurse","Double Energy+1"],"relics":["Cracked Core","Pen Nib","Sundial","Bag of Marbles","Inserter","Necronomicon"],"acts_visited":["Exordium","TheCity"],"potions_floor_usage":[12,16,16,22],"damage_taken":[{"damage":0,"enemies":"Jaw Worm","floor":1,"turns":3},{"damage":0,"enemies":"Cultist","floor":4,"turns":3},{"damage":0,"enemies":"Small Slimes","floor":5,"turns":3},{"damage":3,"enemies":"Blue Slaver","floor":11,"turns":2},{"damage":15,"enemies":"Exordium Thugs","floor":12,"turns":3},{"damage":13,"enemies":"Large Slime","floor":14,"turns":4},{"damage":32,"enemies":"Slime Boss","floor":16,"turns":11},{"damage":21,"enemies":"Spheric Guardian","floor":18,"turns":5},{"damage":33,"enemies":"3 Byrds","floor":22,"turns":6},{"damage":24,"enemies":"Slavers","floor":23,"turns":1}],"seed_played":"-1531427439913449641","potions_obtained":[{"floor":1,"key":"SteroidPotion"},{"floor":4,"key":"DuplicationPotion"},{"floor":16,"key":"PotionOfCapacity"},{"floor":18,"key":"FearPotion"}],"is_trial":false,"path_per_floor":["M","$","?","M","M","R","T","R","T","?","M","M","T","M","R","B",null,"M","?","?","?","M","E"],"character_chosen":"DEFECT","items_purchased":["Turbo","Fire Potion"],"campfire_rested":0,"item_purchase_floors":[2,2],"current_hp_per_floor":[75,75,75,75,75,75,75,75,75,75,72,64,64,58,58,26,75,61,45,45,45,19,0,0],"gold":244,"neow_bonus":"UPGRADE_CARD","is_daily":false,"chose_seed":false,"campfire_upgraded":3,"win_rate":0.0,"timestamp":1610806426,"path_taken":["M","$","?","?","M","R","?","R","T","?","M","M","?","M","R","BOSS","M","?","?","?","M","E"],"items_purchased_type":["Card","Potion"],"build_version":"2020-12-22","purchased_purges":0,"victory":false,"max_hp_per_floor":[75,75,75,75,75,75,75,75,75,75,75,75,75,75,75,75,75,75,75,75,75,75,75,75],"card_choices":[{"not_picked":["Compile Driver","Steam"],"picked":"White Noise","floor":1},{"not_picked":["Barrage","Reprogram"],"picked":"Coolheaded","floor":4},{"not_picked":["Conserve Battery","Stack"],"picked":"Static Discharge","floor":5},{"not_picked":["Force Field","Stack"],"picked":"Self Repair","floor":11},{"not_picked":["Streamline","Turbo"],"picked":"Capacitor","floor":12},{"not_picked":["Hello World","Reinforced Body","Gash"],"picked":"SKIP","floor":14},{"not_picked":["Undo","Force Field","Reinforced Body"],"picked":"SKIP","floor":18},{"not_picked":["Redo","Auto Shields+1"],"picked":"Double Energy+1","floor":22}],"player_experience":137284,"relics_obtained":[{"floor":7,"key":"Pen Nib"},{"floor":9,"key":"Sundial"},{"floor":13,"key":"Bag of Marbles"},{"floor":19,"key":"Necronomicon"}],"event_choices":[{"damage_healed":0,"gold_gain":0,"player_choice":"Full Heal","damage_taken":0,"max_hp_gain":0,"max_hp_loss":0,"event_name":"Wheel of Change","floor":3,"gold_loss":0},{"damage_healed":0,"gold_gain":0,"player_choice":"Grow","damage_taken":0,"max_hp_gain":0,"max_hp_loss":0,"event_name":"Living Wall","floor":10,"gold_loss":0,"cards_upgraded":["Static Discharge"]},{"damage_healed":0,"gold_gain":0,"player_choice":"Obtained Book","damage_taken":16,"max_hp_gain":0,"max_hp_loss":0,"event_name":"Cursed Tome","floor":19,"gold_loss":0},{"damage_healed":0,"gold_gain":0,"player_choice":"Ignored","damage_taken":0,"max_hp_gain":0,"max_hp_loss":0,"event_name":"Vampires","floor":20,"gold_loss":0},{"damage_healed":0,"gold_gain":0,"player_choice":"Forge","damage_taken":0,"max_hp_gain":0,"max_hp_loss":0,"event_name":"Accursed Blacksmith","floor":21,"gold_loss":0,"cards_upgraded":["Coolheaded"]}],"is_beta":false,"boss_relics":[{"not_picked":["Runic Pyramid","SlaversCollar"],"picked":"Inserter"}],"items_purged_floors":[],"is_endless":false,"potions_floor_spawned":[1,4,16,18],"killed_by":"Slavers","ascension_level":4}}