{"host":"bf9sa99gaumonoeu","time":1610797730,"event":{"mods":["AchievementEnabler","Act Like it!","BaseMod","Better Sensory Stone","Colored Map","Colored Powertips","Fox Events","Friendly Minions","Gensokyo","GifTheSpireLib","Googly Eyes","Hallownest","Hermit","Highlight Path","Hubris","Jorbs\u0027s Wanderer Trilogy","KinomotoSakuraMod(????)","Koishi","Lobotomy","Marisa????????","Minty Spire (QoL Compilation)","Rare Cards Sparkle","Reimu??????","Relic Stats","Remilia??????","Replay The Spire","StSLib","The Administrix","The Animator","The Bug Knight","The Construct","The Cursed","The Disciple","The Hierophant","The Mystic","The Necromancer","The Poker Player","The Runesmith","The Senshi","The Servant 0.9.4"],"gold_per_floor":[121,121,134,146,118,118,118,118],"floor_reached":7,"language":"ENG","playtime":658,"items_purged":[],"score":73,"play_id":"5ae51417-2af5-4035-8039-66b521baa3e1","local_time":"20210116094850","is_ascension_mode":true,"campfire_choices":[{"floor":6,"key":"REST"}],"circlet_count":0,"master_deck":["AscendersBane","animator:Strike_LogHorizon","animator:Defend_LogHorizon","animator:Strike","animator:Strike","animator:Strike","animator:Defend","animator:Defend","animator:Tohya","animator:Minori","animator:Isuzu","animator:YamaiSisters","animator:MikuIzayoi","animator:Nyanta"],"relics":["animator:LivingPicture","animator:TheMissingPiece"],"acts_visited":["Exordium"],"potions_floor_usage":[7],"damage_taken":[{"damage":10,"enemies":"Small Slimes","floor":1,"turns":6},{"damage":1,"enemies":"Cultist","floor":3,"turns":4},{"damage":13,"enemies":"Jaw Worm","floor":4,"turns":4},{"damage":8,"enemies":"Exordium Thugs","floor":5,"turns":5},{"damage":43,"enemies":"3 Sentries","floor":7,"turns":6}],"seed_played":"-437756686918885795","potions_obtained":[{"floor":3,"key":"Strength Potion"}],"is_trial":false,"path_per_floor":["M","?","M","M","M","R","E"],"character_chosen":"THE_ANIMATOR","items_purchased":[],"campfire_rested":1,"item_purchase_floors":[],"current_hp_per_floor":[44,44,43,30,23,41,0,0],"gold":118,"neow_bonus":"REMOVE_CARD","is_daily":false,"chose_seed":true,"campfire_upgraded":0,"win_rate":0.0,"timestamp":1610797730,"path_taken":["M","?","M","M","M","R","E"],"items_purchased_type":[],"build_version":"2020-12-22","purchased_purges":0,"victory":false,"max_hp_per_floor":[60,60,60,60,61,61,61,61],"relic_stats":{"counters":[5,25],"obtain_stats":[{"animator:TheMissingPiece":0,"animator:LivingPicture":0},{"animator:TheMissingPiece":0,"animator:LivingPicture":0},{"animator:TheMissingPiece":0,"animator:LivingPicture":0}]},"card_choices":[{"not_picked":["animator:SayakaMiki","animator:YachiyoNanami"],"picked":"animator:Isuzu","floor":1},{"not_picked":["animator:TohkaYatogami","animator:Shimako"],"picked":"animator:YamaiSisters","floor":3},{"not_picked":["animator:Aqua","animator:Berserker"],"picked":"animator:MikuIzayoi","floor":4},{"not_picked":["animator:Isuzu","animator:Naotsugu"],"picked":"animator:Nyanta","floor":5}],"player_experience":937492,"relics_obtained":[],"event_choices":[{"damage_healed":0,"gold_gain":0,"player_choice":"0 cards matched","damage_taken":0,"max_hp_gain":0,"max_hp_loss":0,"event_name":"Match and Keep!","floor":2,"gold_loss":0,"cards_obtained":[]}],"is_beta":false,"boss_relics":[],"items_purged_floors":[],"is_endless":false,"potions_floor_spawned":[3],"killed_by":"3 Sentries","ascension_level":14}}