{"host":"foq4mrde4mssg7vt","time":1610819050,"event":{"mods":["AchievementEnabler","BaseMod","Colored Map","Colored Powertips","Highlight Path","Minty Spire (QoL Compilation)","Relic Stats","everything is the same but u backflip on backflip"],"gold_per_floor":[110,121,121,135,45,45,80,80,135,150,168,168,168],"floor_reached":12,"language":"ENG","playtime":325,"items_purged":[],"score":156,"play_id":"73f381ca-bd7f-4def-99b7-70c3fff3cda9","local_time":"20210117014410","is_ascension_mode":true,"campfire_choices":[{"data":"Sweeping Beam","floor":6,"key":"SMITH"},{"floor":8,"key":"REST"}],"circlet_count":0,"master_deck":["AscendersBane","Strike_B","Strike_B","Strike_B","Strike_B","Defend_B","Defend_B","Defend_B","Defend_B","Zap","Dualcast","Lockon","Sweeping Beam+1","Streamline","Reprogram","Fusion","Auto Shields"],"relics":["Velvet Choker","Centennial Puzzle","Lantern"],"acts_visited":["Exordium"],"potions_floor_usage":[12],"damage_taken":[{"damage":0,"enemies":"2 Louse","floor":1,"turns":3},{"damage":7,"enemies":"Jaw Worm","floor":2,"turns":3},{"damage":1,"enemies":"Cultist","floor":4,"turns":3},{"damage":44,"enemies":"3 Sentries","floor":7,"turns":7},{"damage":2,"enemies":"3 Louse","floor":10,"turns":2},{"damage":9,"enemies":"Looter","floor":11,"turns":4},{"damage":25,"enemies":"Gremlin Nob","floor":12,"turns":3}],"seed_played":"5604856990983889975","potions_obtained":[{"floor":1,"key":"Dexterity Potion"},{"floor":7,"key":"GamblersBrew"}],"is_trial":false,"path_per_floor":["M","M","?","M","$","R","E","R","T","M","M","E"],"character_chosen":"DEFECT","items_purchased":["Streamline","Reprogram"],"campfire_rested":1,"item_purchase_floors":[5,5],"current_hp_per_floor":[64,57,57,56,56,56,12,33,33,31,22,0,0],"gold":168,"neow_bonus":"BOSS_RELIC","is_daily":false,"chose_seed":false,"campfire_upgraded":1,"win_rate":0.0,"timestamp":1610819050,"path_taken":["M","M","?","M","$","R","E","R","T","M","M","E"],"items_purchased_type":["Card","Card"],"build_version":"2020-12-22","purchased_purges":0,"victory":false,"max_hp_per_floor":[71,71,71,71,71,71,71,71,71,71,71,71,71],"relic_stats":{"Centennial Puzzle":[9],"counters":[7,25],"obtain_stats":[{"Centennial Puzzle":7,"Lantern":9,"Velvet Choker":0,"Cracked Core":0},{"Centennial Puzzle":4,"Lantern":4,"Velvet Choker":0,"Cracked Core":0},{"Centennial Puzzle":16,"Lantern":16,"Velvet Choker":0,"Cracked Core":0}]},"card_choices":[{"not_picked":["Recycle","Stack"],"picked":"Lockon","floor":1},{"not_picked":["Coolheaded","Rebound"],"picked":"Sweeping Beam","floor":2},{"not_picked":["Steam Power","Steam","Leap"],"picked":"SKIP","floor":4},{"not_picked":["Redo","Electrodynamics","Chaos"],"picked":"SKIP","floor":7},{"not_picked":["Fusion","Beam Cell","Chaos"],"picked":"SKIP","floor":10},{"not_picked":["Beam Cell","Chaos"],"picked":"Fusion","floor":10},{"not_picked":["Turbo","Leap"],"picked":"Auto Shields","floor":11}],"player_experience":483514,"relics_obtained":[{"floor":7,"key":"Centennial Puzzle"},{"floor":9,"key":"Lantern"}],"event_choices":[{"damage_healed":0,"gold_gain":0,"player_choice":"Leave","damage_taken":0,"max_hp_gain":0,"max_hp_loss":0,"event_name":"The Cleric","floor":3,"gold_loss":0}],"is_beta":false,"boss_relics":[],"items_purged_floors":[],"is_endless":false,"potions_floor_spawned":[1,7,11],"killed_by":"Gremlin Nob","ascension_level":19}}