{"host":"dftyqn972q7tuon4","time":1610760548,"event":{"mods":["AchievementEnabler","BaseMod","Better Altar","Better Match","Better Note","Better Sensory Stone","Better Skull","Better Third Choice","Colored Powertips","Highlight Path","Minty Spire (QoL Compilation)","Permanent Neow","Quick Restart","StSLib"],"gold_per_floor":[114,114,39,39,39,39,69,69,94,124,154,166,178,220,232,344,356,383,410,422,34,49,79,109,139,189,189,149,164,80,80,80,180,180,195,210,210,210,210,240,240,270,320,335,365,415,46,46,46,46],"floor_reached":51,"language":"ENG","playtime":2812,"items_purged":["Regret","Defend_G","Bite","Reflex+1"],"score":836,"play_id":"0efaaaad-caba-4ecb-a658-48765da520ee","local_time":"20210116022908","daily_mods":["Allstar","Flight","Night Terrors"],"is_ascension_mode":false,"campfire_choices":[{"data":"Mayhem","floor":6,"key":"SMITH"},{"floor":8,"key":"REST"},{"data":"Caltrops","floor":12,"key":"SMITH"},{"data":"Neutralize","floor":13,"key":"SMITH"},{"data":"Infinite Blades","floor":15,"key":"SMITH"},{"floor":27,"key":"REST"},{"floor":32,"key":"REST"},{"floor":49,"key":"REST"}],"circlet_count":0,"master_deck":["Defend_G","Defend_G","Defend_G","Defend_G","Survivor","Neutralize+1","Impatience","Dark Shackles","Panacea","Mayhem+1","Blade Dance","Caltrops+1","Deadly Poison","Infinite Blades+1","A Thousand Cuts","Slice+1","Dagger Throw","Bite","Bite+1","Bite","Backflip+1","Catalyst","Footwork+1","Envenom","Crippling Poison","Accuracy","J.A.X.","Corpse Explosion","PiercingWail","Acrobatics+1","AscendersBane","Crippling Poison+1","Madness","Madness","Footwork+1","Flying Knee+1","Choke+1","Quick Slash","Apotheosis","Accuracy","PiercingWail"],"relics":["Ring of the Snake","PreservedInsect","HornCleat","Orichalcum","MawBank","Letter Opener","Fusion Hammer","TungstenRod","Bottled Lightning","Bottled Tornado","Smiling Mask","Oddly Smooth Stone","Busted Crown","Darkstone Periapt","Thread and Needle","Potion Belt","Snake Skull","Mango","Du-Vu Doll"],"acts_visited":["Exordium","TheCity","TheBeyond"],"potions_floor_usage":[19,29,33,40,45,50],"damage_taken":[{"damage":1,"enemies":"2 Louse","floor":1,"turns":4},{"damage":23,"enemies":"Gremlin Nob","floor":7,"turns":4},{"damage":10,"enemies":"Lagavulin","floor":10,"turns":7},{"damage":8,"enemies":"3 Sentries","floor":11,"turns":7},{"damage":4,"enemies":"Lagavulin","floor":14,"turns":5},{"damage":23,"enemies":"Slime Boss","floor":16,"turns":10},{"damage":10,"enemies":"2 Thieves","floor":18,"turns":4},{"damage":0,"enemies":"Spheric Guardian","floor":19,"turns":3},{"damage":11,"enemies":"3 Cultists","floor":22,"turns":4},{"damage":2,"enemies":"Gremlin Leader","floor":23,"turns":6},{"damage":4,"enemies":"Book of Stabbing","floor":24,"turns":4},{"damage":1,"enemies":"Gremlin Leader","floor":25,"turns":5},{"damage":6,"enemies":"Cultist and Chosen","floor":29,"turns":5},{"damage":31,"enemies":"Collector","floor":33,"turns":9},{"damage":4,"enemies":"3 Darklings","floor":35,"turns":3},{"damage":8,"enemies":"Orb Walker","floor":36,"turns":4},{"damage":5,"enemies":"Reptomancer","floor":40,"turns":4},{"damage":2,"enemies":"Giant Head","floor":42,"turns":6},{"damage":9,"enemies":"Jaw Worm Horde","floor":44,"turns":4},{"damage":3,"enemies":"Nemesis","floor":45,"turns":5},{"damage":10,"enemies":"Mind Bloom Boss Battle","floor":46,"turns":6},{"damage":8,"enemies":"Time Eater","floor":50,"turns":9}],"seed_played":"2700428786693623746","potions_obtained":[{"floor":11,"key":"EntropicBrew"},{"floor":14,"key":"Weak Potion"},{"floor":16,"key":"Strength Potion"},{"floor":24,"key":"SpeedPotion"},{"floor":29,"key":"Dexterity Potion"},{"floor":33,"key":"PowerPotion"},{"floor":42,"key":"GamblersBrew"},{"floor":45,"key":"SteroidPotion"}],"is_trial":false,"path_per_floor":["M","?","$","?","$","R","E","R","T","E","E","R","R","E","R","B",null,"M","M","?","$","M","E","E","E","T","R","?","M","$","?","R","B",null,"M","M","?","?","?","E","?","E","T","M","E","?","$","?","R","B",null],"character_chosen":"THE_SILENT","items_purchased":["TungstenRod","Accuracy","Apotheosis","Accuracy","PiercingWail","Strength Potion"],"campfire_rested":4,"item_purchase_floors":[21,30,47,47,47,47],"current_hp_per_floor":[69,69,69,62,62,62,39,65,65,55,49,49,49,47,47,26,65,55,57,57,57,56,65,64,65,65,60,60,56,56,56,55,40,55,54,50,50,44,44,48,48,55,55,48,66,69,69,69,64,64],"gold":46,"neow_bonus":"","is_daily":true,"chose_seed":false,"campfire_upgraded":4,"win_rate":0.0,"timestamp":1610760548,"path_taken":["M","?","$","?","?","R","E","R","T","E","E","R","R","E","R","BOSS","M","M","?","$","M","E","E","E","T","R","?","?","$","?","R","BOSS","M","M","?","?","?","E","?","E","T","?","E","?","$","?","R","BOSS"],"items_purchased_type":["Relic","Card","Card","Card","Card","Potion"],"build_version":"2020-12-22","purchased_purges":4,"victory":true,"max_hp_per_floor":[70,70,70,70,70,70,70,65,65,65,65,65,65,65,65,65,65,65,65,65,65,65,65,65,65,65,60,60,60,60,60,55,55,55,55,55,55,55,55,55,55,55,55,55,69,69,69,69,64,64],"card_choices":[{"not_picked":["Deadly Poison","Noxious Fumes"],"picked":"Blade Dance","floor":1},{"not_picked":["Masterful Stab","Glass Knife"],"picked":"Reflex","floor":7},{"not_picked":["Riddle With Holes","Sucker Punch"],"picked":"Caltrops","floor":10},{"not_picked":["Eviscerate","Dagger Spray"],"picked":"Deadly Poison","floor":11},{"not_picked":["PiercingWail","Blade Dance"],"picked":"Infinite Blades","floor":14},{"not_picked":["Adrenaline","Glass Knife"],"picked":"A Thousand Cuts","floor":16},{"not_picked":["Dagger Spray","Riddle With Holes"],"picked":"Slice+1","floor":18},{"not_picked":["Flying Knee","Infinite Blades"],"picked":"Dagger Throw","floor":19},{"not_picked":["Bane","Prepared"],"picked":"Backflip+1","floor":22},{"not_picked":["Concentrate","Underhanded Strike"],"picked":"Catalyst","floor":23},{"not_picked":["Masterful Stab+1","Blade Dance"],"picked":"Footwork+1","floor":24},{"not_picked":["Eviscerate+1","Blade Dance"],"picked":"Envenom","floor":25},{"not_picked":["Reflex","Bane"],"picked":"Crippling Poison","floor":29},{"not_picked":["Adrenaline","Unload"],"picked":"Corpse Explosion","floor":33},{"not_picked":[],"picked":"PiercingWail","floor":35},{"not_picked":[],"picked":"Acrobatics+1","floor":36},{"not_picked":[],"picked":"Footwork+1","floor":40},{"not_picked":["Reflex+1"],"picked":"SKIP","floor":42},{"not_picked":[],"picked":"Flying Knee+1","floor":44},{"not_picked":[],"picked":"Choke+1","floor":45},{"not_picked":[],"picked":"Quick Slash","floor":46}],"player_experience":656851,"relics_obtained":[{"floor":7,"key":"HornCleat"},{"floor":9,"key":"Orichalcum"},{"floor":10,"key":"Blood Vial"},{"floor":11,"key":"MawBank"},{"floor":14,"key":"Letter Opener"},{"floor":23,"key":"Bottled Lightning"},{"floor":24,"key":"Bottled Tornado"},{"floor":25,"key":"Smiling Mask"},{"floor":26,"key":"Oddly Smooth Stone"},{"floor":40,"key":"Darkstone Periapt"},{"floor":41,"key":"Thread and Needle"},{"floor":42,"key":"Potion Belt"},{"floor":43,"key":"Snake Skull"},{"floor":45,"key":"Mango"},{"floor":46,"key":"Du-Vu Doll"}],"event_choices":[{"damage_healed":0,"gold_gain":0,"player_choice":"Box","damage_taken":0,"relics_obtained":["PreservedInsect"],"max_hp_gain":0,"max_hp_loss":0,"event_name":"Big Fish","floor":2,"gold_loss":0,"cards_obtained":["Regret"]},{"cards_removed":["PanicButton"],"damage_healed":0,"gold_gain":0,"player_choice":"Card Removal","damage_taken":7,"max_hp_gain":0,"max_hp_loss":0,"event_name":"Golden Wing","floor":4,"gold_loss":0},{"damage_healed":0,"gold_gain":0,"player_choice":"Became a vampire (Vial)","damage_taken":0,"max_hp_gain":0,"max_hp_loss":0,"event_name":"Vampires","floor":20,"relics_lost":["Blood Vial"],"gold_loss":0,"cards_obtained":["Bite","Bite","Bite","Bite","Bite"]},{"damage_healed":0,"gold_gain":0,"player_choice":"Upgraded Two","damage_taken":0,"max_hp_gain":0,"max_hp_loss":0,"event_name":"Designer","floor":28,"gold_loss":40,"cards_upgraded":["Reflex","Bite"]},{"damage_healed":0,"gold_gain":0,"player_choice":"Obtain J.A.X.","damage_taken":0,"max_hp_gain":0,"max_hp_loss":0,"event_name":"Drug Dealer","floor":31,"gold_loss":0,"cards_obtained":["J.A.X."]},{"damage_healed":0,"gold_gain":3,"player_choice":"3","damage_taken":0,"max_hp_gain":0,"max_hp_loss":0,"event_name":"betterStone:BetterStone","floor":37,"gold_loss":0,"cards_obtained":["Crippling Poison"]},{"damage_healed":0,"gold_gain":0,"player_choice":"Embrace Madness","damage_taken":7,"max_hp_gain":0,"max_hp_loss":0,"event_name":"Winding Halls","floor":38,"gold_loss":0,"cards_obtained":["Madness","Madness"]},{"damage_healed":0,"gold_gain":0,"player_choice":"Ignored","damage_taken":0,"max_hp_gain":0,"max_hp_loss":0,"event_name":"Tomb of Lord Red Mask","floor":39,"gold_loss":0},{"damage_healed":0,"gold_gain":0,"player_choice":"Relic","damage_taken":0,"max_hp_gain":0,"max_hp_loss":0,"event_name":"Wheel of Change","floor":41,"gold_loss":0},{"damage_healed":0,"gold_gain":0,"player_choice":"Fight","damage_taken":0,"max_hp_gain":0,"max_hp_loss":0,"event_name":"MindBloom","floor":46,"gold_loss":0},{"cards_removed":["Bite"],"damage_healed":0,"gold_gain":0,"player_choice":"Removed Attack","damage_taken":0,"max_hp_gain":0,"max_hp_loss":0,"event_name":"Falling","floor":48,"gold_loss":0}],"is_beta":false,"boss_relics":[{"not_picked":["Philosopher\u0027s Stone","Runic Dome"],"picked":"Fusion Hammer"},{"not_picked":["SlaversCollar","Runic Pyramid"],"picked":"Busted Crown"}],"items_purged_floors":[3,21,30,47],"is_endless":false,"potions_floor_spawned":[11,14,16,24,29,33,36,42,45],"ascension_level":0}}