{"host":"7rmsgc3rayi00cdt","time":1610785530,"event":{"mods":["BaseMod","Minty Spire (QoL Compilation)"],"gold_per_floor":[111,130,146,146,160,160,190,207,207,207,225,225,244,274,274,351,351,361,247,262,262,179,208,208,228,228,228,248,276,191,191,191,270,270,289,289,289,314,314,346,346,381,381,381,399,413,440,161,161,161],"floor_reached":51,"language":"ENG","playtime":2380,"items_purged":["Defend_B"],"score":1394,"play_id":"bbbf5782-410d-46c5-a44a-cd84fbb9ded2","local_time":"20210116082530","is_ascension_mode":true,"campfire_choices":[{"floor":6,"key":"REST"},{"floor":15,"key":"REST"},{"data":"Static Discharge","floor":24,"key":"SMITH"},{"data":"Redo","floor":27,"key":"SMITH"},{"floor":32,"key":"REST"},{"floor":41,"key":"REST"},{"floor":44,"key":"REST"},{"floor":49,"key":"DIG"}],"circlet_count":0,"master_deck":["AscendersBane","Strike_B","Strike_B","Strike_B","Defend_B","Defend_B","Defend_B","Zap+1","Dualcast","Ball Lightning","BootSequence","Static Discharge+1","Reboot","Doom and Gloom","Redo+1","Go for the Eyes","Leap","Electrodynamics","CurseOfTheBell","Auto Shields+1","Storm","Gash+1","Reboot","Coolheaded","Gash","Hologram","Machine Learning","Rainbow","Tempest+1","Scrape+1","Conserve Battery+1","Consume"],"relics":["Cracked Core","CaptainsWheel","Bottled Lightning","Dream Catcher","Mummified Hand","Calling Bell","Potion Belt","Question Card","Thread and Needle","Pear","Mercury Hourglass","Oddly Smooth Stone","Ice Cream","Fusion Hammer","Torii","Mango","StoneCalendar","Centennial Puzzle","Shovel","Lee\u0027s Waffle","Symbiotic Virus"],"acts_visited":["Exordium","TheCity","TheBeyond"],"potions_floor_usage":[7,23,29,33,42,50,50,50,50,50,50],"damage_taken":[{"damage":1,"enemies":"Cultist","floor":1,"turns":3},{"damage":8,"enemies":"Small Slimes","floor":2,"turns":3},{"damage":0,"enemies":"2 Louse","floor":3,"turns":1},{"damage":7,"enemies":"Large Slime","floor":5,"turns":4},{"damage":10,"enemies":"3 Sentries","floor":7,"turns":5},{"damage":0,"enemies":"3 Louse","floor":8,"turns":2},{"damage":1,"enemies":"Looter","floor":11,"turns":2},{"damage":5,"enemies":"Large Slime","floor":13,"turns":3},{"damage":15,"enemies":"Lagavulin","floor":14,"turns":5},{"damage":13,"enemies":"Slime Boss","floor":16,"turns":9},{"damage":0,"enemies":"3 Byrds","floor":18,"turns":3},{"damage":3,"enemies":"Shell Parasite","floor":20,"turns":5},{"damage":10,"enemies":"Gremlin Leader","floor":23,"turns":6},{"damage":0,"enemies":"3 Cultists","floor":25,"turns":4},{"damage":1,"enemies":"Centurion and Healer","floor":28,"turns":5},{"damage":19,"enemies":"Slavers","floor":29,"turns":4},{"damage":62,"enemies":"Collector","floor":33,"turns":9},{"damage":9,"enemies":"3 Shapes","floor":35,"turns":3},{"damage":0,"enemies":"Mind Bloom Boss Battle","floor":38,"turns":5},{"damage":39,"enemies":"Nemesis","floor":40,"turns":7},{"damage":24,"enemies":"Reptomancer","floor":42,"turns":7},{"damage":0,"enemies":"Orb Walker","floor":45,"turns":4},{"damage":12,"enemies":"Jaw Worm Horde","floor":46,"turns":3},{"damage":32,"enemies":"Nemesis","floor":47,"turns":7},{"damage":89,"enemies":"Time Eater","floor":50,"turns":12}],"seed_played":"-7774870060236723116","potions_obtained":[{"floor":1,"key":"Explosive Potion"},{"floor":7,"key":"LiquidMemories"},{"floor":11,"key":"DistilledChaos"},{"floor":14,"key":"SkillPotion"},{"floor":20,"key":"GamblersBrew"},{"floor":25,"key":"Weak Potion"},{"floor":40,"key":"Energy Potion"},{"floor":42,"key":"FearPotion"},{"floor":47,"key":"BlessingOfTheForge"}],"is_trial":false,"path_per_floor":["M","M","M","?","M","R","E","M","T","?","M","?","M","E","R","B",null,"M","$","M","?","$","E","R","M","T","R","M","E","?","?","R","B",null,"M","?","?","?","?","E","R","E","T","R","M","M","E","$","R","B",null],"character_chosen":"DEFECT","items_purchased":["EntropicBrew","Storm","Lee\u0027s Waffle","Consume"],"campfire_rested":5,"item_purchase_floors":[19,22,48,48],"current_hp_per_floor":[63,55,55,48,41,62,52,52,52,52,51,51,46,31,52,39,63,63,63,60,60,60,60,60,60,60,60,59,40,40,56,80,18,65,56,56,56,56,56,31,59,35,35,63,63,51,19,102,102,13],"gold":161,"neow_bonus":"RANDOM_COLORLESS","is_daily":false,"chose_seed":false,"campfire_upgraded":2,"win_rate":0.0,"timestamp":1610785530,"path_taken":["M","M","M","?","M","R","E","M","T","?","M","?","?","E","R","BOSS","M","$","M","?","$","E","R","M","T","R","M","E","?","?","R","BOSS","M","?","?","?","?","E","R","E","T","R","?","M","E","$","R","BOSS"],"items_purchased_type":["Potion","Card","Relic","Card"],"build_version":"2020-12-22","purchased_purges":1,"victory":true,"max_hp_per_floor":[71,71,71,71,71,71,71,71,71,71,71,71,71,71,71,71,71,71,71,71,71,71,81,81,81,81,81,81,81,81,81,81,81,81,81,81,81,81,81,95,95,95,95,95,95,95,95,102,102,102],"card_choices":[{"not_picked":["PanicButton","Enlightenment"],"picked":"Dramatic Entrance","floor":0},{"not_picked":["Cold Snap","Self Repair","Conserve Battery"],"picked":"SKIP","floor":1},{"not_picked":["Cold Snap","Rainbow"],"picked":"Ball Lightning","floor":2},{"not_picked":["Ball Lightning","Turbo"],"picked":"BootSequence","floor":3},{"not_picked":["Loop","Doom and Gloom"],"picked":"Static Discharge","floor":5},{"not_picked":["Rebound","Rip and Tear"],"picked":"Reboot","floor":7},{"not_picked":["Beam Cell","Compile Driver"],"picked":"Doom and Gloom","floor":8},{"not_picked":["Capacitor","Steam"],"picked":"Redo","floor":11},{"not_picked":["Beam Cell","Sweeping Beam","Conserve Battery"],"picked":"SKIP","floor":13},{"not_picked":["Ball Lightning","Stack"],"picked":"Go for the Eyes","floor":14},{"not_picked":["Turbo","Stack"],"picked":"Leap","floor":15},{"not_picked":["Hyperbeam","Echo Form"],"picked":"Electrodynamics","floor":16},{"not_picked":["Hologram","Scrape","Turbo"],"picked":"Auto Shields+1","floor":18},{"not_picked":["Doom and Gloom","Undo+1","Go for the Eyes","Stack"],"picked":"SKIP","floor":20},{"not_picked":["Thunder Strike","Sweeping Beam","Conserve Battery"],"picked":"Gash+1","floor":23},{"not_picked":["Beam Cell","Tempest","Stack"],"picked":"Reboot","floor":25},{"not_picked":["Leap","Rebound","Ball Lightning"],"picked":"Coolheaded","floor":28},{"not_picked":["Biased Cognition","Beam Cell","Sweeping Beam+1"],"picked":"Gash","floor":29},{"not_picked":["Rip and Tear+1","Steam","Barrage"],"picked":"Hologram","floor":32},{"not_picked":["Seek","Reboot","Core Surge"],"picked":"Machine Learning","floor":33},{"not_picked":["Redo","Streamline","Turbo+1","Darkness"],"picked":"SKIP","floor":35},{"not_picked":["Cold Snap+1","Glacier","Coolheaded"],"picked":"Rainbow","floor":40},{"not_picked":["Reinforced Body","Rip and Tear","Redo"],"picked":"Tempest+1","floor":41},{"not_picked":["Electrodynamics","Ball Lightning+1","Tempest"],"picked":"Scrape+1","floor":42},{"not_picked":["Chill","Barrage","Go for the Eyes+1","Conserve Battery"],"picked":"SKIP","floor":45},{"not_picked":["Self Repair","Hologram","Cold Snap+1","Redo"],"picked":"SKIP","floor":46},{"not_picked":["Sweeping Beam","Beam Cell+1","Streamline"],"picked":"Conserve Battery+1","floor":47}],"player_experience":768424,"relics_obtained":[{"floor":7,"key":"CaptainsWheel"},{"floor":9,"key":"Bottled Lightning"},{"floor":14,"key":"Mummified Hand"},{"floor":17,"key":"Potion Belt"},{"floor":17,"key":"Question Card"},{"floor":17,"key":"Thread and Needle"},{"floor":23,"key":"Pear"},{"floor":26,"key":"Mercury Hourglass"},{"floor":29,"key":"Oddly Smooth Stone"},{"floor":38,"key":"Torii"},{"floor":40,"key":"Mango"},{"floor":42,"key":"StoneCalendar"},{"floor":43,"key":"Centennial Puzzle"},{"floor":47,"key":"Shovel"},{"floor":49,"key":"Symbiotic Virus"}],"event_choices":[{"cards_removed":["Strike_B"],"damage_healed":0,"gold_gain":0,"player_choice":"Card Removal","damage_taken":7,"max_hp_gain":0,"max_hp_loss":0,"event_name":"Golden Wing","floor":4,"gold_loss":0},{"damage_healed":0,"gold_gain":0,"player_choice":"Grow","damage_taken":0,"max_hp_gain":0,"max_hp_loss":0,"event_name":"Living Wall","floor":10,"gold_loss":0,"cards_upgraded":["Zap"]},{"damage_healed":0,"gold_gain":0,"player_choice":"Gave Potion","damage_taken":0,"relics_obtained":["Dream Catcher"],"max_hp_gain":0,"max_hp_loss":0,"event_name":"WeMeetAgain","floor":12,"gold_loss":0},{"damage_healed":0,"gold_gain":0,"player_choice":"Ignored","damage_taken":0,"max_hp_gain":0,"max_hp_loss":0,"event_name":"Beggar","floor":21,"gold_loss":0},{"damage_healed":0,"gold_gain":0,"player_choice":"Obtained Relic","damage_taken":0,"relics_obtained":["Ice Cream"],"max_hp_gain":0,"max_hp_loss":0,"event_name":"Addict","floor":30,"gold_loss":85},{"damage_healed":16,"gold_gain":0,"player_choice":"Heal","damage_taken":0,"max_hp_gain":0,"max_hp_loss":0,"event_name":"The Library","floor":31,"gold_loss":0},{"cards_removed":["Dramatic Entrance"],"damage_healed":0,"gold_gain":0,"player_choice":"Removed Attack","damage_taken":0,"max_hp_gain":0,"max_hp_loss":0,"event_name":"Falling","floor":36,"gold_loss":0},{"damage_healed":0,"gold_gain":0,"player_choice":"Ignored","damage_taken":0,"max_hp_gain":0,"max_hp_loss":0,"event_name":"Mysterious Sphere","floor":37,"gold_loss":0},{"damage_healed":0,"gold_gain":0,"player_choice":"Fight","damage_taken":0,"max_hp_gain":0,"max_hp_loss":0,"event_name":"MindBloom","floor":38,"gold_loss":0},{"damage_healed":0,"gold_gain":0,"player_choice":"Ignored","damage_taken":0,"max_hp_gain":0,"max_hp_loss":0,"event_name":"Tomb of Lord Red Mask","floor":39,"gold_loss":0}],"is_beta":false,"boss_relics":[{"not_picked":["Inserter","Cursed Key"],"picked":"Calling Bell"},{"not_picked":["Philosopher\u0027s Stone","Empty Cage"],"picked":"Fusion Hammer"}],"items_purged_floors":[48],"is_endless":false,"potions_floor_spawned":[1,7,11,14,20,25,40,42,47],"ascension_level":16}}