{"host":"bplbr8uekuotory4","time":1610799089,"event":{"mods":["Act Like it!","BaseMod","Custom Start","Gensokyo","GungeonMod","Hermit","KinomotoSakuraMod(木之本樱)","Koishi","Marisa（F雨　魔理沙）","Minty Spire (QoL Compilation)","Prisma Mod","Quick Restart","Reimu（博丽灵梦）","SOS（斯巴达之子）","Spicy Shops","StSLib","TestMod","The Alterego","The Blackbeard","The Cursed","The Marked","The Mystic","The Runesmith","The Saiyan","The Servant 0.9.4","Yuri Mod","[IsaacMod]以撒尖塔","vexMod"],"gold_per_floor":[118,133,308,321,321,321,358,358,358,378,393,19,56,56,56,167,167,181,181,27,48,48,48,80,88,88],"floor_reached":25,"language":"ZHS","playtime":421,"items_purged":["TheCursedMod:Defend_TheCursed","Doubt"],"score":489,"play_id":"ef6a1fa4-41ff-491a-972b-8369637adf7a","local_time":"20210116201129","is_ascension_mode":true,"campfire_choices":[{"data":"TheCursedMod:CleanUpWorkshop","floor":6,"key":"SMITH"},{"data":"TheCursedMod:StingEye","floor":8,"key":"SMITH"},{"data":"TheCursedMod:Hemoplague","floor":15,"key":"SMITH"},{"data":"TheCursedMod:VoidForm","floor":23,"key":"SMITH"}],"circlet_count":0,"master_deck":["TheCursedMod:Strike_TheCursed","TheCursedMod:Strike_TheCursed","TheCursedMod:Strike_TheCursed","TheCursedMod:Strike_TheCursed","TheCursedMod:Defend_TheCursed+1","TheCursedMod:Defend_TheCursed+1","TheCursedMod:Defend_TheCursed","TheCursedMod:CursedWand","TheCursedMod:CleanUpWorkshop+1","TheCursedMod:Dregs","TheCursedMod:SpitefulStrike","TheCursedMod:StingEye+1","TheCursedMod:Hemoplague+1","TheCursedMod:SurpriseAttack","TheCursedMod:TroublousMinions","TheCursedMod:VoidForm+1","TheCursedMod:StunningStrike","TheCursedMod:RapidMovement","Shame","TheCursedMod:TacticalStrike+1"],"relics":["TheCursedMod:BlackMagic101","testmod-TestBox","HushsDoor","Damocles","testmod-TheFather","NeowsBlessing","DemoMod:LamentConfigurum","DemoMod:AgedBell","testmod-Brilliant","CrazyTorch:ReiMu","SatanicBible","DeathBook","DemoMod:OrangeGuonStone","DemoMod:PartiallyEatenCheese","ForgetMeNow","vexMod:Dragonfruit","Ornamental Fan","Runic Dome","GuppysCollar","RottenBaby","SalivaCoin","War Paint","TheCursedMod:Tack","DemoMod:GlassGuonStoneRelic","testmod-IndustrialRevolution","DemoMod:Bottle","Calipers"],"acts_visited":["Exordium","TheCity"],"potions_floor_usage":[],"damage_taken":[{"damage":0,"enemies":"Jaw Worm","floor":1,"turns":1},{"damage":0,"enemies":"2 Louse","floor":2,"turns":1},{"damage":0,"enemies":"Small Slimes","floor":4,"turns":1},{"damage":0,"enemies":"Lagavulin","floor":7,"turns":2},{"damage":0,"enemies":"2 Fungi Beasts","floor":10,"turns":1},{"damage":0,"enemies":"Red Slaver","floor":11,"turns":1},{"damage":0,"enemies":"3 Sentries","floor":13,"turns":1},{"damage":0,"enemies":"The Guardian","floor":16,"turns":7},{"damage":0,"enemies":"2 Thieves","floor":18,"turns":1},{"damage":0,"enemies":"3 Byrds","floor":21,"turns":1},{"damage":0,"enemies":"Book of Stabbing","floor":24,"turns":3},{"damage":0,"enemies":"Snake Plant","floor":25,"turns":1}],"seed_played":"-3910365854274465183","potions_obtained":[{"floor":7,"key":"Dexterity Potion"},{"floor":10,"key":"Swift Potion"},{"floor":13,"key":"DuplicationPotion"}],"is_trial":false,"path_per_floor":["M","M","?","M","?","R","E","R","T","M","M","$","E","$","R","B",null,"M","?","$","M","$","R","E","M"],"character_chosen":"THE_CURSED","items_purchased":["ForgetMeNow","GuppysCollar","RottenBaby","TheCursedMod:StunningStrike","TheCursedMod:Tack"],"campfire_rested":0,"item_purchase_floors":[12,17,17,17,20],"current_hp_per_floor":[75,75,75,75,150,150,150,150,150,150,150,150,155,155,155,155,118,118,118,118,118,118,118,118,0,0],"gold":88,"neow_bonus":"THREE_ENEMY_KILL","is_daily":false,"chose_seed":false,"campfire_upgraded":4,"win_rate":0.0,"timestamp":1610799089,"path_taken":["M","M","?","M","?","R","E","R","T","M","?","$","E","$","R","BOSS","M","?","$","M","$","R","E","?"],"items_purchased_type":["Relic","Relic","Relic","Card","Relic"],"build_version":"2020-12-22","purchased_purges":2,"victory":false,"max_hp_per_floor":[75,75,75,75,150,150,150,150,150,150,150,150,155,155,155,155,118,118,118,118,118,118,118,118,118,118],"card_choices":[{"not_picked":[],"picked":"Bomb","floor":0},{"not_picked":["TheCursedMod:Mangle","TheCursedMod:SpitefulPray"],"picked":"TheCursedMod:SpitefulStrike","floor":1},{"not_picked":["TheCursedMod:HellfireBreathing","TheCursedMod:Torture","TheCursedMod:Obscuration"],"picked":"SKIP","floor":2},{"not_picked":["TheCursedMod:SoulReap","TheCursedMod:Wield","TheCursedMod:SmokeScreen"],"picked":"SKIP","floor":4},{"not_picked":["TheCursedMod:TacticalStrike","TheCursedMod:SmokeScreen"],"picked":"TheCursedMod:StingEye","floor":7},{"not_picked":["TheCursedMod:CircleOfCorruption","TheCursedMod:AntiAging"],"picked":"TheCursedMod:Hemoplague","floor":10},{"not_picked":["TheCursedMod:CursedBlade","TheCursedMod:Evocation"],"picked":"TheCursedMod:SurpriseAttack","floor":11},{"not_picked":["TheCursedMod:SpitefulStrike","TheCursedMod:WearCloak"],"picked":"TheCursedMod:TroublousMinions","floor":13},{"not_picked":["TheCursedMod:ManaCirculation","TheCursedMod:ParallelWorld"],"picked":"TheCursedMod:VoidForm","floor":16},{"not_picked":["TheCursedMod:CursedMace","TheCursedMod:HellsGateOpen"],"picked":"TheCursedMod:RapidMovement","floor":18},{"not_picked":["TheCursedMod:Stretching","TheCursedMod:ReleasedStrength"],"picked":"TheCursedMod:TacticalStrike+1","floor":21},{"not_picked":["TheCursedMod:ManaBullet","TheCursedMod:TacticalStrike+1","TheCursedMod:Wield"],"picked":"SKIP","floor":24}],"player_experience":1207935,"relics_obtained":[{"floor":1,"key":"DemoMod:LamentConfigurum"},{"floor":2,"key":"DemoMod:AgedBell"},{"floor":4,"key":"testmod-Brilliant"},{"floor":7,"key":"CrazyTorch:ReiMu"},{"floor":7,"key":"SatanicBible"},{"floor":9,"key":"DeathBook"},{"floor":10,"key":"DemoMod:OrangeGuonStone"},{"floor":11,"key":"DemoMod:PartiallyEatenCheese"},{"floor":13,"key":"vexMod:Dragonfruit"},{"floor":13,"key":"Ornamental Fan"},{"floor":18,"key":"SalivaCoin"},{"floor":21,"key":"testmod-IndustrialRevolution"},{"floor":24,"key":"DemoMod:Bottle"},{"floor":24,"key":"Calipers"}],"event_choices":[{"damage_healed":0,"gold_gain":175,"player_choice":"AGREE","damage_taken":0,"max_hp_gain":0,"max_hp_loss":0,"event_name":"Liars Game","floor":3,"gold_loss":0,"cards_obtained":["Doubt"]},{"damage_healed":0,"gold_gain":0,"player_choice":"Swap Relic","damage_taken":0,"relics_obtained":["testmod-HarvestTotem"],"max_hp_gain":0,"max_hp_loss":0,"event_name":"给自己的盒子","floor":5,"relics_lost":["testmod-HarvestTotem"],"gold_loss":0},{"damage_healed":0,"gold_gain":0,"player_choice":"Stole Relic","damage_taken":0,"relics_obtained":["War Paint"],"max_hp_gain":0,"max_hp_loss":0,"event_name":"Addict","floor":19,"gold_loss":0,"cards_obtained":["Shame"]}],"is_beta":false,"boss_relics":[{"not_picked":["vexMod:DeviousBotling","vexMod:FluxCapacitor"],"picked":"Runic Dome"},{"not_picked":[]}],"items_purged_floors":[12,17],"is_endless":false,"potions_floor_spawned":[7,10,13,16,21],"killed_by":"Snake Plant","ascension_level":2}}