{"host":"w23c85yopnejbyem","time":1610817007,"event":{"mods":["100% Spire Juice","2.2 Compatiblity","AchievementEnabler","Act Like it!","Arknights The Spire","BaseMod","Beaked The Cultist","BetterRewards","CapriCore","ChefMod","Colored Map","Colored Powertips","Conspire","Downfall-Rebalance","Duelist Mod","Elementarium","Gensokyo","GifTheSpireLib","Halation","Hallownest","Hermit","Highlight Path","JesterMod","KinomotoSakuraMod(????)","Luminous","Menagerie","Mimic Mod","Minty Spire (QoL Compilation)","Permanent Neow","Quarter Circle Forward PUNCH!","Quick Restart","Replay The Spire","Robot Space Explorer","Shade Mod","Shedinja","Shop Mod","Spicy Shops","Spikes Relics","StS++","StSLib","Stuff the Spire","The Animator","The Blue Laboratory","The Bug Knight","The Dragon Tamer","The Edgeheg","The Fake Hero","The Immortal","The Marked","The Mystic","The Senshi","The Trickster","TheSwordswoman","TheVacant","TheVelvet","Useless Jewels Mod","Yakumo Yukari mod","??????REMEMod"],"gold_per_floor":[113,183,183,199,53,85,185,185,257,257,285,516,541,554,554,554,554],"floor_reached":16,"language":"ENG","playtime":942,"items_purged":[],"score":139,"play_id":"926a05b3-d278-451d-8e0d-274cafbea502","local_time":"20210116171007","is_ascension_mode":true,"campfire_choices":[{"floor":8.0,"key":"REST"},{"data":"StuffTheSpire:BrainWave","floor":10.0,"key":"SMITH"},{"floor":15,"key":"REST"}],"circlet_count":0,"master_deck":["Strike_R","Strike_R","Strike_R","Strike_R","Strike_R","Defend_R","Defend_R","Defend_R","Defend_R","Bash","Hemogenesis+1","Hemokinesis","Cleave","StuffTheSpire:BrainWave+1","Sword Boomerang","Flex","Juggernaut","StSpp:Betrayal"],"relics":["Burning Blood","REME_ComplimentaryCards","qcfpunch:Army_Boots","StSpp:TwinEgg","uselessJewelsMod:UselessJewelsRelic","Replay:Bottled Eggs","Counterbalance","halation:AfternoonTea"],"acts_visited":["Gensokyo:Gensokyo"],"potions_floor_usage":[14,14,14],"damage_taken":[{"damage":9.0,"enemies":"Gensokyo:3_Fairies","floor":1.0,"turns":5.0},{"damage":5.0,"enemies":"Gensokyo:Gryphon","floor":4.0,"turns":3.0},{"damage":50.0,"enemies":"Gensokyo:Aya","floor":6.0,"turns":6.0},{"damage":12.0,"enemies":"Gensokyo:Mamizou","floor":11.0,"turns":7.0},{"damage":23,"enemies":"Gensokyo:Cirno","floor":12,"turns":6},{"damage":16,"enemies":"Gensokyo:Cirno","floor":13,"turns":6},{"damage":2,"enemies":"Gensokyo:Python","floor":14,"turns":2},{"damage":70,"enemies":"Gensokyo:Reimu","floor":16,"turns":11}],"seed_played":"7326384135042738175","potions_obtained":[{"floor":1.0,"key":"Explosive Potion"},{"floor":2.0,"key":"blueLaboratory:ArtificerPotion"},{"floor":2.0,"key":"blueLaboratory:LimitlessPotion"},{"floor":13,"key":"StSpp:ScatteredPotion"}],"is_trial":false,"path_per_floor":["M","?","?","M","COS","E","?","R","T","R","E","?","E","M","R","B"],"character_chosen":"IRONCLAD","items_purchased":[],"campfire_rested":2,"item_purchase_floors":[],"current_hp_per_floor":[80,48,48,56,56,17,17,41,41,41,42,25,15,27,51,0,0],"gold":554,"neow_bonus":"ONE_RANDOM_RARE_CARD","is_daily":false,"chose_seed":false,"campfire_upgraded":1,"win_rate":0.0,"timestamp":1610817007,"path_taken":["M","?","?","M","COS","E","?","R","T","R","E","?","E","M","R","BOSS"],"items_purchased_type":[],"build_version":"2020-12-22","purchased_purges":0,"victory":false,"max_hp_per_floor":[80,80,80,80,80,80,80,80,80,80,80,80,80,80,80,80,80],"card_choices":[{"not_picked":["Twin Strike","True Grit"],"picked":"Hemokinesis","floor":1.0},{"not_picked":["StSpp:TheBiggerTheyAre","StSpp:Sprint"],"picked":"Cleave","floor":2.0},{"not_picked":["StuffTheSpire:Ambrosia","StuffTheSpire:Perfection"],"picked":"StuffTheSpire:BrainWave","floor":3.0},{"not_picked":["conspire:HitWhereItHurts","conspire:Charge"],"picked":"Sword Boomerang","floor":4.0},{"not_picked":["ReplayTheSpireMod:Corrosion Curse","Wild Strike"],"picked":"Flex","floor":6.0},{"not_picked":["Bludgeon","Double Tap"],"picked":"Juggernaut","floor":11.0},{"not_picked":["ReplayTheSpireMod:Limb From Limb","Warcry","Cleave"],"picked":"SKIP","floor":11.0},{"not_picked":["StSpp:Sprint","Replay:Undeath\u0027s Touch"],"picked":"StSpp:Betrayal","floor":12},{"not_picked":["Perfected Strike","StuffTheSpire:RockThrow","Hemokinesis"],"picked":"SKIP","floor":13},{"not_picked":["Havoc","Replay:Undeath\u0027s Touch","Rupture"],"picked":"SKIP","floor":14}],"player_experience":485388,"relics_obtained":[{"floor":2.0,"key":"Vajra"},{"floor":6.0,"key":"qcfpunch:Army_Boots"},{"floor":9.0,"key":"StSpp:TwinEgg"},{"floor":11.0,"key":"uselessJewelsMod:UselessJewelsRelic"},{"floor":12,"key":"Replay:Bottled Eggs"},{"floor":13,"key":"halation:AfternoonTea"}],"event_choices":[],"is_beta":false,"boss_relics":[],"items_purged_floors":[],"is_endless":false,"potions_floor_spawned":[1,4,13],"killed_by":"Gensokyo:Reimu","ascension_level":3}}