{"host":"1sqx9dmsrxu9kvq7","time":1610778357,"event":{"mods":["2.2 Compatiblity","Arknights The Spire","BaseMod","Colored Powertips","Custom Start","Dio Mod","Friendly Minions","Hermit","Highlight Path","HololiveMod","Jorbs\u0027s Wanderer Trilogy","Koishi","MarisaÅiñ∂âJÅ@ñÇóùçπÅj","Minty Spire (QoL Compilation)","Quick Restart","Rare Cards Sparkle","Relic Stats","Shade Mod","Shop Mod","Spicy Shops","StSLib","Td1madao Mod","The Blue Laboratory","The Construct","The Cursed","The Disciple","The Hierophant","The Necromancer","The Runesmith","The Servant 0.9.4","Waifu the Spire","WarShipGirlsR/??è≠èóR mod"],"gold_per_floor":[84,94,94,94,112,112,125,135,159,179,179,179,193,208,208,305,305,315,335,349,349,361,361,361],"floor_reached":23,"language":"ENG","playtime":1714,"items_purged":[],"score":287,"play_id":"d6c994da-83e8-46da-b33b-d13d0c271303","local_time":"20210116002557","is_ascension_mode":true,"campfire_choices":[{"data":"rmod:diaomin","floor":6,"key":"SMITH"},{"data":"Hololive_Recruit","floor":11,"key":"SMITH"},{"data":"rmod:diamondstrike","floor":15,"key":"SMITH"}],"circlet_count":0,"master_deck":["Hololive_Recruit+1","Hololive_Defend","Hololive_Defend","Hololive_Strike","Hololive_Strike","rmod:basicallowance+1","rmod:maingunfire","rmod:defend","rmod:defend","rmod:strick","rmod:strick","rmod:diaomin+1","rmod:openingtorpedo","rmod:ridicule","rmod:intelligenceanalysis","Hololive_CallShiranuiFlare","Hololive_CallOkamiMio","rmod:unsinkable","rmod:diamondstrike+1","Hololive_Recruit+1","rmod:seals","Hololive_CallOzoraSubaru","rmod:expedition","rmod:overbreakdown+1","Hololive_CallRosalyn"],"relics":["Hololive_TheStar","rmod:firstchargereward","Boot","Black Star"],"acts_visited":["Exordium","TheCity"],"potions_floor_usage":[5,22,22,22,22,23],"damage_taken":[{"damage":0,"enemies":"Small Slimes","floor":1,"turns":3},{"damage":1,"enemies":"2 Louse","floor":2,"turns":3},{"damage":11,"enemies":"Jaw Worm","floor":5,"turns":2},{"damage":4,"enemies":"Gremlin Gang","floor":7,"turns":4},{"damage":0,"enemies":"Blue Slaver","floor":8,"turns":4},{"damage":0,"enemies":"Exordium Wildlife","floor":10,"turns":2},{"damage":0,"enemies":"Exordium Thugs","floor":13,"turns":4},{"damage":0,"enemies":"Looter","floor":14,"turns":4},{"damage":0,"enemies":"The Guardian","floor":16,"turns":8},{"damage":20,"enemies":"Spheric Guardian","floor":18,"turns":6},{"damage":0,"enemies":"Chosen","floor":19,"turns":3},{"damage":0,"enemies":"3 Cultists","floor":20,"turns":4},{"damage":0,"enemies":"Snake Plant","floor":22,"turns":1},{"damage":27,"enemies":"Slavers","floor":23,"turns":2}],"seed_played":"-8487654857784085738","potions_obtained":[{"floor":1,"key":"AttackPotion"},{"floor":2,"key":"blueLaboratory:FruitPunch"},{"floor":4,"key":"blueLaboratory:EmptyBottle"},{"floor":5,"key":"blueLaboratory:BubblePotion"},{"floor":8,"key":"blueLaboratory:FruitPunch"},{"floor":19,"key":"blueLaboratory:FruitPunch"},{"floor":22,"key":"Dexterity Potion"}],"is_trial":true,"path_per_floor":["M","M","?","?","M","R","M","M","T","M","R","?","M","M","R","B",null,"M","M","M","?","M","E"],"character_chosen":"Hololive_HololiveCharacter","items_purchased":[],"campfire_rested":0,"item_purchase_floors":[],"current_hp_per_floor":[35,34,34,34,23,23,19,19,19,19,19,19,19,19,19,19,35,15,15,15,15,21,0,0],"gold":361,"neow_bonus":"","is_daily":false,"chose_seed":false,"campfire_upgraded":3,"win_rate":0.0,"timestamp":1610778357,"path_taken":["M","M","?","?","M","R","?","?","T","M","R","?","M","M","R","BOSS","M","M","M","?","M","E"],"items_purchased_type":[],"build_version":"2020-12-22","purchased_purges":0,"victory":false,"max_hp_per_floor":[35,35,35,35,35,35,35,35,35,35,35,35,35,35,35,35,35,35,35,35,35,41,41,41],"relic_stats":{"counters":[14,50],"Black Star":0,"Boot":[63],"obtain_stats":[{"Hololive_TheStar":0,"rmod:firstchargereward":0,"Black Star":17,"Boot":9},{"Hololive_TheStar":0,"rmod:firstchargereward":0,"Black Star":9,"Boot":5},{"Hololive_TheStar":0,"rmod:firstchargereward":0,"Black Star":34,"Boot":16}]},"card_choices":[{"not_picked":["rmod:lonelyqueen","rmod:capitalist","Hololive_DevilCharm"],"picked":"rmod:diaomin","floor":1},{"not_picked":["rmod:launchingtorpedo","rmod:highspeedshooting","rmod:punchline"],"picked":"rmod:openingtorpedo","floor":2},{"not_picked":[],"picked":"rmod:ridicule","floor":3},{"not_picked":["rmod:mineteam","Hololive_OvertimeWork","rmod:punchline"],"picked":"rmod:intelligenceanalysis","floor":5},{"not_picked":["rmod:heivgo","Hololive_Drill","rmod:aviationdawn"],"picked":"Hololive_CallShiranuiFlare","floor":7},{"not_picked":["Hololive_CallYozoraMel","Hololive_ASMR","rmod:victimresponsibility"],"picked":"Hololive_CallOkamiMio","floor":8},{"not_picked":["rmod:tearstotiara","Hololive_Trident","rmod:intelligenceanalysis"],"picked":"rmod:unsinkable","floor":10},{"not_picked":["Hololive_Nanodesu","Hololive_Breathe","Hololive_Rebound"],"picked":"rmod:diamondstrike","floor":13},{"not_picked":["Hololive_HuntDinosaur","Hololive_CallAZKi","Hololive_ManjiGathering"],"picked":"Hololive_Recruit","floor":14},{"not_picked":["Hololive_MaximGun","Hololive_DiamondStrike","rmod:acesubmarine"],"picked":"rmod:seals","floor":16},{"not_picked":["rmod:luckystar","Hololive_LuckPotion+1","rmod:circuitoustactics+1"],"picked":"Hololive_CallOzoraSubaru","floor":18},{"not_picked":["Hololive_FlyingPonyTail","Hololive_Rebound","Hololive_CallAZKi"],"picked":"rmod:expedition","floor":19},{"not_picked":["Hololive_CallShishiroBotan","rmod:supportescort","rmod:fletcherpendant"],"picked":"rmod:overbreakdown+1","floor":20},{"not_picked":["Hololive_DDD","Hololive_RevenueBasedLive","Hololive_HuntDinosaur"],"picked":"Hololive_CallRosalyn","floor":22}],"player_experience":246912,"relics_obtained":[{"floor":9,"key":"Boot"}],"event_choices":[{"damage_healed":0,"gold_gain":0,"player_choice":"Got Potions","damage_taken":0,"max_hp_gain":0,"max_hp_loss":0,"event_name":"Lab","floor":4,"gold_loss":0},{"damage_healed":0,"gold_gain":0,"player_choice":"Grow","damage_taken":0,"max_hp_gain":0,"max_hp_loss":0,"event_name":"Living Wall","floor":12,"gold_loss":0,"cards_upgraded":["rmod:basicallowance"]},{"damage_healed":0,"gold_gain":0,"player_choice":"Forge","damage_taken":0,"max_hp_gain":0,"max_hp_loss":0,"event_name":"Accursed Blacksmith","floor":21,"gold_loss":0,"cards_upgraded":["Hololive_Recruit"]}],"is_beta":false,"boss_relics":[{"not_picked":["Sozu","Empty Cage"],"picked":"Black Star"}],"items_purged_floors":[],"is_endless":false,"potions_floor_spawned":[1,2,5,8,19,22],"killed_by":"Slavers","ascension_level":4}}