{"host":"oigynbtg272c19pw","time":1610841128,"event":{"mods":["BaseMod","Colored Map","Minty Spire (QoL Compilation)","Relic Stats","Slay the Relics Exporter","StSLib"],"gold_per_floor":[112,7,88,105,117,117,117,151,175,175,175,187,187,220,220,220,220],"floor_reached":16,"playtime":827,"items_purged":["Strike_P"],"score":216,"play_id":"a2a57df2-921b-43a5-b894-d2410006b23c","local_time":"20210117005208","is_ascension_mode":true,"campfire_choices":[{"data":"Scrawl","floor":6.0,"key":"SMITH"},{"data":"CrushJoints","floor":11,"key":"SMITH"},{"data":"ClearTheMind","floor":13,"key":"SMITH"},{"data":"MentalFortress","floor":15,"key":"SMITH"}],"circlet_count":0,"master_deck":["AscendersBane","Strike_P","Strike_P","Defend_P","Defend_P","Defend_P","Defend_P","Eruption","Vigilance","Scrawl+1","CrushJoints+1","Protect","ClearTheMind+1","FearNoEvil","DeusExMachina","Wireheading","MentalFortress+1"],"relics":["PureWater","Yang","Strawberry","Lantern","SsserpentHead","Gambling Chip"],"acts_visited":["Exordium"],"potions_floor_usage":[14,16],"damage_taken":[{"damage":6.0,"enemies":"Cultist","floor":1.0,"turns":4.0},{"damage":1.0,"enemies":"Small Slimes","floor":4.0,"turns":4.0},{"damage":0.0,"enemies":"Jaw Worm","floor":5.0,"turns":2.0},{"damage":27,"enemies":"3 Sentries","floor":8,"turns":13},{"damage":6,"enemies":"Red Slaver","floor":12,"turns":2},{"damage":10,"enemies":"Lagavulin","floor":14,"turns":6},{"damage":20,"enemies":"The Guardian","floor":16,"turns":11}],"seed_played":"-7052402768618505651","potions_obtained":[{"floor":4.0,"key":"Energy Potion"},{"floor":14,"key":"Weak Potion"}],"is_trial":false,"path_per_floor":["M","$","T","M","M","R","?","E","T","?","R","M","R","E","R","B"],"character_chosen":"WATCHER","items_purchased":["Protect"],"campfire_rested":0,"item_purchase_floors":[2],"current_hp_per_floor":[55,55,55,54,54,54,54,34,34,34,34,28,28,18,18,0,0],"gold":220,"neow_bonus":"ONE_RANDOM_RARE_CARD","is_daily":false,"chose_seed":false,"campfire_upgraded":4,"win_rate":0.0,"timestamp":1610841128,"path_taken":["M","?","?","M","M","R","?","E","T","?","R","M","R","E","R","BOSS"],"items_purchased_type":["Card"],"build_version":"2020-12-13","purchased_purges":1,"victory":false,"max_hp_per_floor":[68,68,68,68,68,68,68,75,75,75,75,75,75,75,75,75,75],"relic_stats":{"SsserpentHead":0,"counters":[7,42],"Gambling Chip":[3],"Yang":[56],"obtain_stats":[{"SsserpentHead":10,"Lantern":9,"Strawberry":8,"Gambling Chip":14,"Yang":3,"PureWater":0},{"SsserpentHead":4,"Lantern":4,"Strawberry":4,"Gambling Chip":6,"Yang":1,"PureWater":0},{"SsserpentHead":23,"Lantern":23,"Strawberry":23,"Gambling Chip":31,"Yang":4,"PureWater":0}]},"card_choices":[{"not_picked":["FlyingSleeves","JustLucky"],"picked":"CrushJoints","floor":1.0},{"not_picked":["JustLucky","CrushJoints"],"picked":"ClearTheMind","floor":4.0},{"not_picked":["Prostrate","BowlingBash"],"picked":"FearNoEvil","floor":5.0},{"not_picked":["FollowUp","ThirdEye"],"picked":"DeusExMachina","floor":8},{"not_picked":["EmptyFist","Adaptation"],"picked":"Wireheading","floor":12},{"not_picked":["FearNoEvil","ForeignInfluence"],"picked":"MentalFortress","floor":14}],"player_experience":1420817,"relics_obtained":[{"floor":3.0,"key":"Yang"},{"floor":8,"key":"Strawberry"},{"floor":9,"key":"Lantern"},{"floor":14,"key":"Gambling Chip"}],"event_choices":[{"cards_removed":["Strike_P"],"damage_healed":0,"gold_gain":0,"player_choice":"Forget","damage_taken":0,"max_hp_gain":0,"max_hp_loss":0,"event_name":"Living Wall","floor":7,"gold_loss":0},{"damage_healed":0,"gold_gain":0,"player_choice":"Trade","damage_taken":0,"relics_obtained":["SsserpentHead"],"max_hp_gain":0,"max_hp_loss":0,"event_name":"FaceTrader","floor":10,"gold_loss":0}],"is_beta":false,"boss_relics":[],"items_purged_floors":[2],"is_endless":false,"potions_floor_spawned":[4,14],"killed_by":"The Guardian","ascension_level":20}}