{"host":"rolltorest","time":1610762058,"event":{"mods":["BaseMod","Minty Spire (QoL Compilation)","Relic Stats","Slay the Relics Exporter","StSLib"],"gold_per_floor":[109,127,144,162,162,192,192,225,225,225,257,100,100,100,100,172,172,188,200,200,219,58,93,93,124,124,151,51,51,51,51],"floor_reached":30,"language":"ENG","playtime":958,"items_purged":["Strike_G","Strike_G"],"score":608,"play_id":"de0be6c0-c791-4cad-9b8b-ad447128a6e1","local_time":"20210115175418","is_ascension_mode":true,"campfire_choices":[{"data":"Deadly Poison","floor":10,"key":"SMITH"},{"floor":13,"key":"REST"},{"data":"After Image","floor":15,"key":"SMITH"},{"data":"Well Laid Plans","floor":24,"key":"SMITH"}],"circlet_count":0,"master_deck":["AscendersBane","Strike_G","Strike_G","Strike_G","Defend_G","Defend_G","Defend_G","Defend_G","Defend_G","Survivor","Neutralize","Malaise","Deadly Poison+1","Poisoned Stab","Noxious Fumes+1","Adrenaline","Blade Dance","After Image+1","Catalyst","Cloak And Dagger","Cloak And Dagger","Blur","After Image","Leg Sweep","Crippling Poison","Footwork","Well Laid Plans+1","Catalyst","Ghostly","Ghostly","Ghostly"],"relics":["Ring of the Snake","Snake Skull","White Beast Statue","Mango","WingedGreaves","Orrery","SlaversCollar","Blood Vial","MealTicket","Sundial","Anchor"],"acts_visited":["Exordium","TheCity"],"potions_floor_usage":[8,18,19,23,25,27],"damage_taken":[{"damage":6,"enemies":"Cultist","floor":1,"turns":5},{"damage":1,"enemies":"2 Louse","floor":2,"turns":3},{"damage":1,"enemies":"Jaw Worm","floor":3,"turns":4},{"damage":12,"enemies":"2 Fungi Beasts","floor":4,"turns":5},{"damage":30,"enemies":"3 Sentries","floor":6,"turns":8},{"damage":21,"enemies":"Lagavulin","floor":8,"turns":6},{"damage":23,"enemies":"3 Sentries","floor":11,"turns":7},{"damage":9,"enemies":"Hexaghost","floor":16,"turns":9},{"damage":11,"enemies":"2 Thieves","floor":18,"turns":4},{"damage":7,"enemies":"Shell Parasite","floor":19,"turns":5},{"damage":2,"enemies":"Centurion and Healer","floor":21,"turns":6},{"damage":3,"enemies":"Book of Stabbing","floor":23,"turns":6},{"damage":29,"enemies":"Slavers","floor":25,"turns":6},{"damage":9,"enemies":"Gremlin Leader","floor":27,"turns":7},{"damage":22,"enemies":"Masked Bandits","floor":30,"turns":3}],"seed_played":"3499280920682150121","potions_obtained":[{"floor":4,"key":"FairyPotion"},{"floor":6,"key":"Fruit Juice"},{"floor":8,"key":"GhostInAJar"},{"floor":11,"key":"Fire Potion"},{"floor":18,"key":"CunningPotion"},{"floor":19,"key":"Fire Potion"},{"floor":23,"key":"FearPotion"},{"floor":25,"key":"FearPotion"},{"floor":27,"key":"Ancient Potion"}],"is_trial":false,"path_per_floor":["M","M","M","M","?","E","?","E","T","R","E","$","R","?","R","B",null,"M","M","?","M","$","E","R","E","T","E","$","?","?"],"character_chosen":"THE_SILENT","items_purchased":["Orrery","Footwork"],"campfire_rested":1,"item_purchase_floors":[12,22],"current_hp_per_floor":[53,52,51,39,39,9,9,19,33,33,10,10,33,38,38,29,70,59,52,52,50,50,47,47,20,20,13,28,28,8,8],"gold":51,"neow_bonus":"THREE_RARE_CARDS","is_daily":false,"chose_seed":false,"campfire_upgraded":3,"win_rate":0.0,"timestamp":1610762058,"path_taken":["M","M","M","?","?","E","?","E","T","R","E","$","R","?","R","BOSS","M","M","?","M","$","E","R","E","T","E","$","?","?"],"items_purchased_type":["Relic","Card"],"build_version":"2020-12-18","purchased_purges":2,"victory":false,"max_hp_per_floor":[60,60,60,60,60,60,60,65,79,79,79,79,79,84,84,84,84,84,84,84,84,84,84,84,84,84,84,84,42,42,42],"relic_stats":{"Blood Vial":6,"counters":[15,84],"Sundial":[0],"MealTicket":15,"Snake Skull":[89],"obtain_stats":[{"Blood Vial":23,"SlaversCollar":17,"Anchor":27,"Sundial":26,"Orrery":12,"Mango":9,"MealTicket":25,"Snake Skull":6,"WingedGreaves":11,"White Beast Statue":8,"Ring of the Snake":0},{"Blood Vial":12,"SlaversCollar":8,"Anchor":14,"Sundial":13,"Orrery":7,"Mango":6,"MealTicket":13,"Snake Skull":5,"WingedGreaves":7,"White Beast Statue":6,"Ring of the Snake":0},{"Blood Vial":68,"SlaversCollar":47,"Anchor":81,"Sundial":74,"Orrery":38,"Mango":31,"MealTicket":74,"Snake Skull":25,"WingedGreaves":38,"White Beast Statue":31,"Ring of the Snake":0}],"Ring of the Snake":[30]},"card_choices":[{"not_picked":["Bullet Time","Envenom"],"picked":"Malaise","floor":0},{"not_picked":["Outmaneuver","PiercingWail"],"picked":"Deadly Poison","floor":1},{"not_picked":["Backflip","Acrobatics","Caltrops"],"picked":"SKIP","floor":2},{"not_picked":["Slice","All Out Attack"],"picked":"Poisoned Stab","floor":3},{"not_picked":["Endless Agony","Skewer"],"picked":"Noxious Fumes","floor":4},{"not_picked":["Flying Knee","Poisoned Stab"],"picked":"Adrenaline","floor":6},{"not_picked":["Dodge and Roll","Slice"],"picked":"Blade Dance","floor":8},{"not_picked":["Riddle With Holes","PiercingWail"],"picked":"After Image","floor":11},{"not_picked":["Eviscerate","Tactician"],"picked":"Catalyst","floor":12},{"not_picked":["Blade Dance","A Thousand Cuts"],"picked":"Cloak And Dagger","floor":12},{"not_picked":["Bane","Underhanded Strike"],"picked":"Cloak And Dagger","floor":12},{"not_picked":["Bane","Deadly Poison"],"picked":"Blur","floor":12},{"not_picked":["Adrenaline","Glass Knife"],"picked":"After Image","floor":16},{"not_picked":["Masterful Stab","Flechettes","Poisoned Stab"],"picked":"SKIP","floor":18},{"not_picked":["Bane","Blade Dance"],"picked":"Leg Sweep","floor":19},{"not_picked":["Reflex","Deflect","Setup"],"picked":"SKIP","floor":21},{"not_picked":["Prepared","Underhanded Strike"],"picked":"Well Laid Plans","floor":23},{"not_picked":["Concentrate","All Out Attack","Quick Slash"],"picked":"SKIP","floor":25},{"not_picked":["Sucker Punch","Backflip"],"picked":"Catalyst","floor":27}],"player_experience":1721271,"relics_obtained":[{"floor":6,"key":"Snake Skull"},{"floor":8,"key":"White Beast Statue"},{"floor":9,"key":"Mango"},{"floor":11,"key":"WingedGreaves"},{"floor":23,"key":"Blood Vial"},{"floor":25,"key":"MealTicket"},{"floor":26,"key":"Sundial"},{"floor":27,"key":"Anchor"}],"event_choices":[{"damage_healed":0,"gold_gain":0,"player_choice":"Grow","damage_taken":0,"max_hp_gain":0,"max_hp_loss":0,"event_name":"Living Wall","floor":5,"gold_loss":0,"cards_upgraded":["Noxious Fumes"]},{"damage_healed":0,"gold_gain":0,"player_choice":"Ignored","damage_taken":0,"max_hp_gain":0,"max_hp_loss":0,"event_name":"Shining Light","floor":7,"gold_loss":0},{"damage_healed":0,"gold_gain":0,"player_choice":"Donut","damage_taken":0,"max_hp_gain":5,"max_hp_loss":0,"event_name":"Big Fish","floor":14,"gold_loss":0},{"damage_healed":0,"gold_gain":0,"player_choice":"Read","damage_taken":0,"max_hp_gain":0,"max_hp_loss":0,"event_name":"The Library","floor":20,"gold_loss":0,"cards_obtained":["Crippling Poison"]},{"damage_healed":0,"gold_gain":0,"player_choice":"Became a Ghost","damage_taken":0,"max_hp_gain":0,"max_hp_loss":42,"event_name":"Ghosts","floor":29,"gold_loss":0,"cards_obtained":["Ghostly","Ghostly","Ghostly"]},{"damage_healed":0,"gold_gain":0,"player_choice":"Fought Bandits","damage_taken":0,"max_hp_gain":0,"max_hp_loss":0,"event_name":"Masked Bandits","floor":30,"gold_loss":0}],"is_beta":true,"boss_relics":[{"not_picked":["Astrolabe","HoveringKite"],"picked":"SlaversCollar"}],"items_purged_floors":[22,28],"is_endless":false,"potions_floor_spawned":[4,6,8,11,16,18,19,21,23,25,27],"killed_by":"Masked Bandits","ascension_level":20}}