{"host":"t7mx8yfj1no5p62f","time":1610778839,"event":{"mods":["BaseMod","Bestiary","Colored Map","Colored Powertips","Minty Spire (QoL Compilation)","Relic Stats","StSLib","ojb\u0027s Info Mod"],"gold_per_floor":[117,127,140,158,138,138,165,165,191,203,215,215],"floor_reached":11,"language":"ENG","playtime":285,"items_purged":[],"score":146,"play_id":"a93aff04-9edc-4be8-a070-653f136fd35d","local_time":"20210116013359","is_ascension_mode":true,"campfire_choices":[{"data":"Pommel Strike","floor":6,"key":"SMITH"},{"data":"Iron Wave","floor":8,"key":"SMITH"},{"data":"Cleave","floor":10,"key":"SMITH"}],"circlet_count":0,"master_deck":["AscendersBane","Strike_R","Strike_R","Strike_R","Strike_R","Strike_R","Defend_R","Defend_R","Defend_R","Defend_R","Bash","Cleave+1","Pommel Strike+1","Shrug It Off","Ghostly Armor","Iron Wave+1"],"relics":["Burning Blood","Smiling Mask","MawBank"],"acts_visited":["Exordium"],"potions_floor_usage":[7,11],"damage_taken":[{"damage":16,"enemies":"Jaw Worm","floor":1,"turns":6},{"damage":8,"enemies":"Cultist","floor":2,"turns":5},{"damage":3,"enemies":"2 Louse","floor":3,"turns":3},{"damage":8,"enemies":"Blue Slaver","floor":4,"turns":5},{"damage":35,"enemies":"Gremlin Nob","floor":7,"turns":4},{"damage":41,"enemies":"Lagavulin","floor":11,"turns":10}],"seed_played":"-5771516670020821952","potions_obtained":[{"floor":1,"key":"PowerPotion"},{"floor":2,"key":"Block Potion"}],"is_trial":false,"path_per_floor":["M","M","M","M","?","R","E","R","T","R","E"],"character_chosen":"IRONCLAD","items_purchased":[],"campfire_rested":0,"item_purchase_floors":[],"current_hp_per_floor":[54,52,55,53,53,53,24,24,24,24,0,0],"gold":215,"neow_bonus":"TWENTY_PERCENT_HP_BONUS","is_daily":false,"chose_seed":false,"campfire_upgraded":3,"win_rate":0.0,"timestamp":1610778839,"path_taken":["M","M","M","M","?","R","E","R","T","R","E"],"items_purchased_type":[],"build_version":"2020-12-22","purchased_purges":0,"victory":false,"max_hp_per_floor":[89,89,89,89,89,89,89,89,89,89,89,89],"relic_stats":{"counters":[6,33],"Smiling Mask":0,"MawBank":24,"obtain_stats":[{"Smiling Mask":7,"MawBank":9,"Burning Blood":0},{"Smiling Mask":5,"MawBank":5,"Burning Blood":0},{"Smiling Mask":23,"MawBank":23,"Burning Blood":0}],"Burning Blood":30},"card_choices":[{"not_picked":["Warcry","Headbutt"],"picked":"Cleave","floor":1},{"not_picked":["Corruption","Flame Barrier"],"picked":"Pommel Strike","floor":2},{"not_picked":["Feel No Pain","Body Slam"],"picked":"Shrug It Off","floor":3},{"not_picked":["Havoc","True Grit"],"picked":"Ghostly Armor","floor":4},{"not_picked":["Sword Boomerang","Twin Strike"],"picked":"Iron Wave","floor":7}],"player_experience":1778739,"relics_obtained":[{"floor":7,"key":"Smiling Mask"},{"floor":9,"key":"MawBank"}],"event_choices":[{"damage_healed":0,"gold_gain":0,"player_choice":"Bought 1 Potion","damage_taken":0,"max_hp_gain":0,"max_hp_loss":0,"event_name":"The Woman in Blue","floor":5,"gold_loss":0}],"is_beta":false,"boss_relics":[],"items_purged_floors":[],"is_endless":false,"potions_floor_spawned":[1,2],"killed_by":"Lagavulin","ascension_level":20}}