{"host":"kvh5342rl0c7vxi5","time":1610765216,"event":{"mods":["BaseMod","Downfall","Hermit","Jorbs\u0027s Wanderer Trilogy","Minty Spire (QoL Compilation)","Quick Restart","StSLib","SuperFastMode","The Poker Player"],"gold_per_floor":[119,119,138,151,151,179,179,212,238,238,255,25,53,2,2,106,106,117,117,117,42,42,42,82,91,143,190,203,225,225,245,245,360,360,393,393,402,420,420,420,220,264,316,316,365,365,365,56,56,63,63,63,13,27,27],"floor_reached":54,"language":"ENG","playtime":2166,"items_purged":["hermit:HighNoon","hermit:Defend_Hermit","Bite"],"score":945,"play_id":"89a5a760-0484-429c-930e-0c1ded7a4e57","local_time":"20210115214656","is_ascension_mode":true,"campfire_choices":[{"data":"hermit:CursedWeapon","floor":7,"key":"SMITH"},{"floor":10,"key":"REST"},{"floor":15,"key":"REST"},{"data":"hermit:EternalForm","floor":23,"key":"SMITH"},{"data":"hermit:Deadeye","floor":30,"key":"SMITH"},{"data":"hermit:Ricochet","floor":32,"key":"SMITH"},{"data":"hermit:Dive","floor":40,"key":"SMITH"},{"floor":44,"key":"REST"},{"floor":47,"key":"REST"},{"floor":49,"key":"RECALL"},{"floor":52,"key":"REST"}],"circlet_count":0,"master_deck":["hermit:Defend_Hermit+1","hermit:Defend_Hermit+1","hermit:Snapshot","hermit:Covet","hermit:Snipe","hermit:Desperado+1","hermit:Ricochet+1","hermit:CursedWeapon+1","hermit:Dive","hermit:Dive+1","hermit:EternalForm+1","hermit:Dive+1","CurseOfTheBell","hermit:BodyArmor+1","Bite","Bite","Bite","hermit:Deadeye+1","hermit:ShadowCloak","hermit:Shortfuse+1","hermit:Scavenge+1","hermit:Adapt","hermit:NoHoldsBarred+1","Flash of Steel","hermit:Combo","hermit:Deadeye","hermit:Scavenge+1","hermit:LowProfile+1","hermit:Brawl","Good Instincts+1"],"relics":["hermit:Momento","Tiny Chest","Happy Flower","Bronze Scales","Bag of Preparation","Frozen Eye","War Paint","Calling Bell","Toxic Egg 2","CaptainsWheel","CeramicFish","Art of War","hermit:RyeStalk","Akabeko","Philosopher\u0027s Stone","Boot","Smiling Mask","Nunchaku","Centennial Puzzle"],"acts_visited":["Exordium","TheCity","TheBeyond","TheEnding"],"potions_floor_usage":[6,8,33,33,42,54],"damage_taken":[{"damage":1,"enemies":"Cultist","floor":1,"turns":4},{"damage":0,"enemies":"2 Louse","floor":3,"turns":2},{"damage":2,"enemies":"Jaw Worm","floor":4,"turns":3},{"damage":18,"enemies":"Gremlin Nob","floor":6,"turns":3},{"damage":13,"enemies":"Lagavulin","floor":8,"turns":6},{"damage":7,"enemies":"Large Slime","floor":11,"turns":4},{"damage":25,"enemies":"Gremlin Nob","floor":13,"turns":4},{"damage":23,"enemies":"Hexaghost","floor":16,"turns":10},{"damage":8,"enemies":"Spheric Guardian","floor":18,"turns":4},{"damage":38,"enemies":"Slavers","floor":24,"turns":8},{"damage":7,"enemies":"Chosen","floor":28,"turns":5},{"damage":2,"enemies":"Centurion and Healer","floor":29,"turns":17},{"damage":2,"enemies":"Snake Plant","floor":31,"turns":2},{"damage":67,"enemies":"Automaton","floor":33,"turns":12},{"damage":13,"enemies":"3 Shapes","floor":35,"turns":7},{"damage":22,"enemies":"3 Darklings","floor":38,"turns":19},{"damage":62,"enemies":"Reptomancer","floor":42,"turns":5},{"damage":22,"enemies":"Nemesis","floor":45,"turns":6},{"damage":59,"enemies":"Awakened One","floor":50,"turns":20},{"damage":96,"enemies":"Shield and Spear","floor":54,"turns":8}],"seed_played":"-6676455124967639947","potions_obtained":[{"floor":4,"key":"CultistPotion"},{"floor":6,"key":"Weak Potion"},{"floor":8,"key":"SpeedPotion"},{"floor":13,"key":"DuplicationPotion"},{"floor":24,"key":"GamblersBrew"},{"floor":35,"key":"CultistPotion"}],"is_trial":false,"path_per_floor":["M","?","M","M","?","E","R","E","T","R","M","$","E","$","R","B",null,"M","?","T","$","?","R","E","?","T","T","M","M","R","M","R","B",null,"M","?","?","M","T","R","$","E","T","R","E","?","R","$","R","B",null,"R","$","E"],"character_chosen":"HERMIT","items_purchased":["hermit:EternalForm","Frozen Eye","Dexterity Potion","hermit:Combo","hermit:Deadeye","Centennial Puzzle","hermit:Brawl","Good Instincts+1","PowerPotion"],"campfire_rested":5,"item_purchase_floors":[12,12,14,41,41,48,48,48,53],"current_hp_per_floor":[74,67,67,65,49,31,31,18,18,42,35,35,10,10,34,11,64,58,58,58,58,58,58,38,38,38,38,39,79,79,77,77,32,70,67,67,57,75,75,75,75,19,19,43,29,29,53,53,53,10,64,82,82,0,0],"gold":27,"neow_bonus":"TEN_PERCENT_HP_BONUS","is_daily":false,"chose_seed":false,"campfire_upgraded":5,"win_rate":0.0,"timestamp":1610765216,"path_taken":["M","?","M","M","?","E","R","E","T","R","M","$","E","?","R","BOSS","M","?","?","?","?","R","E","?","T","?","?","M","R","M","R","BOSS","M","?","?","M","?","R","$","E","T","R","E","?","R","$","R","BOSS","R","$","E"],"items_purchased_type":["Card","Relic","Potion","Card","Card","Relic","Card","Card","Potion"],"build_version":"2020-12-22","purchased_purges":3,"victory":false,"max_hp_per_floor":[82,82,82,82,82,82,82,82,82,82,82,82,82,82,82,82,82,82,82,82,82,82,82,82,82,82,82,82,82,82,82,82,82,82,82,82,82,82,82,82,82,82,82,82,82,82,82,82,82,82,82,82,82,82,82],"card_choices":[{"not_picked":["hermit:Determination","hermit:EyeOfTheStorm"],"picked":"hermit:Snipe","floor":1},{"not_picked":["hermit:LuckOfTheDraw","hermit:Misfire"],"picked":"hermit:Desperado","floor":3},{"not_picked":["hermit:HoleUp","hermit:Misfire"],"picked":"hermit:Ricochet","floor":4},{"not_picked":["hermit:Horror","hermit:CalledShot"],"picked":"hermit:CursedWeapon","floor":6},{"not_picked":["hermit:ShadowCloak","hermit:Manifest"],"picked":"hermit:Dive","floor":8},{"not_picked":["hermit:Desperado","hermit:TakeCover"],"picked":"hermit:Dive","floor":11},{"not_picked":["hermit:RoundhouseKick","hermit:CalledShot"],"picked":"hermit:Dive","floor":13},{"not_picked":["hermit:EternalForm","hermit:RoundhouseKick"],"picked":"hermit:HighNoon","floor":16},{"not_picked":["hermit:HighCaliber","hermit:SprayPray"],"picked":"hermit:BodyArmor+1","floor":18},{"not_picked":["hermit:Vantage+1","hermit:Horror+1"],"picked":"hermit:Deadeye","floor":24},{"not_picked":["hermit:Quickdraw","hermit:CalledShot","hermit:FullyLoaded+1"],"picked":"SKIP","floor":28},{"not_picked":["hermit:WideOpen","hermit:Virtue+1"],"picked":"hermit:Shortfuse+1","floor":29},{"not_picked":["hermit:Roulette","hermit:RoundhouseKick"],"picked":"hermit:Scavenge+1","floor":31},{"not_picked":["hermit:Purgatory","hermit:RoundhouseKick"],"picked":"hermit:Adapt","floor":33},{"not_picked":["hermit:HoleUp+1","hermit:TrackingShot"],"picked":"hermit:NoHoldsBarred+1","floor":35},{"not_picked":["Impatience+1","Thinking Ahead+1"],"picked":"Flash of Steel","floor":37},{"not_picked":["hermit:CalledShot","hermit:ItchyTrigger+1","hermit:Feint+1"],"picked":"SKIP","floor":38},{"not_picked":["hermit:Dive+1","hermit:Headshot"],"picked":"hermit:Scavenge+1","floor":42},{"not_picked":["hermit:Shortfuse+1","hermit:PistolWhip"],"picked":"hermit:LowProfile+1","floor":45}],"player_experience":532085,"relics_obtained":[{"floor":6,"key":"Happy Flower"},{"floor":8,"key":"Bronze Scales"},{"floor":9,"key":"Bag of Preparation"},{"floor":13,"key":"War Paint"},{"floor":17,"key":"Blood Vial"},{"floor":17,"key":"Toxic Egg 2"},{"floor":17,"key":"CaptainsWheel"},{"floor":20,"key":"CeramicFish"},{"floor":24,"key":"Art of War"},{"floor":26,"key":"hermit:RyeStalk"},{"floor":27,"key":"Akabeko"},{"floor":42,"key":"Boot"},{"floor":43,"key":"Smiling Mask"},{"floor":45,"key":"Nunchaku"}],"event_choices":[{"damage_healed":0,"gold_gain":0,"player_choice":"Success","damage_taken":7,"relics_obtained":["Tiny Chest"],"max_hp_gain":0,"max_hp_loss":0,"event_name":"Scrap Ooze","floor":2,"gold_loss":0},{"damage_healed":0,"gold_gain":0,"player_choice":"Entered Light","damage_taken":16,"max_hp_gain":0,"max_hp_loss":0,"event_name":"Shining Light","floor":5,"gold_loss":0,"cards_upgraded":["hermit:Defend_Hermit","hermit:Desperado"]},{"damage_healed":0,"gold_gain":0,"player_choice":"Became a vampire (Vial)","damage_taken":0,"max_hp_gain":0,"max_hp_loss":0,"event_name":"Vampires","floor":19,"relics_lost":["Blood Vial"],"gold_loss":0,"cards_obtained":["Bite","Bite","Bite","Bite","Bite"]},{"cards_removed":["hermit:Defend_Hermit"],"damage_healed":0,"gold_gain":0,"player_choice":"Elegance","damage_taken":0,"max_hp_gain":0,"max_hp_loss":0,"event_name":"Back to Basics","floor":22,"gold_loss":0},{"damage_healed":0,"gold_gain":0,"player_choice":"1 cards matched","damage_taken":0,"max_hp_gain":0,"max_hp_loss":0,"event_name":"Match and Keep!","floor":25,"gold_loss":0,"cards_obtained":["hermit:ShadowCloak"]},{"cards_removed":["Bite"],"damage_healed":0,"gold_gain":0,"player_choice":"Removed Attack","damage_taken":0,"max_hp_gain":0,"max_hp_loss":0,"event_name":"Falling","floor":36,"gold_loss":0},{"damage_healed":0,"gold_gain":0,"player_choice":"Memory 3","damage_taken":10,"max_hp_gain":0,"max_hp_loss":0,"event_name":"SensoryStone","floor":37,"gold_loss":0},{"damage_healed":0,"gold_gain":0,"player_choice":"Ignored","damage_taken":0,"max_hp_gain":0,"max_hp_loss":0,"event_name":"Mysterious Sphere","floor":46,"gold_loss":0}],"is_beta":false,"boss_relics":[{"not_picked":["Pandora\u0027s Box","bronze:MakeshiftBattery"],"picked":"Calling Bell"},{"not_picked":["SlaversCollar","hermit:ClaspedLocket"],"picked":"Philosopher\u0027s Stone"}],"items_purged_floors":[21,41,48],"is_endless":false,"potions_floor_spawned":[4,6,8,13,24,29,31,35],"killed_by":"Shield and Spear","ascension_level":7}}