{"host":"jvd5k9mqzerszifx","time":1610779103,"event":{"mods":["AchievementEnabler","Act Like it!","BaseMod","Better Note","Better Third Choice","Colored Map","Colored Powertips","Conspire","DeckTracker","Gensokyo","GungeonMod","Hallownest","Hermit","Hubris","Infinite Spire","Jorbs\u0027s Wanderer Trilogy","Koishi","Marisa（F雨　魔理沙）","Minty Spire (QoL Compilation)","MostiFishMod","Relic Stats","Replay The Spire","Reworked Bosses","Spicy Shops","StSLib","The Administrix","The Bug Knight","The Cursed","The Factory","The Hierophant","The Jungle","The Servant 0.9.4","【功能Mod】聪明的最终Boss"],"gold_per_floor":[145,145,190,280,280,280,388,368,368,473,473,91,148,208,208,532,532,598,682,784,104,104,104,230,230,230,296,296,323,323,323,323,650,650,764,941,35,95,122,122,200,326,467,494,578,578,578,41,41,41,41,41,27,159,159],"floor_reached":56,"language":"ZHS","playtime":3200,"items_purged":[],"score":1699,"play_id":"09a60807-7ff3-491b-aac8-02fef2ef9d1b","local_time":"20210116143823","is_ascension_mode":false,"campfire_choices":[{"data":"DemoMod:Strike_Huntress","floor":6,"key":"PURGE"},{"data":"DemoMod:Strike_Huntress","floor":6,"key":"PURGE"},{"data":"DemoMod:Defend_Huntress","floor":6,"key":"PURGE"},{"data":"DemoMod:Defend_Huntress","floor":6,"key":"PURGE"},{"data":"DemoMod:Defend_Huntress","floor":6,"key":"PURGE"},{"data":"DemoMod:Strike_Huntress","floor":6,"key":"SMITH"},{"data":"DemoMod:Defend_Huntress","floor":6,"key":"SMITH"},{"data":"DemoMod:Roll","floor":6,"key":"SMITH"},{"data":"DemoMod:RustySidearm","floor":6,"key":"SMITH"},{"data":"DemoMod:CrossBow","floor":6,"key":"SMITH"},{"data":"DemoMod:StrategicReserve","floor":6,"key":"SMITH"},{"data":"DemoMod:Casey","floor":6,"key":"SMITH"},{"data":"DemoMod:HardPowerCard","floor":6,"key":"SMITH"},{"floor":6,"key":"RECALL"},{"data":"DemoMod:EasyReloadBullets","floor":11,"key":"SMITH"},{"data":"DemoMod:Strike_Huntress+1","floor":11,"key":"PURGE"},{"floor":11,"key":"REST"},{"data":"DemoMod:StrategicReserve","floor":15,"key":"SMITH"},{"floor":15,"key":"REST"},{"data":"DemoMod:DoubleVision","floor":23,"key":"SMITH"},{"data":"DemoMod:ChanceBullets","floor":23,"key":"SMITH"},{"data":"DemoMod:ShadowBullets","floor":23,"key":"SMITH"},{"floor":23,"key":"REST"},{"data":"DemoMod:Defend_Huntress+1","floor":25,"key":"PURGE"},{"floor":25,"key":"REST"},{"data":"DemoMod:BattleInHaste","floor":32,"key":"SMITH"},{"floor":32,"key":"REST"},{"data":"DemoMod:GunShield","floor":40,"key":"SMITH"},{"floor":40,"key":"REST"},{"data":"DemoMod:HardPowerCard","floor":49,"key":"SMITH"},{"data":"Replay:Bootleg Shield Generator","floor":49,"key":"SMITH"},{"data":"ReplayTheSpireMod:Private Reserves","floor":49,"key":"SMITH"},{"floor":49,"key":"REST"},{"floor":52,"key":"REST"}],"circlet_count":0,"master_deck":["DemoMod:Roll+1","DemoMod:CrossBow+1","DemoMod:StrategicReserve+1","DemoMod:HardPowerCard+1","DemoMod:EasyReloadBullets+1","DemoMod:BoxingGlove+1","DemoMod:JK47+1","DemoMod:StrategicReserve+1","DemoMod:DoubleVision+1","DemoMod:AbyssalTentacle+1","DemoMod:ChanceBullets+1","DemoMod:FastSwitch+1","DemoMod:ShadowBullets+1","DemoMod:TripleGun+1","DemoMod:BattleInHaste+1","hierophant:ThreeLashes+1","DemoMod:Gungine+1","DemoMod:SpreadAmmo+1","DemoMod:GunShield+1","DemoMod:TeaPot+1","DemoMod:ThirdPartyController+1","DemoMod:CombinedRifle+1","DemoMod:StickyCrossBow+1","Replay:Fractal Strike+1","DemoMod:HardPowerCard+1","Mind Blast+1","Replay:Bootleg Shield Generator+1","Swift Strike+1","ReplayTheSpireMod:Private Reserves+1","DemoMod:ShadowBullets+1","DemoMod:ShadowBullets+1","Replay:Sssssssssstrike+1","DemoMod:FinishedGun+1","DemoMod:EasyReloadBullets+1","DemoMod:DoubleSwitch+1"],"relics":["DemoMod:Dog","Peace Pipe","Ginger","Turnip","Unceasing Top","Omamori","Ice Cream","The Courier","Medical Kit","WingedGreaves","HandDrill","Frozen Eye","Blue Candle","DaveBox","NeowsBlessing","SynthV:TestCard","HollowMod:QueensCombRelic","ReplayTheSpireMod:Lightbulb","Strawberry","CeramicFish","Molten Egg 2","ImprovedEquipment","Replay:Ringing Soul","DemoMod:ClearGuonStone","Blue Doll","Replay:Ancient Bell","DemoMod:HoleyGrail","Snack Pack","DemoMod:PartiallyEatenCheese","DemoMod:PortableTableDevice","infinitespire:Satchel","Replay:Wax Seal","Ancient Tea Set","hubris:Potato","OrangePellets","DemoMod:OrangeGuonStone","Smiling Mask","hubris:Towel","GreenFoldingFan","DemoMod:GlassGuonStoneRelic","DemoMod:GundromedaStrain","BirthdayGift-Tetrahedron","infinitespire:Bottled Soul","Anchor","FeatherPendant","Vajra","Membership Card","Frozen Egg 2","BrkXgEgg","infinitespire:Lucky Rock","Replay:Rubber Ducky","Mummified Hand","Mirror"],"acts_visited":["Exordium","Exordium","TheBeyond","TheEnding"],"potions_floor_usage":[7,16,16,36],"damage_taken":[{"damage":0,"enemies":"Cultist","floor":1,"turns":1},{"damage":0,"enemies":"Small Slimes","floor":3,"turns":2},{"damage":0,"enemies":"conspire:MimicChest","floor":4,"turns":1},{"damage":0,"enemies":"Gremlin Nob","floor":7,"turns":3},{"damage":0,"enemies":"Replay:BlueRogue","floor":10,"turns":4},{"damage":4,"enemies":"conspire:RoseBush","floor":13,"turns":2},{"damage":6,"enemies":"conspire:2 RoseBushes","floor":14,"turns":3},{"damage":0,"enemies":"The Guardian","floor":16,"turns":6},{"damage":4,"enemies":"theJungle:Flameango_and_Byrd","floor":18,"turns":3},{"damage":1,"enemies":"theJungle:GiantWrat","floor":19,"turns":4},{"damage":16,"enemies":"theJungle:Snecko_Cultist_And_Trap","floor":20,"turns":6},{"damage":0,"enemies":"theJungle:2_Phrogs","floor":24,"turns":5},{"damage":0,"enemies":"theJungle:2_Snecko_Cultists","floor":27,"turns":3},{"damage":0,"enemies":"theJungle:FunGuy","floor":33,"turns":4},{"damage":8,"enemies":"3 Darklings","floor":35,"turns":3},{"damage":0,"enemies":"Mind Bloom Boss Battle","floor":36,"turns":3},{"damage":0,"enemies":"Orb Walker","floor":38,"turns":1},{"damage":1,"enemies":"Maw","floor":41,"turns":2},{"damage":2,"enemies":"Nemesis","floor":42,"turns":3},{"damage":1,"enemies":"3 Darklings","floor":45,"turns":1},{"damage":1,"enemies":"hubris:GrandSnecko","floor":50,"turns":2},{"damage":0,"enemies":"Shield and Spear","floor":54,"turns":1},{"damage":1,"enemies":"The Heart","floor":55,"turns":2}],"seed_played":"5011184550872175503","potions_obtained":[{"floor":3,"key":"LifebloodPotion"},{"floor":4,"key":"Swift Potion"},{"floor":13,"key":"Explosive Potion"},{"floor":14,"key":"ColorlessPotion"},{"floor":19,"key":"Languid Potion"},{"floor":24,"key":"ColorlessPotion"},{"floor":27,"key":"DuplicationPotion"},{"floor":33,"key":"DemoMod:LeadSkinPotion"},{"floor":42,"key":"FearPotion"}],"is_trial":false,"path_per_floor":["M","?","M","?","T","R","E","?","T","E","R","$","M","M","R","B",null,"M","M","M","$","?","R","E","R","T","M","AVR","?","?","?","R","B",null,"M","?","$","M","?","R","M","E","T","AVR","M","?","?","$","R","B",null,"R","$","E","B",null],"character_chosen":"HUNTRESS","items_purchased":["Replay:Ringing Soul","DemoMod:ClearGuonStone","Blue Doll","DemoMod:PortableTableDevice","infinitespire:Satchel","Replay:Wax Seal","Ancient Tea Set","hubris:Potato","OrangePellets","BirthdayGift-Tetrahedron","DemoMod:TeaPot+1","Membership Card","Frozen Egg 2","BrkXgEgg","infinitespire:Lucky Rock","Replay:Rubber Ducky","Mummified Hand","Mind Blast+1","Replay:Bootleg Shield Generator","Swift Strike+1","ReplayTheSpireMod:Private Reserves","DemoMod:ShadowBullets+1","Replay:Sssssssssstrike+1","DemoMod:FinishedGun+1","DemoMod:EasyReloadBullets+1"],"campfire_rested":8,"item_purchase_floors":[12,12,12,21,21,21,21,21,21,37,37,48,48,48,48,48,48,48,48,48,48,53,53,53,53],"current_hp_per_floor":[70,46,46,46,53,53,53,53,53,53,53,53,52,53,59,62,62,61,67,59,59,59,71,74,74,74,77,77,80,80,80,80,83,83,86,89,92,92,95,95,98,101,101,104,107,107,110,113,113,113,113,113,116,119,119],"gold":159,"neow_bonus":"THREE_ENEMY_KILL","is_daily":false,"chose_seed":false,"campfire_upgraded":18,"win_rate":0.0,"timestamp":1610779103,"path_taken":["M","?","M","?","?","R","E","?","T","E","R","$","?","M","R","BOSS","M","M","M","$","?","R","E","R","T","M","AVR","?","?","?","R","BOSS","M","?","$","M","?","R","M","E","T","AVR","?","?","?","$","R","BOSS","R","$","E","BOSS"],"items_purchased_type":["Relic","Relic","Relic","Relic","Relic","Relic","Relic","Relic","Relic","Relic","Card","Relic","Relic","Relic","Relic","Relic","Relic","Card","Card","Card","Card","Card","Card","Card","Card"],"build_version":"2020-12-22","purchased_purges":0,"victory":true,"max_hp_per_floor":[70,46,46,46,53,53,53,53,53,53,53,53,56,59,59,62,62,65,68,71,71,71,71,74,74,74,77,77,80,80,80,80,83,83,86,89,92,92,95,95,98,101,101,104,107,107,110,113,113,113,113,113,116,119,119],"relic_stats":{"counters":[23,62],"Blue Candle":[0],"CeramicFish":837,"Ginger":[9],"Medical Kit":[7],"Smiling Mask":0,"Peace Pipe":12,"OrangePellets":[0],"Mummified Hand":[11],"Turnip":[10],"HandDrill":[18],"obtain_stats":[{"Ice Cream":0,"CeramicFish":7,"Vajra":44,"DemoMod:GlassGuonStoneRelic":4,"Ginger":0,"Replay:Ringing Soul":12,"GreenFoldingFan":34,"Strawberry":5,"HandDrill":0,"DemoMod:ClearGuonStone":12,"Replay:Wax Seal":21,"HollowMod:QueensCombRelic":2,"Blue Candle":0,"DemoMod:OrangeGuonStone":24,"Replay:Ancient Bell":17,"OrangePellets":21,"DemoMod:GundromedaStrain":36,"Molten Egg 2":9,"Mirror":54,"Unceasing Top":0,"DaveBox":0,"DemoMod:HoleyGrail":17,"Blue Doll":12,"Ancient Tea Set":21,"Smiling Mask":28,"Replay:Rubber Ducky":48,"Frozen Eye":0,"infinitespire:Bottled Soul":42,"Mummified Hand":48,"WingedGreaves":0,"BirthdayGift-Tetrahedron":37,"DemoMod:PortableTableDevice":21,"DemoMod:Dog":0,"NeowsBlessing":0,"ImprovedEquipment":10,"DemoMod:PartiallyEatenCheese":17,"The Courier":0,"BrkXgEgg":48,"Omamori":0,"infinitespire:Lucky Rock":48,"hubris:Towel":30,"Frozen Egg 2":48,"Medical Kit":0,"Peace Pipe":0,"Anchor":43,"SynthV:TestCard":1,"FeatherPendant":44,"infinitespire:Satchel":21,"Turnip":0,"Snack Pack":17,"Membership Card":48,"ReplayTheSpireMod:Lightbulb":4,"hubris:Potato":21},{"Ice Cream":0,"CeramicFish":4,"Vajra":19,"DemoMod:GlassGuonStoneRelic":3,"Ginger":0,"Replay:Ringing Soul":5,"GreenFoldingFan":14,"Strawberry":3,"HandDrill":0,"DemoMod:ClearGuonStone":5,"Replay:Wax Seal":11,"HollowMod:QueensCombRelic":1,"Blue Candle":0,"DemoMod:OrangeGuonStone":12,"Replay:Ancient Bell":8,"OrangePellets":11,"DemoMod:GundromedaStrain":16,"Molten Egg 2":4,"Mirror":22,"Unceasing Top":0,"DaveBox":0,"DemoMod:HoleyGrail":8,"Blue Doll":5,"Ancient Tea Set":11,"Smiling Mask":13,"Replay:Rubber Ducky":20,"Frozen Eye":0,"infinitespire:Bottled Soul":19,"Mummified Hand":20,"WingedGreaves":0,"BirthdayGift-Tetrahedron":16,"DemoMod:PortableTableDevice":11,"DemoMod:Dog":0,"NeowsBlessing":0,"ImprovedEquipment":5,"DemoMod:PartiallyEatenCheese":8,"The Courier":0,"BrkXgEgg":20,"Omamori":0,"infinitespire:Lucky Rock":20,"hubris:Towel":13,"Frozen Egg 2":20,"Medical Kit":0,"Peace Pipe":0,"Anchor":19,"SynthV:TestCard":1,"FeatherPendant":19,"infinitespire:Satchel":11,"Turnip":0,"Snack Pack":8,"Membership Card":20,"ReplayTheSpireMod:Lightbulb":3,"hubris:Potato":11},{"Ice Cream":0,"CeramicFish":7,"Vajra":57,"DemoMod:GlassGuonStoneRelic":4,"Ginger":0,"Replay:Ringing Soul":11,"GreenFoldingFan":45,"Strawberry":4,"HandDrill":0,"DemoMod:ClearGuonStone":11,"Replay:Wax Seal":34,"HollowMod:QueensCombRelic":1,"Blue Candle":0,"DemoMod:OrangeGuonStone":39,"Replay:Ancient Bell":22,"OrangePellets":34,"DemoMod:GundromedaStrain":51,"Molten Egg 2":7,"Mirror":60,"Unceasing Top":0,"DaveBox":0,"DemoMod:HoleyGrail":22,"Blue Doll":11,"Ancient Tea Set":34,"Smiling Mask":41,"Replay:Rubber Ducky":58,"Frozen Eye":0,"infinitespire:Bottled Soul":57,"Mummified Hand":58,"WingedGreaves":0,"BirthdayGift-Tetrahedron":51,"DemoMod:PortableTableDevice":34,"DemoMod:Dog":0,"NeowsBlessing":0,"ImprovedEquipment":11,"DemoMod:PartiallyEatenCheese":22,"The Courier":0,"BrkXgEgg":58,"Omamori":0,"infinitespire:Lucky Rock":58,"hubris:Towel":41,"Frozen Egg 2":58,"Medical Kit":0,"Peace Pipe":0,"Anchor":57,"SynthV:TestCard":1,"FeatherPendant":57,"infinitespire:Satchel":34,"Turnip":0,"Snack Pack":22,"Membership Card":58,"ReplayTheSpireMod:Lightbulb":4,"hubris:Potato":34}],"Unceasing Top":[64]},"card_choices":[{"not_picked":["DemoMod:MachoBrace","DemoMod:BoxingGlove"],"picked":"DemoMod:StrategicReserve","floor":1},{"not_picked":["DemoMod:HuntsMan","DemoMod:Replace","DemoMod:StickyCrossBow","DemoMod:BattleInHaste"],"picked":"DemoMod:Casey","floor":3},{"not_picked":["DemoMod:Ejector","DemoMod:Casey","DemoMod:BlackHoleGun","DemoMod:BoxingGlove"],"picked":"DemoMod:HardPowerCard","floor":4},{"not_picked":["DemoMod:MachoBrace","DemoMod:StrategicReserve","DemoMod:Ejector","DemoMod:FastSwitch"],"picked":"DemoMod:EasyReloadBullets","floor":7},{"not_picked":["DemoMod:Ejector","DemoMod:ShadowBullets","DemoMod:FortunesFavor","DemoMod:FeignSurrender"],"picked":"DemoMod:BoxingGlove+1","floor":10},{"not_picked":["DemoMod:FastSwitch","DemoMod:Camera+1","DemoMod:ChanceBullets","DemoMod:BoxingGlove+1"],"picked":"DemoMod:JK47+1","floor":13},{"not_picked":["DemoMod:SAA+1","DemoMod:FightSabre+1","DemoMod:GunstockTap+1","DemoMod:PracticeMakesPerfect"],"picked":"DemoMod:StrategicReserve","floor":14},{"not_picked":["DemoMod:FinishedGun+1","DemoMod:GunslingerForm","DemoMod:BulletBore+1","DemoMod:BalloonGun+1"],"picked":"DemoMod:DoubleVision","floor":16},{"not_picked":["hubris:Despair","Shame","Looming Evil","Injury"],"picked":"hubris:Sloth","floor":17},{"not_picked":["ReplayTheSpireMod:IOU","ReplayTheSpireMod:Faulty Equipment","Replay:Sluggish","hubris:Disease"],"picked":"Clumsy","floor":17},{"not_picked":["Decay","Injury","Clumsy","Hallownest:curseDreamersLament"],"picked":"ReplayTheSpireMod:Doomed","floor":17},{"not_picked":["DemoMod:TableSutra+1","DemoMod:BattleInHaste+1","DemoMod:AC15+1","DemoMod:SAA+1"],"picked":"DemoMod:AbyssalTentacle+1","floor":18},{"not_picked":["DemoMod:AC15+1","DemoMod:Unmoved","DemoMod:Ejector","DemoMod:BoxingGlove+1"],"picked":"DemoMod:ChanceBullets","floor":19},{"not_picked":["DemoMod:Casey+1","DemoMod:JK47+1","DemoMod:BattleInHaste","DemoMod:HuntsMan+1"],"picked":"DemoMod:FastSwitch+1","floor":20},{"not_picked":["DemoMod:Replace","DemoMod:BattleInHaste","DemoMod:PracticeMakesPerfect+1","DemoMod:StickyCrossBow+1"],"picked":"DemoMod:ShadowBullets","floor":20},{"not_picked":["DemoMod:Evolver","DemoMod:Unity+1","DemoMod:Unmoved","DemoMod:SAA+1"],"picked":"DemoMod:TripleGun+1","floor":24},{"not_picked":["DemoMod:CursedBullets+1","DemoMod:Unmoved","DemoMod:HighKaliber+1","DemoMod:Eureka"],"picked":"DemoMod:BattleInHaste","floor":27},{"not_picked":["DemoMod:BlackHoleGun+1","DemoMod:BSG+1","DemoMod:Desperate","DemoMod:BulletBore+1"],"picked":"DemoMod:Gungine+1","floor":33},{"not_picked":["DemoMod:TableSutra+1","DemoMod:Evolver","DemoMod:Ejector+1","DemoMod:Camera+1"],"picked":"DemoMod:SpreadAmmo+1","floor":35},{"not_picked":["DemoMod:SkilledReload","DemoMod:ConditionalReflex","DemoMod:MachoBrace","DemoMod:JK47+1"],"picked":"DemoMod:GunShield","floor":36},{"not_picked":["DemoMod:DirectionalPad+1","DemoMod:Camera+1","DemoMod:Ejector","DemoMod:TeaPot+1","DemoMod:GunstockTap+1"],"picked":"SKIP","floor":38},{"not_picked":["DemoMod:ConditionalReflex+1","DemoMod:FastSwitch","DemoMod:Rummage+1","DemoMod:DoubleSwitch+1"],"picked":"DemoMod:CombinedRifle+1","floor":41},{"not_picked":["DemoMod:SniperShot","DemoMod:AC15+1","DemoMod:DirectionalPad+1","DemoMod:BoxingGlove+1"],"picked":"DemoMod:StickyCrossBow+1","floor":42},{"not_picked":["DemoMod:GunstockTap+1","DemoMod:LifeOrb+1","DemoMod:Ejector","DemoMod:Casey+1"],"picked":"DemoMod:HardPowerCard","floor":45},{"not_picked":["DemoMod:Casey+1","DemoMod:HuntsMan+1","DemoMod:AC15+1","DemoMod:HighKaliber+1"],"picked":"DemoMod:DoubleSwitch+1","floor":54}],"player_experience":264898,"relics_obtained":[{"floor":1,"key":"SynthV:TestCard"},{"floor":4,"key":"ReplayTheSpireMod:Lightbulb"},{"floor":5,"key":"Strawberry"},{"floor":7,"key":"CeramicFish"},{"floor":9,"key":"Molten Egg 2"},{"floor":10,"key":"ImprovedEquipment"},{"floor":24,"key":"DemoMod:OrangeGuonStone"},{"floor":36,"key":"DemoMod:GundromedaStrain"},{"floor":42,"key":"infinitespire:Bottled Soul"},{"floor":43,"key":"Anchor"},{"floor":54,"key":"Mirror"}],"event_choices":[{"cards_removed":["DemoMod:RustySidearm"],"damage_healed":0,"gold_gain":0,"player_choice":"Purged","damage_taken":0,"max_hp_gain":0,"max_hp_loss":0,"event_name":"Purifier","floor":22,"gold_loss":0},{"cards_removed":["DemoMod:StrategicReserve"],"damage_healed":0,"gold_gain":0,"player_choice":"Take \u0026 Give","damage_taken":0,"max_hp_gain":0,"max_hp_loss":0,"event_name":"betterNote:BetterNote","floor":29,"gold_loss":0,"cards_obtained":["hierophant:ThreeLashes"]},{"damage_healed":0,"gold_gain":0,"player_choice":"Fight","damage_taken":0,"max_hp_gain":0,"max_hp_loss":0,"event_name":"MindBloom","floor":36,"gold_loss":0},{"damage_healed":0,"gold_gain":0,"cards_transformed":["DemoMod:Casey"],"player_choice":"Transformed","damage_taken":0,"max_hp_gain":0,"max_hp_loss":0,"event_name":"Transmorgrifier","floor":39,"gold_loss":0,"cards_obtained":["DemoMod:ThirdPartyController"]},{"damage_healed":27,"gold_gain":0,"player_choice":"Writhe","damage_taken":0,"max_hp_gain":0,"max_hp_loss":0,"event_name":"Winding Halls","floor":46,"gold_loss":0,"cards_obtained":["Writhe"]}],"is_beta":false,"boss_relics":[{"not_picked":["HereWithMe","DemoMod:Test1"],"picked":"Replay:Ancient Bell"},{"not_picked":["Gremlin Food","MawBank"],"picked":"DemoMod:HoleyGrail"},{"not_picked":["HollowMod:StagPassRelic","DemoMod:ChaffGrenade"],"picked":"Snack Pack"},{"not_picked":["Mango","hubris:Zylophone"],"picked":"DemoMod:PartiallyEatenCheese"},{"not_picked":["hubris:CrackedHourglass","Pandora\u0027s Box"],"picked":"GreenFoldingFan"}],"items_purged_floors":[],"is_endless":false,"potions_floor_spawned":[3,4,13,14,19,24,27,33,38,42,45],"ascension_level":0}}