{"host":"37dk0reb6x0du8wx","time":1610773606,"event":{"mods":["BaseMod","Colored Map","DeckTracker","Minty Spire (QoL Compilation)","Quick Restart","StSLib"],"gold_per_floor":[119,44,44,119,46,46,56,56,80,80,7204,6483,6496,6513,6513,6609,6609,6624,6624,6635,6180,6195,6195,6195],"floor_reached":23,"language":"KOR","playtime":992,"items_purged":["Strike_B","Strike_B","Strike_B","Ball Lightning+1"],"score":245,"play_id":"98fa9c80-152a-456e-87e7-0cac9efa0eb3","local_time":"20210116140646","is_ascension_mode":true,"campfire_choices":[{"floor":6,"key":"REST"},{"floor":8,"key":"REST"},{"data":"Loop","floor":15,"key":"SMITH"}],"circlet_count":0,"master_deck":["Defend_B","Defend_B","Dualcast","Darkness","Reinforced Body","Conserve Battery","Loop+1","Conserve Battery","Loop+1","Melter+1","Shrug It Off"],"relics":["Cracked Core","Dream Catcher","Tiny Chest","Centennial Puzzle","Chemical X","Meat on the Bone","White Beast Statue","PrismaticShard","Happy Flower","Cables","Astrolabe","Letter Opener","Nunchaku","Cauldron"],"acts_visited":["Exordium","TheCity"],"potions_floor_usage":[22,23,23,23],"damage_taken":[{"damage":0,"enemies":"Small Slimes","floor":1,"turns":2},{"damage":7,"enemies":"Jaw Worm","floor":7,"turns":3},{"damage":0,"enemies":"Cultist","floor":13,"turns":3},{"damage":1,"enemies":"Exordium Wildlife","floor":14,"turns":4},{"damage":31,"enemies":"Slime Boss","floor":16,"turns":9},{"damage":14,"enemies":"Shell Parasite","floor":18,"turns":3},{"damage":0,"enemies":"Chosen","floor":20,"turns":3},{"damage":17,"enemies":"Snake Plant","floor":22,"turns":4},{"damage":68,"enemies":"Gremlin Leader","floor":23,"turns":10}],"seed_played":"-5339958322680835528","potions_obtained":[{"floor":7,"key":"SteroidPotion"},{"floor":13,"key":"PotionOfCapacity"},{"floor":14,"key":"Fire Potion"},{"floor":16,"key":"Regen Potion"},{"floor":21,"key":"DuplicationPotion"},{"floor":22,"key":"EntropicBrew"}],"is_trial":false,"path_per_floor":["M","$","?","?","$","R","M","R","T","?","$","$","M","M","R","B",null,"M","T","M","$","M","E"],"character_chosen":"DEFECT","items_purchased":["Darkness","Reinforced Body","Conserve Battery","Chemical X","Meat on the Bone","White Beast Statue","PrismaticShard","Happy Flower","Cables","Loop","Nunchaku","Cauldron"],"campfire_rested":2,"item_purchase_floors":[5,11,11,11,11,11,12,12,12,12,21,21],"current_hp_per_floor":[75,75,75,64,64,75,68,75,75,72,72,72,72,71,71,40,75,61,61,61,61,56,0,0],"gold":6195,"neow_bonus":"RANDOM_COMMON_RELIC","is_daily":false,"chose_seed":false,"campfire_upgraded":1,"win_rate":0.0,"timestamp":1610773606,"path_taken":["M","$","?","?","$","R","M","R","T","?","?","$","?","M","R","BOSS","M","?","M","$","M","E"],"items_purchased_type":["Card","Card","Card","Relic","Relic","Relic","Relic","Relic","Relic","Card","Relic","Relic"],"build_version":"2020-12-22","purchased_purges":4,"victory":false,"max_hp_per_floor":[75,75,75,75,75,75,75,75,75,75,75,75,75,75,75,75,75,75,75,75,75,75,75,75],"card_choices":[{"not_picked":["Steam","White Noise","Barrage"],"picked":"SKIP","floor":1},{"not_picked":["Streamline","Steam Power","Cold Snap"],"picked":"SKIP","floor":7},{"not_picked":["Perseverance","Redo"],"picked":"Conserve Battery","floor":13},{"not_picked":["Rupture","Go for the Eyes","Redo"],"picked":"SKIP","floor":14},{"not_picked":["True Grit","Dagger Spray","Stack"],"picked":"SKIP","floor":18},{"not_picked":["Cloak And Dagger","PathToVictory","Force Field"],"picked":"SKIP","floor":20},{"not_picked":["Headbutt+1","Wild Strike"],"picked":"Shrug It Off","floor":22}],"player_experience":194500,"relics_obtained":[{"floor":9,"key":"Tiny Chest"},{"floor":19,"key":"Letter Opener"}],"event_choices":[{"cards_removed":["Strike_B"],"damage_healed":0,"gold_gain":0,"player_choice":"Forget","damage_taken":0,"max_hp_gain":0,"max_hp_loss":0,"event_name":"Living Wall","floor":3,"gold_loss":0},{"damage_healed":0,"gold_gain":75,"player_choice":"Gather Gold","damage_taken":11,"max_hp_gain":0,"max_hp_loss":0,"event_name":"World of Goop","floor":4,"gold_loss":0},{"damage_healed":0,"gold_gain":0,"player_choice":"Success","damage_taken":3,"relics_obtained":["Centennial Puzzle"],"max_hp_gain":0,"max_hp_loss":0,"event_name":"Scrap Ooze","floor":10,"gold_loss":0}],"is_beta":false,"boss_relics":[{"not_picked":["Busted Crown","Snecko Eye"],"picked":"Astrolabe"}],"items_purged_floors":[2,11,12,21],"is_endless":false,"potions_floor_spawned":[7,13,14,16,18,20,22],"killed_by":"Gremlin Leader","ascension_level":4}}