{"host":"elm3edcks2gm0y45","time":1610841485,"event":{"mods":["AchievementEnabler","BaseMod","BetterRewards","Card Forge","Colored Map","Custom Start","GungeonMod","Hero for Fun","Infinite Spire","Marisa£¨Ùöéë¡¡Øª×âÞÞ£©","Minty Spire (QoL Compilation)","Quick Restart","StSLib","Td1madao Mod","The Cursed","The Exalted","The Hierophant","The Marked","The Runesmith"],"gold_per_floor":[117,135,135,147,147,147,147],"floor_reached":6,"language":"KOR","playtime":256,"items_purged":[],"score":41,"play_id":"c1834240-86b8-45c4-b6bc-e1d244ef9b73","local_time":"20210117085805","is_ascension_mode":true,"campfire_choices":[],"circlet_count":0,"master_deck":["Strike_P","Strike_P","Strike_P","Strike_P","Defend_P","Defend_P","Defend_P","Eruption+1","Vigilance+1","JustLucky+1","Master of Strategy+1","DeceiveReality+1","Consecrate+1"],"relics":["Hammer of Thor","Seething Fire","Anvil of the Gods","Akabeko","DemoMod:GnawedKey","Regal Pillow","PrismaticShard"],"acts_visited":["Exordium"],"potions_floor_usage":[6],"damage_taken":[{"damage":0,"enemies":"2 Louse","floor":1,"turns":1},{"damage":0,"enemies":"Cultist","floor":2,"turns":2},{"damage":0,"enemies":"Jaw Worm","floor":4,"turns":1},{"damage":4,"enemies":"Lagavulin","floor":6,"turns":5}],"seed_played":"-5404433720628858670","potions_obtained":[{"floor":1,"key":"Energy Potion"}],"is_trial":false,"path_per_floor":["M","M","?","M","?","E"],"character_chosen":"WATCHER","items_purchased":["Akabeko","Master of Strategy","DemoMod:GnawedKey","Regal Pillow","PrismaticShard"],"campfire_rested":0,"item_purchase_floors":[0,0,0,0,0],"current_hp_per_floor":[32,32,25,25,25,21,21],"gold":147,"neow_bonus":"","is_daily":false,"chose_seed":false,"campfire_upgraded":0,"win_rate":0.0,"timestamp":1610841485,"path_taken":["M","M","?","M","?","E"],"items_purchased_type":["Relic","Card","Relic","Relic","Relic"],"build_version":"2020-12-22","purchased_purges":0,"victory":false,"max_hp_per_floor":[72,72,72,72,72,72,72],"card_choices":[{"not_picked":["theMarked:SelfDefenseTraining","hierophant:SealAway","Runesmith:MakeshiftArmor"],"picked":"SKIP","floor":1},{"not_picked":["6A","Thunder Strike"],"picked":"theMarked:RogueSparks","floor":2},{"not_picked":["theMarked:TwofoldDefense","ShootingEcho","Bromod:FastHands"],"picked":"SKIP","floor":4}],"player_experience":398806,"relics_obtained":[],"event_choices":[{"cards_removed":["Defend_P"],"damage_healed":0,"gold_gain":0,"player_choice":"Card Removal","damage_taken":7,"max_hp_gain":0,"max_hp_loss":0,"event_name":"Golden Wing","floor":3,"gold_loss":0},{"damage_healed":0,"gold_gain":0,"player_choice":"2 cards matched","damage_taken":0,"max_hp_gain":0,"max_hp_loss":0,"event_name":"Match and Keep!","floor":5,"gold_loss":0,"cards_obtained":["DeceiveReality","Consecrate"]},{"damage_healed":0,"gold_gain":0,"player_choice":"2 cards matched","damage_taken":0,"max_hp_gain":0,"max_hp_loss":0,"event_name":"Match and Keep!","floor":5,"gold_loss":0,"cards_obtained":["DeceiveReality","Consecrate"]}],"is_beta":false,"boss_relics":[],"items_purged_floors":[],"is_endless":false,"potions_floor_spawned":[1],"killed_by":"Lagavulin","ascension_level":3}}