{"host":"mbj2cbgnaexp1bjw","time":1610779053,"event":{"mods":["BaseMod","DNKmod","Energized Spire","Friendly Minions","Grow up Mod","Highlight Path","Marisa£®ÏF”Í°°ƒß¿Ì…≥£©","Minty Spire (QoL Compilation)","Remove Card Discount Mod","Replay The Spire","Spicy Shops","StSLib"],"gold_per_floor":[1012,1012,1029,1049,1049,1049,1076,1088,1115,1145,1164,1197,1197,1216,1216,1313,1313,1333,1358,551,566,586,620,620,652,675,703,722,406,420,53,53,153,103,117,134,134,145,145,176,192,192,216,244,244,261,80,105,105,105],"floor_reached":51,"language":"ZHS","playtime":4131,"items_purged":["Strike_MRS","Strike_MRS","Strike_MRS","MasterSpark","Defend_MRS","DoubleSpark","DoubleSpark","Singularity","Pain","Defend_MRS","Defend_MRS+1","Defend_MRS+1","EscapeVelocity+1","GasGiant","MeteoricShower","Orbital+1","DragonMeteor+1","SuperNova","EscapeVelocity","Wraith","SuperNova","Hallucinations"],"score":831,"play_id":"eb5426fd-8fc7-4715-a751-278253837c7f","local_time":"20210116143733","is_ascension_mode":true,"campfire_choices":[{"data":"StarBarrage","floor":6.0,"key":"SMITH"},{"data":"MilkyWay","floor":15.0,"key":"SMITH"},{"data":"DragonMeteor","floor":24.0,"key":"SMITH"},{"data":"MilkyWay","floor":32.0,"key":"SMITH"},{"data":"EscapeVelocity","floor":42.0,"key":"SMITH"},{"data":"MilkyWay","floor":49.0,"key":"SMITH"}],"circlet_count":0,"master_deck":["StarBarrage+1","MilkyWay+1","SuperPerseids","MilkyWay+1","MilkyWay+1","TreasureHunter","PowerUp+1"],"relics":["Sozu","Gremlin Food","Nunchaku","Replay:Bottled Snecko","Replay:Bronze Core","Vajra","Singing Bowl","Lantern","Orichalcum","Letter Opener","Blue Doll","ReplayTheSpireMod:Ninjato","ReplayFunnel","Red Mask","Gambling Chip","Peace Pipe","Centennial Puzzle","Ice Cream","ClockworkSouvenir","Frozen Eye","Counterbalance","energizedSpire:HugeHouse","Mummified Hand","Replay:Mystery Machine","Simple Rune","Replay:Baseball","ReplayTheSpireMod:CursedCoin","Pen Nib","Juzu Bracelet","Anchor"],"acts_visited":["Exordium","TheCity","TheBeyond"],"potions_floor_usage":[],"damage_taken":[{"damage":0.0,"enemies":"Small Slimes","floor":1.0,"turns":2.0},{"damage":0.0,"enemies":"Cultist","floor":3.0,"turns":2.0},{"damage":6.0,"enemies":"Jaw Worm","floor":4.0,"turns":3.0},{"damage":1.0,"enemies":"Replay:BlueRogue","floor":7.0,"turns":5.0},{"damage":0.0,"enemies":"Lots of Slimes","floor":8.0,"turns":4.0},{"damage":15.0,"enemies":"Gremlin Nob","floor":10.0,"turns":4.0},{"damage":0.0,"enemies":"Large Slime","floor":11.0,"turns":4.0},{"damage":0.0,"enemies":"3 Sentries","floor":12.0,"turns":5.0},{"damage":8.0,"enemies":"Red Slaver","floor":14.0,"turns":2.0},{"damage":18.0,"enemies":"The Guardian","floor":16.0,"turns":8.0},{"damage":20.0,"enemies":"2 Thieves","floor":18.0,"turns":3.0},{"damage":0.0,"enemies":"Chosen","floor":21.0,"turns":4.0},{"damage":16.0,"enemies":"Sentry and Sphere","floor":22.0,"turns":4.0},{"damage":98.0,"enemies":"Slavers","floor":23.0,"turns":8.0},{"damage":34.0,"enemies":"Gremlin Leader","floor":25.0,"turns":5.0},{"damage":0.0,"enemies":"Masked Bandits","floor":27.0,"turns":2.0},{"damage":0.0,"enemies":"Snake Plant","floor":28.0,"turns":3.0},{"damage":0.0,"enemies":"Chosen and Byrds","floor":30.0,"turns":2.0},{"damage":0.0,"enemies":"Automaton","floor":33.0,"turns":5.0},{"damage":0.0,"enemies":"3 Shapes","floor":35.0,"turns":3.0},{"damage":0.0,"enemies":"3 Darklings","floor":36.0,"turns":4.0},{"damage":9.0,"enemies":"4 Shapes","floor":38.0,"turns":4.0},{"damage":32.0,"enemies":"Reptomancer","floor":40.0,"turns":4.0},{"damage":0.0,"enemies":"Transient","floor":41.0,"turns":5.0},{"damage":16.0,"enemies":"Giant Head","floor":44.0,"turns":7.0},{"damage":0.0,"enemies":"Writhing Mass","floor":46.0,"turns":7.0},{"damage":7.0,"enemies":"R_Hoarder","floor":48.0,"turns":5.0},{"damage":0,"enemies":"Replay:Hell Engine","floor":50,"turns":4}],"seed_played":"1239132631847687028","potions_obtained":[],"is_trial":false,"path_per_floor":["M","?","M","M","?","R","E","M","T","E","M","E","?","M","R","B",null,"M","T","$","M","M","E","R","E","T","?","M","$","M","$","R","B",null,"M","M","?","M","?","E","M","R","T","E","?","M","$","E","R","B",null],"character_chosen":"MARISA","items_purchased":["Singing Bowl","Lantern","Orichalcum","Letter Opener","Gambling Chip","Peace Pipe","MilkyWay","Centennial Puzzle","Ice Cream","ClockworkSouvenir","Frozen Eye","ReplayTheSpireMod:CursedCoin","Pen Nib","Juzu Bracelet"],"campfire_rested":0,"item_purchase_floors":[20,20,20,20,29,29,29,29,31,31,31,47,47,47],"current_hp_per_floor":[120,130,140,144,154,164,173,183,193,188,198,208,218,220,230,222,280,270,280,290,300,294,206,216,192,202,214,226,236,246,256,266,276,449,461,473,483,486,496,474,486,496,506,502,512,524,534,545,555,565],"gold":105,"neow_bonus":"BOSS_RELIC","is_daily":false,"chose_seed":false,"campfire_upgraded":6,"win_rate":0.0,"timestamp":1610779053,"path_taken":["M","?","?","M","?","R","E","?","T","E","M","E","?","M","R","BOSS","M","?","$","?","M","E","R","E","T","?","M","$","M","?","R","BOSS","M","M","?","?","?","E","M","R","T","E","?","M","$","E","R","BOSS"],"items_purchased_type":["Relic","Relic","Relic","Relic","Relic","Relic","Card","Relic","Relic","Relic","Relic","Relic","Relic","Relic"],"build_version":"2020-12-22","purchased_purges":22,"victory":true,"max_hp_per_floor":[120,130,140,150,160,170,180,190,200,210,220,230,240,250,260,270,280,290,300,310,320,330,340,350,360,370,382,394,404,414,424,434,444,449,461,473,483,495,505,515,527,537,547,559,569,581,591,601,611,621],"card_choices":[{"not_picked":["GrandCross","IllusionStar"],"picked":"StarBarrage","floor":1.0},{"not_picked":["6A","DC","MillisecondPulsars"],"picked":"SKIP","floor":3.0},{"not_picked":["DarkSpark","SprinkleStarSeal"],"picked":"GasGiant","floor":4.0},{"not_picked":["EarthLightRay","ChargingUp"],"picked":"DoubleSpark","floor":7.0},{"not_picked":["Occultation","PowerUp"],"picked":"MeteoricShower","floor":8.0},{"not_picked":["AsteroidBelt","UnstableBomb"],"picked":"DoubleSpark","floor":10.0},{"not_picked":["UnstableBomb","OrrerysSun"],"picked":"MilkyWay","floor":11.0},{"not_picked":["DarkSpark","IllusionStar","6A"],"picked":"SKIP","floor":12.0},{"not_picked":["BigCrunch","AsteroidBelt","WitchOfGreed"],"picked":"SKIP","floor":14.0},{"not_picked":["ManaRampage","JA"],"picked":"EscapeVelocity","floor":16.0},{"not_picked":["FairyDestructionRay","PowerUp"],"picked":"WitchLeyline","floor":18.0},{"not_picked":["AsteroidBelt","StarBarrage"],"picked":"Orbital+1","floor":21.0},{"not_picked":["Acceleration","DeepEcoloBomb"],"picked":"SuperPerseids","floor":22.0},{"not_picked":["FairyDestructionRay","DarkSpark+1"],"picked":"DragonMeteor","floor":23.0},{"not_picked":["BlazingStar","MagicChant+1"],"picked":"MilkyWay","floor":25.0},{"not_picked":["DC","BlazeAway+1","Acceleration"],"picked":"Singing Bowl","floor":27.0},{"not_picked":["Robbery","NonDirectionalLaser","DC+1"],"picked":"Singing Bowl","floor":28.0},{"not_picked":["ChargingUp+1","PowerUp+1"],"picked":"TreasureHunter","floor":30.0},{"not_picked":["AbsoluteMagnitude","FinalSpark"],"picked":"SuperNova","floor":33.0},{"not_picked":["IllusionStar+1","OortCloud+1","DC"],"picked":"Singing Bowl","floor":35.0},{"not_picked":["UnstableBomb","ShootingEcho","GalacticHalo"],"picked":"Singing Bowl","floor":36.0},{"not_picked":["Singularity+1","RefractionSpark","WitchOfGreed"],"picked":"Singing Bowl","floor":38.0},{"not_picked":["OpenUniverse+1","EnergyRecoil"],"picked":"SuperNova","floor":40.0},{"not_picked":["EarthLightRay+1","MysteriousBeam","GrandCross+1"],"picked":"Singing Bowl","floor":41.0},{"not_picked":["MysteriousBeam+1","ManaConvection","Acceleration"],"picked":"Singing Bowl","floor":44.0},{"not_picked":["BigCrunch","EnergyRecoil+1","MysteriousBeam+1"],"picked":"Singing Bowl","floor":46.0},{"not_picked":["MilkyWay","GrandCross"],"picked":"PowerUp+1","floor":48.0}],"player_experience":72510,"relics_obtained":[{"floor":7.0,"key":"Gremlin Food"},{"floor":10.0,"key":"Nunchaku"},{"floor":12.0,"key":"Replay:Bottled Snecko"},{"floor":19.0,"key":"Vajra"},{"floor":23.0,"key":"Blue Doll"},{"floor":25.0,"key":"ReplayTheSpireMod:Ninjato"},{"floor":26.0,"key":"ReplayFunnel"},{"floor":27.0,"key":"Red Mask"},{"floor":33.0,"key":"Counterbalance"},{"floor":40.0,"key":"Mummified Hand"},{"floor":40.0,"key":"Replay:Mystery Machine"},{"floor":43.0,"key":"Simple Rune"},{"floor":44.0,"key":"Replay:Baseball"},{"floor":48.0,"key":"Anchor"}],"event_choices":[{"damage_healed":0.0,"max_hp_gain":0.0,"max_hp_loss":0.0,"gold_gain":0.0,"event_name":"The Woman in Blue","player_choice":"Bought 0 Potions","floor":2.0,"gold_loss":0.0,"damage_taken":0.0},{"damage_healed":0.0,"max_hp_gain":0.0,"max_hp_loss":0.0,"gold_gain":0.0,"cards_transformed":["UpSweep"],"event_name":"Transmorgrifier","player_choice":"Transformed","floor":5.0,"gold_loss":0.0,"damage_taken":0.0,"cards_obtained":["Singularity"]},{"cards_removed":["Strike_MRS"],"damage_healed":0.0,"max_hp_gain":0.0,"max_hp_loss":0.0,"gold_gain":0.0,"event_name":"Purifier","player_choice":"Purged","floor":13.0,"gold_loss":0.0,"damage_taken":0.0},{"damage_healed":0.0,"max_hp_gain":0.0,"max_hp_loss":0.0,"gold_gain":0.0,"event_name":"Masked Bandits","player_choice":"Fought Bandits","floor":27.0,"gold_loss":0.0,"damage_taken":0.0},{"damage_healed":0.0,"max_hp_gain":0.0,"max_hp_loss":0.0,"gold_gain":0.0,"cards_transformed":["Strike_MRS"],"event_name":"Transmorgrifier","player_choice":"Transformed","floor":37.0,"gold_loss":0.0,"damage_taken":0.0,"cards_obtained":["ShootTheMoon"]},{"damage_healed":0.0,"max_hp_gain":0.0,"max_hp_loss":0.0,"gold_gain":0.0,"event_name":"OrinTheCat","player_choice":"Ignored","floor":39.0,"gold_loss":0.0,"damage_taken":0.0},{"cards_removed":["ShootTheMoon"],"damage_healed":0.0,"max_hp_gain":0.0,"max_hp_loss":0.0,"gold_gain":0.0,"event_name":"Falling","player_choice":"Removed Attack","floor":45.0,"gold_loss":0.0,"damage_taken":0.0}],"is_beta":false,"boss_relics":[{"not_picked":["Velvet Choker","energizedSpire:StickyHand"],"picked":"Replay:Bronze Core"},{"not_picked":["Replay:Wanted Poster","Empty Cage"],"picked":"energizedSpire:HugeHouse"}],"items_purged_floors":[20,20,20,20,20,29,29,29,29,47,47,47,47,47,47,47,47,47,47,47,47,47],"is_endless":false,"potions_floor_spawned":[1,7,11,12,16,18,21,22,23,30,36,41,44,48],"ascension_level":1}}