{"host":"i0avyit1s6jb1siw","time":1610836909,"event":{"mods":["BaseMod","DeckTracker","Dota2Spire","Highlight Path","Minty Spire (QoL Compilation)","Quick Restart","StSLib","SuperFastMode"],"gold_per_floor":[112,128,128,128,144,144,175,238,286,320,320,343,356,356,356],"floor_reached":14,"language":"ENG","playtime":248,"items_purged":[],"score":200,"play_id":"bff79ba3-ac09-4844-9ada-70f631abfb39","local_time":"20210116234149","is_ascension_mode":true,"campfire_choices":[{"data":"Neutralize","floor":6,"key":"SMITH"},{"floor":11,"key":"REST"}],"circlet_count":0,"master_deck":["AscendersBane","Survivor","Neutralize+1","Dagger Throw","Predator+1","Noxious Fumes","Wraith Form v2","Predator","Prepared","Sucker Punch","Bane","Deflect","Sucker Punch","PiercingWail","Dash","Blur","Leg Sweep","Catalyst","Tactician"],"relics":["Pandora\u0027s Box","Golden Idol","Vajra","Bag of Preparation","Oddly Smooth Stone"],"acts_visited":["Exordium"],"potions_floor_usage":[7,10],"damage_taken":[{"damage":8,"enemies":"Jaw Worm","floor":1,"turns":2},{"damage":10,"enemies":"2 Louse","floor":2,"turns":2},{"damage":3,"enemies":"Small Slimes","floor":5,"turns":3},{"damage":19,"enemies":"3 Sentries","floor":7,"turns":6},{"damage":10,"enemies":"Lagavulin","floor":10,"turns":5},{"damage":8,"enemies":"Exordium Thugs","floor":12,"turns":4},{"damage":0,"enemies":"2 Fungi Beasts","floor":13,"turns":3},{"damage":19,"enemies":"3 Sentries","floor":14,"turns":3}],"seed_played":"-6068116058686737008","potions_obtained":[{"floor":2,"key":"LiquidBronze"},{"floor":5,"key":"PowerPotion"},{"floor":7,"key":"PowerPotion"}],"is_trial":false,"path_per_floor":["M","M","?","?","M","R","E","?","T","E","R","M","M","E"],"character_chosen":"THE_SILENT","items_purchased":[],"campfire_rested":1,"item_purchase_floors":[],"current_hp_per_floor":[51,41,41,41,38,38,19,19,19,9,27,19,19,0,0],"gold":356,"neow_bonus":"BOSS_RELIC","is_daily":false,"chose_seed":false,"campfire_upgraded":1,"win_rate":0.0,"timestamp":1610836909,"path_taken":["M","M","?","?","M","R","E","?","T","E","R","M","M","E"],"items_purchased_type":[],"build_version":"2020-12-22","purchased_purges":0,"victory":false,"max_hp_per_floor":[66,66,66,60,60,60,60,60,60,60,60,60,60,60,60],"card_choices":[{"not_picked":["Dagger Spray","Slice","Bane"],"picked":"SKIP","floor":1},{"not_picked":["Accuracy","Slice"],"picked":"PiercingWail","floor":2},{"not_picked":["Poisoned Stab","PiercingWail"],"picked":"Dash","floor":5},{"not_picked":["Masterful Stab","Deflect"],"picked":"Blur","floor":7},{"not_picked":["Prepared","Flying Knee"],"picked":"Leg Sweep","floor":10},{"not_picked":["Catalyst","Acrobatics","Outmaneuver"],"picked":"SKIP","floor":12},{"not_picked":["Acrobatics","Outmaneuver"],"picked":"Catalyst","floor":12},{"not_picked":["Sucker Punch","Outmaneuver"],"picked":"Tactician","floor":13}],"player_experience":2267043,"relics_obtained":[{"floor":7,"key":"Vajra"},{"floor":9,"key":"Bag of Preparation"},{"floor":10,"key":"Oddly Smooth Stone"}],"event_choices":[{"damage_healed":0,"gold_gain":0,"player_choice":"Grow","damage_taken":0,"max_hp_gain":0,"max_hp_loss":0,"event_name":"Living Wall","floor":3,"gold_loss":0,"cards_upgraded":["Predator"]},{"damage_healed":0,"gold_gain":0,"player_choice":"Lose Max HP","damage_taken":0,"relics_obtained":["Golden Idol"],"max_hp_gain":0,"max_hp_loss":6,"event_name":"Golden Idol","floor":4,"gold_loss":0},{"damage_healed":0,"gold_gain":63,"player_choice":"Gained Gold","damage_taken":0,"max_hp_gain":0,"max_hp_loss":0,"event_name":"Golden Wing","floor":8,"gold_loss":0}],"is_beta":false,"boss_relics":[],"items_purged_floors":[],"is_endless":false,"potions_floor_spawned":[2,5,7],"killed_by":"3 Sentries","ascension_level":20}}