{"host":"st1kg310ms6sytc5","time":1610803246,"event":{"mods":["ATMod(°¢èªMod)","Act Like it!","BaseMod","CapriCore","Dota2Spire","Downfall","Minty Spire (QoL Compilation)","StSLib","SuperFastMode","¡¾ÒÅÎï¿¨ÅÆ¡¿REMEMod"],"gold_per_floor":[99,99,99,99,155,58,106,143,248,312,367,267,334,453,546,667,667,667,707,707,254,299,408,408,475,545,545,650,650,700,744,804,933,933,933,1019,1019,1094,723,723,723,451,488,95,187,229,229,283,378,403],"floor_reached":51,"language":"ZHS","playtime":2305,"items_purged":["champ:Strike","champ:Strike","champ:Strike","champ:Defend"],"score":989,"play_id":"9c992bc2-3214-4df0-9036-409cce878bc2","local_time":"20210116212046","is_ascension_mode":true,"campfire_choices":[{"data":"AT_MachinaRedman","floor":1.0,"key":"SMITH"},{"data":"expansioncontent:InvincibleStrength","floor":12.0,"key":"SMITH"},{"data":"champ:IgnorePain","floor":18.0,"key":"SMITH"},{"data":"champ:Lariat","floor":27.0,"key":"SMITH"},{"data":"champ:Improvising","floor":29.0,"key":"SMITH"},{"data":"champ:BerserkersShout","floor":35.0,"key":"SMITH"},{"data":"champ:BerserkersShout","floor":47,"key":"SMITH"}],"circlet_count":0,"master_deck":["champ:Defend","champ:Defend","champ:Defend","champ:Taunt","Die Die Die","AT_MachinaRedman+1","champ:CrownThrow","champ:ShieldSigil","champ:BerserkersShout+1","champ:AdrenalArmor","expansioncontent:InvincibleStrength+1","champ:TripleStrike","champ:RapidStrikes","champ:BerserkersShout+1","champ:IgnorePain+1","champ:CalledShot+1","champ:ShieldSlam","champ:HoldFirm","champ:Improvising+1","champ:Backstep","champ:Lariat+1","champ:FaceSlap","champ:AdrenalArmor+1","champ:ArenaPreparation","champ:LastStand","champ:StanceDance","champ:FancyFootwork+1"],"relics":["champ:ChampionCrown","AT_ATBox","REME_ComplimentaryCards","downfall:HeartsMalice","Torii","AT_MibuBalloonWealth","Blood Vial","Dota2Spire:ShivaGuard","downfall:HeartBlessingGreen","Cursed Key","AT_BladeRuinedKing","Gremlin Horn","Dota2Spire:BlackKingBar","Guardian:PocketSentry","Busted Crown","champ:DeflectingBracers","Sling","Bottled Lightning","REME_HourglassOfDeath","AT_SpeedBoots","Dota2Spire:BattleFury","Dota2Spire:CrimsonGuard"],"acts_visited":["Exordium","TheCity","TheBeyond"],"potions_floor_usage":[],"damage_taken":[{"damage":0.0,"enemies":"2 Louse","floor":2.0,"turns":1.0},{"damage":0.0,"enemies":"Small Slimes","floor":4.0,"turns":1.0},{"damage":0.0,"enemies":"Gremlin Nob","floor":5.0,"turns":1.0},{"damage":15.0,"enemies":"downfall:FleeingMerchant","floor":6.0,"turns":4.0},{"damage":22.0,"enemies":"Jaw Worm","floor":8.0,"turns":4.0},{"damage":21.0,"enemies":"3 Sentries","floor":9.0,"turns":5.0},{"damage":43.0,"enemies":"Exordium Wildlife","floor":10.0,"turns":4.0},{"damage":66.0,"enemies":"Lagavulin","floor":11.0,"turns":6.0},{"damage":10.0,"enemies":"2 Fungi Beasts","floor":13.0,"turns":4.0},{"damage":5.0,"enemies":"Gremlin Gang","floor":14.0,"turns":2.0},{"damage":25.0,"enemies":"3 Louse","floor":15.0,"turns":3.0},{"damage":91.0,"enemies":"IC_STATUS_ARCHETYPE","floor":16.0,"turns":8.0},{"damage":15.0,"enemies":"Chosen","floor":19.0,"turns":3.0},{"damage":15.0,"enemies":"downfall:FleeingMerchant","floor":21.0,"turns":4.0},{"damage":40.0,"enemies":"Spheric Guardian","floor":22.0,"turns":3.0},{"damage":30.0,"enemies":"Slavers","floor":23.0,"turns":4.0},{"damage":30.0,"enemies":"Centurion and Healer","floor":25.0,"turns":4.0},{"damage":65.0,"enemies":"Cultist and Chosen","floor":26.0,"turns":6.0},{"damage":33.0,"enemies":"Gremlin Leader","floor":28.0,"turns":3.0},{"damage":83.0,"enemies":"Book of Stabbing","floor":30.0,"turns":4.0},{"damage":40.0,"enemies":"Snecko","floor":31.0,"turns":4.0},{"damage":19.0,"enemies":"Centurion and Healer","floor":32.0,"turns":5.0},{"damage":110.0,"enemies":"WA_ARCHETYPE_CALM","floor":33.0,"turns":5.0},{"damage":30.0,"enemies":"3 Shapes","floor":36.0,"turns":5.0},{"damage":62.0,"enemies":"3 Shapes","floor":38.0,"turns":5.0},{"damage":90.0,"enemies":"downfall:FleeingMerchant","floor":39.0,"turns":4.0},{"damage":37,"enemies":"Orb Walker","floor":43,"turns":2},{"damage":20,"enemies":"Sphere and 2 Shapes","floor":45,"turns":1},{"damage":75,"enemies":"Transient","floor":46,"turns":5},{"damage":89,"enemies":"Giant Head","floor":48,"turns":5},{"damage":50,"enemies":"Jaw Worm Horde","floor":49,"turns":2},{"damage":109,"enemies":"SI_POISON_ARCHETYPE","floor":50,"turns":3}],"seed_played":"-4925147086167538436","potions_obtained":[{"floor":5.0,"key":"REME_GoldPotion"},{"floor":8.0,"key":"SpeedPotion"},{"floor":10.0,"key":"AttackPotion"},{"floor":11.0,"key":"ColorlessPotion"},{"floor":14.0,"key":"Slimebound:ThreeZeroPotion"},{"floor":16.0,"key":"SpeedPotion"},{"floor":19.0,"key":"Strength Potion"},{"floor":22.0,"key":"EntropicBrew"},{"floor":33.0,"key":"Swift Potion"}],"is_trial":false,"path_per_floor":["R","M","?","M","?","$","T","M","E","M","E","R","M","M","M","B",null,"R","M","?","$","M","E","T","M","M","R","E","R","E","M","M","B",null,"R","M","?","?","$","?","T","$","M","$","M","M","R","E","M","B",null],"character_chosen":"THE_CHAMP","items_purchased":["expansioncontent:InvincibleStrength","AT_BladeRuinedKing","champ:ShieldSlam","champ:HoldFirm","Sling","Bottled Lightning","REME_HourglassOfDeath","AT_SpeedBoots","Dota2Spire:BattleFury"],"campfire_rested":0,"item_purchase_floors":[6,21,21,21,39,39,39,42,44],"current_hp_per_floor":[90,90,90,90,90,90,90,88,82,76,62,62,64,66,68,42,90,90,90,90,90,80,82,82,84,86,86,90,90,77,79,90,90,90,90,90,90,90,90,90,90,90,90,90,90,90,90,90,90,86],"gold":403,"neow_bonus":"THREE_ENEMY_KILL","is_daily":false,"chose_seed":false,"campfire_upgraded":7,"win_rate":0.0,"timestamp":1610803246,"path_taken":["R","M","?","M","?","?","T","M","E","M","E","R","M","?","M","BOSS","R","M","?","$","M","E","T","M","?","R","E","R","E","M","M","BOSS","R","M","?","?","$","?","T","?","M","$","M","M","R","E","M","BOSS"],"items_purchased_type":["Card","Relic","Card","Card","Relic","Relic","Relic","Relic","Relic"],"build_version":"2020-12-22","purchased_purges":4,"victory":true,"max_hp_per_floor":[90,90,90,90,90,90,90,90,90,90,90,90,90,90,90,90,90,90,90,90,90,90,90,90,90,90,90,90,90,90,90,90,90,90,90,90,90,90,90,90,90,90,90,90,90,90,90,90,90,90],"card_choices":[{"not_picked":["champ:Parry","champ:TornadoPunch","champ:CrownThrow"],"picked":"SKIP","floor":2.0},{"not_picked":["champ:Parry","champ:TornadoPunch"],"picked":"champ:CrownThrow","floor":2.0},{"not_picked":["champ:CrownThrow","champ:DefensiveShout"],"picked":"champ:ShieldSigil","floor":4.0},{"not_picked":["champ:DeathBlow","champ:EnragedBash"],"picked":"champ:BerserkersShout","floor":5.0},{"not_picked":["champ:Shatter","champ:FancyFootwork"],"picked":"champ:AdrenalArmor","floor":6.0},{"not_picked":["champ:GladiatorStyle","champ:SkillfulDodge","champ:ShieldSigil"],"picked":"SKIP","floor":8.0},{"not_picked":["champ:SwordThrow","champ:FanOfKnives"],"picked":"champ:TripleStrike","floor":9.0},{"not_picked":["champ:PerfectedStrike","champ:DefensiveShout"],"picked":"champ:RapidStrikes","floor":10.0},{"not_picked":["champ:SwordSigil","champ:FanOfKnives","champ:DefensiveShout"],"picked":"SKIP","floor":11.0},{"not_picked":["champ:GutPunch","champ:FocusedDefense","champ:EnragedBash"],"picked":"SKIP","floor":13.0},{"not_picked":["champ:ShieldSlam","champ:BladeFlurry"],"picked":"champ:BerserkersShout","floor":14.0},{"not_picked":["champ:EnGarde","champ:RapidStrikes","champ:SkillfulDodge"],"picked":"SKIP","floor":15.0},{"not_picked":["champ:LastStand","champ:Devastate"],"picked":"champ:IgnorePain","floor":16.0},{"not_picked":["champ:DefensiveShout","champ:EnGarde"],"picked":"champ:CalledShot+1","floor":19.0},{"not_picked":["champ:GutPunch","champ:PerfectedStrike","champ:GladiatorStyle+1"],"picked":"SKIP","floor":21.0},{"not_picked":["champ:FaceSlap+1","champ:BringItOn"],"picked":"champ:Improvising","floor":22.0},{"not_picked":["champ:FlashCut","champ:IronFortress"],"picked":"champ:Backstep","floor":23.0},{"not_picked":["champ:BerserkerStyle","champ:ArenaPreparation"],"picked":"champ:Lariat","floor":25.0},{"not_picked":["champ:ShieldSlam+1","champ:BringItOn"],"picked":"champ:FaceSlap","floor":26.0},{"not_picked":["champ:DeathBlow+1","champ:Shatter+1"],"picked":"champ:AdrenalArmor+1","floor":28.0},{"not_picked":["champ:Duel+1","champ:Backstep","champ:IronFortress"],"picked":"SKIP","floor":30.0},{"not_picked":["champ:Haymaker","champ:FlashCut+1"],"picked":"champ:ArenaPreparation","floor":31.0},{"not_picked":["champ:VampiricStrike","champ:RecklessLeap","champ:Circumvent"],"picked":"SKIP","floor":32.0},{"not_picked":["champ:EnchantShield","champ:DancingMaster"],"picked":"champ:LastStand","floor":33.0},{"not_picked":[],"picked":"champ:StanceDance","floor":36.0},{"not_picked":[],"picked":"champ:FancyFootwork+1","floor":38.0},{"not_picked":["champ:PerfectedStrike"],"picked":"SKIP","floor":39.0},{"not_picked":["champ:RecklessLeap+1"],"picked":"SKIP","floor":43},{"not_picked":["champ:Shatter+1"],"picked":"SKIP","floor":45},{"not_picked":["champ:AdrenalArmor"],"picked":"SKIP","floor":46},{"not_picked":["champ:FocusedDefense+1"],"picked":"SKIP","floor":48},{"not_picked":["champ:EnGarde"],"picked":"SKIP","floor":49}],"player_experience":1536916,"relics_obtained":[{"floor":7.0,"key":"AT_MibuBalloonWealth"},{"floor":9.0,"key":"Blood Vial"},{"floor":11.0,"key":"Dota2Spire:ShivaGuard"},{"floor":23.0,"key":"Gremlin Horn"},{"floor":28.0,"key":"Dota2Spire:BlackKingBar"},{"floor":30.0,"key":"Guardian:PocketSentry"},{"floor":38.0,"key":"champ:DeflectingBracers"},{"floor":48,"key":"Dota2Spire:CrimsonGuard"}],"event_choices":[{"cards_removed":["champ:Strike"],"damage_healed":0.0,"max_hp_gain":0.0,"max_hp_loss":0.0,"gold_gain":0.0,"event_name":"Bonfire Elementals","player_choice":"Offered Basic","floor":20.0,"gold_loss":0.0,"damage_taken":0.0},{"cards_removed":["champ:Execute"],"damage_healed":0.0,"max_hp_gain":0.0,"max_hp_loss":0.0,"gold_gain":0.0,"event_name":"Falling","player_choice":"Removed Attack","floor":37.0,"gold_loss":0.0,"damage_taken":0.0}],"is_beta":false,"boss_relics":[{"not_picked":["Pandora\u0027s Box","SacredBark"],"picked":"Cursed Key"},{"not_picked":["AT_TrinityForce","REME_ChargedStone"],"picked":"Busted Crown"}],"items_purged_floors":[21,39,42,44],"is_endless":false,"potions_floor_spawned":[5,8,10,11,14,16,19,22,26,31,32,33,38,45,48,49],"ascension_level":1}}