{"host":"6azrrw3tf7wb0f4b","time":1610770402,"event":{"mods":["BaseMod","DeckTracker","Minty Spire (QoL Compilation)","SuperFastMode"],"gold_per_floor":[113,113,288,298,318,348,364,391,416,427,438,438,438,452,452,556,556,575,592,612,612,612],"floor_reached":21,"language":"KOR","playtime":879,"items_purged":[],"score":312,"play_id":"8268a3e8-e7b0-4574-8a7c-8c17f4b5b054","local_time":"20210116131322","is_ascension_mode":true,"campfire_choices":[{"floor":13,"key":"REST"},{"data":"Defragment","floor":15,"key":"SMITH"}],"circlet_count":0,"master_deck":["AscendersBane","Strike_B+1","Strike_B+1","Defend_B","Defend_B","Zap","Dualcast","Hyperbeam","Coolheaded","Doubt","Rebound","White Noise","Self Repair","Chill","Core Surge","Undo","Cold Snap","Conserve Battery","Defragment+1","Amplify","Core Surge+1","Capacitor+1","Loop+1","Barrage","Echo Form"],"relics":["Cracked Core","Emotion Chip","Toy Ornithopter","Strawberry","Astrolabe"],"acts_visited":["Exordium","TheCity"],"potions_floor_usage":[8,8,8,8,16,16,18],"damage_taken":[{"damage":7,"enemies":"Jaw Worm","floor":1,"turns":2},{"damage":0,"enemies":"Small Slimes","floor":4,"turns":1},{"damage":0,"enemies":"Cultist","floor":5,"turns":4},{"damage":16,"enemies":"3 Sentries","floor":6,"turns":6},{"damage":2,"enemies":"2 Fungi Beasts","floor":7,"turns":2},{"damage":18,"enemies":"Lagavulin","floor":8,"turns":7},{"damage":3,"enemies":"Exordium Wildlife","floor":10,"turns":2},{"damage":5,"enemies":"Large Slime","floor":11,"turns":6},{"damage":8,"enemies":"3 Louse","floor":14,"turns":4},{"damage":25,"enemies":"The Guardian","floor":16,"turns":14},{"damage":25,"enemies":"3 Byrds","floor":18,"turns":8},{"damage":26,"enemies":"Shell Parasite","floor":19,"turns":8},{"damage":37,"enemies":"Snake Plant","floor":20,"turns":4},{"damage":6,"enemies":"Cultist and Chosen","floor":21,"turns":1}],"seed_played":"749740012636471213","potions_obtained":[{"floor":6,"key":"Strength Potion"},{"floor":7,"key":"EntropicBrew"},{"floor":8,"key":"SkillPotion"},{"floor":11,"key":"ColorlessPotion"},{"floor":16,"key":"PowerPotion"},{"floor":19,"key":"SkillPotion"}],"is_trial":false,"path_per_floor":["M","?","?","M","M","E","M","E","T","M","M","?","R","M","R","B",null,"M","M","M","M"],"character_chosen":"DEFECT","items_purchased":[],"campfire_rested":1,"item_purchase_floors":[],"current_hp_per_floor":[61,46,46,46,46,30,28,17,24,21,23,23,47,53,53,45,73,60,41,4,0,0],"gold":612,"neow_bonus":"ONE_RANDOM_RARE_CARD","is_daily":false,"chose_seed":false,"campfire_upgraded":1,"win_rate":0.0,"timestamp":1610770402,"path_taken":["M","?","?","?","M","E","M","E","T","M","M","?","R","M","R","BOSS","M","M","M","M"],"items_purchased_type":[],"build_version":"2020-12-22","purchased_purges":0,"victory":false,"max_hp_per_floor":[75,75,75,75,75,75,75,75,82,82,82,82,82,82,82,82,82,82,82,82,82,82],"card_choices":[{"not_picked":["Redo","Barrage"],"picked":"Coolheaded","floor":1},{"not_picked":["Reprogram","Stack"],"picked":"Rebound","floor":4},{"not_picked":["Hologram","Go for the Eyes"],"picked":"White Noise","floor":5},{"not_picked":["Machine Learning","Sweeping Beam"],"picked":"Self Repair","floor":6},{"not_picked":["Hologram","Conserve Battery"],"picked":"Chill","floor":7},{"not_picked":["Heatsinks","Leap"],"picked":"Core Surge","floor":8},{"not_picked":["Go for the Eyes","Rebound"],"picked":"Undo","floor":10},{"not_picked":["Go for the Eyes","Beam Cell"],"picked":"Cold Snap","floor":11},{"not_picked":["Hologram","Melter"],"picked":"Defragment","floor":14},{"not_picked":["Thunder Strike","Seek"],"picked":"Amplify","floor":16},{"not_picked":["Streamline","Compile Driver"],"picked":"Barrage","floor":18},{"not_picked":["Rebound+1","Sweeping Beam"],"picked":"Echo Form","floor":19},{"not_picked":["Heatsinks","Compile Driver","Sweeping Beam"],"picked":"SKIP","floor":20}],"player_experience":720632,"relics_obtained":[{"floor":6,"key":"Emotion Chip"},{"floor":8,"key":"Toy Ornithopter"},{"floor":9,"key":"Strawberry"}],"event_choices":[{"damage_healed":0,"gold_gain":0,"player_choice":"Entered Light","damage_taken":15,"max_hp_gain":0,"max_hp_loss":0,"event_name":"Shining Light","floor":2,"gold_loss":0,"cards_upgraded":["Strike_B","Strike_B"]},{"damage_healed":0,"gold_gain":175,"player_choice":"AGREE","damage_taken":0,"max_hp_gain":0,"max_hp_loss":0,"event_name":"Liars Game","floor":3,"gold_loss":0,"cards_obtained":["Doubt"]},{"damage_healed":0,"gold_gain":0,"cards_transformed":["Strike_B"],"player_choice":"Change","damage_taken":0,"max_hp_gain":0,"max_hp_loss":0,"event_name":"Living Wall","floor":12,"gold_loss":0,"cards_obtained":["Conserve Battery"]}],"is_beta":false,"boss_relics":[{"not_picked":["Fusion Hammer","Busted Crown"],"picked":"Astrolabe"}],"items_purged_floors":[],"is_endless":false,"potions_floor_spawned":[6,7,8,11,14,16,19],"killed_by":"Cultist and Chosen","ascension_level":12}}