{"host":"lehz9p79pih88cc3","time":1610824599,"event":{"mods":["AchievementEnabler","Act Like it!","Ascension Reborn","Aspiration","BaseMod","Better Note","Better Skull","Better Third Choice","CapriCore","Defuse TimeMaze Blight","Disable Question Mark Monsters","Emptier Cage","Gensokyo","GungeonMod","Infinite Spire","Koishi","Marisa????????","Minty Spire (QoL Compilation)","Permanent Neow","Quick Restart","Reimu??????","Relic Stats","Remilia??????","SacredBarkPlus","Shop Mod","StSLib","The Immortal","The Servant 0.9.4","Transform Curses","Uncapped"],"gold_per_floor":[118,131,131,131,131,165,699,716,716,757,339,356,370,262,262,376,376,398,107,139,169,66,96,96,108,108,130,154,13,313,331,331,445,445,464,205,145,4,4,4,4,24,24,40,40,63,98,120,120,120],"floor_reached":51,"language":"ENG","playtime":2102,"items_purged":[],"score":270,"play_id":"6b739307-7a8c-4a68-99c7-89c39645622c","local_time":"20210116141639","is_ascension_mode":true,"campfire_choices":[{"data":"DevaForm","floor":15,"key":"SMITH"},{"data":"Gensokyo:TekeTeke","floor":24,"key":"SMITH"},{"data":"DevaForm","floor":32,"key":"SMITH"},{"data":"Apotheosis","floor":40,"key":"SMITH"},{"floor":49,"key":"REST"}],"circlet_count":0,"master_deck":["Strike_P+1","Strike_P+1","Defend_P+1","Defend_P+1","Vigilance+1","ClearTheMind","Wallop","WaveOfTheHand","Crescendo+1","Alpha","Adaptation","Gensokyo:TekeTeke+1","BattleHymn","Crescendo","DevaForm+1","DevaForm+1","Tantrum","Protect+1","LikeWater+1","InnerPeace+1","MentalFortress","ConjureBlade","ClearTheMind+1","Ragnarok","Apotheosis+1","Gensokyo:CustomPotion"],"relics":["infinitespire:Cupcake","DemoMod:DecoyRelic","Happy Flower","PureWhite:ReiMu","DemoMod:WeirdEgg","DemoMod:ResourcefulSack","Prayer Wheel","InkBottle","HandDrill","Bronze Scales","Chemical X","CaptainsWheel","Empty Cage","MawBank","OrangePellets","Orrery","Anchor","DemoMod:WhiteGuonStone","Membership Card","GoldenEye","VioletLotus","Bag of Preparation","Bag of Marbles","Melange","ClockworkSouvenir","Boot","Blue Candle","DemoMod:PartiallyEatenCheese","Turnip"],"acts_visited":["Gensokyo:Gensokyo","Gensokyo:Gensokyoer","Gensokyo:Gensokyoest"],"potions_floor_usage":[10,16,16,33,35,50],"damage_taken":[{"damage":1,"enemies":"Gensokyo:2_Kodama","floor":1,"turns":2},{"damage":0,"enemies":"Gensokyo:Python","floor":2,"turns":1},{"damage":0,"enemies":"Gensokyo:Cirno","floor":6,"turns":6},{"damage":0,"enemies":"Gensokyo:3_Fairies","floor":8,"turns":3},{"damage":0,"enemies":"Gensokyo:Aya","floor":10,"turns":2},{"damage":0,"enemies":"Gensokyo:Python_and_Kodama","floor":12,"turns":1},{"damage":0,"enemies":"Gensokyo:LivingMonolith","floor":13,"turns":2},{"damage":0,"enemies":"Gensokyo:Yukari","floor":16,"turns":3},{"damage":0,"enemies":"Gensokyo:3_Dogs","floor":18,"turns":3},{"damage":0,"enemies":"Gensokyo:2_Gloops","floor":20,"turns":1},{"damage":0,"enemies":"Gensokyo:Swordslinger","floor":21,"turns":4},{"damage":0,"enemies":"Gensokyo:Reisen","floor":23,"turns":4},{"damage":0,"enemies":"Gensokyo:Wraith","floor":25,"turns":4},{"damage":0,"enemies":"Gensokyo:Chomper_and_Gloop","floor":27,"turns":3},{"damage":0,"enemies":"Gensokyo:3_Gloops","floor":28,"turns":3},{"damage":0,"enemies":"Gensokyo:Wraith","floor":31,"turns":3},{"damage":0,"enemies":"Gensokyo:Kaguya","floor":33,"turns":6},{"damage":0,"enemies":"Gensokyo:AncientGuardian","floor":35,"turns":6},{"damage":0,"enemies":"Gensokyo:3_Boulders","floor":42,"turns":1},{"damage":0,"enemies":"Gensokyo:SeedOfUnknown","floor":44,"turns":2},{"damage":0,"enemies":"Gensokyo:4_Bats","floor":46,"turns":1},{"damage":25,"enemies":"Gensokyo:Doremy","floor":47,"turns":3},{"damage":0,"enemies":"Gensokyo:Rafflesia","floor":48,"turns":5},{"damage":2,"enemies":"Gensokyo:Yuyuko","floor":50,"turns":5}],"seed_played":"-4557232861801383142","potions_obtained":[{"floor":1,"key":"DistilledChaos"},{"floor":2,"key":"LiquidBronze"},{"floor":6,"key":"SpeedPotion"},{"floor":6,"key":"LiquidMemories"},{"floor":8,"key":"LiquidMemories"},{"floor":10,"key":"EssenceOfSteel"},{"floor":16,"key":"DemoMod:LeadSkinPotion"},{"floor":18,"key":"Fire Potion"},{"floor":25,"key":"PowerPotion"},{"floor":33,"key":"DemoMod:LeadSkinPotion"},{"floor":42,"key":"Regen Potion"},{"floor":47,"key":"DuplicationPotion"}],"is_trial":false,"path_per_floor":["M","M","?","?","?","E","?","M","T","?","COS","M","M","$","R","B",null,"M","COS","M","M","$","E","R","M","T","M","M","$","?","M","R","B",null,"M","$","?","COS","?","R","?","M","T","M","?","M","E","M","R","B",null],"character_chosen":"WATCHER","items_purchased":["Chemical X","Anchor","Membership Card","MentalFortress","Bag of Preparation","Bag of Marbles","Ragnarok","Melange","Apotheosis"],"campfire_rested":1,"item_purchase_floors":[14,22,29,29,36,36,36,36,36],"current_hp_per_floor":[75,75,75,75,83,83,40,40,40,40,40,40,40,40,40,46,87,87,87,87,87,87,87,87,87,94,94,94,94,94,94,94,98,98,98,98,98,98,98,98,98,98,98,98,98,98,73,73,98,102],"gold":120,"neow_bonus":"BOSS_RELIC","is_daily":false,"chose_seed":false,"campfire_upgraded":4,"win_rate":0.0,"timestamp":1610824599,"path_taken":["M","M","?","?","?","E","?","?","T","?","COS","M","M","?","R","BOSS","M","COS","?","M","?","E","R","?","T","M","?","?","?","M","R","BOSS","M","$","?","COS","?","R","?","M","T","M","?","M","E","M","R","BOSS"],"items_purchased_type":["Relic","Relic","Relic","Card","Relic","Relic","Card","Relic","Card"],"build_version":"2020-12-22","purchased_purges":0,"victory":true,"max_hp_per_floor":[76,76,76,76,83,83,83,83,83,83,83,83,83,83,83,87,87,87,87,87,87,87,87,87,87,94,94,94,94,94,94,94,98,98,98,98,98,98,98,98,98,98,98,98,98,98,98,98,98,102],"relic_stats":{"Happy Flower":[23],"counters":[24,74],"Blue Candle":[0],"Melange":[6],"Bag of Preparation":[12],"MawBank":56,"GoldenEye":[4],"Boot":[15],"OrangePellets":[11],"Bronze Scales":[103],"Prayer Wheel":14,"VioletLotus":[6],"Turnip":[6],"HandDrill":[14],"Chemical X":[2],"obtain_stats":[{"Melange":36,"DemoMod:GlassGuonStoneRelic":1,"Bag of Preparation":36,"DemoMod:WhiteGuonStone":26,"Empty Cage":17,"Boot":43,"ClockworkSouvenir":38,"DemoMod:MonsterBlood":26,"Prayer Wheel":9,"VioletLotus":34,"HandDrill":11,"Chemical X":14,"InkBottle":10,"Happy Flower":3,"DemoMod:WeirdEgg":8,"Blue Candle":43,"DemoMod:PartiallyEatenCheese":44,"MawBank":18,"GoldenEye":33,"OrangePellets":19,"PureWhite:ReiMu":6,"CaptainsWheel":16,"Anchor":22,"Bronze Scales":13,"DemoMod:DecoyRelic":1,"Orrery":19,"Turnip":47,"Bag of Marbles":36,"DemoMod:ResourcefulSack":9,"Membership Card":29,"PureWater":0,"infinitespire:Cupcake":0},{"Melange":18,"DemoMod:GlassGuonStoneRelic":1,"Bag of Preparation":18,"DemoMod:WhiteGuonStone":13,"Empty Cage":8,"Boot":19,"ClockworkSouvenir":18,"DemoMod:MonsterBlood":13,"Prayer Wheel":4,"VioletLotus":17,"HandDrill":5,"Chemical X":7,"InkBottle":5,"Happy Flower":2,"DemoMod:WeirdEgg":4,"Blue Candle":19,"DemoMod:PartiallyEatenCheese":20,"MawBank":9,"GoldenEye":17,"OrangePellets":9,"PureWhite:ReiMu":3,"CaptainsWheel":8,"Anchor":11,"Bronze Scales":7,"DemoMod:DecoyRelic":1,"Orrery":9,"Turnip":22,"Bag of Marbles":18,"DemoMod:ResourcefulSack":4,"Membership Card":15,"PureWater":0,"infinitespire:Cupcake":0},{"Melange":57,"DemoMod:GlassGuonStoneRelic":2,"Bag of Preparation":57,"DemoMod:WhiteGuonStone":36,"Empty Cage":20,"Boot":58,"ClockworkSouvenir":57,"DemoMod:MonsterBlood":36,"Prayer Wheel":12,"VioletLotus":51,"HandDrill":14,"Chemical X":17,"InkBottle":14,"Happy Flower":3,"DemoMod:WeirdEgg":12,"Blue Candle":58,"DemoMod:PartiallyEatenCheese":60,"MawBank":22,"GoldenEye":51,"OrangePellets":23,"PureWhite:ReiMu":9,"CaptainsWheel":20,"Anchor":28,"Bronze Scales":17,"DemoMod:DecoyRelic":2,"Orrery":23,"Turnip":64,"Bag of Marbles":57,"DemoMod:ResourcefulSack":12,"Membership Card":42,"PureWater":0,"infinitespire:Cupcake":0}],"InkBottle":[21]},"card_choices":[{"not_picked":["Study","Prostrate"],"picked":"ClearTheMind","floor":1},{"not_picked":["ThirdEye","FollowUp"],"picked":"Wallop","floor":2},{"not_picked":["Wireheading","Brilliance"],"picked":"WaveOfTheHand","floor":4},{"not_picked":["CutThroughFate","WreathOfFlame"],"picked":"Crescendo","floor":4},{"not_picked":["DeceiveReality","FearNoEvil"],"picked":"Alpha","floor":6},{"not_picked":["CutThroughFate","Halt","Collect"],"picked":"SKIP","floor":8},{"not_picked":["FollowUp","BowlingBash"],"picked":"Adaptation","floor":10},{"not_picked":["FlyingSleeves","Protect"],"picked":"BattleHymn","floor":12},{"not_picked":["Conclude","PathToVictory"],"picked":"Crescendo","floor":12},{"not_picked":["BowlingBash","ClearTheMind"],"picked":"DevaForm","floor":13},{"not_picked":["BowlingBash","JustLucky","WheelKick"],"picked":"SKIP","floor":13},{"not_picked":["LessonLearned","MasterReality"],"picked":"DevaForm","floor":16},{"not_picked":["FlurryOfBlows","Consecrate","SandsOfTime+1"],"picked":"SKIP","floor":18},{"not_picked":["CutThroughFate","FollowUp+1","WreathOfFlame"],"picked":"SKIP","floor":18},{"not_picked":["Consecrate+1","SashWhip"],"picked":"Tantrum","floor":19},{"not_picked":["Sanctity","Omniscience"],"picked":"Protect+1","floor":19},{"not_picked":["Consecrate","ClearTheMind","EmptyFist"],"picked":"SKIP","floor":20},{"not_picked":["Consecrate","Prostrate","WheelKick"],"picked":"SKIP","floor":20},{"not_picked":["EmptyMind","EmptyFist","Prostrate"],"picked":"SKIP","floor":21},{"not_picked":["Halt+1","JustLucky+1","CutThroughFate"],"picked":"SKIP","floor":21},{"not_picked":["FollowUp+1","BowlingBash+1","FearNoEvil"],"picked":"SKIP","floor":23},{"not_picked":["Vengeance+1","ThirdEye"],"picked":"LikeWater+1","floor":25},{"not_picked":["Evaluate","Halt"],"picked":"InnerPeace+1","floor":25},{"not_picked":["FlyingSleeves","Consecrate","Nirvana"],"picked":"SKIP","floor":27},{"not_picked":["Brilliance","Wireheading","ThirdEye"],"picked":"SKIP","floor":27},{"not_picked":["DeceiveReality","ForeignInfluence+1","Evaluate"],"picked":"SKIP","floor":28},{"not_picked":["Worship+1","CrushJoints","EmptyBody+1"],"picked":"SKIP","floor":28},{"not_picked":["ThirdEye","FlyingSleeves","PathToVictory"],"picked":"SKIP","floor":31},{"not_picked":["SandsOfTime","Crescendo+1","Perseverance+1"],"picked":"SKIP","floor":31},{"not_picked":["Omniscience","SpiritShield"],"picked":"ConjureBlade","floor":33},{"not_picked":["Perseverance+1","DeceiveReality+1"],"picked":"ClearTheMind+1","floor":35},{"not_picked":["FlurryOfBlows","Prostrate+1","Evaluate+1"],"picked":"SKIP","floor":35},{"not_picked":["Indignation+1","Meditate+1","FollowUp+1"],"picked":"SKIP","floor":42},{"not_picked":["Swivel+1","MentalFortress+1","BowlingBash"],"picked":"SKIP","floor":42},{"not_picked":["Meditate","FollowUp+1","Protect"],"picked":"SKIP","floor":44},{"not_picked":["Protect","Omniscience","Halt+1"],"picked":"SKIP","floor":44},{"not_picked":["Meditate","FollowUp+1","Protect"],"picked":"SKIP","floor":44},{"not_picked":["Protect","Omniscience","Halt+1"],"picked":"SKIP","floor":44},{"not_picked":["PathToVictory","Consecrate+1","EmptyBody+1"],"picked":"SKIP","floor":46},{"not_picked":["SashWhip+1","SignatureMove+1","ThirdEye"],"picked":"SKIP","floor":46},{"not_picked":["Alpha","Ragnarok","ReachHeaven"],"picked":"SKIP","floor":47},{"not_picked":["SashWhip+1","Halt+1","FollowUp"],"picked":"SKIP","floor":48},{"not_picked":["WreathOfFlame+1","ClearTheMind","Protect+1"],"picked":"SKIP","floor":48}],"player_experience":230971,"relics_obtained":[{"floor":1,"key":"DemoMod:DecoyRelic"},{"floor":6,"key":"PureWhite:ReiMu"},{"floor":8,"key":"DemoMod:WeirdEgg"},{"floor":9,"key":"DemoMod:ResourcefulSack"},{"floor":9,"key":"Prayer Wheel"},{"floor":10,"key":"InkBottle"},{"floor":13,"key":"Bronze Scales"},{"floor":16,"key":"CaptainsWheel"},{"floor":26,"key":"DemoMod:WhiteGuonStone"},{"floor":26,"key":"DemoMod:MonsterBlood"},{"floor":33,"key":"GoldenEye"},{"floor":43,"key":"Boot"},{"floor":43,"key":"Blue Candle"},{"floor":44,"key":"DemoMod:PartiallyEatenCheese"},{"floor":47,"key":"Turnip"}],"event_choices":[{"damage_healed":0,"gold_gain":445,"player_choice":"GO GO GO GO ","damage_taken":47,"relics_obtained":[],"max_hp_gain":0,"max_hp_loss":0,"event_name":"betterSkull:BetterSkull","floor":7,"gold_loss":0,"cards_upgraded":[]}],"is_beta":false,"boss_relics":[{"not_picked":["aspiration:SecretTechniqueScroll","Busted Crown"],"picked":"Empty Cage"},{"not_picked":["aspiration:PoetsPen_weak","Cursed Key"],"picked":"VioletLotus"}],"items_purged_floors":[],"is_endless":false,"potions_floor_spawned":[6,10,12,23,25,27,31,42,47,48],"ascension_level":-20}}