{"host":"r9uivonio18rfam2","time":1610819666,"event":{"mods":["2.2 Compatiblity","AchievementEnabler","Act Like it!","Aspiration","BaseMod","Better Altar","Better Match","Better Note","Better Sensory Stone","Better Skull","Better Third Choice","BetterRewards","Colored Map","Colored Powertips","Conspire","Energized Spire","Infinite Spire","Minty Spire (QoL Compilation)","Permanent Neow","Quick Restart","Replay The Spire","Shop Mod","Spikes Relics","StSLib","The Blue Laboratory","The Jungle","Wandering Minibosses","vexMod"],"gold_per_floor":[113,133,133,147,147,181,194,194,194],"floor_reached":8,"language":"ENG","playtime":555,"items_purged":[],"score":81,"play_id":"c6920f2b-7fc4-4391-b65e-b5fe766bbbd2","local_time":"20210116125426","is_ascension_mode":true,"campfire_choices":[],"circlet_count":0,"master_deck":["Strike_R","Strike_R","Strike_R","Strike_R","Strike_R","Defend_R","Defend_R","Defend_R","Defend_R","Bash","Dodge and Roll","Melter","Footwork"],"relics":["Burning Blood","PrismaticShard","infinitespire:Beetle Shell","Ancient Tea Set","Smiling Mask"],"acts_visited":["Exordium"],"potions_floor_usage":[6,6,6,6,7,8],"damage_taken":[{"damage":7.0,"enemies":"2 Louse","floor":1.0,"turns":4.0},{"damage":10.0,"enemies":"Jaw Worm","floor":2.0,"turns":7.0},{"damage":18.0,"enemies":"infinitespire:Voidling","floor":4.0,"turns":6.0},{"damage":24,"enemies":"Lagavulin","floor":6,"turns":7},{"damage":8,"enemies":"conspire:2 RoseBushes","floor":7,"turns":9},{"damage":27,"enemies":"3 Sentries","floor":8,"turns":6}],"seed_played":"3302274830551228322","potions_obtained":[{"floor":2.0,"key":"blueLaboratory:AbyssPotion"},{"floor":6,"key":"blueLaboratory:RememoryPotion"},{"floor":7,"key":"blueLaboratory:BubblePotion"}],"is_trial":false,"path_per_floor":["M","M","?","M","?","E","M","E"],"character_chosen":"IRONCLAD","items_purchased":["EntropicBrew"],"campfire_rested":0,"item_purchase_floors":[0],"current_hp_per_floor":[71,67,67,55,55,37,35,8,8],"gold":194,"neow_bonus":"","is_daily":false,"chose_seed":false,"campfire_upgraded":0,"win_rate":0.0,"timestamp":1610819666,"path_taken":["M","M","?","M","?","E","M","E"],"items_purchased_type":["Potion"],"build_version":"2020-12-22","purchased_purges":0,"victory":false,"max_hp_per_floor":[80,80,80,80,80,80,80,80,80],"card_choices":[{"not_picked":["Poisoned Stab","Flying Knee"],"picked":"Specialist","floor":1.0},{"not_picked":["Eviscerate","FlurryOfBlows"],"picked":"Dodge and Roll","floor":2.0},{"not_picked":["Leap","ShadowRift","Replay:Vibes"],"picked":"SKIP","floor":4.0},{"not_picked":["Dual Wield","Ball Lightning"],"picked":"Melter","floor":6},{"not_picked":["ReplayTheSpireMod:Uncanny Aura","Replay:AtTheReady"],"picked":"Footwork","floor":7}],"player_experience":360806,"relics_obtained":[{"floor":3.0,"key":"infinitespire:Beetle Shell"},{"floor":6,"key":"Smiling Mask"}],"event_choices":[{"cards_removed":["Specialist"],"damage_healed":0.0,"max_hp_gain":0.0,"max_hp_loss":0.0,"gold_gain":0.0,"event_name":"WeMeetAgain","player_choice":"Gave Card","floor":5.0,"gold_loss":0.0,"damage_taken":0.0,"relics_obtained":["Ancient Tea Set"]}],"is_beta":false,"boss_relics":[],"items_purged_floors":[],"is_endless":false,"potions_floor_spawned":[2,6,7],"killed_by":"3 Sentries","ascension_level":8}}