{"host":"jl3raagrljzztomj","time":1610764895,"event":{"mods":["Aspiration","BaseMod","Better Third Choice","BetterRewards","Colored Map","Colored Powertips","Custom Start","Hermit","Highlight Path","Marked Mod","Minty Spire (QoL Compilation)","Permanent Neow","Relic Stats","StSLib","SuperFastMode","The Runesmith"],"gold_per_floor":[109,129,129,129,147,177,177,193,220,235,255,255,274,40,40,139,139,158,158,158,158,6,6,25,25,25,38,38,48,14,34,34,135,135,154,154,154,154,167,167,184,0,0,0,18,18,18,34,34,34],"floor_reached":51,"language":"ENG","playtime":2347,"items_purged":["Runesmith:Strike_RS","Runesmith:Defend_RS"],"score":649,"play_id":"f9cd85fb-df17-4755-9aa5-0082339fe2ee","local_time":"20210115204135","is_ascension_mode":false,"campfire_choices":[{"floor":7,"key":"REST"},{"floor":12,"key":"REST"},{"data":"Runesmith:Reinforce","floor":15,"key":"SMITH"},{"data":"Runesmith:RunicBlueprint","floor":23,"key":"SMITH"},{"data":"Runesmith:CreatorForm","floor":25,"key":"SMITH"},{"data":"Runesmith:Terraform","floor":28,"key":"SMITH"},{"floor":32,"key":"REST"},{"data":"Runesmith:ArcReactor","floor":40,"key":"SMITH"},{"floor":44,"key":"REST"},{"floor":46,"key":"REST"},{"floor":49,"key":"REST"}],"circlet_count":0,"master_deck":["Runesmith:Strike_RS+1","Runesmith:Defend_RS","Runesmith:Defend_RS","Runesmith:Defend_RS","Runesmith:CraftFirestone","Runesmith:Fortify","Runesmith:ChaoticBlast","Runesmith:EnergizedChisel","Runesmith:ArcReactor+1","Runesmith:HeatedChisel","Runesmith:Grindstone","Runesmith:Reinforce+1","Runesmith:LithiumIon","Runesmith:CreatorForm+1","Runesmith:RunicBlueprint+1","Runesmith:EnergizedChisel","Runesmith:CraftProtectio","Runesmith:Terraform+1","Runesmith:Repurpose+1","Runesmith:Firestorm","Runesmith:LightningRod","Runesmith:ElementalConversion","Runesmith:DuctTape","Runesmith:EarthShield+1","Runesmith:RuneHurl+1","Madness","Runesmith:CraftObretio+1"],"relics":["Runesmith:BrokenRuby","Nunchaku","Mercury Hourglass","Art of War","MutagenicStrength","Bird Faced Urn","aspiration:MobileForge","Red Mask","Question Card"],"acts_visited":["Exordium","TheCity","TheBeyond"],"potions_floor_usage":[16,16,29,29,29,33,48,48],"damage_taken":[{"damage":0,"enemies":"2 Louse","floor":1,"turns":2},{"damage":7,"enemies":"Jaw Worm","floor":2,"turns":4},{"damage":0,"enemies":"Small Slimes","floor":5,"turns":3},{"damage":13,"enemies":"Gremlin Nob","floor":6,"turns":5},{"damage":2,"enemies":"Blue Slaver","floor":8,"turns":4},{"damage":0,"enemies":"3 Louse","floor":10,"turns":3},{"damage":15,"enemies":"Exordium Wildlife","floor":11,"turns":5},{"damage":10,"enemies":"Looter","floor":13,"turns":3},{"damage":1,"enemies":"The Guardian","floor":16,"turns":9},{"damage":0,"enemies":"Chosen","floor":18,"turns":6},{"damage":20,"enemies":"Shell Parasite","floor":24,"turns":5},{"damage":9,"enemies":"Snecko","floor":27,"turns":6},{"damage":1,"enemies":"Centurion and Healer","floor":29,"turns":6},{"damage":24,"enemies":"Sentry and Sphere","floor":31,"turns":6},{"damage":22,"enemies":"Automaton","floor":33,"turns":11},{"damage":17,"enemies":"Orb Walker","floor":35,"turns":6},{"damage":15,"enemies":"3 Shapes","floor":39,"turns":7},{"damage":31,"enemies":"Transient","floor":41,"turns":5},{"damage":33,"enemies":"Writhing Mass","floor":45,"turns":7},{"damage":21,"enemies":"3 Darklings","floor":48,"turns":5},{"damage":42,"enemies":"Time Eater","floor":50,"turns":16}],"seed_played":"359591150588642520","potions_obtained":[{"floor":1,"key":"Weak Potion"},{"floor":6,"key":"BlessingOfTheForge"},{"floor":8,"key":"Swift Potion"},{"floor":24,"key":"SpeedPotion"},{"floor":27,"key":"Energy Potion"},{"floor":31,"key":"ColorlessPotion"},{"floor":35,"key":"Dexterity Potion"},{"floor":45,"key":"PowerPotion"}],"is_trial":false,"path_per_floor":["M","M","?","?","M","E","R","M","T","M","M","R","M","$","R","B",null,"M","?","?","?","$","R","M","R","T","M","R","M","$","M","R","B",null,"M","?","?","?","M","R","M","?","T","R","M","R","?","M","R","B",null],"character_chosen":"RUNESMITH_CLASS","items_purchased":["Runesmith:Reinforce","Runesmith:LithiumIon","Runesmith:CraftProtectio","Runesmith:Firestorm"],"campfire_rested":6,"item_purchase_floors":[14,14,22,30],"current_hp_per_floor":[70,63,49,46,46,33,54,52,52,52,37,58,48,48,48,47,70,70,70,70,70,70,70,50,50,50,45,45,48,48,30,51,37,70,58,65,65,65,54,54,29,29,29,50,25,46,46,37,58,26],"gold":34,"neow_bonus":"THREE_CARDS","is_daily":false,"chose_seed":false,"campfire_upgraded":5,"win_rate":0.0,"timestamp":1610764895,"path_taken":["M","M","?","?","M","E","R","M","T","M","M","R","M","$","R","BOSS","M","?","?","?","$","R","M","R","T","M","R","?","$","M","R","BOSS","M","?","?","?","M","R","?","?","T","R","M","R","?","M","R","BOSS"],"items_purchased_type":["Card","Card","Card","Card"],"build_version":"2020-12-22","purchased_purges":2,"victory":true,"max_hp_per_floor":[70,70,70,70,70,70,70,70,70,70,70,70,70,70,70,70,70,70,70,70,70,70,70,70,70,70,70,70,70,70,70,70,70,70,70,70,70,70,70,70,70,70,70,70,70,70,70,70,70,70],"relic_stats":{"Nunchaku":[13],"counters":[21,123],"Bird Faced Urn":[67],"Art of War":[27],"Question Card":3,"obtain_stats":[{"Runesmith:BrokenRuby":0,"Nunchaku":4,"aspiration:MobileForge":34,"MutagenicStrength":19,"Bird Faced Urn":26,"Art of War":9,"Red Mask":42,"Question Card":43,"Mercury Hourglass":6},{"Runesmith:BrokenRuby":0,"Nunchaku":2,"aspiration:MobileForge":15,"MutagenicStrength":10,"Bird Faced Urn":11,"Art of War":5,"Red Mask":18,"Question Card":18,"Mercury Hourglass":4},{"Runesmith:BrokenRuby":0,"Nunchaku":6,"aspiration:MobileForge":78,"MutagenicStrength":44,"Bird Faced Urn":49,"Art of War":18,"Red Mask":96,"Question Card":96,"Mercury Hourglass":14}],"Mercury Hourglass":[366]},"card_choices":[{"not_picked":["Runesmith:Repurpose","Runesmith:Prism"],"picked":"Runesmith:ChaoticBlast","floor":0},{"not_picked":["Runesmith:CraftReservo","Runesmith:RuneHurl","Runesmith:ChiselStab"],"picked":"SKIP","floor":1},{"not_picked":["Runesmith:HeatExchange","Runesmith:Empowerment","Runesmith:CraftProtectio"],"picked":"SKIP","floor":2},{"not_picked":["Runesmith:EarthShield","Runesmith:MakeshiftArmor"],"picked":"Runesmith:EnergizedChisel","floor":5},{"not_picked":["Runesmith:MakeshiftArmor","Runesmith:EarthShield"],"picked":"Runesmith:ArcReactor","floor":6},{"not_picked":["Runesmith:CraftMagma","Runesmith:EarthShield","Runesmith:ShiftingStrike"],"picked":"SKIP","floor":8},{"not_picked":["Runesmith:BackupBattery","Runesmith:CraftProtectio"],"picked":"Runesmith:HeatedChisel","floor":10},{"not_picked":["Runesmith:ShiftingStrike","Runesmith:Malloc"],"picked":"Runesmith:Grindstone","floor":11},{"not_picked":["Runesmith:Repurpose","Runesmith:RuneHurl","Runesmith:NanitesCloud"],"picked":"SKIP","floor":13},{"not_picked":["Runesmith:Duplicate","Runesmith:CraftIndustria"],"picked":"Runesmith:CreatorForm","floor":16},{"not_picked":["Runesmith:Refine+1","Runesmith:Grindstone"],"picked":"Runesmith:RunicBlueprint","floor":18},{"not_picked":["Runesmith:HammerThrow","Runesmith:ChiselStab","Runesmith:CraftMagma"],"picked":"SKIP","floor":24},{"not_picked":["Runesmith:Refine","Runesmith:RuneHurl+1"],"picked":"Runesmith:Terraform","floor":27},{"not_picked":["Runesmith:EnergizedChisel","Runesmith:Duplicate"],"picked":"Runesmith:Repurpose+1","floor":29},{"not_picked":["Runesmith:UnstableHammer+1","Runesmith:HammerThrow+1","Runesmith:RuneHurl"],"picked":"SKIP","floor":31},{"not_picked":["Runesmith:MetallurgicalResearch","Runesmith:ReplicatingBarrier"],"picked":"Runesmith:LightningRod","floor":33},{"not_picked":["Runesmith:Repurpose+1","Runesmith:HammerTime","Runesmith:HeatedChisel"],"picked":"SKIP","floor":35},{"not_picked":["Runesmith:CraftProtectio+1","Runesmith:CraftMagma+1","Runesmith:Grindstone"],"picked":"SKIP","floor":39},{"not_picked":["Runesmith:Electrocute","Runesmith:ChiselStab"],"picked":"Runesmith:EarthShield+1","floor":41},{"not_picked":["Runesmith:CraftProtectio","Runesmith:HammerThrow+1","Runesmith:HeatExchange+1"],"picked":"Runesmith:RuneHurl+1","floor":45},{"not_picked":["Chrysalis","Finesse","Enlightenment"],"picked":"Madness","floor":47},{"not_picked":["Runesmith:OneForEveryone+1","Runesmith:HammerAndChisel","Runesmith:HeatedChisel+1"],"picked":"Runesmith:CraftObretio+1","floor":48}],"player_experience":966651,"relics_obtained":[{"floor":6,"key":"Mercury Hourglass"},{"floor":9,"key":"Art of War"},{"floor":26,"key":"Bird Faced Urn"},{"floor":43,"key":"Question Card"}],"event_choices":[{"damage_healed":63,"gold_gain":0,"player_choice":"Upgrade","damage_taken":14,"max_hp_gain":0,"max_hp_loss":70,"event_name":"betterThird:BetterShining","floor":3,"gold_loss":0,"cards_upgraded":["Runesmith:Strike_RS","Runesmith:Strike_RS"]},{"damage_healed":0,"gold_gain":0,"player_choice":"Relic ","damage_taken":3,"max_hp_gain":0,"max_hp_loss":0,"event_name":"betterThird:BetterScrap","floor":4,"gold_loss":0,"cards_obtained":["Study"]},{"damage_healed":0,"gold_gain":0,"player_choice":"Inject Mutagens","damage_taken":0,"relics_obtained":["MutagenicStrength"],"max_hp_gain":0,"max_hp_loss":0,"event_name":"Drug Dealer","floor":19,"gold_loss":0},{"cards_removed":["Runesmith:Strike_RS"],"damage_healed":0,"gold_gain":0,"player_choice":"Elegance","damage_taken":0,"max_hp_gain":0,"max_hp_loss":0,"event_name":"betterThird:BetterWriting","floor":20,"gold_loss":0},{"damage_healed":0,"gold_gain":0,"player_choice":"Read","damage_taken":0,"max_hp_gain":0,"max_hp_loss":0,"event_name":"The Library","floor":21,"gold_loss":0,"cards_obtained":["Runesmith:EnergizedChisel"]},{"cards_removed":["Runesmith:Strike_RS"],"damage_healed":0,"gold_gain":0,"player_choice":"Removed Attack","damage_taken":0,"max_hp_gain":0,"max_hp_loss":0,"event_name":"Falling","floor":37,"gold_loss":0},{"damage_healed":0,"gold_gain":0,"player_choice":"2 cards matched","damage_taken":0,"max_hp_gain":0,"max_hp_loss":0,"event_name":"Match and Keep!","floor":38,"gold_loss":0,"cards_obtained":["Runesmith:ElementalConversion","Runesmith:DuctTape"]},{"damage_healed":0,"gold_gain":0,"player_choice":"Paid","damage_taken":0,"relics_obtained":["Red Mask"],"max_hp_gain":0,"max_hp_loss":0,"event_name":"Tomb of Lord Red Mask","floor":42,"gold_loss":184},{"damage_healed":0,"gold_gain":0,"player_choice":"Memory 1","damage_taken":0,"max_hp_gain":0,"max_hp_loss":0,"event_name":"SensoryStone","floor":47,"gold_loss":0}],"is_beta":false,"boss_relics":[{"not_picked":["Runic Pyramid","Busted Crown","aspiration:SilentSkillbook"]},{"not_picked":["Astrolabe","Snecko Eye"],"picked":"aspiration:MobileForge"}],"items_purged_floors":[14,22],"is_endless":false,"potions_floor_spawned":[1,6,8,11,24,27,31,35,45],"ascension_level":0}}