{"host":"i0xrm7p89v8es8ob","time":1610799438,"event":{"mods":["ATMod(°¢èªMod)","Act Like it!","Aspiration","BaseMod","Conspire","Dota2Spire","Minty Spire (QoL Compilation)","Pale of the Ancients","Permanent Neow","Quick Restart","Relic Stats","Replay The Spire","Spicy Shops","StSLib","The Dragon Tamer","The IronCluck","The Servant 0.9.4","vexMod","¡¾ÒÅÎï¿¨ÅÆ¡¿REMEMod"],"gold_per_floor":[115,129,129,148,48,80,5,26,51,71,71,71,10,20,20,115,115,126,144,92,103,18,82,99,99,150,150,150,0,0,29,29,134,134,172,172,214,233,233,263,263,263,263,275,275,309,340,374,374,420,433,447,447,14,14,27,27,27],"floor_reached":56,"language":"ZHS","playtime":4477,"items_purged":["DTMod:TargetDefense","conspire:SpireCoStock"],"score":954,"play_id":"a9fbc4bd-8c53-4a3f-8d04-2c43d6d6ffaf","local_time":"20210116201718","is_ascension_mode":false,"metric_token":1239,"campfire_choices":[{"floor":12.0,"key":"REST"},{"data":"DTMod:HeatWave","floor":15.0,"key":"SMITH"},{"data":"DTMod:GearUp","floor":25.0,"key":"SMITH"},{"floor":28.0,"key":"REST"},{"data":"DTMod:Dissolve","floor":30.0,"key":"SMITH"},{"data":"ForeignInfluence","floor":32.0,"key":"SMITH"},{"data":"ReplayTheSpireMod:Faulty Equipment","floor":42.0,"key":"SMITH"},{"floor":49.0,"key":"REST"},{"data":"DTMod:ResonanceForm","floor":55.0,"key":"SMITH"}],"dtmod_dragon_data":[7,50,2,3,4,7],"circlet_count":0,"master_deck":["DTMod:Strike","DTMod:Strike","DTMod:DoubleHit","DTMod:TargetDefense","DTMod:TargetDefense","DTMod:TargetDefense","DTMod:SwitchingTactic","AT_CaressingTears","DTMod:HeatWave+1","DTMod:ComboAttack","DTMod:DeepFocus","ForeignInfluence+1","conspire:SpireCoStock","DTMod:Punisher","DTMod:ComboAttack","DTMod:Adaptation+1","DTMod:DragonDance+1","DTMod:MagicField","DTMod:GearUp+1","DTMod:MaximumCharge","DTMod:BuildUp+1","DTMod:CalculatedDefense","DTMod:Weaken+1","ReplayTheSpireMod:Splinters","ForeignInfluence+1","DTMod:Dissolve+1","DTMod:QuickFly+1","DTMod:LastStand","Hallucinations","Doubt","AT_ShrugMaster+1","Slice+1","Envenom","Malaise","ReplayTheSpireMod:The Works","DTMod:Coolant+1","Conclude+1","Distraction+1","Uppercut+1","DTMod:ResonanceForm+1","DTMod:MagiciansMark","DTMod:ComboAttack"],"relics":["DTMod:PactStone","REME_ComplimentaryCards","AT_ATBox","aspiration:Nostalgia","Replay:M_SmolderingBlood","Dota2Spire:OrchidMalevolence","Odd Mushroom","Dota2Spire:MagicBottle","REME_DuelDisc","Letter Opener","Lantern","AT_BladeRuinedKing","PrismaticShard","AT_SunfireAegis","Replay:Wax Seal","vexMod:MysteryBossChallenge","Replay:Ancient Bell","Tiny Chest","AT_TimeSand","Dota2Spire:HeartOfTarrasque","DTMod:BindingString","Pear","Singing Bowl","paleoftheancients:Timepiece","Ice Cream","Gremlin Horn","Replay:Baseball","BargainBundle"],"acts_visited":["Exordium","TheCity","TheBeyond","TheBeyond"],"potions_floor_usage":[56,56],"damage_taken":[{"damage":0.0,"enemies":"Cultist","floor":1.0,"turns":5.0},{"damage":0.0,"enemies":"Jaw Worm","floor":2.0,"turns":4.0},{"damage":0.0,"enemies":"2 Louse","floor":4.0,"turns":4.0},{"damage":13.0,"enemies":"Replay:BlueRogue","floor":6.0,"turns":4.0},{"damage":0.0,"enemies":"The Mushroom Lair","floor":8.0,"turns":5.0},{"damage":5.0,"enemies":"Looter","floor":10.0,"turns":3.0},{"damage":0.0,"enemies":"2 Fungi Beasts","floor":14.0,"turns":3.0},{"damage":5.0,"enemies":"Hexaghost","floor":16.0,"turns":10.0},{"damage":0.0,"enemies":"Shell Parasite","floor":18.0,"turns":4.0},{"damage":0.0,"enemies":"conspire:FuzzyDice","floor":19.0,"turns":6.0},{"damage":0.0,"enemies":"Shelled Parasite and Fungi","floor":21.0,"turns":8.0},{"damage":12.0,"enemies":"Centurion and Healer","floor":24.0,"turns":6.0},{"damage":0.0,"enemies":"conspire:Head Lice","floor":31.0,"turns":5.0},{"damage":0.0,"enemies":"Collector","floor":33.0,"turns":6.0},{"damage":0.0,"enemies":"3 Shapes","floor":35.0,"turns":5.0},{"damage":0.0,"enemies":"Orb Walker","floor":37.0,"turns":3.0},{"damage":0.0,"enemies":"Jaw Worm Horde","floor":38.0,"turns":5.0},{"damage":10.0,"enemies":"Writhing Mass","floor":40.0,"turns":5.0},{"damage":0.0,"enemies":"Spire Growth","floor":44.0,"turns":5.0},{"damage":4.0,"enemies":"Sphere and 2 Shapes","floor":46.0,"turns":5.0},{"damage":12.0,"enemies":"Maw","floor":47.0,"turns":5.0},{"damage":1.0,"enemies":"R_Hoarder","floor":48.0,"turns":6.0},{"damage":55.0,"enemies":"Awakened One","floor":50.0,"turns":14.0},{"damage":26.0,"enemies":"Awakened One","floor":51.0,"turns":10.0},{"damage":98.0,"enemies":"Awakened One","floor":52.0,"turns":9.0},{"damage":69,"enemies":"Awakened One","floor":56,"turns":11}],"seed_played":"4817197465392566561","potions_obtained":[{"floor":2.0,"key":"Energy Potion"},{"floor":4.0,"key":"FearPotion"},{"floor":6.0,"key":"SkillPotion"},{"floor":19.0,"key":"Milkshake"},{"floor":21.0,"key":"PowerPotion"},{"floor":23.0,"key":"ColorlessPotion"},{"floor":33.0,"key":"SneckoOil"},{"floor":40.0,"key":"Toxic Potion"},{"floor":44.0,"key":"Reflective Coating"},{"floor":47.0,"key":"LiquidMemories"},{"floor":48.0,"key":"LifebloodPotion"},{"floor":51.0,"key":"SpeedPotion"}],"is_trial":false,"path_per_floor":["M","M","?","M","?","E","$","?","T","M","?","R","$","M","R","B",null,"M","M","$","M","?","?","M","R","T","?","R","$","R","E","R","B",null,"M","?","M","M","?","M","T","R","T","M","?","M","M","E","R","B","M","M","?","$","R","M"],"character_chosen":"THE_DT","items_purchased":["DTMod:DragonDance+1","DTMod:CalculatedDefense","AT_SunfireAegis","Replay:Baseball","BargainBundle","DTMod:ResonanceForm","DTMod:MagiciansMark","DTMod:ComboAttack","Weak Potion","Strength Potion"],"campfire_rested":3,"item_purchase_floors":[13,20,29,54,54,54,54,54,54,54],"current_hp_per_floor":[45,45,45,45,45,32,32,32,32,33,33,45,45,45,45,44,45,45,45,45,45,45,45,39,39,39,31,44,44,44,44,44,45,53,53,53,53,53,53,43,43,43,53,61,61,63,57,64,65,65,59,67,67,67,67,0,0,0],"gold":27,"neow_bonus":"NOSTALGIA","is_daily":false,"chose_seed":false,"campfire_upgraded":6,"win_rate":0.0,"timestamp":1610799438,"path_taken":["M","?","?","?","?","E","$","?","T","M","?","R","?","?","R","BOSS","M","M","$","M","?","?","M","R","T","?","R","$","R","E","R","BOSS","M","?","M","?","?","M","?","R","T","M","?","M","M","E","R","BOSS","M","M","?","$","R","M"],"items_purchased_type":["Card","Card","Relic","Relic","Relic","Card","Card","Card","Potion","Potion"],"build_version":"2020-12-22","purchased_purges":2,"victory":false,"max_hp_per_floor":[45,45,45,45,45,45,45,45,45,45,45,45,45,45,45,45,45,45,45,45,45,45,45,45,45,45,45,45,45,45,45,45,45,53,53,53,53,53,53,53,53,53,63,63,63,63,63,65,65,65,67,67,67,67,67,67,67,67],"relic_stats":{"Singing Bowl":4,"Gremlin Horn":[3,3],"counters":[26,156],"Tiny Chest":1,"Letter Opener":[185],"obtain_stats":[{"Ice Cream":50,"Lantern":23,"AT_ATBox":0,"Singing Bowl":48,"Gremlin Horn":50,"Dota2Spire:OrchidMalevolence":6,"REME_DuelDisc":17,"AT_TimeSand":34,"PrismaticShard":27,"Dota2Spire:MagicBottle":9,"Replay:M_SmolderingBlood":0,"Tiny Chest":34,"DTMod:BindingString":41,"Replay:Wax Seal":31,"BargainBundle":54,"Pear":43,"aspiration:Nostalgia":0,"vexMod:MysteryBossChallenge":34,"AT_BladeRuinedKing":26,"Replay:Ancient Bell":34,"Dota2Spire:HeartOfTarrasque":34,"Letter Opener":22,"Odd Mushroom":8,"paleoftheancients:Timepiece":50,"Replay:Baseball":54,"DTMod:PactStone":0,"AT_SunfireAegis":29,"REME_ComplimentaryCards":0},{"Ice Cream":23,"Lantern":11,"AT_ATBox":0,"Singing Bowl":22,"Gremlin Horn":23,"Dota2Spire:OrchidMalevolence":4,"REME_DuelDisc":8,"AT_TimeSand":14,"PrismaticShard":12,"Dota2Spire:MagicBottle":5,"Replay:M_SmolderingBlood":0,"Tiny Chest":14,"DTMod:BindingString":18,"Replay:Wax Seal":13,"BargainBundle":25,"Pear":18,"aspiration:Nostalgia":0,"vexMod:MysteryBossChallenge":14,"AT_BladeRuinedKing":12,"Replay:Ancient Bell":14,"Dota2Spire:HeartOfTarrasque":14,"Letter Opener":11,"Odd Mushroom":5,"paleoftheancients:Timepiece":23,"Replay:Baseball":25,"DTMod:PactStone":0,"AT_SunfireAegis":12,"REME_ComplimentaryCards":0},{"Ice Cream":126,"Lantern":56,"AT_ATBox":0,"Singing Bowl":112,"Gremlin Horn":126,"Dota2Spire:OrchidMalevolence":17,"REME_DuelDisc":38,"AT_TimeSand":73,"PrismaticShard":62,"Dota2Spire:MagicBottle":22,"Replay:M_SmolderingBlood":0,"Tiny Chest":73,"DTMod:BindingString":91,"Replay:Wax Seal":67,"BargainBundle":145,"Pear":91,"aspiration:Nostalgia":0,"vexMod:MysteryBossChallenge":73,"AT_BladeRuinedKing":62,"Replay:Ancient Bell":73,"Dota2Spire:HeartOfTarrasque":73,"Letter Opener":56,"Odd Mushroom":22,"paleoftheancients:Timepiece":126,"Replay:Baseball":145,"DTMod:PactStone":0,"AT_SunfireAegis":62,"REME_ComplimentaryCards":0}]},"card_choices":[{"not_picked":["DTMod:Cover","DTMod:WarmUp"],"picked":"DTMod:HeatWave","floor":1.0},{"not_picked":["Headbutt","DTMod:Hide"],"picked":"DTMod:ComboAttack","floor":2.0},{"not_picked":["DTMod:Punisher","BowlingBash"],"picked":"ForeignInfluence","floor":4.0},{"not_picked":["DTMod:HeatWave","Headbutt"],"picked":"DTMod:Punisher","floor":6.0},{"not_picked":["DTMod:Cover","Ragnarok"],"picked":"DTMod:ComboAttack","floor":8.0},{"not_picked":["Clash","DTMod:HeatWave"],"picked":"DTMod:Hide","floor":10.0},{"not_picked":["Headbutt","FlyingSleeves"],"picked":"DTMod:MagicField","floor":14.0},{"not_picked":["DTMod:Multitask","DTMod:ExcessFootwork"],"picked":"DTMod:GearUp","floor":16.0},{"not_picked":["BowlingBash+1","DTMod:DeepFocus"],"picked":"DTMod:MaximumCharge","floor":18.0},{"not_picked":["Halt","DTMod:SneakAttack"],"picked":"DTMod:BuildUp+1","floor":19.0},{"not_picked":["Halt","CrushJoints"],"picked":"DTMod:Weaken+1","floor":21.0},{"not_picked":["DTMod:QuickFly","DTMod:ShieldDrain"],"picked":"ForeignInfluence+1","floor":23.0},{"not_picked":["DTMod:ShadowImage","EmptyFist"],"picked":"DTMod:Dissolve","floor":24.0},{"not_picked":["DTMod:LowKick","DTMod:Feint"],"picked":"DTMod:QuickFly+1","floor":27.0},{"not_picked":["Static Discharge+1","TimeWarp"],"picked":"DTMod:LastStand","floor":31.0},{"not_picked":["Amnesia","Looming Evil"],"picked":"Hallucinations","floor":34.0},{"not_picked":["Replay:Hysterical Blindness","conspire:Blindness"],"picked":"Languid","floor":34.0},{"not_picked":["Replay:Hysterical Blindness","ReplayTheSpireMod:Doomed"],"picked":"Doubt","floor":34.0},{"not_picked":["Sneak Up","BestPractice"],"picked":"AT_ShrugMaster","floor":35.0},{"not_picked":["AT_ThistleTea+1","Outmaneuver+1"],"picked":"PathToVictory+1","floor":37.0},{"not_picked":["DTMod:BurningForce+1","Replay:BluntJabs+1"],"picked":"Slice+1","floor":38.0},{"not_picked":["PathToVictory","Iron Wave"],"picked":"DTMod:Coolant+1","floor":40.0},{"not_picked":["Bandage Up","Sweeping Beam"],"picked":"Conclude+1","floor":44.0},{"not_picked":["Redo+1","Rearm+1"],"picked":"Distraction+1","floor":46.0},{"not_picked":["DTMod:QuickFly+1","Dagger Throw+1"],"picked":"Uppercut+1","floor":47.0},{"not_picked":["Hidden Blade","Replay:DivineShield","Outmaneuver"],"picked":"Singing Bowl","floor":48.0},{"not_picked":["AT_ManFootWork","HandOfGreed","AT_WomanClash"],"picked":"Singing Bowl","floor":51.0}],"player_experience":61608,"relics_obtained":[{"floor":6.0,"key":"Dota2Spire:OrchidMalevolence"},{"floor":8.0,"key":"Odd Mushroom"},{"floor":9.0,"key":"Dota2Spire:MagicBottle"},{"floor":23.0,"key":"Lantern"},{"floor":26.0,"key":"AT_BladeRuinedKing"},{"floor":27.0,"key":"PrismaticShard"},{"floor":31.0,"key":"Replay:Wax Seal"},{"floor":41.0,"key":"DTMod:BindingString"},{"floor":43.0,"key":"Pear"},{"floor":48.0,"key":"Singing Bowl"}],"event_choices":[{"damage_healed":0.0,"max_hp_gain":0.0,"max_hp_loss":0.0,"gold_gain":0.0,"cards_transformed":["DTMod:Strike"],"event_name":"Transmorgrifier","player_choice":"Transformed","floor":3.0,"gold_loss":0.0,"damage_taken":0.0,"cards_obtained":["DTMod:DeepFocus"]},{"damage_healed":0.0,"max_hp_gain":0.0,"max_hp_loss":0.0,"gold_gain":0.0,"event_name":"conspire:Investor","player_choice":"Invest 2","floor":5.0,"gold_loss":0.0,"damage_taken":0.0},{"damage_healed":0.0,"max_hp_gain":0.0,"max_hp_loss":0.0,"gold_gain":0.0,"event_name":"Mushrooms","player_choice":"Fought Mushrooms","floor":8.0,"gold_loss":0.0,"damage_taken":0.0},{"damage_healed":0.0,"max_hp_gain":0.0,"max_hp_loss":0.0,"gold_gain":0.0,"event_name":"Addict","player_choice":"Obtained Relic","floor":22.0,"gold_loss":85.0,"damage_taken":0.0,"relics_obtained":["Letter Opener"]},{"damage_healed":0.0,"max_hp_gain":0.0,"max_hp_loss":0.0,"gold_gain":0.0,"cards_transformed":["Languid"],"event_name":"Transmorgrifier","player_choice":"Transformed","floor":36.0,"gold_loss":0.0,"damage_taken":0.0,"cards_obtained":["ReplayTheSpireMod:Faulty Equipment"]},{"damage_healed":0.0,"max_hp_gain":0.0,"max_hp_loss":0.0,"gold_gain":0.0,"event_name":"Tomb of Lord Red Mask","player_choice":"Ignored","floor":45.0,"gold_loss":0.0,"damage_taken":0.0},{"damage_healed":0.0,"max_hp_gain":0.0,"max_hp_loss":0.0,"gold_gain":0.0,"event_name":"Accursed Blacksmith","player_choice":"Forge","floor":53.0,"gold_loss":0.0,"damage_taken":0.0,"cards_upgraded":["AT_ShrugMaster"]}],"is_beta":false,"boss_relics":[{"not_picked":["conspire:SpecialSausage","Velvet Choker"],"picked":"REME_DuelDisc"},{"not_picked":["vexMod:BigBerry","Calling Bell"],"picked":"vexMod:MysteryBossChallenge"},{"not_picked":["Centennial Puzzle","Potion Belt"],"picked":"Tiny Chest"},{"not_picked":["Dota2Spire:CrimsonGuard","Dota2Spire:MonkeyKingBar"],"picked":"AT_TimeSand"},{"not_picked":["Gambling Chip","Shovel"],"picked":"Dota2Spire:HeartOfTarrasque"}],"items_purged_floors":[7,54],"is_endless":false,"potions_floor_spawned":[2,4,6,19,21,33,40,44,47,48,51],"killed_by":"Awakened One","ascension_level":0}}