{"host":"dtvgc7uk609653br","time":1610822931,"event":{"mods":["BaseMod","Minty Spire (QoL Compilation)","Shade Mod","StSLib","The Bladedancer","The Druid"],"gold_per_floor":[110,124,74,74,27,60,80,98,98,111,111,144,144,163,163,261,261,281,281,59,59,45,45,62,62,62],"floor_reached":25,"language":"ENG","playtime":1038,"items_purged":["Decay"],"score":263,"play_id":"b3657ce7-f6a1-4b7f-9b48-88f7521b9741","local_time":"20210116134851","is_ascension_mode":false,"campfire_choices":[{"data":"blademaster:SharpBlades","floor":11,"key":"SMITH"},{"data":"blademaster:BladeDance","floor":13,"key":"SMITH"},{"data":"blademaster:EyeOfTheStorm","floor":15,"key":"SMITH"},{"floor":23,"key":"REST"}],"circlet_count":0,"master_deck":["blademaster:Strike","blademaster:Strike","blademaster:Defend","blademaster:Defend","blademaster:Defend","blademaster:Defend","blademaster:RagingBlow","blademaster:HighVoltage","blademaster:Safeguard","blademaster:EyeOfTheStorm+1","blademaster:Flurry","blademaster:FuriousStrike","blademaster:SharpBlades+1","blademaster:BladeDance+1","blademaster:CullingStrike","blademaster:CloudOfSteel"],"relics":["blademaster:DancersAmulet","NeowsBlessing","Boot","PreservedInsect","Singing Bowl","SacredBark","Oddly Smooth Stone"],"acts_visited":["Exordium","TheCity"],"potions_floor_usage":[16,16],"damage_taken":[{"damage":0,"enemies":"Cultist","floor":1,"turns":1},{"damage":0,"enemies":"Small Slimes","floor":2,"turns":1},{"damage":0,"enemies":"Gremlin Nob","floor":6,"turns":1},{"damage":4,"enemies":"Jaw Worm","floor":7,"turns":3},{"damage":5,"enemies":"Large Slime","floor":8,"turns":7},{"damage":1,"enemies":"Red Slaver","floor":10,"turns":3},{"damage":12,"enemies":"3 Sentries","floor":12,"turns":6},{"damage":4,"enemies":"3 Louse","floor":14,"turns":5},{"damage":9,"enemies":"The Guardian","floor":16,"turns":10},{"damage":24,"enemies":"Spheric Guardian","floor":18,"turns":6},{"damage":24,"enemies":"2 Thieves","floor":22,"turns":5},{"damage":28,"enemies":"Centurion and Healer","floor":24,"turns":10},{"damage":30,"enemies":"Snake Plant","floor":25,"turns":4}],"seed_played":"-229697100316165083","potions_obtained":[{"floor":1,"key":"Dexterity Potion"},{"floor":7,"key":"Swift Potion"},{"floor":12,"key":"DistilledChaos"},{"floor":16,"key":"SpeedPotion"},{"floor":18,"key":"LiquidBronze"}],"is_trial":false,"path_per_floor":["M","M","?","?","$","E","M","M","T","M","R","E","R","M","R","B",null,"M","?","$","?","M","R","M","M"],"character_chosen":"THE_BLADEMASTER","items_purchased":["blademaster:Flurry","Oddly Smooth Stone"],"campfire_rested":1,"item_purchase_floors":[5,20],"current_hp_per_floor":[75,75,75,75,75,75,71,66,66,65,65,53,53,49,49,40,75,53,53,53,53,31,54,28,0,0],"gold":62,"neow_bonus":"THREE_ENEMY_KILL","is_daily":false,"chose_seed":false,"campfire_upgraded":3,"win_rate":0.0,"timestamp":1610822931,"path_taken":["M","?","?","?","$","E","M","M","T","M","R","E","R","M","R","BOSS","M","?","$","?","?","R","M","M"],"items_purchased_type":["Card","Relic"],"build_version":"2020-12-22","purchased_purges":1,"victory":false,"max_hp_per_floor":[75,75,75,75,75,75,75,75,75,75,75,75,75,75,75,75,75,77,77,77,77,79,79,81,81,81],"card_choices":[{"not_picked":["blademaster:BrainBloom","blademaster:Reversal"],"picked":"blademaster:Safeguard","floor":1},{"not_picked":["blademaster:Frenzy","blademaster:Thrust"],"picked":"blademaster:EyeOfTheStorm","floor":2},{"not_picked":["blademaster:AirSlash","blademaster:Stability"],"picked":"blademaster:FuriousStrike","floor":6},{"not_picked":["blademaster:BladeMastery","blademaster:Havoc"],"picked":"blademaster:SharpBlades","floor":7},{"not_picked":["blademaster:ChargingUp","blademaster:DragonStrike","blademaster:AwakeningStrike"],"picked":"SKIP","floor":8},{"not_picked":["blademaster:ParryingStrike","blademaster:Stability","blademaster:FuriousStrike"],"picked":"SKIP","floor":10},{"not_picked":["blademaster:ParryingStrike","blademaster:BloodyBlow"],"picked":"blademaster:BladeDance","floor":12},{"not_picked":["blademaster:WindSlash","blademaster:Safeguard"],"picked":"blademaster:CullingStrike","floor":14},{"not_picked":["blademaster:Flash","blademaster:StanceMastery"],"picked":"blademaster:CloudOfSteel","floor":16},{"not_picked":["blademaster:DancingEdge","blademaster:Quickstep","blademaster:Rupture+1"],"picked":"Singing Bowl","floor":18},{"not_picked":["blademaster:SlyStabs","blademaster:EyeOfTheTornado","blademaster:Quickness"],"picked":"Singing Bowl","floor":22},{"not_picked":["blademaster:ThunderingOpener","blademaster:DragonStrike+1","blademaster:Quickness"],"picked":"Singing Bowl","floor":24}],"player_experience":540662,"relics_obtained":[{"floor":6,"key":"Boot"},{"floor":6,"key":"blademaster:DextrousPerk"},{"floor":9,"key":"PreservedInsect"},{"floor":12,"key":"Singing Bowl"},{"floor":12,"key":"blademaster:ComboEveryTurnPerk"}],"event_choices":[{"cards_removed":["blademaster:Strike"],"damage_healed":0,"gold_gain":0,"player_choice":"Card Removal","damage_taken":0,"max_hp_gain":0,"max_hp_loss":0,"event_name":"The Cleric","floor":3,"gold_loss":50},{"damage_healed":0,"gold_gain":0,"player_choice":"Ignored","damage_taken":0,"max_hp_gain":0,"max_hp_loss":0,"event_name":"NoteForYourself","floor":4,"gold_loss":0},{"damage_healed":0,"gold_gain":0,"player_choice":"Cursed","damage_taken":0,"max_hp_gain":0,"max_hp_loss":0,"event_name":"Wheel of Change","floor":19,"gold_loss":0,"cards_obtained":["Decay"]},{"cards_removed":["blademaster:Strike"],"damage_healed":0,"gold_gain":0,"player_choice":"Purged","damage_taken":0,"max_hp_gain":0,"max_hp_loss":0,"event_name":"Purifier","floor":21,"gold_loss":0}],"is_beta":false,"boss_relics":[{"not_picked":["Coffee Dripper","Tiny House"],"picked":"SacredBark"}],"items_purged_floors":[20],"is_endless":false,"potions_floor_spawned":[1,7,12,16,18,22],"killed_by":"Snake Plant","ascension_level":0}}