{"host":"y76clbnovzmw9ubx","time":1610802003,"event":{"mods":["AchievementEnabler","BaseMod","Minty Spire (QoL Compilation)","Permanent Neow","Relic Stats"],"gold_per_floor":[110,110,125,140,154,170,203,4,4,24,24,56,69,1,1,80,80,95,112,112,112],"floor_reached":20,"language":"ENG","playtime":979,"items_purged":[],"score":376,"play_id":"56da164f-d322-4761-b4b7-f781e777c1d1","local_time":"20210116080003","is_ascension_mode":true,"campfire_choices":[{"floor":11,"key":"REST"},{"floor":15,"key":"REST"}],"circlet_count":0,"master_deck":["AscendersBane","Strike_G","Strike_G","Strike_G","Strike_G","Strike_G","Defend_G","Defend_G","Defend_G","Defend_G","Defend_G","Survivor","Neutralize","Malaise","Sucker Punch","Flying Knee","Predator","Dash","Noxious Fumes","Caltrops","Caltrops","PiercingWail","Doppelganger","Caltrops"],"relics":["Ring of the Snake","Happy Flower","OrangePellets","Gremlin Horn","StrikeDummy","Dream Catcher","Black Star"],"acts_visited":["Exordium","TheCity"],"potions_floor_usage":[7,12,12,20],"damage_taken":[{"damage":4,"enemies":"Cultist","floor":1,"turns":6},{"damage":1,"enemies":"Small Slimes","floor":3,"turns":5},{"damage":2,"enemies":"Jaw Worm","floor":4,"turns":5},{"damage":6,"enemies":"Looter","floor":5,"turns":4},{"damage":7,"enemies":"3 Louse","floor":6,"turns":4},{"damage":9,"enemies":"Gremlin Nob","floor":7,"turns":4},{"damage":10,"enemies":"Blue Slaver","floor":10,"turns":4},{"damage":25,"enemies":"3 Sentries","floor":12,"turns":6},{"damage":6,"enemies":"Lots of Slimes","floor":13,"turns":6},{"damage":23,"enemies":"Hexaghost","floor":16,"turns":11},{"damage":38,"enemies":"Spheric Guardian","floor":18,"turns":5},{"damage":11,"enemies":"3 Byrds","floor":19,"turns":4},{"damage":8,"enemies":"Snecko","floor":20,"turns":3}],"seed_played":"72186886444806488","potions_obtained":[{"floor":3,"key":"LiquidMemories"},{"floor":6,"key":"BlessingOfTheForge"},{"floor":7,"key":"Block Potion"},{"floor":18,"key":"LiquidMemories"}],"is_trial":false,"path_per_floor":["M","?","M","M","M","M","E","$","T","M","R","E","M","?","R","B",null,"M","M","M"],"character_chosen":"THE_SILENT","items_purchased":["OrangePellets","Caltrops"],"campfire_rested":2,"item_purchase_floors":[8,8],"current_hp_per_floor":[55,55,54,52,46,39,30,30,30,20,39,14,8,8,27,4,51,13,2,0,0],"gold":112,"neow_bonus":"ONE_RANDOM_RARE_CARD","is_daily":false,"chose_seed":false,"campfire_upgraded":0,"win_rate":0.0,"timestamp":1610802003,"path_taken":["M","?","M","M","M","M","E","$","T","M","R","E","M","?","R","BOSS","M","M","M"],"items_purchased_type":["Relic","Card"],"build_version":"2020-12-22","purchased_purges":0,"victory":false,"max_hp_per_floor":[66,66,66,66,66,66,66,66,66,66,66,66,66,66,66,66,66,66,66,66,66],"relic_stats":{"OrangePellets":[6],"Dream Catcher":1,"Happy Flower":[13],"Gremlin Horn":[8,8],"counters":[13,67],"Black Star":0,"obtain_stats":[{"OrangePellets":8,"Dream Catcher":14,"Happy Flower":7,"Gremlin Horn":9,"Black Star":17,"StrikeDummy":12,"Ring of the Snake":0},{"OrangePellets":6,"Dream Catcher":9,"Happy Flower":6,"Gremlin Horn":6,"Black Star":10,"StrikeDummy":8,"Ring of the Snake":0},{"OrangePellets":28,"Dream Catcher":44,"Happy Flower":28,"Gremlin Horn":28,"Black Star":55,"StrikeDummy":38,"Ring of the Snake":0}],"Ring of the Snake":[26]},"card_choices":[{"not_picked":["Outmaneuver","Blade Dance"],"picked":"Sucker Punch","floor":1},{"not_picked":["Tactician","Dodge and Roll"],"picked":"Flying Knee","floor":3},{"not_picked":["Endless Agony","Tactician"],"picked":"Predator","floor":4},{"not_picked":["Dagger Throw","Flying Knee","Cloak And Dagger"],"picked":"SKIP","floor":5},{"not_picked":["Deflect","Slice"],"picked":"Dash","floor":6},{"not_picked":["Dash","Eviscerate"],"picked":"Noxious Fumes","floor":7},{"not_picked":["Dash","Prepared"],"picked":"Caltrops","floor":10},{"not_picked":["Envenom","Endless Agony","Infinite Blades"],"picked":"SKIP","floor":12},{"not_picked":["Sucker Punch","Prepared"],"picked":"PiercingWail","floor":13},{"not_picked":["Storm of Steel","Tools of the Trade"],"picked":"Doppelganger","floor":16},{"not_picked":["All Out Attack","Bane"],"picked":"Caltrops","floor":18},{"not_picked":["Blade Dance","Prepared","Flying Knee+1"],"picked":"SKIP","floor":19}],"player_experience":3068023,"relics_obtained":[{"floor":7,"key":"Happy Flower"},{"floor":9,"key":"Gremlin Horn"},{"floor":12,"key":"StrikeDummy"}],"event_choices":[{"damage_healed":0,"gold_gain":0,"player_choice":"Ignored","damage_taken":0,"max_hp_gain":0,"max_hp_loss":0,"event_name":"Liars Game","floor":2,"gold_loss":0},{"damage_healed":0,"gold_gain":0,"player_choice":"Paid Gold","damage_taken":0,"relics_obtained":["Dream Catcher"],"max_hp_gain":0,"max_hp_loss":0,"event_name":"WeMeetAgain","floor":14,"gold_loss":68}],"is_beta":false,"boss_relics":[{"not_picked":["Cursed Key","Runic Pyramid"],"picked":"Black Star"}],"items_purged_floors":[],"is_endless":false,"potions_floor_spawned":[3,6,7,10,18],"killed_by":"Snecko","ascension_level":20}}