{"host":"04hh9gplt9wkfmr1","time":1610773569,"event":{"mods":["AchievementEnabler","BaseMod","Colored Map","KOR Keyword Fix","Minty Spire (QoL Compilation)","Rare Cards Sparkle","SuperFastMode"],"gold_per_floor":[114,134,153,153,166,166,201,215,215,245,245,260,260,280,280,377,377,397,415,433,433,433,463,50,50,73,89,101,101,101],"floor_reached":29,"language":"KOR","playtime":610,"items_purged":["Writhe"],"score":355,"play_id":"d52e820e-818f-4fe6-921b-f92995d60ebc","local_time":"20210116140609","is_ascension_mode":true,"campfire_choices":[{"data":"Dualcast","floor":6,"key":"SMITH"},{"data":"Defragment","floor":11,"key":"SMITH"},{"data":"Zap","floor":13,"key":"SMITH"},{"data":"Tempest","floor":15,"key":"SMITH"},{"floor":25,"key":"REST"}],"circlet_count":0,"master_deck":["Strike_B","Strike_B","Defend_B","Defend_B","Defend_B","Defend_B","Zap+1","Dualcast+1","Electrodynamics+1","Undo","Melter","Tempest+1","Defragment+1","Loop","Hologram","Ball Lightning","Echo Form","Defragment","Defragment","Genetic Algorithm","Self Repair","Ball Lightning","Stack"],"relics":["Cracked Core","Pen Nib","Pantograph","Mercury Hourglass","SlaversCollar","Ornamental Fan","Darkstone Periapt","Mummified Hand","Bronze Scales"],"acts_visited":["Exordium","TheCity"],"potions_floor_usage":[7,18,23,23,29],"damage_taken":[{"damage":1,"enemies":"Small Slimes","floor":1,"turns":2},{"damage":4,"enemies":"Jaw Worm","floor":2,"turns":4},{"damage":0,"enemies":"2 Louse","floor":3,"turns":1},{"damage":0,"enemies":"Lots of Slimes","floor":5,"turns":1},{"damage":10,"enemies":"Lagavulin","floor":7,"turns":7},{"damage":9,"enemies":"Red Slaver","floor":8,"turns":3},{"damage":5,"enemies":"3 Sentries","floor":10,"turns":2},{"damage":0,"enemies":"Large Slime","floor":12,"turns":3},{"damage":7,"enemies":"2 Fungi Beasts","floor":14,"turns":2},{"damage":0,"enemies":"Slime Boss","floor":16,"turns":5},{"damage":12,"enemies":"Chosen","floor":18,"turns":4},{"damage":10,"enemies":"Shell Parasite","floor":19,"turns":4},{"damage":25,"enemies":"Snecko","floor":20,"turns":4},{"damage":5,"enemies":"Gremlin Leader","floor":23,"turns":3},{"damage":8,"enemies":"3 Cultists","floor":27,"turns":3},{"damage":17,"enemies":"Centurion and Healer","floor":28,"turns":2},{"damage":26,"enemies":"Slavers","floor":29,"turns":1}],"seed_played":"4245853194633114813","potions_obtained":[{"floor":2,"key":"PowerPotion"},{"floor":5,"key":"PowerPotion"},{"floor":12,"key":"PotionOfCapacity"},{"floor":14,"key":"Explosive Potion"},{"floor":23,"key":"BlessingOfTheForge"},{"floor":27,"key":"Fire Potion"}],"is_trial":false,"path_per_floor":["M","M","M","?","M","R","E","M","T","E","R","M","R","M","R","B",null,"M","M","M","?","?","E","$","R","T","M","M","E"],"character_chosen":"DEFECT","items_purchased":["Self Repair","Ball Lightning","Mummified Hand"],"campfire_rested":1,"item_purchase_floors":[24,24,24],"current_hp_per_floor":[67,63,63,63,63,63,53,44,44,39,39,39,39,32,32,57,68,56,46,21,21,21,16,16,36,36,35,18,0,0],"gold":101,"neow_bonus":"TRANSFORM_TWO_CARDS","is_daily":false,"chose_seed":false,"campfire_upgraded":4,"win_rate":0.0,"timestamp":1610773569,"path_taken":["M","M","M","?","M","R","E","M","T","E","R","M","R","M","R","BOSS","M","M","M","?","?","E","$","R","T","?","M","E"],"items_purchased_type":["Card","Card","Relic"],"build_version":"2020-12-22","purchased_purges":1,"victory":false,"max_hp_per_floor":[68,68,68,68,68,68,68,68,68,68,68,68,68,68,68,68,68,68,68,68,68,68,68,68,68,68,68,68,68,68],"card_choices":[{"not_picked":["Cold Snap","Darkness","Compile Driver"],"picked":"SKIP","floor":1},{"not_picked":["Beam Cell","Go for the Eyes","Chill"],"picked":"SKIP","floor":2},{"not_picked":["Turbo","Sweeping Beam"],"picked":"Melter","floor":3},{"not_picked":["Sweeping Beam","Go for the Eyes","Turbo"],"picked":"SKIP","floor":5},{"not_picked":["Ball Lightning","Doom and Gloom"],"picked":"Tempest","floor":7},{"not_picked":["Skim","Steam Power"],"picked":"Defragment","floor":8},{"not_picked":["Sweeping Beam","Conserve Battery"],"picked":"Loop","floor":10},{"not_picked":["Conserve Battery","Gash"],"picked":"Hologram","floor":12},{"not_picked":["Sweeping Beam","Rebound"],"picked":"Ball Lightning","floor":14},{"not_picked":["Core Surge","Rainbow"],"picked":"Echo Form","floor":16},{"not_picked":["Chaos","Barrage","Go for the Eyes"],"picked":"SKIP","floor":18},{"not_picked":["FTL","Glacier"],"picked":"Defragment","floor":19},{"not_picked":["Rebound+1","Stack"],"picked":"Defragment","floor":20},{"not_picked":["Hologram","Rebound"],"picked":"Genetic Algorithm","floor":23},{"not_picked":["Rebound","Go for the Eyes+1"],"picked":"Stack","floor":27},{"not_picked":["Sunder","Fusion","Cold Snap"],"picked":"SKIP","floor":28}],"player_experience":37097,"relics_obtained":[{"floor":7,"key":"Pen Nib"},{"floor":9,"key":"Pantograph"},{"floor":10,"key":"Mercury Hourglass"},{"floor":23,"key":"Darkstone Periapt"},{"floor":26,"key":"Bronze Scales"}],"event_choices":[{"damage_healed":0,"gold_gain":0,"player_choice":"Grow","damage_taken":0,"max_hp_gain":0,"max_hp_loss":0,"event_name":"Living Wall","floor":4,"gold_loss":0,"cards_upgraded":["Electrodynamics"]},{"damage_healed":0,"gold_gain":0,"player_choice":"Ignored","damage_taken":0,"max_hp_gain":0,"max_hp_loss":0,"event_name":"Vampires","floor":21,"gold_loss":0},{"damage_healed":0,"gold_gain":0,"player_choice":"Opened","damage_taken":0,"relics_obtained":["Ornamental Fan"],"max_hp_gain":0,"max_hp_loss":0,"event_name":"The Mausoleum","floor":22,"gold_loss":0,"cards_obtained":["Writhe"]}],"is_beta":false,"boss_relics":[{"not_picked":["Empty Cage","Tiny House"],"picked":"SlaversCollar"}],"items_purged_floors":[24],"is_endless":false,"potions_floor_spawned":[2,5,12,14,16,23,27],"killed_by":"Slavers","ascension_level":3}}