{"host":"jfdrqiydeufe5vnu","time":1610802505,"event":{"mods":["ATMod(阿瑾Mod)","Arknights The Spire","BaseMod","BetterRewards","Downfall","Energized Spire","LagranYue(拉格朗・月)","Minty Spire (QoL Compilation)","Spicy Shops","StSLib","UnlockEverythingMod","【遗物卡牌】REMEMod","篝火指南"],"gold_per_floor":[119,133,133,4,14,14,24,42,42,42,56,89,89,15,15,111,111,126,145,145,145,160,186,33,44,91,102,102,115,390,421,421,517,517,527,537,556,556,556],"floor_reached":38,"language":"ZHS","playtime":1233,"items_purged":["Normality"],"score":620,"play_id":"9b3fcf22-e3c4-45fe-b85a-ee93fbf2bfbb","local_time":"20210116210825","is_ascension_mode":false,"campfire_choices":[{"data":"AT_FamilyPortrait","floor":6,"key":"SMITH"},{"floor":10,"key":"RECALL"},{"floor":13,"key":"REST"},{"data":"Flex","floor":15,"key":"SMITH"},{"floor":32,"key":"REST"}],"circlet_count":0,"master_deck":["Strike_R","Strike_R","Strike_R","Strike_R","Defend_R","Defend_R","Defend_R","Defend_R","Bash","AT_FamilyPortrait+1","Intimidate","Bash","Flex+1","Cleave","Heavy Blade","Flex","Anger","Reboot","champ:PerfectedStrike","sneckomod:QuickMove","AT_DrawKnifeCut","LagranYue:SkillDeathBolgCard+1","Reprogram","Flex","champ:PerfectedStrike+1","Guardian:Gem_Fragmented","Leap+1","Regret","bronze:Optimize","REME_EmptyShield","ats:Ignite","Dramatic Entrance"],"relics":["Burning Blood","REME_ComplimentaryCards","AT_ATBox","LagranYue:RandomDrawCardRelic","Membership Card","CaptainsWheel","AT_ImmortalShieldbow","Boot","LagranYue:NewUniverseRelic","AT_BladeRuinedKing","PrismaticShard","LagranYue:ContractPerformanceRelic","Mercury Hourglass","Letter Opener","Nunchaku","Question Card","energizedSpire:SpiderWeb"],"acts_visited":["Exordium","TheCity","TheBeyond"],"potions_floor_usage":[12,19,27,38,38],"damage_taken":[{"damage":0,"enemies":"Small Slimes","floor":1,"turns":3},{"damage":1,"enemies":"Jaw Worm","floor":2,"turns":4},{"damage":8,"enemies":"2 Louse","floor":5,"turns":3},{"damage":9,"enemies":"Red Slaver","floor":7,"turns":3},{"damage":6,"enemies":"3 Louse","floor":8,"turns":3},{"damage":17,"enemies":"Lots of Slimes","floor":11,"turns":3},{"damage":33,"enemies":"Lagavulin","floor":12,"turns":6},{"damage":0,"enemies":"Slime Boss","floor":16,"turns":2},{"damage":18,"enemies":"2 Thieves","floor":18,"turns":3},{"damage":20,"enemies":"Shell Parasite","floor":19,"turns":3},{"damage":11,"enemies":"Snecko","floor":22,"turns":3},{"damage":31,"enemies":"Gremlin Leader","floor":23,"turns":4},{"damage":33,"enemies":"Snake Plant","floor":25,"turns":3},{"damage":13,"enemies":"Centurion and Healer","floor":27,"turns":3},{"damage":2,"enemies":"Sentry and Sphere","floor":29,"turns":3},{"damage":17,"enemies":"Book of Stabbing","floor":31,"turns":3},{"damage":86,"enemies":"Automaton","floor":33,"turns":8},{"damage":33,"enemies":"3 Darklings","floor":35,"turns":3},{"damage":21,"enemies":"Orb Walker","floor":36,"turns":4},{"damage":32,"enemies":"4 Shapes","floor":37,"turns":4},{"damage":48,"enemies":"2 Orb Walkers","floor":38,"turns":2}],"seed_played":"-2655601627465983718","potions_obtained":[{"floor":1,"key":"FairyPotion"},{"floor":2,"key":"SpeedPotion"},{"floor":11,"key":"SkillPotion"},{"floor":19,"key":"BloodPotion"},{"floor":25,"key":"PowerPotion"},{"floor":33,"key":"ElixirPotion"},{"floor":35,"key":"EssenceOfSteel"}],"is_trial":false,"path_per_floor":["M","M","?","$","M","R","M","M","T","R","M","E","R","$","R","B",null,"M","M","?","?","M","E","R","M","T","M","?","M","?","E","R","B",null,"M","M","M","?"],"character_chosen":"IRONCLAD","items_purchased":["Membership Card","AT_ImmortalShieldbow","Boot","LagranYue:NewUniverseRelic","Flex","PrismaticShard","Letter Opener","Flex"],"campfire_rested":2,"item_purchase_floors":[0,0,4,4,4,14,24,24],"current_hp_per_floor":[59,64,57,57,55,55,52,52,52,52,41,30,52,52,52,58,75,63,64,64,64,59,34,34,18,18,35,35,39,39,39,61,28,75,48,33,35,0,0],"gold":556,"neow_bonus":"","is_daily":false,"chose_seed":false,"campfire_upgraded":2,"win_rate":0.0,"timestamp":1610802505,"path_taken":["M","M","?","?","M","R","M","M","T","R","M","E","R","$","R","BOSS","M","M","?","?","M","E","R","M","T","M","?","?","?","E","R","BOSS","M","?","M","?"],"items_purchased_type":["Relic","Relic","Relic","Relic","Card","Relic","Relic","Card"],"build_version":"2020-12-22","purchased_purges":1,"victory":false,"max_hp_per_floor":[75,75,75,75,75,75,75,75,75,75,75,75,75,75,75,75,75,75,75,75,75,75,75,75,75,75,75,75,75,75,75,75,75,75,75,75,75,75,75],"card_choices":[{"not_picked":["AT_ManFootWork","Warcry","Thunderclap"],"picked":"SKIP","floor":1},{"not_picked":["AT_BodySlamDance","Havoc","AT_ManFootWork"],"picked":"SKIP","floor":2},{"not_picked":["Pommel Strike","Battle Trance"],"picked":"Cleave","floor":5},{"not_picked":["Thunderclap","Wild Strike"],"picked":"Heavy Blade","floor":7},{"not_picked":["Havoc","Infernal Blade"],"picked":"AT_CaressingTears","floor":8},{"not_picked":["Havoc","Corruption"],"picked":"Flex","floor":11},{"not_picked":["REME_SingleHolding","Clothesline"],"picked":"Anger","floor":12},{"not_picked":["Slimebound:Overexert","ats:Wolf Pack"],"picked":"Reboot","floor":16},{"not_picked":["Skewer","ats:Apocalypse"],"picked":"champ:PerfectedStrike","floor":18},{"not_picked":["Shrug It Off","Guardian:Repulse"],"picked":"sneckomod:QuickMove","floor":19},{"not_picked":["Hemokinesis","LagranYue:SkillBrokenShieldCard+1"],"picked":"LagranYue:SkillDeathBolgCard+1","floor":22},{"not_picked":["Clothesline","hexamod:PhantomCloak"],"picked":"Reprogram","floor":23},{"not_picked":["Slimebound:ItLooksTasty+1","Guardian:Reroute"],"picked":"champ:PerfectedStrike+1","floor":25},{"not_picked":["LagranYue:MagicSkyrocketCard","Guardian:Planning"],"picked":"Guardian:Gem_Fragmented","floor":27},{"not_picked":["Setup","Masterful Stab"],"picked":"Leap+1","floor":29},{"not_picked":["Second Wind","Rainbow"],"picked":"bronze:Optimize","floor":31},{"not_picked":["Corruption","hexamod:ForkedFlame","REME_AllRoundStrike"],"picked":"REME_EmptyShield","floor":33},{"not_picked":["sneckomod:SoulRoll","sneckomod:UnknownBlock+1","ats:Apocalypse","Dodge and Roll+1"],"picked":"SKIP","floor":35},{"not_picked":["Slimebound:LeechEnergy","Intimidate","ats:Powerful Strike"],"picked":"ats:Ignite","floor":36},{"not_picked":["sneckomod:UnknownClassPURPLE+1","sneckomod:UnknownCommonAttack","Dagger Spray"],"picked":"Dramatic Entrance","floor":37}],"player_experience":58952,"relics_obtained":[{"floor":12,"key":"AT_BladeRuinedKing"},{"floor":23,"key":"Mercury Hourglass"},{"floor":26,"key":"Nunchaku"},{"floor":31,"key":"Question Card"}],"event_choices":[{"damage_healed":0,"gold_gain":0,"player_choice":"Read","damage_taken":0,"max_hp_gain":0,"max_hp_loss":0,"event_name":"The Library","floor":20,"gold_loss":0,"cards_obtained":["AT_DrawKnifeCut"]},{"damage_healed":0,"gold_gain":0,"player_choice":"Ignored","damage_taken":0,"max_hp_gain":0,"max_hp_loss":0,"event_name":"Vampires","floor":21,"gold_loss":0},{"cards_removed":["AT_CaressingTears"],"damage_healed":0,"gold_gain":0,"player_choice":"Card Removal","damage_taken":0,"max_hp_gain":0,"max_hp_loss":0,"event_name":"Wheel of Change","floor":28,"gold_loss":0},{"damage_healed":0,"gold_gain":275,"player_choice":"Desecrate","damage_taken":0,"max_hp_gain":0,"max_hp_loss":0,"event_name":"Golden Shrine","floor":30,"gold_loss":0,"cards_obtained":["Regret"]},{"damage_healed":0,"gold_gain":0,"player_choice":"Fight","damage_taken":0,"max_hp_gain":0,"max_hp_loss":0,"event_name":"Mysterious Sphere","floor":38,"gold_loss":0}],"is_beta":false,"boss_relics":[{"not_picked":["Velvet Choker","energizedSpire:DeadBattery"],"picked":"LagranYue:ContractPerformanceRelic"},{"not_picked":["energizedSpire:StickyHand","Tiny House"],"picked":"energizedSpire:SpiderWeb"}],"items_purged_floors":[14],"is_endless":false,"potions_floor_spawned":[1,2,11,19,25,33,35],"killed_by":"2 Orb Walkers","ascension_level":0}}