{"host":"pa65g39v0cwbmgvo","time":1610807310,"event":{"mods":["2.2 Compatiblity","ATMod(°¢èªMod)","BaseMod","Better Skull","Better Third Choice","BetterRewards","Dota2Spire","Minty Spire (QoL Compilation)","Quick Restart","Replay The Spire","Spicy Shops","StSLib","SuperFastMode","¡¾ÒÅÎï¿¨ÅÆ¡¿REMEMod"],"gold_per_floor":[119,169,169,22,22,65,65,85,85,126,146,170,215,239,239,358,358,390,421,455,478,478,508,533,580,580,626,626,665,665,701,701,850,850,876,421,437,0,31,76,76,104,127,181,181,290,290,394,394,459,459,459,65,139,267],"floor_reached":56,"language":"ZHS","playtime":1397,"items_purged":["Echo Form","Replay:Hysterical Blindness","ReplayTheSpireMod:Doomed"],"score":2695,"play_id":"3921600c-fbb0-40e2-bcd6-e618a33d2fb9","local_time":"20210116222830","is_ascension_mode":true,"campfire_choices":[{"data":"Dark Embrace","floor":15,"key":"SMITH"},{"data":"Second Wind","floor":30,"key":"SMITH"},{"data":"REME_Cut","floor":32,"key":"SMITH"},{"data":"Berserk","floor":41,"key":"SMITH"},{"data":"AT_BodySlamDance","floor":45,"key":"SMITH"},{"floor":49,"key":"RECALL"},{"data":"Bash","floor":52,"key":"SMITH"}],"circlet_count":0,"master_deck":["Strike_R","Strike_R","Strike_R","Strike_R","Defend_R","Defend_R","Defend_R","Defend_R","Bash+1","AT_FocusSwordFire+1","Pommel Strike+1","Clothesline+1","Dark Embrace+1","Hallucinations","REME_Cut+1","ReplayTheSpireMod:Faulty Equipment","Berserk+1","Body Slam+1","AT_BodySlamDance+1","Strike_R","AT_BodySlamDance+1","Delirium","Second Wind+1","Amnesia","Evolve+1","CommonCold","AT_CaressingTears+1","Languid","Feel No Pain+1","Offering+1","Decay"],"relics":["Black Blood","REME_ComplimentaryCards","AT_ATBox","Charon\u0027s Ashes","Replay:Mystery Machine","TheAbacus","Dota2Spire:Butterfly","Dota2Spire:DivineRapier","Dota2Spire:Mjollnir","Bag of Preparation","Pantograph","Self Forming Clay","Chemical X","Ring of Greed","Membership Card","Replay:Bandana","Guide Book","REME_CardOfGreed","Lantern","Dota2Spire:Dagon","Dota2Spire:MagicBottle","Coffee Dripper","Dead Branch","Girya","Darkstone Periapt","AT_TimeSand","Dota2Spire:BattleFury","Golden Egg","Dota2Spire:UrnOfShadows","AT_EbonyIvory","Red Mask","Dota2Spire:ArmletOfMordiggian","REME_ArchaeologicalTools","Dota2Spire:MonkeyKingBar","AT_ForceNature","AT_Kusabimaru","Dota2Spire:DrumOfEndurance","Mummified Hand","AT_SunfireAegis","ClockworkSouvenir","Dota2Spire:Vanguard"],"acts_visited":["Exordium","TheCity","TheBeyond","TheEnding"],"potions_floor_usage":[20],"damage_taken":[{"damage":0,"enemies":"Small Slimes","floor":1,"turns":1},{"damage":0,"enemies":"Gremlin Nob","floor":6,"turns":2},{"damage":0,"enemies":"Jaw Worm","floor":8,"turns":1},{"damage":9,"enemies":"3 Sentries","floor":10,"turns":4},{"damage":0,"enemies":"2 Louse","floor":11,"turns":1},{"damage":0,"enemies":"Lots of Slimes","floor":12,"turns":1},{"damage":0,"enemies":"Lagavulin","floor":13,"turns":2},{"damage":0,"enemies":"Looter","floor":14,"turns":1},{"damage":2,"enemies":"Fading Forest","floor":16,"turns":11},{"damage":18,"enemies":"Shell Parasite","floor":18,"turns":3},{"damage":0,"enemies":"3 Byrds","floor":19,"turns":2},{"damage":11,"enemies":"Centurion and Healer","floor":20,"turns":2},{"damage":0,"enemies":"Snecko","floor":21,"turns":2},{"damage":15,"enemies":"Chosen and Byrds","floor":23,"turns":4},{"damage":5,"enemies":"Shelled Parasite and Fungi","floor":24,"turns":3},{"damage":48,"enemies":"Book of Stabbing","floor":25,"turns":3},{"damage":0,"enemies":"Slavers","floor":27,"turns":1},{"damage":0,"enemies":"Gremlin Leader","floor":29,"turns":1},{"damage":0,"enemies":"Cultist and Chosen","floor":31,"turns":1},{"damage":0,"enemies":"Automaton","floor":33,"turns":3},{"damage":13,"enemies":"3 Shapes","floor":35,"turns":2},{"damage":0,"enemies":"Orb Walker","floor":37,"turns":1},{"damage":0,"enemies":"3 Darklings","floor":39,"turns":1},{"damage":0,"enemies":"R_Hoarder","floor":40,"turns":2},{"damage":0,"enemies":"4 Shapes","floor":42,"turns":1},{"damage":0,"enemies":"Nemesis","floor":44,"turns":1},{"damage":0,"enemies":"Reptomancer","floor":46,"turns":1},{"damage":0,"enemies":"Maw","floor":48,"turns":1},{"damage":3,"enemies":"Donu and Deca","floor":50,"turns":2},{"damage":1,"enemies":"Shield and Spear","floor":54,"turns":1},{"damage":4,"enemies":"The Heart","floor":55,"turns":3}],"seed_played":"-5082410066074825815","potions_obtained":[{"floor":7,"key":"BloodPotion"},{"floor":7,"key":"Doom Potion"},{"floor":7,"key":"SteroidPotion"},{"floor":21,"key":"Weak Potion"},{"floor":23,"key":"Strength Potion"},{"floor":29,"key":"Cursed Concoction"}],"is_trial":false,"path_per_floor":["M","?","?","$","?","E","?","M","T","E","M","M","E","M","R","B",null,"M","M","M","M","?","M","M","E","T","E","?","E","R","M","R","B",null,"M","$","M","?","M","E","R","M","T","E","R","E","T","M","R","B",null,"R","$","E","B",null],"character_chosen":"IRONCLAD","items_purchased":["Replay:Mystery Machine","TheAbacus","Dota2Spire:Butterfly","Dota2Spire:DivineRapier","Bag of Preparation","Pantograph","Self Forming Clay","Chemical X","Guide Book","REME_CardOfGreed","Dota2Spire:BattleFury","Golden Egg","Dota2Spire:UrnOfShadows","AT_EbonyIvory","AT_Kusabimaru","Dota2Spire:DrumOfEndurance","Mummified Hand","Feel No Pain","AT_SunfireAegis","ClockworkSouvenir"],"campfire_rested":0,"item_purchase_floors":[0,0,0,0,0,0,0,0,4,4,36,36,36,36,53,53,53,53,53,53],"current_hp_per_floor":[78,78,83,83,83,85,85,85,85,82,85,85,85,85,85,87,87,75,81,76,82,82,73,74,32,32,38,38,44,44,50,50,87,92,97,97,99,99,99,99,99,99,99,105,105,111,111,111,111,117,117,117,117,117,123],"gold":267,"neow_bonus":"","is_daily":false,"chose_seed":false,"campfire_upgraded":6,"win_rate":0.0,"timestamp":1610807310,"path_taken":["M","?","?","?","?","E","?","M","T","E","M","M","E","M","R","BOSS","M","?","M","M","?","M","M","E","T","E","?","E","R","M","R","BOSS","M","$","M","?","M","E","R","M","T","E","R","E","?","?","R","BOSS","R","$","E","BOSS"],"items_purchased_type":["Relic","Relic","Relic","Relic","Relic","Relic","Relic","Relic","Relic","Relic","Relic","Relic","Relic","Relic","Relic","Relic","Relic","Card","Relic","Relic"],"build_version":"2020-12-22","purchased_purges":3,"victory":true,"max_hp_per_floor":[80,80,85,85,85,85,85,85,85,85,85,85,85,85,85,87,87,87,87,87,87,87,87,87,87,87,87,87,87,87,87,87,93,93,99,99,99,99,99,99,99,99,99,105,105,111,111,111,111,117,117,117,117,117,123],"card_choices":[{"not_picked":["Rampage","Armaments"],"picked":"Pommel Strike","floor":1},{"not_picked":["ReplayTheSpireMod:Strike From Hell","Heavy Blade"],"picked":"Dark Embrace","floor":6},{"not_picked":["Twin Strike","Headbutt","Pommel Strike"],"picked":"SKIP","floor":8},{"not_picked":["Hemogenesis","Bloodletting","Spot Weakness"],"picked":"SKIP","floor":10},{"not_picked":["Seeing Red","Replay:Undeath\u0027s Touch"],"picked":"REME_Cut","floor":11},{"not_picked":["Iron Wave","Pommel Strike","ReplayTheSpireMod:Strike From Hell"],"picked":"SKIP","floor":12},{"not_picked":["Cleave","AT_BodySlamDance","Searing Blow"],"picked":"SKIP","floor":13},{"not_picked":["Twin Strike","Rupture","Anger"],"picked":"SKIP","floor":14},{"not_picked":["Offering","Demon Form"],"picked":"Berserk","floor":16},{"not_picked":["ReplayTheSpireMod:Stacked","Flex+1","Twin Strike"],"picked":"SKIP","floor":18},{"not_picked":["Cleave","Run Through"],"picked":"Body Slam+1","floor":19},{"not_picked":["Inflame","Shrug It Off"],"picked":"AT_BodySlamDance","floor":20},{"not_picked":["Fiend Fire","Spot Weakness","Headbutt"],"picked":"SKIP","floor":21},{"not_picked":["AT_ManFootWork+1","Perfected Strike"],"picked":"AT_BodySlamDance+1","floor":23},{"not_picked":["AT_ShrugMaster","Sentinel+1","Metallicize"],"picked":"SKIP","floor":24},{"not_picked":["ReplayTheSpireMod:Strike From Hell+1","REME_SingleHolding+1"],"picked":"Second Wind","floor":25},{"not_picked":["Cleave","Twin Strike","Searing Blow"],"picked":"SKIP","floor":27},{"not_picked":["AT_DrawKnifeCut","Sword Boomerang+1","Double Tap"],"picked":"SKIP","floor":29},{"not_picked":["AT_BodySlamDance","Pummel","Uppercut"],"picked":"SKIP","floor":31},{"not_picked":["Dual Wield+1","Perfected Strike"],"picked":"Evolve+1","floor":35},{"not_picked":["AT_IchimonjiDouble+1","Iron Wave","Clash+1"],"picked":"SKIP","floor":37},{"not_picked":["Sever Soul","Abandon","Warcry+1"],"picked":"SKIP","floor":39},{"not_picked":["Blood for Blood","Perfected Strike","Run Through+1"],"picked":"SKIP","floor":40},{"not_picked":["Headbutt","Clash+1","Sentinel"],"picked":"SKIP","floor":42},{"not_picked":["Flex","Warcry+1"],"picked":"AT_CaressingTears+1","floor":44},{"not_picked":["Anger","Reaper","Headbutt"],"picked":"SKIP","floor":46},{"not_picked":["Replay:Undeath\u0027s Touch+1","Twin Strike+1","AT_BodySlamDance"],"picked":"SKIP","floor":48},{"not_picked":["Sentinel","REME_Fury"],"picked":"Offering","floor":54}],"player_experience":85650,"relics_obtained":[{"floor":2,"key":"Ring of Greed"},{"floor":2,"key":"Membership Card"},{"floor":2,"key":"Replay:Bandana"},{"floor":6,"key":"Lantern"},{"floor":10,"key":"Dota2Spire:Dagon"},{"floor":13,"key":"Dota2Spire:MagicBottle"},{"floor":25,"key":"Dead Branch"},{"floor":26,"key":"Girya"},{"floor":27,"key":"Darkstone Periapt"},{"floor":29,"key":"AT_TimeSand"},{"floor":43,"key":"Dota2Spire:ArmletOfMordiggian"},{"floor":44,"key":"REME_ArchaeologicalTools"},{"floor":46,"key":"Dota2Spire:MonkeyKingBar"},{"floor":47,"key":"AT_ForceNature"},{"floor":54,"key":"Dota2Spire:Vanguard"}],"event_choices":[{"damage_healed":0,"gold_gain":0,"player_choice":"Donut","damage_taken":0,"max_hp_gain":5,"max_hp_loss":0,"event_name":"Big Fish","floor":3,"gold_loss":0},{"damage_healed":0,"gold_gain":0,"player_choice":"Got Potions","damage_taken":0,"max_hp_gain":0,"max_hp_loss":0,"event_name":"Lab","floor":7,"gold_loss":0},{"cards_removed":["Normality"],"damage_healed":0,"gold_gain":0,"player_choice":"Elegance","damage_taken":0,"max_hp_gain":0,"max_hp_loss":0,"event_name":"betterThird:BetterWriting","floor":28,"gold_loss":0},{"damage_healed":0,"gold_gain":0,"player_choice":"Paid","damage_taken":0,"relics_obtained":["Red Mask"],"max_hp_gain":0,"max_hp_loss":0,"event_name":"Tomb of Lord Red Mask","floor":38,"gold_loss":437}],"is_beta":false,"boss_relics":[{"not_picked":["Calling Bell","Ring of Chaos"],"picked":"Coffee Dripper"},{"not_picked":["ChewingGum","Velvet Choker"],"picked":"Black Blood"}],"items_purged_floors":[0,36,53],"is_endless":false,"potions_floor_spawned":[10,11,13,16,21,23,29,33,35,37,42,46],"ascension_level":6}}