{"host":"ockkdcgl3b18tfz9","time":1610791426,"event":{"mods":["2.2 Compatiblity","BaseMod","Better Skull","Better Third Choice","BetterRewards","Hermit","Minty Spire (QoL Compilation)","Quick Restart","Replay The Spire","Spicy Shops","StSLib","SuperFastMode","The Jungle"],"gold_per_floor":[111,111,111,36,36,62,81,112,112,112,129,129,140,155,155,259,259,269,269,72,40,40,40,58,69,94,94,94,94,119,119,132,132,132,132],"floor_reached":34,"language":"ENG","playtime":702,"items_purged":["Regret","Strike_R"],"score":427,"play_id":"2d708b3e-1333-48b9-8496-00c932b19573","local_time":"20210116170346","is_ascension_mode":true,"campfire_choices":[{"data":"Heavy Blade","floor":10.0,"key":"SMITH"},{"floor":12.0,"key":"RECALL"},{"data":"Berserk","floor":15,"key":"SMITH"},{"data":"Bloodletting","floor":23,"key":"SMITH"},{"floor":28,"key":"REST"},{"floor":31,"key":"REST"}],"circlet_count":0,"master_deck":["Strike_R","Strike_R","Strike_R","Defend_R","Defend_R","Defend_R","Defend_R","Bash","Pommel Strike+1","Cleave+1","Heavy Blade+1","Rage","Metallicize","Berserk+1","Feed+1","Warcry+1","Searing Blow","Rage","Metallicize","Bloodletting+1","Thunderclap+1","Fiend Fire","Pommel Strike","True Grit+1"],"relics":["Burning Blood","NeowsBlessing","Akabeko","Omamori","WarpedTongs","Potion Belt","Replay:Wax Seal","White Beast Statue","ChewingGum","BargainBundle","Frozen Egg 2","Whetstone","HornCleat","Paper Frog"],"acts_visited":["Exordium","TheCity"],"potions_floor_usage":[16,16,16,21,21,21,24,25,25,25,30,34,34],"damage_taken":[{"damage":0.0,"enemies":"Jaw Worm","floor":1.0,"turns":1.0},{"damage":0.0,"enemies":"Gremlin Nob","floor":6.0,"turns":1.0},{"damage":0.0,"enemies":"2 Louse","floor":7.0,"turns":1.0},{"damage":27.0,"enemies":"Lagavulin","floor":8.0,"turns":6.0},{"damage":0.0,"enemies":"Cultist","floor":11.0,"turns":2.0},{"damage":0,"enemies":"2 Fungi Beasts","floor":13,"turns":2},{"damage":6,"enemies":"Red Slaver","floor":14,"turns":4},{"damage":27,"enemies":"Fading Forest","floor":16,"turns":11},{"damage":9,"enemies":"Chosen","floor":18,"turns":4},{"damage":17,"enemies":"2 Thieves","floor":21,"turns":5},{"damage":10,"enemies":"3 Cultists","floor":24,"turns":6},{"damage":39,"enemies":"Cultist and Chosen","floor":25,"turns":10},{"damage":48,"enemies":"Book of Stabbing","floor":30,"turns":7},{"damage":7,"enemies":"Centurion and Healer","floor":32,"turns":6},{"damage":107,"enemies":"Champ","floor":34,"turns":16}],"seed_played":"-8119792635661087067","potions_obtained":[{"floor":1.0,"key":"Dexterity Potion"},{"floor":11.0,"key":"Explosive Potion"},{"floor":13,"key":"SkillPotion"},{"floor":14,"key":"Reflective Coating"},{"floor":16,"key":"Regen Potion"},{"floor":18,"key":"Energy Potion"},{"floor":21,"key":"Regen Potion"},{"floor":24,"key":"Swift Potion"},{"floor":25,"key":"Strength Potion"},{"floor":30,"key":"Swift Potion"},{"floor":32,"key":"BloodPotion"}],"is_trial":false,"path_per_floor":["M","?","?","$","?","E","M","E","T","R","M","R","M","M","R","B",null,"M","?","$","M","T","R","M","M","T","T","R","?","E","R","M","R","B"],"character_chosen":"IRONCLAD","items_purchased":["BargainBundle","Searing Blow","Rage","Metallicize","Fire Potion","BlessingOfTheForge","Adrenaline Potion"],"campfire_rested":2,"item_purchase_floors":[20,20,20,20,20,20,20],"current_hp_per_floor":[78,78,71,71,71,77,80,59,59,59,65,65,71,71,71,58,75,72,72,72,61,61,61,72,49,49,49,73,73,35,60,62,87,0,0],"gold":132,"neow_bonus":"THREE_ENEMY_KILL","is_daily":false,"chose_seed":false,"campfire_upgraded":3,"win_rate":0.0,"timestamp":1610791426,"path_taken":["M","?","?","$","?","E","M","E","T","R","M","R","?","M","R","BOSS","M","?","$","?","?","R","M","M","T","T","R","?","E","R","M","R","BOSS"],"items_purchased_type":["Relic","Card","Card","Card","Potion","Potion","Potion"],"build_version":"2020-12-22","purchased_purges":2,"victory":false,"max_hp_per_floor":[80,80,80,80,80,80,80,80,80,80,80,80,80,80,80,80,80,80,80,80,80,80,80,80,80,80,80,80,80,84,84,87,87,87,87],"card_choices":[{"not_picked":["Carnage","Sword Boomerang"],"picked":"Pommel Strike","floor":1.0},{"not_picked":["Reckless Charge","ReplayTheSpireMod:Stacked"],"picked":"Cleave","floor":6.0},{"not_picked":["Replay:Undeath\u0027s Touch","True Grit"],"picked":"Heavy Blade","floor":7.0},{"not_picked":["Clothesline","Anger"],"picked":"Rage","floor":8.0},{"not_picked":["Perfected Strike","Shockwave","Anger"],"picked":"SKIP","floor":11.0},{"not_picked":["Cleave","Headbutt"],"picked":"Metallicize","floor":13},{"not_picked":["Whirlwind","Body Slam"],"picked":"Berserk","floor":14},{"not_picked":["Exhume","Hemogenesis"],"picked":"Feed","floor":16},{"not_picked":["Perfected Strike","Intimidate"],"picked":"Warcry+1","floor":18},{"not_picked":["Dual Wield","Headbutt"],"picked":"Bloodletting","floor":21},{"not_picked":["Perfected Strike","Dropkick+1"],"picked":"Thunderclap+1","floor":24},{"not_picked":["Heavy Blade","Thunderclap","Armaments"],"picked":"SKIP","floor":25},{"not_picked":["Demonic Infusion","Abandon"],"picked":"Pommel Strike","floor":30},{"not_picked":["Body Slam","Shockwave"],"picked":"True Grit+1","floor":32}],"player_experience":283849,"relics_obtained":[{"floor":6.0,"key":"Potion Belt"},{"floor":8.0,"key":"Replay:Wax Seal"},{"floor":9.0,"key":"White Beast Statue"},{"floor":22,"key":"Frozen Egg 2"},{"floor":26,"key":"Whetstone"},{"floor":27,"key":"HornCleat"},{"floor":30,"key":"Paper Frog"}],"event_choices":[{"damage_healed":0.0,"max_hp_gain":0.0,"max_hp_loss":0.0,"gold_gain":0.0,"event_name":"Big Fish","player_choice":"Box","floor":2.0,"gold_loss":0.0,"damage_taken":0.0,"relics_obtained":["Akabeko"],"cards_obtained":["Regret"]},{"damage_healed":0.0,"max_hp_gain":0.0,"max_hp_loss":0.0,"gold_gain":0.0,"event_name":"betterThird:BetterScrap","player_choice":"Relic ","floor":3.0,"gold_loss":0.0,"damage_taken":7.0,"cards_obtained":["Fusion"]},{"damage_healed":0.0,"max_hp_gain":0.0,"max_hp_loss":0.0,"gold_gain":0.0,"event_name":"Accursed Blacksmith","player_choice":"Rummage","floor":5.0,"gold_loss":0.0,"damage_taken":0.0,"relics_obtained":["WarpedTongs"],"cards_obtained":["Pain"]},{"cards_removed":["Strike_R"],"damage_healed":0,"gold_gain":0,"player_choice":"Offered Basic","damage_taken":0,"max_hp_gain":0,"max_hp_loss":0,"event_name":"Bonfire Elementals","floor":19,"gold_loss":0},{"damage_healed":0,"gold_gain":0,"player_choice":"Read","damage_taken":0,"max_hp_gain":0,"max_hp_loss":0,"event_name":"The Library","floor":29,"gold_loss":0,"cards_obtained":["Fiend Fire"]}],"is_beta":false,"boss_relics":[{"not_picked":["Replay:Drink Me","Coffee Dripper"],"picked":"ChewingGum"}],"items_purged_floors":[4,20],"is_endless":false,"potions_floor_spawned":[1,11,13,14,16,18,21,24,25,30,32],"killed_by":"Champ","ascension_level":8}}