{"host":"dzs26xzxvr8oc34c","time":1610799048,"event":{"mods":["Arknights The Spire","BaseMod","Colored Map","Minty Spire (QoL Compilation)","StSLib","SuperFastMode","The Marked"],"gold_per_floor":[113,113,128,128,142,173,185,213,290,320,320,351,368,380,380,478,478,491,491,491,503,503,534,534,548,548,548,548,559,559,570,570,570,570],"floor_reached":33,"language":"ZHS","playtime":2113,"items_purged":[],"score":297,"play_id":"6c0488e0-22da-41bf-8c49-3a0417f0afd2","local_time":"20210116201048","is_ascension_mode":false,"campfire_choices":[{"data":"ats:Emotion Absorption","floor":11.0,"key":"SMITH"},{"data":"ats:Ignite","floor":15.0,"key":"SMITH"},{"data":"ats:Wolf Pack","floor":24.0,"key":"SMITH"},{"data":"ats:Very Hot Blade","floor":28.0,"key":"SMITH"},{"data":"ats:Sunburst","floor":30.0,"key":"SMITH"},{"data":"ats:Ignite","floor":32.0,"key":"SMITH"}],"circlet_count":0,"master_deck":["ats:Strike C","ats:Strike S","ats:Strike V","ats:Armor Crushing Shot+1","ats:Defend","ats:Defend","ats:Defend","ats:Defend","ats:Emotion Absorption+1","ats:Powerful Strike","ats:Ignite+1","ats:Sunburst+1","ats:Ignite+1","ats:Explosion Area Strengthen","ats:Ignite+1","ats:Steam Pump","ats:Calcification","ats:Assault Order","ats:Healing Drone+1","ats:Wolf Pack+1","ats:Leaping Hammer","Writhe","ats:Guardian Obelisk","ats:Very Hot Blade+1"],"relics":["ats:Sanity","ats:Originium","Eternal Feather","Ice Cream","Ornamental Fan","Bag of Preparation","Dead Branch","Snecko Eye","WingedGreaves","Pear","Regal Pillow","Bottled Flame"],"acts_visited":["Exordium","TheCity"],"potions_floor_usage":[33],"damage_taken":[{"damage":2.0,"enemies":"Small Slimes","floor":1.0,"turns":4.0},{"damage":0.0,"enemies":"Cultist","floor":3.0,"turns":3.0},{"damage":6.0,"enemies":"Jaw Worm","floor":5.0,"turns":2.0},{"damage":6.0,"enemies":"Gremlin Nob","floor":6.0,"turns":3.0},{"damage":13.0,"enemies":"Exordium Thugs","floor":7.0,"turns":4.0},{"damage":30.0,"enemies":"3 Sentries","floor":8.0,"turns":5.0},{"damage":12.0,"enemies":"Gremlin Nob","floor":10.0,"turns":4.0},{"damage":8.0,"enemies":"3 Sentries","floor":12.0,"turns":9.0},{"damage":0.0,"enemies":"Red Slaver","floor":13.0,"turns":1.0},{"damage":0.0,"enemies":"Large Slime","floor":14.0,"turns":7.0},{"damage":29.0,"enemies":"The Guardian","floor":16.0,"turns":12.0},{"damage":5.0,"enemies":"Chosen","floor":18.0,"turns":6.0},{"damage":0.0,"enemies":"3 Byrds","floor":21.0,"turns":5.0},{"damage":4.0,"enemies":"Gremlin Leader","floor":23.0,"turns":5.0},{"damage":19.0,"enemies":"Shelled Parasite and Fungi","floor":25.0,"turns":8.0},{"damage":35.0,"enemies":"Snake Plant","floor":29.0,"turns":5.0},{"damage":5.0,"enemies":"Centurion and Healer","floor":31.0,"turns":7.0},{"damage":91,"enemies":"Collector","floor":33,"turns":11}],"seed_played":"6271976560078589646","potions_obtained":[{"floor":6.0,"key":"SkillPotion"},{"floor":8.0,"key":"SneckoOil"},{"floor":10.0,"key":"SpeedPotion"},{"floor":13.0,"key":"LiquidMemories"},{"floor":14.0,"key":"Strength Potion"},{"floor":23.0,"key":"Dexterity Potion"},{"floor":29.0,"key":"Fire Potion"}],"is_trial":false,"path_per_floor":["M","?","M","?","M","E","M","E","T","E","R","E","M","M","R","B",null,"M","?","?","M","T","E","R","M","T","?","R","M","R","M","R","B"],"character_chosen":"DOCTOR_CLASS","items_purchased":[],"campfire_rested":0,"item_purchase_floors":[],"current_hp_per_floor":[70,70,70,70,64,58,45,15,15,3,12,6,6,8,17,8,72,67,67,67,68,78,80,82,64,64,64,76,50,62,67,79,0,0],"gold":570,"neow_bonus":"UPGRADE_CARD","is_daily":false,"chose_seed":false,"campfire_upgraded":6,"win_rate":0.0,"timestamp":1610799048,"path_taken":["M","?","M","?","M","E","?","E","T","E","R","E","M","M","R","BOSS","M","?","?","?","?","E","R","?","T","?","R","M","R","M","R","BOSS"],"items_purchased_type":[],"build_version":"2020-12-22","purchased_purges":0,"victory":false,"max_hp_per_floor":[72,72,72,72,72,72,72,72,72,72,72,72,72,72,72,72,72,72,72,72,72,82,82,82,82,82,82,82,82,82,82,82,82,82],"card_choices":[{"not_picked":["ats:Hammer On","ats:Spore Proliferation"],"picked":"ats:Powerful Strike","floor":1.0},{"not_picked":["ats:Curse Doll","ats:Cat Scratch"],"picked":"ats:Sunburst","floor":3.0},{"not_picked":["ats:Powerful Strike","ats:Explosion Area Strengthen"],"picked":"ats:Ignite","floor":5.0},{"not_picked":["ats:Charging Defense","ats:Revitalization"],"picked":"ats:Explosion Area Strengthen","floor":6.0},{"not_picked":["ats:Hammer On","ats:Curse Doll"],"picked":"ats:Ignite","floor":7.0},{"not_picked":["ats:Childhood Dance","ats:Shadow Raid"],"picked":"ats:Steam Pump","floor":8.0},{"not_picked":["ats:Steam Pump","ats:Composite Medical Shells"],"picked":"ats:Calcification","floor":10.0},{"not_picked":["ats:Cat Scratch","ats:Flexible Camouflage"],"picked":"ats:Assault Order","floor":12.0},{"not_picked":["ats:Consecutive Shot Auto","ats:Ignite","ats:Calcification"],"picked":"SKIP","floor":13.0},{"not_picked":["ats:Powerful Strike","ats:Hammer On"],"picked":"ats:Healing Drone","floor":14.0},{"not_picked":["ats:Fractured Body","ats:True Silver Slash"],"picked":"ats:Wolf Pack","floor":16.0},{"not_picked":["ats:Red Shift","ats:Apocalypse"],"picked":"ats:Leaping Hammer","floor":18.0},{"not_picked":["ats:Powerful Strike","ats:Flexible Camouflage","ats:Beaten Up"],"picked":"SKIP","floor":21.0},{"not_picked":["ats:Charging Defense","ats:Revitalization+1","ats:Hammer On"],"picked":"SKIP","floor":23.0},{"not_picked":["ats:Hook Shot","ats:Cat Scratch"],"picked":"ats:Very Hot Blade","floor":25.0},{"not_picked":["ats:Cat Scratch","ats:Explosion Area Strengthen","ats:Steam Pump"],"picked":"SKIP","floor":29.0},{"not_picked":["ats:Directed Diagnosis","ats:Flexible Camouflage","ats:Explosion Area Strengthen+1"],"picked":"SKIP","floor":31.0}],"player_experience":932399,"relics_obtained":[{"floor":6.0,"key":"ats:Originium"},{"floor":6.0,"key":"Eternal Feather"},{"floor":8.0,"key":"ats:Originium"},{"floor":8.0,"key":"Ice Cream"},{"floor":9.0,"key":"Ornamental Fan"},{"floor":10.0,"key":"ats:Originium"},{"floor":10.0,"key":"Bag of Preparation"},{"floor":12.0,"key":"Dead Branch"},{"floor":22.0,"key":"Pear"},{"floor":23.0,"key":"Regal Pillow"},{"floor":26.0,"key":"Bottled Flame"}],"event_choices":[{"damage_healed":0.0,"max_hp_gain":0.0,"max_hp_loss":0.0,"gold_gain":0.0,"cards_transformed":["ats:Strike G"],"event_name":"Living Wall","player_choice":"Change","floor":2.0,"gold_loss":0.0,"damage_taken":0.0,"cards_obtained":["ats:Ignite"]},{"damage_healed":0.0,"max_hp_gain":0.0,"max_hp_loss":0.0,"gold_gain":0.0,"event_name":"Upgrade Shrine","player_choice":"Upgraded","floor":4.0,"gold_loss":0.0,"damage_taken":0.0,"cards_upgraded":["ats:Ignite"]},{"damage_healed":0.0,"max_hp_gain":0.0,"max_hp_loss":0.0,"gold_gain":0.0,"event_name":"The Mausoleum","player_choice":"Opened","floor":19.0,"gold_loss":0.0,"damage_taken":0.0,"relics_obtained":["WingedGreaves"],"cards_obtained":["Writhe"]},{"damage_healed":0.0,"max_hp_gain":0.0,"max_hp_loss":0.0,"gold_gain":0.0,"event_name":"The Library","player_choice":"Read","floor":20.0,"gold_loss":0.0,"damage_taken":0.0,"cards_obtained":["ats:Guardian Obelisk"]},{"damage_healed":0.0,"max_hp_gain":0.0,"max_hp_loss":0.0,"gold_gain":0.0,"event_name":"Upgrade Shrine","player_choice":"Upgraded","floor":27.0,"gold_loss":0.0,"damage_taken":0.0,"cards_upgraded":["ats:Healing Drone"]}],"is_beta":false,"boss_relics":[{"not_picked":["Runic Dome","ats:Tactical Delivery"],"picked":"Snecko Eye"}],"items_purged_floors":[],"is_endless":false,"potions_floor_spawned":[6,8,10,13,14,23,29],"killed_by":"Collector","ascension_level":0}}