{"host":"xt797mi8yhee06c1","time":1610806364,"event":{"mods":["100% Spire Juice","BaseMod","Bestiary","Koishi","Marisa£¨Ùöéë¡¡Øª×âÞÞ£©","Minty Spire (QoL Compilation)","Poor People Problems","Prisma Mod","Relic Filter","Shop Mod","Spicy Shops","StSLib","The Marked","The Servant 0.9.4","WarShipGirlsR/??á´Ò³R mod"],"gold_per_floor":[109,109,121,133,65,78,93,93,164,339,339,357,57,68,68,68,68],"floor_reached":16,"language":"KOR","playtime":715,"items_purged":[],"score":94,"play_id":"1fcb546d-6f98-46c2-bd03-1a984cfce6f2","local_time":"20210116231244","is_ascension_mode":false,"campfire_choices":[{"data":"Moonworks:AccelHyper","floor":8.0,"key":"SMITH"},{"data":"Moonworks:EvilSpyWorkPreparation","floor":11.0,"key":"SMITH"},{"data":"Moonworks:LuckyCharm","floor":15,"key":"SMITH"}],"circlet_count":0,"master_deck":["Moonworks:Strike","Moonworks:Strike","Moonworks:Strike","Moonworks:Strike","Moonworks:Defend","Moonworks:Defend","Moonworks:Defend","Moonworks:Defend","Moonworks:Ambush","Moonworks:LongDistanceShot","Moonworks:LulusLuckyEgg","Moonworks:EvilSpyWorkPreparation+1","Moonworks:AccelHyper+1","Moonworks:RedAndBlue","Moonworks:SakisCookie","Moonworks:WeAreWaruda","Doubt","Moonworks:x16BigRocket","Regret","Moonworks:LuckyCharm+1"],"relics":["Moonworks:BrokenBomb","Moonworks:Homemark","NeowsBlessing","Moonworks:LittleGull","Old Coin"],"acts_visited":["Exordium"],"potions_floor_usage":[16,16,16,16,16,16],"damage_taken":[{"damage":0.0,"enemies":"Small Slimes","floor":1.0,"turns":1.0},{"damage":0.0,"enemies":"Cultist","floor":3.0,"turns":1.0},{"damage":0.0,"enemies":"Jaw Worm","floor":4.0,"turns":1.0},{"damage":0.0,"enemies":"Exordium Wildlife","floor":6.0,"turns":3.0},{"damage":11.0,"enemies":"Exordium Thugs","floor":7.0,"turns":5.0},{"damage":8,"enemies":"Large Slime","floor":12,"turns":4},{"damage":22,"enemies":"Exordium Wildlife","floor":14,"turns":3},{"damage":38,"enemies":"Hexaghost","floor":16,"turns":10}],"seed_played":"6546236782954033765","potions_obtained":[{"floor":2.0,"key":"GamblersBrew"},{"floor":2.0,"key":"Ancient Potion"},{"floor":2.0,"key":"EntropicBrew"},{"floor":6.0,"key":"AttackPotion"},{"floor":14,"key":"Regen Potion"}],"is_trial":false,"path_per_floor":["M","?","M","M","$","M","M","R","T","?","R","M","?","M","R","B"],"character_chosen":"THE_STARBREAKER","items_purchased":["Moonworks:RedAndBlue"],"campfire_rested":0,"item_purchase_floors":[5],"current_hp_per_floor":[60,60,60,60,60,60,49,49,49,49,49,41,41,21,21,0,0],"gold":68,"neow_bonus":"THREE_ENEMY_KILL","is_daily":false,"chose_seed":false,"campfire_upgraded":3,"win_rate":0.0,"timestamp":1610806364,"path_taken":["M","?","?","?","$","M","M","R","T","?","R","M","?","M","R","BOSS"],"items_purchased_type":["Card"],"build_version":"2020-12-22","purchased_purges":0,"victory":false,"max_hp_per_floor":[60,60,60,60,60,60,60,60,60,60,60,60,60,60,60,60,60],"card_choices":[{"not_picked":["Moonworks:IndiscriminateFireSupport","Moonworks:DeployBits"],"picked":"Moonworks:LulusLuckyEgg","floor":1.0},{"not_picked":["Moonworks:IndiscriminateFireSupport","Moonworks:CloudOfSeagulls"],"picked":"Moonworks:EvilSpyWorkPreparation","floor":3.0},{"not_picked":["Moonworks:Assault","Moonworks:CloudOfSeagulls"],"picked":"Moonworks:AccelHyper","floor":4.0},{"not_picked":["Moonworks:CloudOfSeagulls","Moonworks:DeployBits"],"picked":"Moonworks:SakisCookie","floor":6.0},{"not_picked":["Moonworks:Dinner","Moonworks:TreasureThief"],"picked":"Moonworks:WeAreWaruda","floor":7.0},{"not_picked":["Moonworks:NicePresent","Moonworks:BigMagnum"],"picked":"Moonworks:x16BigRocket","floor":12},{"not_picked":["Moonworks:IndiscriminateFireSupport","Moonworks:EvilSpyWorkPreparation"],"picked":"Moonworks:LuckyCharm","floor":14}],"player_experience":372458,"relics_obtained":[{"floor":9.0,"key":"Moonworks:LittleGull"}],"event_choices":[{"damage_healed":0.0,"max_hp_gain":0.0,"max_hp_loss":0.0,"gold_gain":0.0,"event_name":"Lab","player_choice":"Got Potions","floor":2.0,"gold_loss":0.0,"damage_taken":0.0},{"damage_healed":0.0,"max_hp_gain":0.0,"max_hp_loss":0.0,"gold_gain":175.0,"event_name":"Liars Game","player_choice":"AGREE","floor":10.0,"gold_loss":0.0,"damage_taken":0.0,"cards_obtained":["Doubt"]},{"damage_healed":0,"gold_gain":0,"player_choice":"Box","damage_taken":0,"relics_obtained":["Old Coin"],"max_hp_gain":0,"max_hp_loss":0,"event_name":"Big Fish","floor":13,"gold_loss":0,"cards_obtained":["Regret"]}],"is_beta":false,"boss_relics":[],"items_purged_floors":[],"is_endless":false,"potions_floor_spawned":[6,12,14],"killed_by":"Hexaghost","ascension_level":0}}