{"host":"jksa5rawk3m4gilz","time":1610810898,"event":{"mods":["BaseMod","Colored Map","Highlight Path","Minty Spire (QoL Compilation)","Quick Restart"],"gold_per_floor":[118,118,136,136,148,148,175,194,194,194,194,194,194,194],"floor_reached":13,"language":"ENG","playtime":445,"items_purged":[],"score":137,"play_id":"785b6824-86d6-4808-ac4f-9f6a4c9182b7","local_time":"20210116162818","is_ascension_mode":true,"campfire_choices":[{"floor":6,"key":"REST"},{"floor":10,"key":"REST"}],"circlet_count":0,"master_deck":["AscendersBane","Strike_P","Strike_P","Strike_P+1","Defend_P","Defend_P","Defend_P","Defend_P+1","Eruption+1","Vigilance","MasterReality","DeceiveReality","BattleHymn","Fasting2","WreathOfFlame"],"relics":["PureWater","Dream Catcher","Orichalcum"],"acts_visited":["Exordium"],"potions_floor_usage":[8,8,13],"damage_taken":[{"damage":13,"enemies":"Small Slimes","floor":1,"turns":4},{"damage":1,"enemies":"2 Louse","floor":3,"turns":4},{"damage":0,"enemies":"Cultist","floor":5,"turns":2},{"damage":9,"enemies":"3 Sentries","floor":7,"turns":7},{"damage":20,"enemies":"Lots of Slimes","floor":8,"turns":5},{"damage":42,"enemies":"Gremlin Nob","floor":13,"turns":3}],"seed_played":"-5386921094913689840","potions_obtained":[{"floor":1,"key":"Swift Potion"},{"floor":3,"key":"ColorlessPotion"},{"floor":8,"key":"DistilledChaos"}],"is_trial":false,"path_per_floor":["M","$","M","?","M","R","E","M","T","R","?","?","E"],"character_chosen":"WATCHER","items_purchased":[],"campfire_rested":2,"item_purchase_floors":[],"current_hp_per_floor":[34,34,33,19,19,40,31,11,11,32,32,32,0,0],"gold":194,"neow_bonus":"THREE_RARE_CARDS","is_daily":false,"chose_seed":false,"campfire_upgraded":0,"win_rate":0.0,"timestamp":1610810898,"path_taken":["M","$","M","?","M","R","E","M","T","R","?","?","E"],"items_purchased_type":[],"build_version":"2020-12-22","purchased_purges":0,"victory":false,"max_hp_per_floor":[72,72,72,72,72,72,72,72,72,72,72,72,72,72],"card_choices":[{"not_picked":["Blasphemy","SpiritShield"],"picked":"MasterReality","floor":0},{"not_picked":["WindmillStrike","Fasting2"],"picked":"DeceiveReality","floor":1},{"not_picked":["Swivel","JustLucky"],"picked":"BattleHymn","floor":3},{"not_picked":["SignatureMove","EmptyBody","BowlingBash"],"picked":"SKIP","floor":5},{"not_picked":["ClearTheMind","FlurryOfBlows","EmptyBody"],"picked":"SKIP","floor":7},{"not_picked":["PathToVictory","Crescendo"],"picked":"Fasting2","floor":8}],"player_experience":2127302,"relics_obtained":[{"floor":7,"key":"Dream Catcher"},{"floor":9,"key":"Orichalcum"}],"event_choices":[{"damage_healed":0,"gold_gain":0,"player_choice":"Entered Light","damage_taken":14,"max_hp_gain":0,"max_hp_loss":0,"event_name":"Shining Light","floor":4,"gold_loss":0,"cards_upgraded":["Strike_P","Defend_P"]},{"damage_healed":0,"gold_gain":0,"cards_transformed":["Strike_P"],"player_choice":"Change","damage_taken":0,"max_hp_gain":0,"max_hp_loss":0,"event_name":"Living Wall","floor":11,"gold_loss":0,"cards_obtained":["WreathOfFlame"]},{"damage_healed":0,"gold_gain":0,"player_choice":"Forge","damage_taken":0,"max_hp_gain":0,"max_hp_loss":0,"event_name":"Accursed Blacksmith","floor":12,"gold_loss":0,"cards_upgraded":["Eruption"]}],"is_beta":false,"boss_relics":[],"items_purged_floors":[],"is_endless":false,"potions_floor_spawned":[1,3,8],"killed_by":"Gremlin Nob","ascension_level":13}}