{"host":"sc0o2qwpf9j16a4i","time":1610823117,"event":{"mods":["AchievementEnabler","BaseMod","BetterRewards","Block Reminder","Colored Map","Colored Powertips","Custom Start","Highlight Path","Minty Spire (QoL Compilation)","Relic Stats"],"gold_per_floor":[115,131,131,131,131,149,170,170,195,195,219,258,7,23,23,117,117,131,131,150,150,170,170,170,170],"floor_reached":24,"language":"ENG","playtime":659,"items_purged":["Strike_P"],"score":396,"play_id":"bd161a35-4aa9-4e50-a22a-43474fb462db","local_time":"20210116205157","is_ascension_mode":true,"campfire_choices":[{"data":"Protect","floor":10,"key":"SMITH"},{"data":"Consecrate","floor":15,"key":"SMITH"},{"floor":23,"key":"RECALL"}],"circlet_count":0,"master_deck":["AscendersBane","Strike_P+1","Strike_P+1","Defend_P+1","Defend_P+1","Defend_P+1","Defend_P+1","Eruption","Vigilance","Protect+1","Consecrate+1","Consecrate","Wireheading","ClearTheMind","LikeWater","CarveReality","Halt","DevaForm","ClearTheMind","Worship","WheelKick"],"relics":["Coffee Dripper","Golden Idol","Anchor","PreservedInsect","Bag of Marbles","Fusion Hammer"],"acts_visited":["Exordium","TheCity"],"potions_floor_usage":[7,11,20,22],"damage_taken":[{"damage":0,"enemies":"Small Slimes","floor":1,"turns":2},{"damage":0,"enemies":"Jaw Worm","floor":2,"turns":4},{"damage":0,"enemies":"2 Louse","floor":6,"turns":3},{"damage":1,"enemies":"Red Slaver","floor":7,"turns":5},{"damage":9,"enemies":"Blue Slaver","floor":11,"turns":3},{"damage":2,"enemies":"3 Sentries","floor":12,"turns":4},{"damage":0,"enemies":"Exordium Wildlife","floor":14,"turns":4},{"damage":19,"enemies":"Slime Boss","floor":16,"turns":9},{"damage":7,"enemies":"2 Thieves","floor":18,"turns":5},{"damage":10,"enemies":"Spheric Guardian","floor":20,"turns":6},{"damage":18,"enemies":"3 Cultists","floor":22,"turns":7},{"damage":17,"enemies":"Book of Stabbing","floor":24,"turns":5}],"seed_played":"-5767959825825759083","potions_obtained":[{"floor":1,"key":"Fire Potion"},{"floor":6,"key":"Block Potion"},{"floor":16,"key":"GamblersBrew"},{"floor":19,"key":"Explosive Potion"},{"floor":19,"key":"Block Potion"}],"is_trial":false,"path_per_floor":["M","M","?","?","?","M","M","?","T","R","M","E","$","M","R","B",null,"M","?","M","?","M","R","E"],"character_chosen":"WATCHER","items_purchased":["LikeWater","CarveReality"],"campfire_rested":0,"item_purchase_floors":[13,13],"current_hp_per_floor":[61,61,61,56,49,49,48,48,48,48,39,37,37,37,37,18,51,44,44,34,34,16,16,0,0],"gold":170,"neow_bonus":"BOSS_RELIC","is_daily":false,"chose_seed":false,"campfire_upgraded":2,"win_rate":0.0,"timestamp":1610823117,"path_taken":["M","M","?","?","?","M","M","?","T","R","M","E","$","M","R","BOSS","M","?","?","?","M","R","E"],"items_purchased_type":["Card","Card"],"build_version":"2020-12-22","purchased_purges":1,"victory":false,"max_hp_per_floor":[68,68,62,62,62,62,62,62,62,62,62,62,62,62,62,62,62,62,62,62,62,62,62,62,62],"relic_stats":{"counters":[12,57],"Golden Idol":54,"PreservedInsect":76,"obtain_stats":[{"Anchor":4,"Golden Idol":3,"PreservedInsect":9,"Fusion Hammer":17,"Coffee Dripper":0,"Bag of Marbles":12,"PureWater":0},{"Anchor":2,"Golden Idol":2,"PreservedInsect":4,"Fusion Hammer":8,"Coffee Dripper":0,"Bag of Marbles":6,"PureWater":0},{"Anchor":6,"Golden Idol":6,"PreservedInsect":14,"Fusion Hammer":34,"Coffee Dripper":0,"Bag of Marbles":21,"PureWater":0}]},"card_choices":[{"not_picked":["EmptyMind","SashWhip"],"picked":"Protect","floor":1},{"not_picked":["ThirdEye","WaveOfTheHand"],"picked":"Consecrate","floor":2},{"not_picked":["EmptyFist","PathToVictory"],"picked":"Consecrate","floor":6},{"not_picked":["ClearTheMind","EmptyMind"],"picked":"Wireheading","floor":7},{"not_picked":["Protect","EmptyBody"],"picked":"ClearTheMind","floor":11},{"not_picked":["WreathOfFlame","Consecrate","JustLucky"],"picked":"SKIP","floor":12},{"not_picked":["SignatureMove","CutThroughFate"],"picked":"Halt","floor":14},{"not_picked":["Establishment","Scrawl"],"picked":"DevaForm","floor":16},{"not_picked":["Crescendo","Prostrate"],"picked":"ClearTheMind","floor":18},{"not_picked":["FlurryOfBlows","PathToVictory"],"picked":"Worship","floor":20},{"not_picked":["BattleHymn","ClearTheMind"],"picked":"WheelKick","floor":22}],"player_experience":672106,"relics_obtained":[{"floor":9,"key":"PreservedInsect"},{"floor":12,"key":"Bag of Marbles"}],"event_choices":[{"damage_healed":0,"gold_gain":0,"player_choice":"Lose Max HP","damage_taken":0,"relics_obtained":["Golden Idol"],"max_hp_gain":0,"max_hp_loss":6,"event_name":"Golden Idol","floor":3,"gold_loss":0},{"damage_healed":0,"gold_gain":0,"player_choice":"Success","damage_taken":5,"relics_obtained":["Anchor"],"max_hp_gain":0,"max_hp_loss":0,"event_name":"Scrap Ooze","floor":4,"gold_loss":0},{"cards_removed":["Strike_P"],"damage_healed":0,"gold_gain":0,"player_choice":"Card Removal","damage_taken":7,"max_hp_gain":0,"max_hp_loss":0,"event_name":"Golden Wing","floor":5,"gold_loss":0},{"damage_healed":0,"gold_gain":0,"player_choice":"Ignored","damage_taken":0,"max_hp_gain":0,"max_hp_loss":0,"event_name":"Liars Game","floor":8,"gold_loss":0},{"damage_healed":0,"gold_gain":0,"player_choice":"Got Potions","damage_taken":0,"max_hp_gain":0,"max_hp_loss":0,"event_name":"Lab","floor":19,"gold_loss":0},{"damage_healed":0,"gold_gain":0,"player_choice":"Simplicity","damage_taken":0,"max_hp_gain":0,"max_hp_loss":0,"event_name":"Back to Basics","floor":21,"gold_loss":0,"cards_upgraded":["Strike_P","Strike_P","Defend_P","Defend_P","Defend_P","Defend_P"]}],"is_beta":false,"boss_relics":[{"not_picked":["Runic Dome","Ectoplasm"],"picked":"Fusion Hammer"}],"items_purged_floors":[13],"is_endless":false,"potions_floor_spawned":[1,6,16],"killed_by":"Book of Stabbing","ascension_level":20}}