{"host":"7tqog9fnhs0gxmti","time":1610803474,"event":{"mods":["AchievementEnabler","Act Like it!","BaseMod","Colored Map","Colored Powertips","Hermit","Highlight Path","Minty Spire (QoL Compilation)","StSLib","The Senshi","everything is the same but u backflip on backflip"],"gold_per_floor":[116,48,123,123,134,169,444,444,522,542,560,560,560,579,579,677,677,677,677,411,411,411,411,411],"floor_reached":23,"language":"ENG","playtime":864,"items_purged":["hermit:Strike_Hermit"],"score":191,"play_id":"ccd9203a-1abc-4266-8663-a8ac948a0612","local_time":"20210116212434","is_ascension_mode":false,"campfire_choices":[{"floor":8,"key":"REST"},{"floor":13,"key":"REST"},{"data":"hermit:Manifest","floor":15,"key":"SMITH"}],"circlet_count":0,"master_deck":["hermit:Strike_Hermit","hermit:Strike_Hermit","hermit:Strike_Hermit","hermit:Defend_Hermit","hermit:Defend_Hermit","hermit:Defend_Hermit","hermit:Defend_Hermit","hermit:Snapshot","hermit:Covet","hermit:WideOpen","hermit:ShadowCloak","hermit:Deadeye","hermit:Manifest+1","Regret","hermit:GoldenBullet","hermit:Cheat","hermit:Headshot","hermit:Magnum","hermit:PistolWhip","hermit:FlashPowder","hermit:TakeAim","hermit:Brawl"],"relics":["hermit:Momento","HornCleat","Mummified Hand","Ectoplasm","CeramicFish"],"acts_visited":["Exordium","TheCity"],"potions_floor_usage":[16,16,16],"damage_taken":[{"damage":4,"enemies":"2 Louse","floor":1,"turns":3},{"damage":0,"enemies":"Cultist","floor":5,"turns":2},{"damage":53,"enemies":"Lagavulin","floor":6,"turns":8},{"damage":1,"enemies":"Jaw Worm","floor":10,"turns":4},{"damage":6,"enemies":"3 Louse","floor":11,"turns":4},{"damage":0,"enemies":"Exordium Thugs","floor":14,"turns":4},{"damage":8,"enemies":"Hexaghost","floor":16,"turns":7},{"damage":11,"enemies":"Chosen","floor":18,"turns":5},{"damage":20,"enemies":"Spheric Guardian","floor":19,"turns":4},{"damage":24,"enemies":"Snecko","floor":22,"turns":7},{"damage":25,"enemies":"Gremlin Leader","floor":23,"turns":5}],"seed_played":"-2729891612975697537","potions_obtained":[{"floor":6,"key":"AttackPotion"},{"floor":10,"key":"FearPotion"},{"floor":12,"key":"LiquidBronze"},{"floor":18,"key":"Weak Potion"},{"floor":19,"key":"Dexterity Potion"}],"is_trial":false,"path_per_floor":["M","$","?","?","M","E","?","R","T","M","M","?","R","M","R","B",null,"M","M","$","?","M","E"],"character_chosen":"HERMIT","items_purchased":["hermit:ShadowCloak","hermit:TakeAim","CeramicFish"],"campfire_rested":2,"item_purchase_floors":[2,20,20],"current_hp_per_floor":[71,71,60,65,65,12,12,34,34,33,27,27,49,49,49,41,75,64,44,44,44,20,0,0],"gold":411,"neow_bonus":"THREE_CARDS","is_daily":false,"chose_seed":false,"campfire_upgraded":1,"win_rate":0.0,"timestamp":1610803474,"path_taken":["M","$","?","?","?","E","?","R","T","M","?","?","R","M","R","BOSS","M","?","$","?","M","E"],"items_purchased_type":["Card","Card","Relic"],"build_version":"2020-12-22","purchased_purges":1,"victory":false,"max_hp_per_floor":[75,75,75,75,75,75,75,75,75,75,75,75,75,75,75,75,75,75,75,75,75,75,75,75],"card_choices":[{"not_picked":["hermit:Snipe","hermit:Coalescence"],"picked":"hermit:WideOpen","floor":0},{"not_picked":["hermit:Roulette","hermit:EyeOfTheStorm"],"picked":"hermit:WideOpen","floor":1},{"not_picked":["hermit:LowProfile","hermit:Ricochet"],"picked":"hermit:Deadeye","floor":5},{"not_picked":["hermit:HighCaliber","hermit:Virtue"],"picked":"hermit:Manifest","floor":6},{"not_picked":["hermit:FlashPowder","hermit:TrackingShot"],"picked":"hermit:GoldenBullet","floor":10},{"not_picked":["hermit:Vantage","hermit:CalledShot"],"picked":"hermit:Cheat","floor":11},{"not_picked":["hermit:Coalescence","hermit:Roulette"],"picked":"hermit:Headshot","floor":14},{"not_picked":["hermit:Dissolve","hermit:HeroicBravado"],"picked":"hermit:Magnum","floor":16},{"not_picked":["hermit:HighCaliber","hermit:Glare"],"picked":"hermit:PistolWhip","floor":18},{"not_picked":["hermit:BodyArmor","hermit:Horror"],"picked":"hermit:FlashPowder","floor":19},{"not_picked":["hermit:HighCaliber","hermit:TrackingShot"],"picked":"hermit:Brawl","floor":22}],"player_experience":747784,"relics_obtained":[{"floor":6,"key":"HornCleat"},{"floor":9,"key":"Mummified Hand"}],"event_choices":[{"damage_healed":0,"gold_gain":75,"player_choice":"Gather Gold","damage_taken":11,"max_hp_gain":0,"max_hp_loss":0,"event_name":"World of Goop","floor":3,"gold_loss":0},{"cards_removed":["hermit:WideOpen"],"damage_healed":5,"gold_gain":0,"player_choice":"Offered Common","damage_taken":0,"max_hp_gain":0,"max_hp_loss":0,"event_name":"Bonfire Elementals","floor":4,"gold_loss":0},{"cards_removed":["hermit:WideOpen"],"damage_healed":5,"gold_gain":0,"player_choice":"Offered Special","damage_taken":0,"max_hp_gain":0,"max_hp_loss":0,"event_name":"Bonfire Elementals","floor":4,"gold_loss":0},{"damage_healed":0,"gold_gain":275,"player_choice":"Desecrate","damage_taken":0,"max_hp_gain":0,"max_hp_loss":0,"event_name":"Golden Shrine","floor":7,"gold_loss":0,"cards_obtained":["Regret"]},{"damage_healed":0,"gold_gain":0,"player_choice":"Got Potions","damage_taken":0,"max_hp_gain":0,"max_hp_loss":0,"event_name":"Lab","floor":12,"gold_loss":0},{"damage_healed":0,"gold_gain":99,"player_choice":"Stole From Cult","damage_taken":0,"max_hp_gain":0,"max_hp_loss":0,"event_name":"Nest","floor":21,"gold_loss":0}],"is_beta":false,"boss_relics":[{"not_picked":["Empty Cage","Runic Dome"],"picked":"Ectoplasm"}],"items_purged_floors":[20],"is_endless":false,"potions_floor_spawned":[6,10,18,19],"killed_by":"Gremlin Leader","ascension_level":0}}