{"host":"6f69nqv3pqyq5x6b","time":1610779400,"event":{"mods":["Act Like it!","BaseMod","CapriCore","Colored Powertips","Ekko","Friendly Minions","Hermit","Infinite Spire","Jorbs\u0027s Wanderer Trilogy","Koishi","Marisa????????","Minty Spire (QoL Compilation)","Quick Restart","Reimu??????","Relic Stats","Replay The Spire","Shedinja","StSLib","The Bug Knight","The Hierophant","The Immortal","The Servant 0.9.4","The Wild Card","Waifu the Spire","WarShipGirlsR/????R mod"],"gold_per_floor":[118,118,129,140,140,140,169,169,196,227,227,240,240,273,273,391,391,412,392,392,422,203,203,6,39,39,71,111,233,267,267,267,382,382,416,439,439,489,516,564,124,169,251,251,251,299,321,321,321,437,437,454,454,466,481,491,510,470,495,522,547,607,625,642,663,753,841,841,856,856,856,861,861,874,799,813,813,821,821,818,831,845,845,931,931,937,954,954,953,967,967,877,900,900,900,914,924,931,967,967,1059,1059,1059],"floor_reached":102,"language":"ENG","playtime":6801,"items_purged":["theWildCard:BasicDefend","theWildCard:BasicStrike","theWildCard:BasicStrike","theWildCard:BasicStrike","infinitespire:FinalStrike","theWildCard:CallToAdventure"],"score":3052,"play_id":"73fecea7-1fb0-4156-a8bd-dfd50552a0d8","local_time":"20210115224320","is_ascension_mode":true,"campfire_choices":[{"data":"theWildCard:StalwartBlade","floor":6.0,"key":"SMITH"},{"data":"theWildCard:Abstinence","floor":8.0,"key":"SMITH"},{"data":"theWildCard:ArchaicAssault","floor":11.0,"key":"SMITH"},{"data":"theWildCard:MagicMettle","floor":15.0,"key":"SMITH"},{"data":"theWildCard:ArchaicAssault","floor":23.0,"key":"SMITH"},{"data":"theWildCard:FinalHour","floor":32.0,"key":"SMITH"},{"data":"theWildCard:Arsene","floor":45.0,"key":"SMITH"},{"data":"theWildCard:LadyLuck","floor":49.0,"key":"SMITH"},{"data":"theWildCard:BasicDefend","floor":79.0,"key":"PURGE"},{"data":"theWildCard:BasicDefend","floor":83.0,"key":"PURGE"},{"data":"theWildCard:MaskChange","floor":91.0,"key":"PURGE"},{"data":"theWildCard:StalwartBlade+1","floor":95,"key":"PURGE"},{"floor":100,"key":"RECALL"}],"circlet_count":0,"master_deck":["theWildCard:Arsene+1","theWildCard:PaleRider","theWildCard:Amaterasu+1","theWildCard:ArchaicAssault+1","theWildCard:MagicMettle+1","theWildCard:Overwhelm","theWildCard:ArchaicAssault+1","theWildCard:TheArcanaUnleashed+1","Apotheosis","theWildCard:FinalHour+1","theWildCard:UnderLockAndKey+1","theWildCard:TheArcanaUnleashed+1","theWildCard:TheArcanaUnleashed+1","theWildCard:MagicalMight","Panache+1","theWildCard:Metatron","theWildCard:LadyLuck+1","Pot Of Greed","Pot Of Greed","theWildCard:MagicalMight+1","Pot Of Greed"],"relics":["theWildCard:VelvetContract","Anchor","Strawberry","Smiling Mask","HollowMod:PaleOreRelic","Akabeko","Replay:Bandana","Snecko Heart","Singing Bowl","Sling","Replay:Towering Pillar of Hats","HornCleat","theWildCard:MemoriesOfPhantasm","Calipers","Frozen Egg 2","Pet Ghost","Mummified Hand","Painkiller Herb","Unceasing Top","Pen Nib","Du-Vu Doll","Matryoshka","Replay:Bottled Steam","Blue Doll","Orichalcum","Busted Crown","PaintedHorse:ReiMu","ReplayFunnel","Centennial Puzzle","StrikeDummy","infinitespire:Joker Card","Philosopher\u0027s Stone","Peace Pipe","MutagenicStrength","Durian","Grinning Jar","Boot","Mastiff:ReiMu","SlaversCollar","Lee\u0027s Waffle","Replay:Accelerometer","Torii","Runic Pyramid"],"acts_visited":["Exordium","TheCity","TheBeyond","Exordium","TheCity","TheBeyond","Exordium"],"potions_floor_usage":[],"damage_taken":[{"damage":0.0,"enemies":"Cultist","floor":1.0,"turns":4.0},{"damage":0.0,"enemies":"Small Slimes","floor":3.0,"turns":3.0},{"damage":0.0,"enemies":"2 Louse","floor":4.0,"turns":2.0},{"damage":10.0,"enemies":"Gremlin Nob","floor":7.0,"turns":3.0},{"damage":6.0,"enemies":"3 Sentries","floor":10.0,"turns":8.0},{"damage":0.0,"enemies":"2 Fungi Beasts","floor":12.0,"turns":4.0},{"damage":0.0,"enemies":"HollowMod:MossKnight","floor":14.0,"turns":2.0},{"damage":0.0,"enemies":"Slime Boss","floor":16.0,"turns":3.0},{"damage":0.0,"enemies":"Spheric Guardian","floor":18.0,"turns":2.0},{"damage":18.0,"enemies":"Shelled Parasite and Fungi","floor":21.0,"turns":4.0},{"damage":16.0,"enemies":"Book of Stabbing","floor":25.0,"turns":3.0},{"damage":0.0,"enemies":"Centurion and Healer","floor":27.0,"turns":4.0},{"damage":10.0,"enemies":"Gremlin Leader","floor":28.0,"turns":4.0},{"damage":0.0,"enemies":"Colosseum Slavers","floor":29.0,"turns":3.0},{"damage":0.0,"enemies":"Colosseum Nobs","floor":29.0,"turns":3.0},{"damage":7.0,"enemies":"Nightmare","floor":30.0,"turns":5.0},{"damage":0.0,"enemies":"Champ","floor":33.0,"turns":5.0},{"damage":0.0,"enemies":"3 Darklings","floor":35.0,"turns":3.0},{"damage":3.0,"enemies":"3 Shapes","floor":36.0,"turns":3.0},{"damage":0.0,"enemies":"Spire Growth","floor":38.0,"turns":2.0},{"damage":0.0,"enemies":"4 Shapes","floor":39.0,"turns":4.0},{"damage":0.0,"enemies":"R_Hoarder","floor":40.0,"turns":3.0},{"damage":0.0,"enemies":"Nightmare","floor":42.0,"turns":2.0},{"damage":0.0,"enemies":"HollowMod:StalkingDevout","floor":46.0,"turns":2.0},{"damage":0.0,"enemies":"Jaw Worm Horde","floor":47.0,"turns":2.0},{"damage":0.0,"enemies":"Donu and Deca","floor":50.0,"turns":3.0},{"damage":0.0,"enemies":"Small Slimes","floor":52.0,"turns":3.0},{"damage":0.0,"enemies":"Jaw Worm","floor":54.0,"turns":1.0},{"damage":0.0,"enemies":"Cultist","floor":55.0,"turns":2.0},{"damage":0.0,"enemies":"3 Louse","floor":56.0,"turns":1.0},{"damage":0.0,"enemies":"Lagavulin","floor":57.0,"turns":1.0},{"damage":0.0,"enemies":"3 Sentries","floor":59.0,"turns":1.0},{"damage":0.0,"enemies":"Replay:BlueRogue","floor":61.0,"turns":2.0},{"damage":0.0,"enemies":"Exordium Wildlife","floor":63.0,"turns":1.0},{"damage":0.0,"enemies":"Red Slaver","floor":64.0,"turns":1.0},{"damage":0.0,"enemies":"Exordium Thugs","floor":65.0,"turns":1.0},{"damage":0.0,"enemies":"Hexaghost","floor":67.0,"turns":1.0},{"damage":0.0,"enemies":"2 Thieves","floor":69.0,"turns":1.0},{"damage":0.0,"enemies":"Sentry and Sphere","floor":72.0,"turns":1.0},{"damage":0.0,"enemies":"Book of Stabbing","floor":74.0,"turns":1.0},{"damage":0.0,"enemies":"Centurion and Healer","floor":76.0,"turns":1.0},{"damage":0.0,"enemies":"Nightmare_Alpha","floor":78.0,"turns":1.0},{"damage":0.0,"enemies":"Cultist and Chosen","floor":80.0,"turns":2.0},{"damage":0.0,"enemies":"Shelled Parasite and Fungi","floor":81.0,"turns":1.0},{"damage":0.0,"enemies":"Book of Stabbing","floor":82.0,"turns":1.0},{"damage":0.0,"enemies":"Automaton","floor":84.0,"turns":1.0},{"damage":0.0,"enemies":"Orb Walker","floor":86.0,"turns":1.0},{"damage":0.0,"enemies":"3 Shapes","floor":87.0,"turns":1.0},{"damage":0.0,"enemies":"Writhing Mass","floor":89.0,"turns":1.0},{"damage":0.0,"enemies":"4 Shapes","floor":90.0,"turns":1.0},{"damage":0.0,"enemies":"Reptomancer","floor":93.0,"turns":1.0},{"damage":0,"enemies":"Jaw Worm Horde","floor":96,"turns":1},{"damage":0,"enemies":"3 Darklings","floor":97,"turns":1},{"damage":0,"enemies":"Maw","floor":98,"turns":1},{"damage":0,"enemies":"R_Hoarder","floor":99,"turns":2},{"damage":0,"enemies":"infinitespire:MassOfShapes","floor":101,"turns":1}],"seed_played":"787286550097576976","potions_obtained":[{"floor":3.0,"key":"Energy Potion"},{"floor":4.0,"key":"Strength Potion"},{"floor":14.0,"key":"CultistPotion"},{"floor":27.0,"key":"AttackPotion"},{"floor":28.0,"key":"SmokeBomb"},{"floor":29.0,"key":"DuplicationPotion"},{"floor":40.0,"key":"AttackPotion"},{"floor":74.0,"key":"Adrenaline Potion"},{"floor":76.0,"key":"AttackPotion"}],"is_trial":false,"path_per_floor":["M","?","M","M","?","R","E","R","T","E","R","M","?","E","R","B",null,"M","?","AVR","M","$","R","$","E","T","M","E","?","NM","T","R","B",null,"?","?","?","?","?","E","T","NM","T","?","T","E","?","T","T","B",null,"?","?","?","?","?","E","?","E","T","E","?","?","?","?","T","B",null,"?","AVR","?","?","?","E","?","?","T","NM","T","?","?","E","T","B",null,"?","?","AVR","?","?","T","?","E","T","T","?","?","?","E","T","B",null],"character_chosen":"THE_WILD_CARD","items_purchased":["Apotheosis","Sling","theWildCard:MagicalMight","Pen Nib","Panache+1"],"campfire_rested":0,"item_purchase_floors":[22,24,41,41,41],"current_hp_per_floor":[60,60,60,60,44,44,41,41,41,45,45,61,61,65,65,65,67,67,67,67,67,67,67,67,51,51,71,71,75,75,75,75,75,75,77,79,79,81,83,85,85,87,87,87,87,89,89,89,89,91,91,93,93,95,97,99,101,101,103,103,105,105,107,109,111,111,115,115,117,117,117,119,119,126,126,128,128,128,128,130,132,134,134,136,136,138,140,147,149,151,151,151,153,153,153,155,157,159,161,161,163,163,163],"gold":1059,"neow_bonus":"RANDOM_COMMON_RELIC","is_daily":false,"chose_seed":false,"campfire_upgraded":8,"win_rate":0.0,"timestamp":1610779400,"path_taken":["M","?","M","M","?","R","E","R","T","E","R","M","?","E","R","BOSS","M","?","AVR","M","$","R","$","E","T","M","E","?","NM","?","R","BOSS","?","?","?","?","?","E","T","NM","T","?","T","E","?","?","T","BOSS","?","?","?","?","?","E","?","E","T","E","?","?","?","?","T","BOSS","?","AVR","?","?","?","E","?","?","T","NM","T","?","?","E","T","BOSS","?","?","AVR","?","?","T","?","E","T","T","?","?","?","E","T","BOSS"],"items_purchased_type":["Card","Relic","Card","Relic","Card"],"build_version":"2020-12-22","purchased_purges":6,"victory":false,"max_hp_per_floor":[60,60,60,60,60,60,67,67,67,67,67,67,67,67,67,67,67,67,67,67,69,69,69,69,69,69,71,73,75,75,75,75,75,75,77,79,79,81,83,85,85,87,87,87,87,89,89,89,89,91,91,93,93,95,97,99,101,101,103,103,105,105,107,109,111,111,115,115,117,117,117,119,119,126,126,128,128,128,128,130,132,134,134,136,136,138,140,147,149,151,151,151,153,153,153,155,157,159,161,161,163,163,163],"relic_stats":{"Lee\u0027s Waffle":7,"Singing Bowl":84,"Torii":0,"counters":[56,122],"Pen Nib":[13],"Orichalcum":[0],"Smiling Mask":150,"Boot":[0],"Peace Pipe":4,"Centennial Puzzle":[0],"Busted Crown":80,"Mummified Hand":[204],"obtain_stats":[{"ReplayFunnel":59,"Replay:Accelerometer":93,"Snecko Heart":17,"Calipers":29,"Singing Bowl":20,"Torii":99,"Painkiller Herb":34,"Blue Doll":48,"Smiling Mask":9,"Sling":24,"Boot":78,"Pet Ghost":30,"Replay:Bandana":14,"theWildCard:MemoriesOfPhantasm":28,"Centennial Puzzle":60,"HornCleat":26,"Matryoshka":43,"Mummified Hand":31,"Mastiff:ReiMu":82,"Strawberry":7,"Philosopher\u0027s Stone":68,"HollowMod:PaleOreRelic":10,"Replay:Bottled Steam":46,"Runic Pyramid":102,"Lee\u0027s Waffle":88,"Replay:Towering Pillar of Hats":25,"Pen Nib":41,"infinitespire:Joker Card":61,"Frozen Egg 2":29,"Orichalcum":48,"Akabeko":13,"Du-Vu Doll":42,"Peace Pipe":70,"theWildCard:VelvetContract":0,"SlaversCollar":85,"Anchor":0,"Busted Crown":51,"PaintedHorse:ReiMu":58,"MutagenicStrength":73,"Durian":74,"Grinning Jar":77,"StrikeDummy":60,"Unceasing Top":40},{"ReplayFunnel":32,"Replay:Accelerometer":51,"Snecko Heart":8,"Calipers":15,"Singing Bowl":9,"Torii":55,"Painkiller Herb":17,"Blue Doll":25,"Smiling Mask":4,"Sling":10,"Boot":42,"Pet Ghost":16,"Replay:Bandana":7,"theWildCard:MemoriesOfPhantasm":13,"Centennial Puzzle":32,"HornCleat":11,"Matryoshka":23,"Mummified Hand":16,"Mastiff:ReiMu":45,"Strawberry":4,"Philosopher\u0027s Stone":37,"HollowMod:PaleOreRelic":5,"Replay:Bottled Steam":24,"Runic Pyramid":56,"Lee\u0027s Waffle":48,"Replay:Towering Pillar of Hats":11,"Pen Nib":22,"infinitespire:Joker Card":33,"Frozen Egg 2":15,"Orichalcum":25,"Akabeko":6,"Du-Vu Doll":23,"Peace Pipe":38,"theWildCard:VelvetContract":0,"SlaversCollar":46,"Anchor":0,"Busted Crown":26,"PaintedHorse:ReiMu":31,"MutagenicStrength":39,"Durian":40,"Grinning Jar":41,"StrikeDummy":32,"Unceasing Top":22},{"ReplayFunnel":95,"Replay:Accelerometer":116,"Snecko Heart":29,"Calipers":52,"Singing Bowl":31,"Torii":121,"Painkiller Herb":62,"Blue Doll":83,"Smiling Mask":12,"Sling":35,"Boot":106,"Pet Ghost":57,"Replay:Bandana":26,"theWildCard:MemoriesOfPhantasm":46,"Centennial Puzzle":95,"HornCleat":38,"Matryoshka":79,"Mummified Hand":57,"Mastiff:ReiMu":110,"Strawberry":12,"Philosopher\u0027s Stone":101,"HollowMod:PaleOreRelic":20,"Replay:Bottled Steam":81,"Runic Pyramid":122,"Lee\u0027s Waffle":113,"Replay:Towering Pillar of Hats":38,"Pen Nib":77,"infinitespire:Joker Card":97,"Frozen Egg 2":52,"Orichalcum":83,"Akabeko":24,"Du-Vu Doll":79,"Peace Pipe":102,"theWildCard:VelvetContract":0,"SlaversCollar":111,"Anchor":0,"Busted Crown":86,"PaintedHorse:ReiMu":94,"MutagenicStrength":103,"Durian":104,"Grinning Jar":105,"StrikeDummy":95,"Unceasing Top":77}],"Unceasing Top":[0]},"card_choices":[{"not_picked":["theWildCard:PowerOfTheArcana","theWildCard:Impatience"],"picked":"theWildCard:StalwartBlade","floor":1.0},{"not_picked":["theWildCard:Odin","theWildCard:LadyLuck"],"picked":"theWildCard:Abstinence","floor":3.0},{"not_picked":["theWildCard:EnergyTheft","theWildCard:Patience"],"picked":"theWildCard:PaleRider","floor":4.0},{"not_picked":["ReplayTheSpireMod:Haul","infinitespire:FutureSight"],"picked":"infinitespire:FinalStrike","floor":5.0},{"not_picked":["theWildCard:Patience","theWildCard:CryOfAgony"],"picked":"theWildCard:Amaterasu","floor":7.0},{"not_picked":["theWildCard:MagicMettle","theWildCard:Polydeuces"],"picked":"theWildCard:ArchaicAssault","floor":10.0},{"not_picked":["theWildCard:SeveringSlash","theWildCard:SacrificialStroke"],"picked":"theWildCard:MagicMettle","floor":12.0},{"not_picked":["theWildCard:SacrificialStroke","theWildCard:ArchaicAssault"],"picked":"theWildCard:MaskChange","floor":14.0},{"not_picked":["theWildCard:Satanael","theWildCard:TheUniverse"],"picked":"theWildCard:Overwhelm","floor":16.0},{"not_picked":["theWildCard:StalwartBlade","theWildCard:StingingStrike","theWildCard:Loki"],"picked":"SKIP","floor":18.0},{"not_picked":[],"picked":"theWildCard:ArchaicAssault","floor":19.0},{"not_picked":[],"picked":"theWildCard:TheArcanaUnleashed","floor":19.0},{"not_picked":["theWildCard:Proficiency","theWildCard:Michael","theWildCard:StingingStrike"],"picked":"Singing Bowl","floor":21.0},{"not_picked":["theWildCard:Providence+1","theWildCard:MagicalMight"],"picked":"theWildCard:FinalHour","floor":25.0},{"not_picked":["theWildCard:Unburden+1","theWildCard:Loki","theWildCard:ArcanaArtistry"],"picked":"Singing Bowl","floor":27.0},{"not_picked":["theWildCard:Patience","theWildCard:IdentityTheft","theWildCard:TheGreatSeal"],"picked":"Singing Bowl","floor":28.0},{"not_picked":["theWildCard:ArcaneArts","theWildCard:SeveringSlash","theWildCard:Loki"],"picked":"Singing Bowl","floor":29.0},{"not_picked":["theWildCard:BladeOfGenerations","theWildCard:Polydeuces"],"picked":"theWildCard:UnderLockAndKey+1","floor":30.0},{"not_picked":["theWildCard:FuelForTheFire+1","theWildCard:Ruination"],"picked":"theWildCard:TheArcanaUnleashed+1","floor":33.0},{"not_picked":["theWildCard:Polydeuces+1","theWildCard:LadyLuck+1","theWildCard:Sakuya+1"],"picked":"Singing Bowl","floor":35.0},{"not_picked":["theWildCard:Unburden","theWildCard:MaskChange","theWildCard:SeveringSlash+1"],"picked":"Singing Bowl","floor":36.0},{"not_picked":["theWildCard:Alice+1","theWildCard:ArcanaArtistry","theWildCard:EnergizedStroke"],"picked":"Singing Bowl","floor":38.0},{"not_picked":["theWildCard:StalwartBlade","theWildCard:SeveringSlash","theWildCard:EnergizedStroke+1"],"picked":"Singing Bowl","floor":39.0},{"not_picked":["theWildCard:PaleRider","theWildCard:CryOfAgony","theWildCard:MaskChange+1"],"picked":"Singing Bowl","floor":40.0},{"not_picked":["infinitespire:Starlight","infinitespire:FinalStrike","infinitespire:Punishment"],"picked":"Singing Bowl","floor":42.0},{"not_picked":["theWildCard:ChangingDestiny","theWildCard:TheGreatSeal+1"],"picked":"theWildCard:Metatron","floor":42.0},{"not_picked":["theWildCard:Polydeuces+1","theWildCard:Abstinence+1","theWildCard:Overwhelm"],"picked":"Singing Bowl","floor":46.0},{"not_picked":["theWildCard:Scathach","theWildCard:Sakuya"],"picked":"theWildCard:LadyLuck","floor":47.0},{"not_picked":["theWildCard:Deicide","theWildCard:Overwhelm","theWildCard:Amaterasu"],"picked":"Singing Bowl","floor":50.0},{"not_picked":["theWildCard:Patience"],"picked":"Singing Bowl","floor":52.0},{"not_picked":["theWildCard:ArcaneArts"],"picked":"Singing Bowl","floor":54.0},{"not_picked":["theWildCard:ArchaicAssault"],"picked":"Singing Bowl","floor":55.0},{"not_picked":["theWildCard:SeveringSlash"],"picked":"Singing Bowl","floor":56.0},{"not_picked":["theWildCard:SeveringSlash"],"picked":"Singing Bowl","floor":57.0},{"not_picked":["theWildCard:SacrificialStroke"],"picked":"Singing Bowl","floor":59.0},{"not_picked":["theWildCard:ArchaicAssault"],"picked":"Singing Bowl","floor":61.0},{"not_picked":["theWildCard:UnendingRitual"],"picked":"Singing Bowl","floor":63.0},{"not_picked":["theWildCard:Patience"],"picked":"Singing Bowl","floor":64.0},{"not_picked":["theWildCard:EnergizedStroke"],"picked":"Singing Bowl","floor":65.0},{"not_picked":["infinitespire:SevenWalls","Replay:Fractal Strike","infinitespire:Menacing"],"picked":"Singing Bowl","floor":67.0},{"not_picked":["theWildCard:TheArcanaUnleashed+1"],"picked":"Singing Bowl","floor":67.0},{"not_picked":["theWildCard:Unburden"],"picked":"Singing Bowl","floor":69.0},{"not_picked":["theWildCard:Proficiency"],"picked":"Singing Bowl","floor":72.0},{"not_picked":["theWildCard:Proficiency"],"picked":"Singing Bowl","floor":74.0},{"not_picked":["theWildCard:MaskChange"],"picked":"Singing Bowl","floor":76.0},{"not_picked":[],"picked":"theWildCard:MagicalMight+1","floor":78.0},{"not_picked":["theWildCard:Impatience"],"picked":"Singing Bowl","floor":80.0},{"not_picked":["theWildCard:Unburden"],"picked":"Singing Bowl","floor":81.0},{"not_picked":["theWildCard:TheArcanaUnleashed+1"],"picked":"Singing Bowl","floor":82.0},{"not_picked":["theWildCard:FinalHour"],"picked":"Singing Bowl","floor":84.0},{"not_picked":["theWildCard:StingingStrike"],"picked":"Singing Bowl","floor":86.0},{"not_picked":["theWildCard:Patience"],"picked":"Singing Bowl","floor":87.0},{"not_picked":["theWildCard:StingingStrike"],"picked":"Singing Bowl","floor":89.0},{"not_picked":["theWildCard:MasterPlan"],"picked":"Singing Bowl","floor":90.0},{"not_picked":["theWildCard:Proficiency"],"picked":"Singing Bowl","floor":93.0},{"not_picked":["theWildCard:Unburden"],"picked":"Singing Bowl","floor":96},{"not_picked":["theWildCard:Michael"],"picked":"SKIP","floor":97},{"not_picked":["theWildCard:Michael"],"picked":"Singing Bowl","floor":97},{"not_picked":["theWildCard:Odin"],"picked":"Singing Bowl","floor":98},{"not_picked":["theWildCard:MasterPlan+1"],"picked":"Singing Bowl","floor":99},{"not_picked":["theWildCard:ChangingDestiny"],"picked":"Singing Bowl","floor":101}],"player_experience":1356332,"relics_obtained":[{"floor":7.0,"key":"Strawberry"},{"floor":9.0,"key":"Smiling Mask"},{"floor":10.0,"key":"HollowMod:PaleOreRelic"},{"floor":14.0,"key":"Replay:Bandana"},{"floor":25.0,"key":"Replay:Towering Pillar of Hats"},{"floor":26.0,"key":"HornCleat"},{"floor":28.0,"key":"theWildCard:MemoriesOfPhantasm"},{"floor":29.0,"key":"Calipers"},{"floor":29.0,"key":"Frozen Egg 2"},{"floor":30.0,"key":"Pet Ghost"},{"floor":31.0,"key":"Mummified Hand"},{"floor":40.0,"key":"Unceasing Top"},{"floor":42.0,"key":"Du-Vu Doll"},{"floor":43.0,"key":"Matryoshka"},{"floor":46.0,"key":"Replay:Bottled Steam"},{"floor":48.0,"key":"Blue Doll"},{"floor":48.0,"key":"Orichalcum"},{"floor":59.0,"key":"ReplayFunnel"},{"floor":60.0,"key":"Centennial Puzzle"},{"floor":60.0,"key":"StrikeDummy"},{"floor":61.0,"key":"infinitespire:Joker Card"},{"floor":74.0,"key":"Durian"},{"floor":77.0,"key":"Grinning Jar"},{"floor":78.0,"key":"Boot"},{"floor":82.0,"key":"Mastiff:ReiMu"},{"floor":93.0,"key":"Replay:Accelerometer"},{"floor":99,"key":"Torii"}],"event_choices":[{"damage_healed":0.0,"max_hp_gain":0.0,"max_hp_loss":0.0,"gold_gain":0.0,"event_name":"Colosseum","player_choice":"Fight","floor":29.0,"gold_loss":0.0,"damage_taken":0.0},{"damage_healed":0.0,"max_hp_gain":0.0,"max_hp_loss":0.0,"gold_gain":0.0,"event_name":"Colosseum","player_choice":"Fought Nobs","floor":29.0,"gold_loss":0.0,"damage_taken":0.0},{"damage_healed":0.0,"max_hp_gain":0.0,"max_hp_loss":0.0,"gold_gain":0.0,"event_name":"Duplicator","player_choice":"Copied","floor":37.0,"gold_loss":0.0,"damage_taken":0.0,"cards_obtained":["theWildCard:TheArcanaUnleashed"]},{"cards_removed":["theWildCard:BasicStrike"],"damage_healed":0.0,"max_hp_gain":0.0,"max_hp_loss":0.0,"gold_gain":0.0,"event_name":"Falling","player_choice":"Removed Attack","floor":44.0,"gold_loss":0.0,"damage_taken":0.0},{"damage_healed":0.0,"max_hp_gain":0.0,"max_hp_loss":0.0,"gold_gain":0.0,"event_name":"Accursed Blacksmith","player_choice":"Forge","floor":53.0,"gold_loss":0.0,"damage_taken":0.0,"cards_upgraded":["theWildCard:TheArcanaUnleashed"]},{"damage_healed":0.0,"max_hp_gain":0.0,"max_hp_loss":0.0,"gold_gain":0.0,"event_name":"yidonshenshe","player_choice":"Donate","floor":58.0,"gold_loss":40.0,"damage_taken":0.0,"relics_obtained":["PaintedHorse:ReiMu"]},{"damage_healed":0.0,"max_hp_gain":0.0,"max_hp_loss":0.0,"gold_gain":0.0,"event_name":"Drug Dealer","player_choice":"Inject Mutagens","floor":73.0,"gold_loss":0.0,"damage_taken":0.0,"relics_obtained":["MutagenicStrength"]},{"cards_removed":["theWildCard:BasicDefend"],"damage_healed":0.0,"max_hp_gain":0.0,"max_hp_loss":0.0,"gold_gain":0.0,"event_name":"Beggar","player_choice":"Gave Gold","floor":75.0,"gold_loss":75.0,"damage_taken":0.0},{"cards_removed":["theWildCard:Abstinence"],"damage_healed":0.0,"max_hp_gain":0.0,"max_hp_loss":0.0,"gold_gain":0.0,"event_name":"Designer","player_choice":"Upgrade and Remove","floor":92.0,"gold_loss":90.0,"damage_taken":0.0,"cards_upgraded":["theWildCard:Amaterasu"]}],"is_beta":false,"boss_relics":[{"not_picked":["Snecko Eye","Honey Jar"],"picked":"Snecko Heart"},{"not_picked":["Replay:Drink Me","Abe\u0027s Treasure"],"picked":"Painkiller Herb"},{"not_picked":["Empty Cage","Astrolabe"],"picked":"Busted Crown"},{"not_picked":["Snecko Eye","Replay:Grab Bag"],"picked":"Philosopher\u0027s Stone"},{"not_picked":["Cursed Key","RedLine:ReiMu"],"picked":"SlaversCollar"},{"not_picked":["ChewingGum","Runic Dome"],"picked":"Runic Pyramid"}],"items_purged_floors":[20,22,24,41,70,88],"is_endless":true,"potions_floor_spawned":[3,4,14,16,21,27,28,29,35,38,40,50,52,59,61,63,65,67,74,76,78,80,89,93,98,101],"ascension_level":3}}