{"host":"j4vm2xutdvrvbn3r","time":1610766838,"event":{"mods":["BaseMod","Better Third Choice","Googly Eyes","Minty Spire (QoL Compilation)","StSLib"],"gold_per_floor":[214,179,191,191,191,191,220,232,244,274,286,331,35,55,55,160,210,229,229,229,144,74,74,88,103,103,103,27,56,56,76,76,181,181,193,243,243,243],"floor_reached":37,"language":"ENG","playtime":2436,"items_purged":[],"score":438,"play_id":"d2f12c2c-57ec-4a75-af62-91039afd6929","local_time":"20210115221358","is_ascension_mode":true,"campfire_choices":[{"floor":6,"key":"REST"},{"floor":8,"key":"REST"},{"floor":11,"key":"REST"},{"floor":15,"key":"REST"},{"data":"Wish","floor":23,"key":"SMITH"},{"data":"Eruption","floor":27,"key":"SMITH"},{"floor":30,"key":"REST"},{"floor":32,"key":"REST"}],"circlet_count":0,"master_deck":["Defend_P","Defend_P","Defend_P","Defend_P","Eruption+1","Vigilance","BowlingBash","Pray+1","Caltrops","Wish+1","Devotion","EmptyFist","ConjureBlade","ClearTheMind","ForeignInfluence+1","Bite","Bite","Bite","Bite","Bite","RitualDagger","CarveReality","Prostrate","Conclude","DeusExMachina","Vault","Worship+1","FollowUp+1"],"relics":["PureWater","Ornamental Fan","MawBank","Shuriken","Bottled Tornado","Pear","Tiny House","Kunai","Happy Flower","White Beast Statue","Runic Pyramid","Mango"],"acts_visited":["Exordium","TheCity","TheBeyond"],"potions_floor_usage":[16,16,29,31,33,33,37],"damage_taken":[{"damage":17,"enemies":"Jaw Worm","floor":1,"turns":3},{"damage":2,"enemies":"Small Slimes","floor":3,"turns":4},{"damage":27,"enemies":"Lagavulin","floor":7,"turns":9},{"damage":1,"enemies":"2 Louse","floor":10,"turns":3},{"damage":31,"enemies":"Gremlin Nob","floor":12,"turns":5},{"damage":12,"enemies":"Blue Slaver","floor":14,"turns":6},{"damage":58,"enemies":"The Guardian","floor":16,"turns":12},{"damage":15,"enemies":"3 Byrds","floor":18,"turns":3},{"damage":27,"enemies":"2 Thieves","floor":24,"turns":4},{"damage":7,"enemies":"Cultist and Chosen","floor":25,"turns":6},{"damage":44,"enemies":"Book of Stabbing","floor":29,"turns":6},{"damage":27,"enemies":"Centurion and Healer","floor":31,"turns":4},{"damage":32,"enemies":"Champ","floor":33,"turns":7},{"damage":9,"enemies":"3 Shapes","floor":35,"turns":4},{"damage":10,"enemies":"Mind Bloom Boss Battle","floor":36,"turns":6},{"damage":77,"enemies":"2 Orb Walkers","floor":37,"turns":5}],"seed_played":"-3451490478342964849","potions_obtained":[{"floor":3,"key":"FairyPotion"},{"floor":12,"key":"SpeedPotion"},{"floor":17,"key":"CultistPotion"},{"floor":18,"key":"AttackPotion"},{"floor":29,"key":"DistilledChaos"},{"floor":31,"key":"BlessingOfTheForge"},{"floor":33,"key":"StancePotion"},{"floor":35,"key":"FearPotion"},{"floor":36,"key":"Ambrosia"}],"is_trial":false,"path_per_floor":["M","?","M","?","?","R","E","R","T","M","R","E","$","M","R","B",null,"M","?","?","?","$","R","M","M","T","R","$","E","R","M","R","B",null,"M","?","?"],"character_chosen":"WATCHER","items_purchased":["Pear","ColorlessPotion","CarveReality","Conclude"],"campfire_rested":6,"item_purchase_floors":[13,13,22,28],"current_hp_per_floor":[55,72,70,16,16,37,10,31,31,30,51,20,30,18,42,13,87,72,60,54,54,54,54,33,38,38,38,38,4,22,5,23,11,60,55,70,0,0],"gold":243,"neow_bonus":"HUNDRED_GOLD","is_daily":false,"chose_seed":false,"campfire_upgraded":2,"win_rate":0.0,"timestamp":1610766838,"path_taken":["M","?","M","?","?","R","E","R","T","M","R","E","$","M","R","BOSS","M","?","?","?","$","R","M","M","T","R","$","E","R","M","R","BOSS","M","?","?"],"items_purchased_type":["Relic","Potion","Card","Card"],"build_version":"2020-12-22","purchased_purges":0,"victory":false,"max_hp_per_floor":[72,72,72,72,72,72,72,72,72,72,72,72,82,82,82,82,87,87,60,60,60,60,60,60,60,60,60,60,60,60,60,60,60,60,60,74,74,74],"card_choices":[{"not_picked":["CutThroughFate","Prostrate"],"picked":"BowlingBash","floor":1},{"not_picked":["PathToVictory","Protect"],"picked":"Pray","floor":3},{"not_picked":["JustLucky","Halt"],"picked":"Wish","floor":7},{"not_picked":["LikeWater","JustLucky","Evaluate"],"picked":"SKIP","floor":10},{"not_picked":["ForeignInfluence","Evaluate"],"picked":"Devotion","floor":12},{"not_picked":["Prostrate","Swivel"],"picked":"EmptyFist","floor":14},{"not_picked":["Ragnarok","Devotion"],"picked":"ConjureBlade","floor":16},{"not_picked":["PathToVictory","Perseverance"],"picked":"ClearTheMind","floor":17},{"not_picked":["TalkToTheHand","EmptyFist"],"picked":"ForeignInfluence+1","floor":18},{"not_picked":["ClearTheMind","Halt+1"],"picked":"Prostrate","floor":24},{"not_picked":["Pray+1","DeceiveReality+1","PathToVictory"],"picked":"SKIP","floor":25},{"not_picked":["Prostrate","Collect"],"picked":"DeusExMachina","floor":29},{"not_picked":["Collect","WheelKick","Fasting2"],"picked":"SKIP","floor":31},{"not_picked":["SpiritShield","Devotion"],"picked":"Vault","floor":33},{"not_picked":["WaveOfTheHand","Protect"],"picked":"Worship+1","floor":35},{"not_picked":["Swivel","Evaluate+1"],"picked":"FollowUp+1","floor":36}],"player_experience":438390,"relics_obtained":[{"floor":7,"key":"MawBank"},{"floor":9,"key":"Shuriken"},{"floor":12,"key":"Bottled Tornado"},{"floor":26,"key":"Happy Flower"},{"floor":29,"key":"White Beast Statue"},{"floor":36,"key":"Mango"}],"event_choices":[{"damage_healed":18,"gold_gain":0,"player_choice":"Healed","damage_taken":0,"max_hp_gain":0,"max_hp_loss":0,"event_name":"The Cleric","floor":2,"gold_loss":35},{"damage_healed":0,"gold_gain":0,"player_choice":"Ignored","damage_taken":0,"max_hp_gain":0,"max_hp_loss":0,"event_name":"Golden Idol","floor":5,"gold_loss":0},{"damage_healed":0,"gold_gain":0,"player_choice":"Became a vampire","damage_taken":0,"max_hp_gain":0,"max_hp_loss":27,"event_name":"Vampires","floor":19,"gold_loss":0,"cards_obtained":["Bite","Bite","Bite","Bite","Bite"]},{"damage_healed":0,"gold_gain":0,"player_choice":"Dagger","damage_taken":6,"max_hp_gain":0,"max_hp_loss":0,"event_name":"betterThird:BetterNest","floor":20,"gold_loss":0,"cards_obtained":["RitualDagger"]},{"damage_healed":0,"gold_gain":0,"player_choice":"Obtained Relic","damage_taken":0,"relics_obtained":["Kunai"],"max_hp_gain":0,"max_hp_loss":0,"event_name":"Addict","floor":21,"gold_loss":85},{"damage_healed":0,"gold_gain":0,"player_choice":"Fight","damage_taken":0,"max_hp_gain":0,"max_hp_loss":0,"event_name":"MindBloom","floor":36,"gold_loss":0},{"damage_healed":0,"gold_gain":0,"player_choice":"Fight","damage_taken":0,"max_hp_gain":0,"max_hp_loss":0,"event_name":"Mysterious Sphere","floor":37,"gold_loss":0}],"is_beta":false,"boss_relics":[{"not_picked":["Philosopher\u0027s Stone","Empty Cage"],"picked":"Tiny House"},{"not_picked":["SlaversCollar","Cursed Key"],"picked":"Runic Pyramid"}],"items_purged_floors":[],"is_endless":false,"potions_floor_spawned":[3,12,18,29,31,33,35,36],"killed_by":"2 Orb Walkers","ascension_level":1}}