{"host":"2tgyrzvaa7l04o2e","time":1610805797,"event":{"mods":["BaseMod","Highlight Path","Minty Spire (QoL Compilation)","Permanent Neow","Relic Stats"],"gold_per_floor":[112,129,29,39,52,52,70,85,110,123,123,140,166,166,166,242,242,260,270,284,284,284],"floor_reached":21,"language":"ENG","playtime":992,"items_purged":["Defend_G"],"score":354,"play_id":"e90fb76b-d265-459e-9e1f-f80fc1fad0f9","local_time":"20210116150317","is_ascension_mode":true,"campfire_choices":[{"data":"Neutralize","floor":6,"key":"SMITH"},{"floor":11,"key":"REST"},{"floor":15,"key":"REST"}],"circlet_count":0,"master_deck":["AscendersBane","Strike_G","Strike_G","Strike_G","Strike_G","Strike_G","Defend_G","Defend_G+1","Defend_G","Defend_G","Survivor","Neutralize+1","Slice","Noxious Fumes","Flying Knee","Prepared","Dagger Spray","Predator","Deadly Poison","Backflip+1","Corpse Explosion","Leg Sweep","All Out Attack"],"relics":["Ring of the Snake","Lizard Tail","MealTicket","Odd Mushroom","Cursed Key"],"acts_visited":["Exordium","TheCity"],"potions_floor_usage":[13,13,20,21],"damage_taken":[{"damage":0,"enemies":"Cultist","floor":1,"turns":4},{"damage":1,"enemies":"2 Louse","floor":2,"turns":3},{"damage":2,"enemies":"Small Slimes","floor":4,"turns":4},{"damage":20,"enemies":"Exordium Thugs","floor":5,"turns":5},{"damage":21,"enemies":"Lots of Slimes","floor":7,"turns":5},{"damage":6,"enemies":"3 Louse","floor":8,"turns":6},{"damage":1,"enemies":"Large Slime","floor":10,"turns":4},{"damage":3,"enemies":"Looter","floor":12,"turns":3},{"damage":0,"enemies":"The Mushroom Lair","floor":13,"turns":3},{"damage":51,"enemies":"The Guardian","floor":16,"turns":11},{"damage":1,"enemies":"3 Byrds","floor":18,"turns":3},{"damage":19,"enemies":"Shell Parasite","floor":19,"turns":5},{"damage":13,"enemies":"Centurion and Healer","floor":20,"turns":5},{"damage":17,"enemies":"Snake Plant","floor":21,"turns":3}],"seed_played":"-4147363000357121441","potions_obtained":[{"floor":4,"key":"Strength Potion"},{"floor":7,"key":"LiquidBronze"},{"floor":10,"key":"SpeedPotion"},{"floor":19,"key":"DistilledChaos"},{"floor":20,"key":"Poison Potion"}],"is_trial":false,"path_per_floor":["M","M","$","M","M","R","M","M","T","M","R","M","?","?","R","B",null,"M","M","M","M"],"character_chosen":"THE_SILENT","items_purchased":["Flying Knee"],"campfire_rested":2,"item_purchase_floors":[3],"current_hp_per_floor":[59,58,58,56,36,36,15,9,9,8,26,23,23,5,23,6,47,46,27,14,0,0],"gold":284,"neow_bonus":"ONE_RARE_RELIC","is_daily":false,"chose_seed":false,"campfire_upgraded":1,"win_rate":0.0,"timestamp":1610805797,"path_taken":["M","M","?","?","M","R","M","M","T","M","R","M","?","?","R","BOSS","M","M","M","M"],"items_purchased_type":["Card"],"build_version":"2020-12-22","purchased_purges":1,"victory":false,"max_hp_per_floor":[60,60,60,60,60,60,60,60,60,60,60,60,60,60,60,60,60,60,60,60,60,60],"relic_stats":{"Lizard Tail":30,"counters":[14,64],"MealTicket":0,"Cursed Key":0,"obtain_stats":[{"Lizard Tail":0,"MealTicket":9,"Odd Mushroom":13,"Cursed Key":17,"Ring of the Snake":0},{"Lizard Tail":0,"MealTicket":6,"Odd Mushroom":9,"Cursed Key":10,"Ring of the Snake":0},{"Lizard Tail":0,"MealTicket":27,"Odd Mushroom":37,"Cursed Key":48,"Ring of the Snake":0}],"Ring of the Snake":[28]},"card_choices":[{"not_picked":["Deflect","Terror"],"picked":"Slice","floor":1},{"not_picked":["Slice","PiercingWail"],"picked":"Noxious Fumes","floor":2},{"not_picked":["Flying Knee","Endless Agony","Concentrate"],"picked":"SKIP","floor":4},{"not_picked":["Acrobatics","Deadly Poison"],"picked":"Prepared","floor":5},{"not_picked":["Calculated Gamble","Infinite Blades"],"picked":"Dagger Spray","floor":7},{"not_picked":["Finisher","Dagger Throw"],"picked":"Predator","floor":8},{"not_picked":["Cloak And Dagger","Underhanded Strike"],"picked":"Deadly Poison","floor":10},{"not_picked":["Choke","Bane"],"picked":"Backflip","floor":12},{"not_picked":["Venomology","Unload"],"picked":"Corpse Explosion","floor":16},{"not_picked":["Cloak And Dagger","Expertise","Accuracy+1"],"picked":"SKIP","floor":18},{"not_picked":["Slice","Cloak And Dagger"],"picked":"Leg Sweep","floor":19},{"not_picked":["Calculated Gamble","Outmaneuver"],"picked":"All Out Attack","floor":20}],"player_experience":596470,"relics_obtained":[{"floor":9,"key":"MealTicket"},{"floor":13,"key":"Odd Mushroom"}],"event_choices":[{"damage_healed":0,"gold_gain":0,"player_choice":"Fought Mushrooms","damage_taken":0,"max_hp_gain":0,"max_hp_loss":0,"event_name":"Mushrooms","floor":13,"gold_loss":0},{"damage_healed":0,"gold_gain":0,"player_choice":"Entered Light","damage_taken":18,"max_hp_gain":0,"max_hp_loss":0,"event_name":"Shining Light","floor":14,"gold_loss":0,"cards_upgraded":["Backflip","Defend_G"]}],"is_beta":false,"boss_relics":[{"not_picked":["Runic Dome","Empty Cage"],"picked":"Cursed Key"}],"items_purged_floors":[3],"is_endless":false,"potions_floor_spawned":[4,7,10,19,20],"killed_by":"Snake Plant","ascension_level":20}}