{"host":"gkh5j5k5w4qf7k7n","time":1610788623,"event":{"mods":["2.2 Compatiblity","AchievementEnabler","Arknights The Spire","BaseMod","Colored Map","Colored Powertips","GifTheSpireLib","Hermit","Keyboard Shortcuts","Minty Spire (QoL Compilation)","Quick Restart","StSLib","SuperFastMode","The Druid","The Problem Sleuth","TheBandit","¡¼?Úª?ø«¡½REMEMod"],"gold_per_floor":[114,114,114,27,43,79,79,79,79,98,148,213,231,80,80,208,208,224,42,60,60,85,85,121,121,121,144,19,52,52,68,68,193,193,217,242,242,242,242,276,276,294,294,315,338,288,309,309,309,309,309,309,106,147,147],"floor_reached":56,"language":"KOR","playtime":2724,"items_purged":["ats:Strike G","ats:Strike S","ats:Composite Medical Shells","ats:Strike C","ats:Armor Crushing Shot"],"score":1318,"play_id":"c92c6084-f270-4a41-b0bd-47c2df58fb40","local_time":"20210116181703","is_ascension_mode":true,"campfire_choices":[{"data":"ats:Part Time Job","floor":15.0,"key":"SMITH"},{"data":"ats:Emotion Absorption","floor":23.0,"key":"SMITH"},{"data":"ats:Composite Medical Shells","floor":25.0,"key":"SMITH"},{"data":"ats:Healing Strengthening","floor":30.0,"key":"SMITH"},{"floor":32.0,"key":"RECALL"},{"data":"ats:Rat Pack","floor":41,"key":"SMITH"},{"data":"Finesse","floor":49,"key":"SMITH"},{"data":"ats:Shell Defense","floor":52,"key":"SMITH"}],"circlet_count":0,"master_deck":["ats:Defend","ats:Defend","ats:Emotion Absorption+1","ats:Calcification","ats:Assault Order","ats:Shadow Raid","Finesse","ats:Shell Defense+1","ats:Rat Pack+1","ats:Part Time Job+1","ats:Wolf Pack","ats:Healing Drone+1","ats:Composite Medical Shells+1","ats:Shell Defense","ats:Shadow Raid","Finesse+1","ats:Healing Strengthening+1","ats:Healing Strengthening+1","ats:Calcification","ats:Healing Strengthening+1","ats:Revitalization+1","ats:Healing Strengthening+1","ats:Automatic Cover+1"],"relics":["ats:Sanity","REME_ComplimentaryCards","NeowsBlessing","Golden Idol","ats:Originium","Question Card","ats:Lavender","ats:Bonebreaker","Sozu","Bronze Scales","InkBottle","Smiling Mask","Coffee Dripper","Bag of Marbles","Centennial Puzzle","DollysMirror","Bottled Flame"],"acts_visited":["Exordium","TheCity","TheBeyond","TheEnding"],"potions_floor_usage":[55],"damage_taken":[{"damage":0.0,"enemies":"Small Slimes","floor":1.0,"turns":2.0},{"damage":0.0,"enemies":"2 Louse","floor":5.0,"turns":1.0},{"damage":0.0,"enemies":"Gremlin Nob","floor":6.0,"turns":1.0},{"damage":8.0,"enemies":"Jaw Worm","floor":10.0,"turns":8.0},{"damage":15.0,"enemies":"Lagavulin","floor":12.0,"turns":16.0},{"damage":10.0,"enemies":"Gremlin Gang","floor":13.0,"turns":6.0},{"damage":61.0,"enemies":"Hexaghost","floor":16.0,"turns":18.0},{"damage":39.0,"enemies":"Chosen","floor":18.0,"turns":12.0},{"damage":7.0,"enemies":"Shell Parasite","floor":20.0,"turns":11.0},{"damage":20.0,"enemies":"Shelled Parasite and Fungi","floor":22.0,"turns":10.0},{"damage":22.0,"enemies":"Gremlin Leader","floor":24.0,"turns":11.0},{"damage":9.0,"enemies":"Snake Plant","floor":27.0,"turns":6.0},{"damage":20.0,"enemies":"REME_1_Revenger","floor":29.0,"turns":8.0},{"damage":5.0,"enemies":"Chosen and Byrds","floor":31.0,"turns":5.0},{"damage":38,"enemies":"Collector","floor":33,"turns":8},{"damage":0,"enemies":"3 Shapes","floor":35,"turns":3},{"damage":33,"enemies":"3 Darklings","floor":36,"turns":4},{"damage":19,"enemies":"Reptomancer","floor":40,"turns":7},{"damage":23,"enemies":"Transient","floor":42,"turns":5},{"damage":0,"enemies":"Maw","floor":44,"turns":7},{"damage":14,"enemies":"Spire Growth","floor":45,"turns":5},{"damage":7,"enemies":"Sphere and 2 Shapes","floor":47,"turns":3},{"damage":67,"enemies":"Time Eater","floor":50,"turns":10},{"damage":18,"enemies":"Shield and Spear","floor":54,"turns":4},{"damage":89,"enemies":"The Heart","floor":55,"turns":10}],"seed_played":"7402575791794876337","potions_obtained":[{"floor":6.0,"key":"BlessingOfTheForge"},{"floor":10.0,"key":"REME_GoldPotion"},{"floor":12.0,"key":"Weak Potion"},{"floor":13.0,"key":"SkillPotion"}],"is_trial":false,"path_per_floor":["M","?","?","$","M","E","?","?","T","M","T","E","M","$","R","B",null,"M","$","M","?","M","R","E","R","T","M","$","E","R","M","R","B",null,"M","M","?","?","?","E","R","M","T","M","M","$","M","?","R","B",null,"R","$","E","B",null],"character_chosen":"DOCTOR_CLASS","items_purchased":["Finesse","ats:Part Time Job","ats:Composite Medical Shells","ats:Shell Defense","DollysMirror"],"campfire_rested":0,"item_purchase_floors":[4,14,19,19,53],"current_hp_per_floor":[72,54,54,54,54,54,59,52,52,55,55,77,77,77,77,75,77,70,70,77,77,77,77,77,77,77,77,77,77,77,77,77,77,77,77,77,73,73,73,73,73,73,73,73,73,73,73,73,73,73,73,73,73,73,73],"gold":147,"neow_bonus":"THREE_ENEMY_KILL","is_daily":false,"chose_seed":false,"campfire_upgraded":7,"win_rate":0.0,"timestamp":1610788623,"path_taken":["M","?","?","$","M","E","?","?","T","M","?","E","M","$","R","BOSS","M","$","M","?","M","R","E","R","T","M","$","E","R","M","R","BOSS","M","?","?","?","?","E","R","?","T","?","?","$","M","?","R","BOSS","R","$","E","BOSS"],"items_purchased_type":["Card","Card","Card","Card","Relic"],"build_version":"2020-12-22","purchased_purges":5,"victory":true,"max_hp_per_floor":[72,72,72,72,72,72,77,77,77,77,77,77,77,77,77,77,77,77,77,77,77,77,77,77,77,77,77,77,77,77,77,77,77,77,77,77,73,73,73,73,73,73,73,73,73,73,73,73,73,73,73,73,73,73,73],"card_choices":[{"not_picked":["ats:Curse Doll","ats:Powerful Strike"],"picked":"ats:Assault Order","floor":1.0},{"not_picked":["ats:Curse Doll","ats:Apocalypse","ats:Leaping Hammer"],"picked":"SKIP","floor":5.0},{"not_picked":["ats:Apocalypse","ats:Song Of Battle"],"picked":"ats:Composite Medical Shells","floor":6.0},{"not_picked":["ats:Flexible Camouflage","ats:Closed Bolt Burst Fire","ats:Childhood Dance"],"picked":"ats:Shell Defense","floor":10.0},{"not_picked":["ats:Song Of Battle","ats:Overload","ats:Echo Reverb"],"picked":"ats:Rat Pack","floor":12.0},{"not_picked":["ats:Curse Doll","ats:Cat Scratch","ats:Ignite","ats:Song Of Battle"],"picked":"SKIP","floor":13.0},{"not_picked":["ats:Durian","ats:Shadow Assault","ats:Echo Reverb"],"picked":"ats:Wolf Pack","floor":16.0},{"not_picked":["ats:Steam Pump","ats:Ignite","ats:Collapsing Strike"],"picked":"ats:Healing Drone+1","floor":18.0},{"not_picked":["ats:Shell Defense","ats:Rapid Magazine","ats:Consecutive Shot Auto+1"],"picked":"ats:Shadow Raid","floor":20.0},{"not_picked":["ats:Hammer On","ats:Thermite Blade","ats:Cat Scratch","ats:LN2 Cannon"],"picked":"SKIP","floor":22.0},{"not_picked":["ats:Guardian Obelisk","ats:Shell Defense","ats:Sword Rain","ats:Ambush"],"picked":"SKIP","floor":24.0},{"not_picked":["ats:Revitalization","ats:Ignite","ats:Apocalypse+1"],"picked":"ats:Healing Strengthening","floor":27.0},{"not_picked":["ats:Durian","ats:Childhood Dance+1","ats:Shadow Assault","ats:Flexible Camouflage"],"picked":"SKIP","floor":29.0},{"not_picked":["ats:Chain Hook","ats:Flexible Camouflage","ats:Beaten Up+1"],"picked":"ats:Healing Strengthening+1","floor":31.0},{"not_picked":["ats:Fractured Body","ats:Durian","ats:Echo Reverb"],"picked":"ats:Calcification","floor":33},{"not_picked":["ats:Assault Order","ats:Magnetic Hammer","ats:Ignite","ats:Shell Defense+1"],"picked":"SKIP","floor":35},{"not_picked":["ats:Explosion Area Strengthen+1","ats:Flexible Camouflage+1","ats:Assault Order+1","ats:Charging Defense+1"],"picked":"SKIP","floor":36},{"not_picked":["ats:Consecutive Shot Auto+1","ats:Rat Pack","ats:Curse Doll"],"picked":"ats:Healing Strengthening+1","floor":40},{"not_picked":["ats:Poison Spread+1","ats:Magnetic Hammer+1","ats:Overload","ats:Apocalypse+1"],"picked":"SKIP","floor":42},{"not_picked":["ats:Sword Rain","ats:Encircling Forest","ats:Cat Scratch+1","ats:Consecutive Shot Auto"],"picked":"SKIP","floor":44},{"not_picked":["ats:Childhood Dance+1","ats:Consecutive Shot Auto","ats:Overload","ats:Soul Absorption+1"],"picked":"SKIP","floor":45},{"not_picked":["ats:Leaping Hammer+1","ats:Rat Pack","ats:Soul Absorption"],"picked":"ats:Revitalization+1","floor":47},{"not_picked":["ats:Cat Scratch+1","ats:Leaping Hammer+1","ats:Collapsing Strike+1"],"picked":"ats:Automatic Cover+1","floor":54}],"player_experience":807962,"relics_obtained":[{"floor":6.0,"key":"ats:Originium"},{"floor":6.0,"key":"Question Card"},{"floor":9.0,"key":"ats:Lavender"},{"floor":12.0,"key":"ats:Originium"},{"floor":12.0,"key":"ats:Bonebreaker"},{"floor":24.0,"key":"ats:Originium"},{"floor":24.0,"key":"Bronze Scales"},{"floor":26.0,"key":"InkBottle"},{"floor":29.0,"key":"Smiling Mask"},{"floor":40,"key":"Bag of Marbles"},{"floor":43,"key":"Centennial Puzzle"},{"floor":54,"key":"Bottled Flame"}],"event_choices":[{"damage_healed":0.0,"max_hp_gain":0.0,"max_hp_loss":0.0,"gold_gain":0.0,"event_name":"Golden Idol","player_choice":"Take Damage","floor":2.0,"gold_loss":0.0,"damage_taken":18.0,"relics_obtained":["Golden Idol"]},{"damage_healed":0.0,"max_hp_gain":0.0,"max_hp_loss":0.0,"gold_gain":0.0,"cards_transformed":["ats:Defend"],"event_name":"Living Wall","player_choice":"Change","floor":3.0,"gold_loss":0.0,"damage_taken":0.0,"cards_obtained":["ats:Shadow Raid"]},{"damage_healed":0.0,"max_hp_gain":5.0,"max_hp_loss":0.0,"gold_gain":0.0,"event_name":"Big Fish","player_choice":"Donut","floor":7.0,"gold_loss":0.0,"damage_taken":0.0},{"cards_removed":["ats:Strike V"],"damage_healed":0.0,"max_hp_gain":0.0,"max_hp_loss":0.0,"gold_gain":0.0,"event_name":"Golden Wing","player_choice":"Card Removal","floor":8.0,"gold_loss":0.0,"damage_taken":7.0},{"damage_healed":0.0,"max_hp_gain":0.0,"max_hp_loss":0.0,"gold_gain":0.0,"event_name":"Duplicator","player_choice":"Copied","floor":21.0,"gold_loss":0.0,"damage_taken":0.0,"cards_obtained":["Finesse"]},{"damage_healed":0,"gold_gain":0,"player_choice":"Max HP","damage_taken":0,"max_hp_gain":0,"max_hp_loss":4,"event_name":"Winding Halls","floor":37,"gold_loss":0},{"cards_removed":["ats:Defend"],"damage_healed":0,"gold_gain":0,"player_choice":"Removed Skill","damage_taken":0,"max_hp_gain":0,"max_hp_loss":0,"event_name":"Falling","floor":38,"gold_loss":0},{"damage_healed":0,"gold_gain":0,"player_choice":"Bought 0 Potions","damage_taken":0,"max_hp_gain":0,"max_hp_loss":0,"event_name":"The Woman in Blue","floor":39,"gold_loss":0}],"is_beta":false,"boss_relics":[{"not_picked":["REME_LowDesire","REME_DuelDisc"],"picked":"Sozu"},{"not_picked":["theSleuth:MegatonKey","Pandora\u0027s Box"],"picked":"Coffee Dripper"}],"items_purged_floors":[14,19,28,46,53],"is_endless":false,"potions_floor_spawned":[6,10,12,13,18,29,31,35,40,42,45],"ascension_level":2}}