{"host":"cdcsem0stf6rethc","time":1610812107,"event":{"mods":["AchievementEnabler","BaseMod","Colored Map","Highlight Path","Minty Spire (QoL Compilation)","StSLib","The Animator","¡¾ÒÅÎï¿¨ÅÆ¡¿REMEMod"],"gold_per_floor":[114,114,131,56,80,80,96,96,96,96,111,11,28,56,56,157,157,157],"floor_reached":17,"language":"ZHS","playtime":778,"items_purged":["animator:Strike","animator:Defend"],"score":149,"play_id":"eabcc8c5-6e0c-4711-8bf4-a7d22cd749ce","local_time":"20210116234827","is_ascension_mode":false,"campfire_choices":[{"data":"animator:DwarfShaman","floor":6,"key":"SMITH"},{"data":"animator:Kanaria","floor":10,"key":"SMITH"},{"data":"animator:KyokoSakura","floor":15,"key":"SMITH"}],"circlet_count":0,"master_deck":["animator:Strike_GoblinSlayer","animator:Defend_GoblinSlayer","animator:Strike","animator:Strike","animator:Defend","animator:LizardPriest","animator:DwarfShaman+1","animator:Kanaria+1","animator:DwarfShaman+1","animator:Ain","animator:Priestess","animator:Spearman","animator:KyokoSakura+1","animator:Elesis"],"relics":["animator:LivingPicture","animator:TheMissingPiece","REME_ComplimentaryCards","NeowsBlessing","Meat on the Bone","REME_DemonsWealth"],"acts_visited":["Exordium","TheCity"],"potions_floor_usage":[],"damage_taken":[{"damage":0,"enemies":"Small Slimes","floor":1,"turns":1},{"damage":0,"enemies":"Cultist","floor":3,"turns":1},{"damage":0,"enemies":"Jaw Worm","floor":5,"turns":1},{"damage":9,"enemies":"Large Slime","floor":7,"turns":6},{"damage":10,"enemies":"Looter","floor":11,"turns":4},{"damage":21,"enemies":"Lots of Slimes","floor":13,"turns":3},{"damage":20,"enemies":"Gremlin Gang","floor":14,"turns":4},{"damage":16,"enemies":"The Guardian","floor":16,"turns":8}],"seed_played":"316819399776364061","potions_obtained":[{"floor":1,"key":"Energy Potion"},{"floor":7,"key":"PowerPotion"},{"floor":13,"key":"DuplicationPotion"}],"is_trial":false,"path_per_floor":["M","?","M","$","M","R","M","?","T","R","M","$","M","M","R","B",null],"character_chosen":"THE_ANIMATOR","items_purchased":[],"campfire_rested":0,"item_purchase_floors":[],"current_hp_per_floor":[66,59,59,59,59,59,51,51,51,51,41,41,32,24,24,20,67,67],"gold":157,"neow_bonus":"THREE_ENEMY_KILL","is_daily":false,"chose_seed":false,"campfire_upgraded":3,"win_rate":0.0,"timestamp":1610812107,"path_taken":["M","?","M","$","M","R","M","?","T","R","M","$","M","M","R","BOSS"],"items_purchased_type":[],"build_version":"2020-12-22","purchased_purges":2,"victory":false,"max_hp_per_floor":[66,66,66,66,66,66,67,67,67,67,67,67,67,67,67,67,67,67],"card_choices":[{"not_picked":["animator:Raven","animator:Yoichi"],"picked":"animator:DwarfShaman","floor":1},{"not_picked":["animator:Chris","animator:Ara"],"picked":"animator:Ain","floor":3},{"not_picked":["animator:Verdia","animator:Shichika"],"picked":"animator:Priestess","floor":5},{"not_picked":["animator:DwarfShaman","animator:CowGirl"],"picked":"animator:Spearman","floor":7},{"not_picked":["animator:Illya","animator:Shigure","animator:Assassin"],"picked":"SKIP","floor":11},{"not_picked":["animator:YuiTsuruno","animator:Shinoa","animator:ShinjiMatou"],"picked":"SKIP","floor":13},{"not_picked":["animator:Ciel","animator:Mitsuba"],"picked":"animator:KyokoSakura","floor":14},{"not_picked":["animator:Gilgamesh","animator:FeridBathory"],"picked":"animator:Elesis","floor":16}],"player_experience":183366,"relics_obtained":[{"floor":9,"key":"Meat on the Bone"}],"event_choices":[{"cards_removed":["animator:Defend"],"damage_healed":0,"gold_gain":0,"player_choice":"Card Removal","damage_taken":7,"max_hp_gain":0,"max_hp_loss":0,"event_name":"Golden Wing","floor":2,"gold_loss":0},{"damage_healed":0,"gold_gain":0,"player_choice":"Upgraded","damage_taken":0,"max_hp_gain":0,"max_hp_loss":0,"event_name":"Upgrade Shrine","floor":8,"gold_loss":0,"cards_upgraded":["animator:DwarfShaman"]}],"is_beta":false,"boss_relics":[{"not_picked":["Fusion Hammer","Sozu"],"picked":"REME_DemonsWealth"}],"items_purged_floors":[4,12],"is_endless":false,"potions_floor_spawned":[1,7,13,16],"ascension_level":0}}