{"host":"g907ck67u7c3hrs6","time":1610801371,"event":{"mods":["BaseMod","Colored Map","DeckTracker","Highlight Path","Keyboard Shortcuts","Minty Spire (QoL Compilation)","Permanent Neow","Say the Spire","SuperFastMode"],"gold_per_floor":[114,129,144,219,219,219,249,249,274,304,334,334,334,364,376,388,388],"floor_reached":16,"language":"KOR","playtime":403,"items_purged":[],"score":126,"play_id":"3c2676d7-a3f2-4179-87df-73f8a7bc9857","local_time":"20210116214931","daily_mods":["Allstar","Flight","Night Terrors"],"is_ascension_mode":false,"campfire_choices":[{"data":"Noxious Fumes","floor":6,"key":"SMITH"},{"data":"A Thousand Cuts","floor":8,"key":"SMITH"},{"data":"Footwork","floor":12,"key":"SMITH"},{"data":"Mayhem","floor":13,"key":"SMITH"},{"data":"Concentrate","floor":15,"key":"SMITH"}],"circlet_count":0,"master_deck":["Strike_G","Strike_G","Strike_G","Strike_G","Strike_G","Defend_G","Defend_G","Defend_G","Defend_G","Defend_G","Survivor","Neutralize","Impatience","Dark Shackles","Panacea","Mayhem+1","PanicButton","Noxious Fumes+1","Concentrate+1","Acrobatics","A Thousand Cuts+1","Reflex","Footwork+1","Leg Sweep"],"relics":["Ring of the Snake","PreservedInsect","Orichalcum","HornCleat","Blood Vial","MawBank"],"acts_visited":["Exordium"],"potions_floor_usage":[],"damage_taken":[{"damage":1,"enemies":"2 Louse","floor":1,"turns":4},{"damage":0,"enemies":"Small Slimes","floor":2,"turns":4},{"damage":1,"enemies":"Jaw Worm","floor":3,"turns":6},{"damage":39,"enemies":"Gremlin Nob","floor":7,"turns":7},{"damage":4,"enemies":"Lagavulin","floor":10,"turns":7},{"damage":7,"enemies":"3 Sentries","floor":11,"turns":4},{"damage":1,"enemies":"Lagavulin","floor":14,"turns":6},{"damage":15,"enemies":"Slime Boss","floor":16,"turns":3}],"seed_played":"2700428786693623746","potions_obtained":[{"floor":2,"key":"Strength Potion"},{"floor":7,"key":"BlessingOfTheForge"},{"floor":10,"key":"DistilledChaos"}],"is_trial":false,"path_per_floor":["M","M","M","?","?","R","E","R","T","E","E","R","R","E","R","B"],"character_chosen":"THE_SILENT","items_purchased":[],"campfire_rested":0,"item_purchase_floors":[],"current_hp_per_floor":[69,69,68,57,62,62,23,23,23,19,12,12,12,13,13,0,0],"gold":388,"neow_bonus":"","is_daily":true,"chose_seed":false,"campfire_upgraded":5,"win_rate":0.0,"timestamp":1610801371,"path_taken":["M","M","M","?","?","R","E","R","T","E","E","R","R","E","R","BOSS"],"items_purchased_type":[],"build_version":"2020-12-22","purchased_purges":0,"victory":false,"max_hp_per_floor":[70,70,70,70,75,75,75,75,75,75,75,75,75,75,75,75,75],"card_choices":[{"not_picked":["Deadly Poison","Blade Dance"],"picked":"Noxious Fumes","floor":1},{"not_picked":["Eviscerate","Flying Knee"],"picked":"Concentrate","floor":2},{"not_picked":["Finisher","Phantasmal Killer"],"picked":"Acrobatics","floor":3},{"not_picked":["Escape Plan","Dodge and Roll"],"picked":"A Thousand Cuts","floor":7},{"not_picked":["Poisoned Stab","Deadly Poison"],"picked":"Reflex","floor":10},{"not_picked":["Dagger Spray","Backflip"],"picked":"Footwork","floor":11},{"not_picked":["Reflex","Expertise"],"picked":"Leg Sweep","floor":14}],"player_experience":213999,"relics_obtained":[{"floor":7,"key":"PreservedInsect"},{"floor":9,"key":"Orichalcum"},{"floor":10,"key":"HornCleat"},{"floor":11,"key":"Blood Vial"},{"floor":14,"key":"MawBank"}],"event_choices":[{"damage_healed":0,"gold_gain":75,"player_choice":"Gather Gold","damage_taken":11,"max_hp_gain":0,"max_hp_loss":0,"event_name":"World of Goop","floor":4,"gold_loss":0},{"damage_healed":0,"gold_gain":0,"player_choice":"Donut","damage_taken":0,"max_hp_gain":5,"max_hp_loss":0,"event_name":"Big Fish","floor":5,"gold_loss":0}],"is_beta":false,"boss_relics":[],"items_purged_floors":[],"is_endless":false,"potions_floor_spawned":[2,7,10,14],"killed_by":"Slime Boss","ascension_level":0}}