{"host":"th1rgt4ohg3ajuw6","time":1610823832,"event":{"mods":["Act Like it!","BaseMod","Downfall","GifTheSpireLib","GungeonMod","Minty Spire (QoL Compilation)","Shop Mod","StSLib","Stuff the Spire","The Gatherer"],"gold_per_floor":[116,128,138,158,158,158,171,171,171,196,371,61,61,74,74,173,173,184,200,23,33,43,43,8,8,34,44,44,64,64,78,78,182,182,197,197,247,261,31,31,31,47,127,127,127,52,52,68,68,68],"floor_reached":51,"language":"ENG","playtime":3260,"items_purged":["Doubt"],"score":651,"play_id":"7eba0905-8de8-42df-91a0-b5227efe67f7","local_time":"20210116110352","is_ascension_mode":false,"metric_token":657,"campfire_choices":[{"data":"Gatherer:Centralize","floor":6,"key":"SMITH"},{"data":"Gatherer:FlowerWhip","floor":8,"key":"SMITH"},{"data":"Gatherer:FlowerBeam","floor":15,"key":"SMITH"},{"data":"Gatherer:AlchemyTrial","floor":23,"key":"SMITH"},{"data":"Gatherer:Uplift","floor":25,"key":"SMITH"},{"data":"Gatherer:Transmute","floor":30,"key":"SMITH"},{"data":"Gatherer:Snatch","floor":32,"key":"SMITH"},{"floor":41,"key":"REST"},{"floor":44,"key":"REST"},{"floor":49,"key":"REST"}],"circlet_count":0,"master_deck":["Gatherer:Defend_Gatherer","Gatherer:Defend_Gatherer","Gatherer:Defend_Gatherer","Gatherer:Defend_Gatherer","Gatherer:Defend_Gatherer","Gatherer:Centralize+1","Gatherer:FlowerWhip+2","Gatherer:Frenzy","Gatherer:Snatch","Gatherer:Duplicator","Gatherer:FlowerBeam+2","StuffTheSpire:CuriosityCurse","Gatherer:AlchemyTrial+1","Gatherer:OddSpoils","Gatherer:RecoveryHerb","Gatherer:ScherryThrow","Gatherer:WitheringStrike","Gatherer:Uplift+1","Gatherer:FinishingStrike","Gatherer:DrugPower","Gatherer:Nutrients","Gatherer:ScherryThrow","Gatherer:TreeGrowth","Gatherer:FlowerBeam","Gatherer:AromaProtection","Gatherer:Transmute+1","Gatherer:FlowerPower","Gatherer:Polymorphism","Slimebound:Tackle+1","Slimebound:Tackle+1","Slimebound:Tackle+1","Gatherer:RottenStipe","Gatherer:Snatch+1","Gatherer:LuckyClover","Gatherer:CarefulStrike","Gatherer:OddSpoils","Gatherer:MindSearch","Madness","Madness","Gatherer:MiningStrike","Gatherer:FlowerShield+1","Gatherer:VenomBarrier+1","Gatherer:BigPouch","Gatherer:Duality+1"],"relics":["Gatherer:AlchemyBag","DemoMod:BlueGuonStone","Mummified Hand","Thread and Needle","DemoMod:ClearGuonStone","StuffTheSpire:Kangaroo","Dream Catcher","Fusion Hammer","Unceasing Top","DemoMod:MeatBun","Bottled Flame","Du-Vu Doll"],"acts_visited":["Exordium","TheCity","TheBeyond"],"potions_floor_usage":[10,27,47,50,50],"damage_taken":[{"damage":0,"enemies":"2 Louse","floor":1,"turns":2},{"damage":3,"enemies":"Jaw Worm","floor":2,"turns":3},{"damage":0,"enemies":"Small Slimes","floor":3,"turns":2},{"damage":8,"enemies":"Red Slaver","floor":4,"turns":5},{"damage":0,"enemies":"Looter","floor":7,"turns":2},{"damage":3,"enemies":"Gremlin Nob","floor":10,"turns":4},{"damage":3,"enemies":"Exordium Thugs","floor":14,"turns":5},{"damage":24,"enemies":"Slime Boss","floor":16,"turns":8},{"damage":0,"enemies":"Spheric Guardian","floor":18,"turns":3},{"damage":5,"enemies":"Shell Parasite","floor":19,"turns":6},{"damage":0,"enemies":"Chosen and Byrds","floor":21,"turns":5},{"damage":0,"enemies":"Snecko","floor":22,"turns":4},{"damage":0,"enemies":"Cultist and Chosen","floor":27,"turns":7},{"damage":2,"enemies":"Centurion and Healer","floor":29,"turns":5},{"damage":0,"enemies":"Snake Plant","floor":31,"turns":4},{"damage":75,"enemies":"Champ","floor":33,"turns":13},{"damage":0,"enemies":"3 Shapes","floor":35,"turns":2},{"damage":37,"enemies":"Mind Bloom Boss Battle","floor":37,"turns":9},{"damage":7,"enemies":"3 Darklings","floor":38,"turns":6},{"damage":0,"enemies":"Transient","floor":42,"turns":5},{"damage":0,"enemies":"Writhing Mass","floor":47,"turns":1},{"damage":1,"enemies":"Sphere and 2 Shapes","floor":48,"turns":6},{"damage":33,"enemies":"Donu and Deca","floor":50,"turns":11}],"seed_played":"-7587477496780977180","potions_obtained":[{"floor":2,"key":"SmokeBomb"},{"floor":4,"key":"Poison Potion"},{"floor":14,"key":"FearPotion"},{"floor":18,"key":"FearPotion"},{"floor":22,"key":"Swift Potion"},{"floor":27,"key":"Strength Potion"},{"floor":37,"key":"SpeedPotion"},{"floor":38,"key":"PowerPotion"}],"is_trial":false,"path_per_floor":["M","M","M","M","?","R","M","R","T","E","?","$","?","M","R","B",null,"M","M","$","M","M","R","$","R","T","M","?","M","R","M","R","B",null,"M","?","?","M","$","?","R","M","T","R","T","$","M","M","R","B",null],"character_chosen":"THE_GATHERER","items_purchased":["Gatherer:RecoveryHerb","Gatherer:ScherryThrow","Gatherer:WitheringStrike","DemoMod:ClearGuonStone","Gatherer:ScherryThrow","Gatherer:TreeGrowth","Gatherer:FlowerBeam","Gatherer:FlowerPower","DemoMod:MeatBun","Regen Potion"],"campfire_rested":3,"item_purchase_floors":[12,12,12,12,20,20,20,24,39,39],"current_hp_per_floor":[79,76,76,68,68,68,68,68,68,65,65,65,65,64,64,42,79,79,75,75,75,75,75,75,75,75,75,75,74,74,74,74,7,79,79,79,42,40,54,44,67,67,67,79,79,79,79,79,79,58],"gold":68,"neow_bonus":"TEN_PERCENT_HP_BONUS","is_daily":false,"chose_seed":false,"campfire_upgraded":7,"win_rate":0.0,"timestamp":1610823832,"path_taken":["M","M","M","M","?","R","M","R","T","E","?","$","?","M","R","BOSS","M","M","$","M","M","R","?","R","T","M","?","M","R","M","R","BOSS","M","?","?","M","$","?","R","?","T","R","?","$","M","M","R","BOSS"],"items_purchased_type":["Card","Card","Card","Relic","Card","Card","Card","Card","Relic","Potion"],"build_version":"2020-12-22","purchased_purges":1,"victory":true,"max_hp_per_floor":[79,79,79,79,79,79,79,79,79,79,79,79,79,79,79,79,79,79,79,79,79,79,79,79,79,79,79,79,79,79,79,79,79,79,79,79,79,79,79,79,79,79,79,79,79,79,79,79,79,79],"card_choices":[{"not_picked":["Gatherer:CollectorsShot","Gatherer:Herbalism"],"picked":"Gatherer:Frenzy","floor":1},{"not_picked":["Gatherer:CarefulStrike","Gatherer:AcidicSpray"],"picked":"Gatherer:Snatch","floor":2},{"not_picked":["Gatherer:CarefulStrike","Gatherer:ScentOfRosmari"],"picked":"Gatherer:Duplicator","floor":3},{"not_picked":["Gatherer:UpgradeBag","Gatherer:FlowerShield"],"picked":"Gatherer:FlowerBeam","floor":4},{"not_picked":["Gatherer:AcidicSpray","Gatherer:SaveValuables"],"picked":"Gatherer:AlchemyTrial","floor":7},{"not_picked":["Gatherer:Solidify","Gatherer:CarefulStrike"],"picked":"Gatherer:OddSpoils","floor":10},{"not_picked":["Gatherer:CarefulStrike","Gatherer:ScherryThrow"],"picked":"Gatherer:Uplift","floor":14},{"not_picked":["Gatherer:GrowBook","Gatherer:CursedBlade"],"picked":"Gatherer:FinishingStrike","floor":16},{"not_picked":["Gatherer:AromaProtection+1","Gatherer:GatherMaterial+1"],"picked":"Gatherer:DrugPower","floor":18},{"not_picked":["Gatherer:RecipeChange","Gatherer:BalancedGrowth"],"picked":"Gatherer:Nutrients","floor":19},{"not_picked":["Gatherer:RecoveryHerb+1","Gatherer:ScrollOfPurity"],"picked":"Gatherer:AromaProtection","floor":21},{"not_picked":["Gatherer:GatherMaterial","Gatherer:FlowerFalling"],"picked":"Gatherer:Transmute","floor":22},{"not_picked":["Gatherer:TacticalStrike","Gatherer:FlowerBeam"],"picked":"Gatherer:Polymorphism","floor":27},{"not_picked":["Gatherer:DrugPower","Gatherer:FlowerBeam"],"picked":"Gatherer:RottenStipe","floor":29},{"not_picked":["Gatherer:WitheringStrike","Gatherer:Overflowing"],"picked":"Gatherer:Snatch","floor":31},{"not_picked":["Gatherer:StoneFence","Gatherer:CursedBlade"],"picked":"Gatherer:LuckyClover","floor":33},{"not_picked":["Gatherer:TacticalStrike","Gatherer:DrugPower+1"],"picked":"Gatherer:CarefulStrike","floor":35},{"not_picked":["Gatherer:Polymorphism","Gatherer:TreeGrowth"],"picked":"Gatherer:OddSpoils","floor":37},{"not_picked":["Gatherer:AromaProtection","Gatherer:WitheringStrike"],"picked":"Gatherer:MindSearch","floor":38},{"not_picked":["Gatherer:AromaProtection+1","Gatherer:PotentialSlash+1"],"picked":"Gatherer:MiningStrike","floor":41},{"not_picked":["Gatherer:TacticalStrike+1","Gatherer:GlowingPlant+1"],"picked":"Gatherer:FlowerShield+1","floor":42},{"not_picked":["Gatherer:AcidicSpray+1","Gatherer:ScherryThrow"],"picked":"Gatherer:VenomBarrier+1","floor":44},{"not_picked":["Gatherer:Snatch+1","Gatherer:DrugPower+1"],"picked":"Gatherer:BigPouch","floor":48},{"not_picked":["Gatherer:FlowerShield","Gatherer:Uplift+1"],"picked":"Gatherer:Duality+1","floor":49}],"player_experience":235842,"relics_obtained":[{"floor":9,"key":"Mummified Hand"},{"floor":10,"key":"Thread and Needle"},{"floor":26,"key":"Dream Catcher"},{"floor":37,"key":"Unceasing Top"},{"floor":43,"key":"Bottled Flame"},{"floor":45,"key":"Du-Vu Doll"}],"event_choices":[{"damage_healed":0,"gold_gain":175,"player_choice":"AGREE","damage_taken":0,"max_hp_gain":0,"max_hp_loss":0,"event_name":"Liars Game","floor":11,"gold_loss":0,"cards_obtained":["Doubt"]},{"damage_healed":0,"gold_gain":0,"player_choice":"Ignored","damage_taken":0,"max_hp_gain":0,"max_hp_loss":0,"event_name":"Gatherer:BottleCollector","floor":13,"gold_loss":0},{"damage_healed":0,"gold_gain":0,"player_choice":"Ignored","damage_taken":0,"max_hp_gain":0,"max_hp_loss":0,"event_name":"Mysterious Sphere","floor":36,"gold_loss":0},{"damage_healed":0,"gold_gain":0,"player_choice":"Fight","damage_taken":0,"max_hp_gain":0,"max_hp_loss":0,"event_name":"MindBloom","floor":37,"gold_loss":0},{"damage_healed":0,"gold_gain":0,"player_choice":"Embrace Madness","damage_taken":10,"max_hp_gain":0,"max_hp_loss":0,"event_name":"Winding Halls","floor":40,"gold_loss":0,"cards_obtained":["Madness","Madness"]}],"is_beta":false,"boss_relics":[{"not_picked":["StuffTheSpire:RunicConfusion","Tiny House"],"picked":"StuffTheSpire:Kangaroo"},{"not_picked":["Philosopher\u0027s Stone","Astrolabe"],"picked":"Fusion Hammer"}],"items_purged_floors":[46],"is_endless":false,"potions_floor_spawned":[2,4,14,18,22,27,37,38,42],"ascension_level":0}}