{"host":"c3lc60y5x60jlt1y","time":1610788114,"event":{"mods":["AchievementEnabler","BaseMod","Bestiary","Colored Map","Minty Spire (QoL Compilation)","Quick Restart","StSLib","ojb\u0027s Info Mod"],"gold_per_floor":[117,117,117,117,137,172,196,196,196,196,215,67,103,124,124,255,255,244,265,265,265,265,265],"floor_reached":22,"language":"ENG","playtime":1450,"items_purged":["Strike_B"],"score":296,"play_id":"57699e51-24b9-43c9-9fc4-dcf13759be00","local_time":"20210116110834","is_ascension_mode":true,"campfire_choices":[{"data":"Coolheaded","floor":8,"key":"SMITH"},{"data":"Genetic Algorithm","floor":10,"key":"SMITH"},{"data":"Streamline","floor":15,"key":"SMITH"}],"circlet_count":0,"master_deck":["Strike_B","Strike_B","Strike_B","Defend_B","Defend_B","Defend_B","Defend_B","Zap","Dualcast","FTL","Regret","Coolheaded+1","Turbo","Genetic Algorithm+1","Self Repair","Streamline+1","Lockon","Creative AI","Seek"],"relics":["Cracked Core","NeowsBlessing","InkBottle","Bloody Idol","Strawberry","Darkstone Periapt","Bag of Preparation","White Beast Statue","Coffee Dripper"],"acts_visited":["Exordium","TheCity"],"potions_floor_usage":[13,16,16,16,22],"damage_taken":[{"damage":0,"enemies":"Cultist","floor":1,"turns":1},{"damage":0,"enemies":"Small Slimes","floor":5,"turns":1},{"damage":0,"enemies":"Gremlin Nob","floor":6,"turns":1},{"damage":9,"enemies":"Jaw Worm","floor":7,"turns":2},{"damage":4,"enemies":"2 Fungi Beasts","floor":11,"turns":4},{"damage":23,"enemies":"Lagavulin","floor":13,"turns":9},{"damage":15,"enemies":"Red Slaver","floor":14,"turns":4},{"damage":13,"enemies":"Slime Boss","floor":16,"turns":6},{"damage":17,"enemies":"2 Thieves","floor":18,"turns":4},{"damage":11,"enemies":"Spheric Guardian","floor":19,"turns":4},{"damage":81,"enemies":"Cultist and Chosen","floor":22,"turns":5}],"seed_played":"-2044388384465592400","potions_obtained":[{"floor":1,"key":"Block Potion"},{"floor":6,"key":"LiquidMemories"},{"floor":11,"key":"EssenceOfSteel"},{"floor":14,"key":"Fire Potion"},{"floor":16,"key":"Energy Potion"},{"floor":18,"key":"DistilledChaos"},{"floor":19,"key":"SpeedPotion"}],"is_trial":false,"path_per_floor":["M","?","?","?","M","E","M","R","T","R","M","$","E","M","R","B",null,"M","M","?","?","M"],"character_chosen":"DEFECT","items_purchased":["Self Repair"],"campfire_rested":0,"item_purchase_floors":[12],"current_hp_per_floor":[68,68,68,72,72,72,63,63,63,63,59,59,43,35,35,22,63,53,49,74,74,0,0],"gold":265,"neow_bonus":"THREE_ENEMY_KILL","is_daily":false,"chose_seed":false,"campfire_upgraded":3,"win_rate":0.0,"timestamp":1610788114,"path_taken":["M","?","?","?","M","E","M","R","T","R","M","$","E","M","R","BOSS","M","M","?","?","M"],"items_purchased_type":["Card"],"build_version":"2020-12-22","purchased_purges":1,"victory":false,"max_hp_per_floor":[75,75,69,76,76,76,76,76,76,76,76,76,76,76,76,76,76,76,76,76,76,76,76],"card_choices":[{"not_picked":["Rebound","Blizzard"],"picked":"FTL","floor":1},{"not_picked":["Aggregate","Compile Driver"],"picked":"Coolheaded","floor":5},{"not_picked":["Ball Lightning","Stack"],"picked":"Turbo","floor":6},{"not_picked":["Streamline","Loop"],"picked":"Genetic Algorithm","floor":7},{"not_picked":["White Noise","Barrage","Aggregate"],"picked":"SKIP","floor":11},{"not_picked":["Reprogram","Hologram"],"picked":"Streamline","floor":13},{"not_picked":["Streamline","Heatsinks"],"picked":"Lockon","floor":14},{"not_picked":["Multi-Cast","Meteor Strike"],"picked":"Creative AI","floor":16},{"not_picked":["Stack","Conserve Battery","Redo"],"picked":"SKIP","floor":18},{"not_picked":["Rebound","Leap"],"picked":"Seek","floor":19}],"player_experience":8111976,"relics_obtained":[{"floor":6,"key":"Darkstone Periapt"},{"floor":9,"key":"Bag of Preparation"},{"floor":13,"key":"White Beast Statue"}],"event_choices":[{"damage_healed":0,"gold_gain":0,"player_choice":"Box","damage_taken":0,"relics_obtained":["InkBottle"],"max_hp_gain":0,"max_hp_loss":0,"event_name":"Big Fish","floor":2,"gold_loss":0,"cards_obtained":["Regret"]},{"damage_healed":0,"gold_gain":0,"player_choice":"Lose Max HP","damage_taken":0,"relics_obtained":["Golden Idol"],"max_hp_gain":0,"max_hp_loss":6,"event_name":"Golden Idol","floor":3,"gold_loss":0},{"damage_healed":0,"gold_gain":0,"player_choice":"Success","damage_taken":3,"relics_obtained":["Strawberry"],"max_hp_gain":0,"max_hp_loss":0,"event_name":"Scrap Ooze","floor":4,"gold_loss":0},{"damage_healed":25,"gold_gain":0,"player_choice":"Heal","damage_taken":0,"max_hp_gain":0,"max_hp_loss":0,"event_name":"The Library","floor":20,"gold_loss":0},{"damage_healed":0,"gold_gain":0,"player_choice":"Gave Idol","damage_taken":0,"relics_obtained":["Bloody Idol"],"max_hp_gain":0,"max_hp_loss":0,"event_name":"Forgotten Altar","floor":21,"relics_lost":["Golden Idol"],"gold_loss":0}],"is_beta":false,"boss_relics":[{"not_picked":["Calling Bell","FrozenCore"],"picked":"Coffee Dripper"}],"items_purged_floors":[12],"is_endless":false,"potions_floor_spawned":[1,6,11,14,16,18,19],"killed_by":"Cultist and Chosen","ascension_level":7}}