{"host":"jksa5rawk3m4gilz","time":1610810451,"event":{"mods":["BaseMod","Colored Map","Highlight Path","Minty Spire (QoL Compilation)","Quick Restart"],"gold_per_floor":[118,118,130,152,73,104,104,139,185,220,295,306,306,333,333,411,411,428,527,544,563,563,563],"floor_reached":22,"language":"ENG","playtime":547,"items_purged":[],"score":432,"play_id":"0b9ad668-357f-4ffc-bc16-a665c8931ba8","local_time":"20210116162051","is_ascension_mode":true,"campfire_choices":[{"data":"Conclude","floor":7,"key":"SMITH"},{"floor":13,"key":"REST"},{"data":"Panacea","floor":15,"key":"SMITH"}],"circlet_count":0,"master_deck":["AscendersBane","Strike_P","Strike_P","Strike_P","Strike_P","Defend_P","Defend_P","Defend_P","Defend_P","Eruption","Vigilance","BowlingBash","Conclude+1","Panacea+1","Tantrum","Alpha","SignatureMove","Wish","LikeWater"],"relics":["HolyWater","NeowsBlessing","MawBank","Pen Nib","Kunai","Orichalcum","Strawberry","Ornamental Fan","Question Card"],"acts_visited":["Exordium","TheCity"],"potions_floor_usage":[8,8,10],"damage_taken":[{"damage":0,"enemies":"Jaw Worm","floor":1,"turns":1},{"damage":0,"enemies":"2 Louse","floor":4,"turns":1},{"damage":0,"enemies":"3 Sentries","floor":6,"turns":1},{"damage":0,"enemies":"Lagavulin","floor":8,"turns":4},{"damage":15,"enemies":"3 Sentries","floor":10,"turns":3},{"damage":0,"enemies":"Small Slimes","floor":12,"turns":1},{"damage":26,"enemies":"Gremlin Nob","floor":14,"turns":3},{"damage":23,"enemies":"Hexaghost","floor":16,"turns":7},{"damage":12,"enemies":"2 Thieves","floor":18,"turns":2},{"damage":4,"enemies":"Spheric Guardian","floor":20,"turns":3},{"damage":13,"enemies":"Chosen and Byrds","floor":21,"turns":6},{"damage":42,"enemies":"Centurion and Healer","floor":22,"turns":3}],"seed_played":"433435289911561700","potions_obtained":[{"floor":1,"key":"SteroidPotion"},{"floor":6,"key":"CultistPotion"},{"floor":8,"key":"Regen Potion"},{"floor":14,"key":"Dexterity Potion"},{"floor":20,"key":"GamblersBrew"}],"is_trial":false,"path_per_floor":["M","?","T","M","$","E","R","E","T","E","?","M","R","E","R","B",null,"M","?","M","M","M"],"character_chosen":"WATCHER","items_purchased":["Panacea"],"campfire_rested":1,"item_purchase_floors":[5],"current_hp_per_floor":[65,47,47,47,47,47,47,47,54,48,37,37,60,34,34,11,62,50,50,46,33,0,0],"gold":563,"neow_bonus":"THREE_ENEMY_KILL","is_daily":false,"chose_seed":false,"campfire_upgraded":2,"win_rate":0.0,"timestamp":1610810451,"path_taken":["M","?","?","M","?","E","R","E","T","E","?","M","R","E","R","BOSS","M","?","M","M","M"],"items_purchased_type":["Card"],"build_version":"2020-12-22","purchased_purges":0,"victory":false,"max_hp_per_floor":[72,72,72,72,72,72,72,72,79,79,79,79,79,79,79,79,79,79,79,79,79,79,79],"card_choices":[{"not_picked":["PathToVictory","SashWhip"],"picked":"BowlingBash","floor":1},{"not_picked":["FlurryOfBlows","Scrawl"],"picked":"Conclude","floor":4},{"not_picked":["PathToVictory","SashWhip","ReachHeaven"],"picked":"SKIP","floor":6},{"not_picked":["Evaluate","Omniscience"],"picked":"Tantrum","floor":8},{"not_picked":["Consecrate","Adaptation"],"picked":"Alpha","floor":10},{"not_picked":["FollowUp","Indignation","ReachHeaven"],"picked":"SKIP","floor":12},{"not_picked":["Halt","BowlingBash"],"picked":"SignatureMove","floor":14},{"not_picked":["Blasphemy","Devotion","Alpha"],"picked":"Wish","floor":16},{"not_picked":["JustLucky","WaveOfTheHand","Nirvana"],"picked":"LikeWater","floor":18},{"not_picked":["Consecrate","CutThroughFate","ThirdEye","SandsOfTime"],"picked":"SKIP","floor":20},{"not_picked":["Prostrate","Wallop","SashWhip","Vengeance"],"picked":"SKIP","floor":21}],"player_experience":2127302,"relics_obtained":[{"floor":3,"key":"Pen Nib"},{"floor":6,"key":"Kunai"},{"floor":8,"key":"Orichalcum"},{"floor":9,"key":"Strawberry"},{"floor":10,"key":"Ornamental Fan"},{"floor":14,"key":"Question Card"}],"event_choices":[{"damage_healed":0,"gold_gain":0,"player_choice":"Success","damage_taken":18,"relics_obtained":["MawBank"],"max_hp_gain":0,"max_hp_loss":0,"event_name":"Scrap Ooze","floor":2,"gold_loss":0},{"damage_healed":0,"gold_gain":75,"player_choice":"Gather Gold","damage_taken":11,"max_hp_gain":0,"max_hp_loss":0,"event_name":"World of Goop","floor":11,"gold_loss":0},{"damage_healed":0,"gold_gain":99,"player_choice":"Stole From Cult","damage_taken":0,"max_hp_gain":0,"max_hp_loss":0,"event_name":"Nest","floor":19,"gold_loss":0}],"is_beta":false,"boss_relics":[{"not_picked":["Runic Pyramid","Runic Dome"],"picked":"HolyWater"}],"items_purged_floors":[],"is_endless":false,"potions_floor_spawned":[1,6,8,14,20],"killed_by":"Centurion and Healer","ascension_level":13}}