{"host":"dzc8cchcquikqbpv","time":1610821835,"event":{"mods":["BaseMod","BetterRewards","Colored Map","Dark Map","Downfall","Fox Events","Minty Spire (QoL Compilation)","Permanent Neow","StSLib"],"gold_per_floor":[111,111,37,56,136,136,167,183,183,183,213,213,242,260,260,359,359,372,382,227,227,241,241,269,280,280,295,220,2,2,17,17,113,113,133,48,62,82,92,92,92,92],"floor_reached":41,"language":"ENG","playtime":2314,"items_purged":[],"score":498,"play_id":"d3a8e605-6f87-46b7-aa5d-cd790d8fa455","local_time":"20210116183035","is_ascension_mode":false,"campfire_choices":[{"data":"Defragment","floor":6,"key":"SMITH"},{"floor":12,"key":"REST"},{"data":"Static Discharge","floor":15,"key":"SMITH"},{"floor":23,"key":"REST"},{"floor":32,"key":"REST"},{"floor":40,"key":"REST"}],"circlet_count":0,"master_deck":["Defend_B","Defend_B","Defend_B","Zap","Dualcast","Rainbow+1","Static Discharge+1","Defragment+1","Melter","BootSequence","Cold Snap","Barrage","Barrage","Sweeping Beam","Redo","Bite","Bite","Bite","Bite","Darkness+1","Hologram","Double Energy+1","Defragment","Doom and Gloom","Double Energy","Defragment+1","Defragment","Rainbow","Good Instincts+1","Multi-Cast+1","Electrodynamics+1","Redo+1","Madness","Chaos+1","Coolheaded+1"],"relics":["Cracked Core","Question Card","HornCleat","Regal Pillow","Odd Mushroom","Fusion Hammer","Juzu Bracelet","Matryoshka","Bag of Preparation","Oddly Smooth Stone","Astrolabe"],"acts_visited":["Exordium","TheCity","TheBeyond"],"potions_floor_usage":[16,33,38],"damage_taken":[{"damage":0,"enemies":"2 Louse","floor":1,"turns":2},{"damage":4,"enemies":"Jaw Worm","floor":4,"turns":4},{"damage":26,"enemies":"3 Sentries","floor":7,"turns":6},{"damage":0,"enemies":"Small Slimes","floor":8,"turns":2},{"damage":9,"enemies":"Lagavulin","floor":11,"turns":5},{"damage":5,"enemies":"The Mushroom Lair","floor":13,"turns":4},{"damage":2,"enemies":"Blue Slaver","floor":14,"turns":3},{"damage":22,"enemies":"Hexaghost","floor":16,"turns":7},{"damage":9,"enemies":"Spheric Guardian","floor":18,"turns":3},{"damage":1,"enemies":"2 Thieves","floor":19,"turns":4},{"damage":13,"enemies":"Sentry and Sphere","floor":22,"turns":4},{"damage":24,"enemies":"Book of Stabbing","floor":24,"turns":5},{"damage":23,"enemies":"Snake Plant","floor":25,"turns":3},{"damage":0,"enemies":"Cultist and Chosen","floor":27,"turns":4},{"damage":0,"enemies":"Snecko","floor":31,"turns":4},{"damage":13,"enemies":"Champ","floor":33,"turns":7},{"damage":6,"enemies":"3 Shapes","floor":35,"turns":3},{"damage":26,"enemies":"3 Darklings","floor":37,"turns":5},{"damage":3,"enemies":"Jaw Worm Horde","floor":38,"turns":2},{"damage":40,"enemies":"Maw","floor":39,"turns":8},{"damage":50,"enemies":"Nemesis","floor":41,"turns":6}],"seed_played":"-9130856362228349313","potions_obtained":[{"floor":1,"key":"Swift Potion"},{"floor":7,"key":"Block Potion"},{"floor":14,"key":"ColorlessPotion"},{"floor":16,"key":"BlessingOfTheForge"},{"floor":18,"key":"EssenceOfDarkness"},{"floor":27,"key":"FocusPotion"},{"floor":37,"key":"LiquidMemories"},{"floor":39,"key":"Weak Potion"}],"is_trial":false,"path_per_floor":["M","?","$","M","?","R","E","M","T","?","E","R","?","M","R","B",null,"M","M","$","?","M","R","E","M","T","M","?","$","?","M","R","B",null,"M","$","M","M","M","R","E"],"character_chosen":"DEFECT","items_purchased":["Defragment","Juzu Bracelet","Defragment","Doom and Gloom","Double Energy","Madness"],"campfire_rested":4,"item_purchase_floors":[3,20,29,29,29,36],"current_hp_per_floor":[68,68,68,64,64,64,38,38,38,35,28,63,60,60,60,40,68,59,60,60,60,53,68,44,31,31,41,41,41,41,43,68,55,68,62,62,40,37,5,40,0,0],"gold":92,"neow_bonus":"THREE_RARE_CARDS","is_daily":false,"chose_seed":false,"campfire_upgraded":2,"win_rate":0.0,"timestamp":1610821835,"path_taken":["M","?","$","M","?","R","E","M","T","?","E","R","?","M","R","BOSS","M","M","$","?","M","R","E","M","T","M","?","$","?","M","R","BOSS","M","$","M","M","M","R","E"],"items_purchased_type":["Card","Relic","Card","Card","Card","Card"],"build_version":"2020-12-22","purchased_purges":0,"victory":false,"max_hp_per_floor":[68,68,68,68,68,68,68,68,68,68,68,68,68,68,68,68,68,68,68,68,68,68,68,68,68,68,68,68,68,68,68,68,68,68,68,68,68,68,68,68,68,68],"card_choices":[{"not_picked":["Biased Cognition","Creative AI"],"picked":"Rainbow","floor":0},{"not_picked":["Melter","Skim"],"picked":"Static Discharge","floor":1},{"not_picked":["Gash","Go for the Eyes"],"picked":"Melter","floor":4},{"not_picked":["Hologram","Reinforced Body"],"picked":"BootSequence","floor":7},{"not_picked":["Rip and Tear","Streamline","Buffer","Beam Cell"],"picked":"SKIP","floor":8},{"not_picked":["Ball Lightning","Streamline","Compile Driver"],"picked":"Cold Snap","floor":11},{"not_picked":["Steam","Force Field","Compile Driver"],"picked":"Barrage","floor":13},{"not_picked":["Compile Driver","Skim","Leap"],"picked":"Barrage","floor":14},{"not_picked":["Rainbow","Multi-Cast","Reboot"],"picked":"Thunder Strike","floor":16},{"not_picked":["Heatsinks","Compile Driver","Storm+1"],"picked":"Sweeping Beam","floor":18},{"not_picked":["Aggregate","Ball Lightning+1","Beam Cell+1"],"picked":"Redo","floor":19},{"not_picked":["Barrage","Ball Lightning+1","Loop"],"picked":"Darkness+1","floor":22},{"not_picked":["Buffer","Lockon","Redo"],"picked":"Barrage","floor":24},{"not_picked":["Consume","Redo","Compile Driver"],"picked":"Hologram","floor":25},{"not_picked":["Gash","Doom and Gloom","Conserve Battery+1"],"picked":"Double Energy+1","floor":27},{"not_picked":["Hologram","Ball Lightning","Fusion"],"picked":"Defragment","floor":31},{"not_picked":["Biased Cognition","Amplify","Reboot"],"picked":"Rainbow","floor":33},{"not_picked":["Blizzard+1","Stack+1","Melter"],"picked":"Redo+1","floor":35},{"not_picked":["Beam Cell+1","Scrape+1","Chill","Doom and Gloom"],"picked":"SKIP","floor":37},{"not_picked":["Conserve Battery","Cold Snap+1","Coolheaded"],"picked":"Chaos+1","floor":38},{"not_picked":["Go for the Eyes","Loop","Compile Driver"],"picked":"Coolheaded+1","floor":39}],"player_experience":5548,"relics_obtained":[{"floor":7,"key":"Question Card"},{"floor":9,"key":"Blood Vial"},{"floor":11,"key":"Regal Pillow"},{"floor":13,"key":"Odd Mushroom"},{"floor":24,"key":"Matryoshka"},{"floor":26,"key":"Bag of Preparation"},{"floor":26,"key":"Oddly Smooth Stone"}],"event_choices":[{"damage_healed":0,"gold_gain":0,"player_choice":"Grow","damage_taken":0,"max_hp_gain":0,"max_hp_loss":0,"event_name":"Living Wall","floor":2,"gold_loss":0,"cards_upgraded":["Rainbow"]},{"damage_healed":0,"gold_gain":80,"player_choice":"Gained Gold","damage_taken":0,"max_hp_gain":0,"max_hp_loss":0,"event_name":"Golden Wing","floor":5,"gold_loss":0},{"damage_healed":0,"gold_gain":0,"player_choice":"Success","damage_taken":3,"relics_obtained":["HornCleat"],"max_hp_gain":0,"max_hp_loss":0,"event_name":"Scrap Ooze","floor":10,"gold_loss":0},{"damage_healed":0,"gold_gain":0,"player_choice":"Fought Mushrooms","damage_taken":0,"max_hp_gain":0,"max_hp_loss":0,"event_name":"Mushrooms","floor":13,"gold_loss":0},{"damage_healed":0,"gold_gain":0,"player_choice":"Became a vampire (Vial)","damage_taken":0,"max_hp_gain":0,"max_hp_loss":0,"event_name":"Vampires","floor":21,"relics_lost":["Blood Vial"],"gold_loss":0,"cards_obtained":["Bite","Bite","Bite","Bite","Bite"]},{"cards_removed":["Defend_B"],"damage_healed":0,"gold_gain":0,"player_choice":"Gave Gold","damage_taken":0,"max_hp_gain":0,"max_hp_loss":0,"event_name":"Beggar","floor":28,"gold_loss":75},{"damage_healed":0,"gold_gain":0,"player_choice":"Copied","damage_taken":0,"max_hp_gain":0,"max_hp_loss":0,"event_name":"Duplicator","floor":30,"gold_loss":0,"cards_obtained":["Defragment"]}],"is_beta":false,"boss_relics":[{"not_picked":["Ectoplasm","Runic Dome"],"picked":"Fusion Hammer"},{"not_picked":["SacredBark","Empty Cage"],"picked":"Astrolabe"}],"items_purged_floors":[],"is_endless":false,"potions_floor_spawned":[1,7,14,16,18,19,27,37,39],"killed_by":"Nemesis","ascension_level":0}}