{"host":"cdcsem0stf6rethc","time":1610764747,"event":{"mods":["AchievementEnabler","BaseMod","Colored Map","Highlight Path","Minty Spire (QoL Compilation)","StSLib","The Animator"],"gold_per_floor":[109,30,105,105,36,87,112,158,158,158,158],"floor_reached":10,"language":"ENG","playtime":485,"items_purged":[],"score":99,"play_id":"c14d84b0-53ca-4d7f-af97-543396a24f18","local_time":"20210116103907","is_ascension_mode":false,"campfire_choices":[],"circlet_count":0,"master_deck":["animator:Strike_LogHorizon","animator:Defend_LogHorizon","animator:Strike","animator:Strike","animator:Strike","animator:Defend","animator:Defend","animator:Defend","animator:Tohya","animator:Minori","animator:Togame","animator:Akatsuki","animator:SakuyaOhtori","animator:CrowleyEusford","animator:SayakaMiki","animator:SakuraMatou"],"relics":["animator:LivingPicture","animator:TheMissingPiece","NeowsBlessing","Golden Idol","Nunchaku","animator:AlchemistGlove","Lantern"],"acts_visited":["Exordium"],"potions_floor_usage":[8],"damage_taken":[{"damage":0,"enemies":"Cultist","floor":1,"turns":1},{"damage":0,"enemies":"Lagavulin","floor":6,"turns":2},{"damage":0,"enemies":"Small Slimes","floor":7,"turns":1},{"damage":17,"enemies":"3 Sentries","floor":8,"turns":15},{"damage":28,"enemies":"Gremlin Nob","floor":10,"turns":3}],"seed_played":"4785903060018696217","potions_obtained":[{"floor":6,"key":"Block Potion"},{"floor":8,"key":"DuplicationPotion"}],"is_trial":false,"path_per_floor":["M","$","?","?","$","E","M","E","T","E"],"character_chosen":"THE_ANIMATOR","items_purchased":["animator:Akatsuki","animator:SakuyaOhtori"],"campfire_rested":0,"item_purchase_floors":[2,5],"current_hp_per_floor":[66,66,55,39,39,39,39,22,22,0,0],"gold":158,"neow_bonus":"THREE_ENEMY_KILL","is_daily":false,"chose_seed":true,"campfire_upgraded":0,"win_rate":0.0,"timestamp":1610764747,"path_taken":["M","?","?","?","?","E","?","E","T","E"],"items_purchased_type":["Card","Card"],"build_version":"2020-12-22","purchased_purges":0,"victory":false,"max_hp_per_floor":[66,66,66,66,66,66,66,66,66,66,66],"card_choices":[{"not_picked":["animator:ShizuruNakatsu","animator:TsurugaMeisai"],"picked":"animator:Togame","floor":1},{"not_picked":["animator:HiiragiShinya","animator:Mikaela"],"picked":"animator:CrowleyEusford","floor":6},{"not_picked":["animator:Midou","animator:OrikoMikuni"],"picked":"animator:SayakaMiki","floor":7},{"not_picked":["animator:Rider","animator:Berserker"],"picked":"animator:SakuraMatou","floor":8}],"player_experience":157022,"relics_obtained":[{"floor":6,"key":"Nunchaku"},{"floor":8,"key":"animator:AlchemistGlove"},{"floor":9,"key":"Lantern"}],"event_choices":[{"damage_healed":0,"gold_gain":75,"player_choice":"Gather Gold","damage_taken":11,"max_hp_gain":0,"max_hp_loss":0,"event_name":"World of Goop","floor":3,"gold_loss":0},{"damage_healed":0,"gold_gain":0,"player_choice":"Take Damage","damage_taken":16,"relics_obtained":["Golden Idol"],"max_hp_gain":0,"max_hp_loss":0,"event_name":"Golden Idol","floor":4,"gold_loss":0}],"is_beta":false,"boss_relics":[],"items_purged_floors":[],"is_endless":false,"potions_floor_spawned":[6,8],"killed_by":"Gremlin Nob","ascension_level":0}}