{"host":"3eao3znc71vovznr","time":1610807718,"event":{"mods":["BaseMod","Minty Spire (QoL Compilation)","StSLib","The Marked"],"gold_per_floor":[109,119,394,28,28,28,55,66,139,139,169,169,169,188,188,287,287,273,291,390,302,319,319,644,300,300,300,300],"floor_reached":27,"language":"ENG","playtime":1012,"items_purged":["Regret","theMarked:Strike","theMarked:Strike"],"score":339,"play_id":"1af05e0d-4feb-4c4a-be05-368eaf72fdb5","local_time":"20210116153518","is_ascension_mode":false,"campfire_choices":[{"data":"theMarked:GodGivenPower","floor":6,"key":"SMITH"},{"data":"theMarked:Electrocute","floor":10,"key":"SMITH"},{"data":"theMarked:Aftermath","floor":13,"key":"SMITH"},{"floor":15,"key":"RECALL"},{"floor":23,"key":"REST"}],"circlet_count":0,"master_deck":["theMarked:Strike","theMarked:Strike","theMarked:Defend","theMarked:Defend","theMarked:Defend","theMarked:Defend","theMarked:SoldierOfQuellstein","theMarked:ComboAttacks","theMarked:PowerFlow","theMarked:GodGivenPower+1","theMarked:FavorableWinds","theMarked:Electrocute+1","theMarked:PowerFlow","theMarked:Aftermath+1","theMarked:TurnInvisible","theMarked:GodGivenPower","theMarked:Static","theMarked:ReduceFriction","theMarked:RogueSparks"],"relics":["theMarked:ArtifactOfAir","NeowsBlessing","Membership Card","MealTicket","Gremlin Horn","WingedGreaves","theMarked:SpiritSword","Old Coin","Shovel","Vajra","Happy Flower"],"acts_visited":["Exordium","TheCity"],"potions_floor_usage":[11,11,14,18,22,27,27,27],"damage_taken":[{"damage":0,"enemies":"Jaw Worm","floor":1,"turns":1},{"damage":0,"enemies":"Cultist","floor":2,"turns":1},{"damage":0,"enemies":"3 Sentries","floor":7,"turns":2},{"damage":5,"enemies":"Small Slimes","floor":8,"turns":4},{"damage":0,"enemies":"Lagavulin","floor":11,"turns":4},{"damage":0,"enemies":"Blue Slaver","floor":14,"turns":3},{"damage":40,"enemies":"Hexaghost","floor":16,"turns":6},{"damage":25,"enemies":"2 Thieves","floor":18,"turns":4},{"damage":31,"enemies":"Chosen","floor":19,"turns":5},{"damage":11,"enemies":"Centurion and Healer","floor":22,"turns":5},{"damage":30,"enemies":"Gremlin Leader","floor":24,"turns":4},{"damage":42,"enemies":"Slavers","floor":27,"turns":3}],"seed_played":"4636504554894312732","potions_obtained":[{"floor":1,"key":"ColorlessPotion"},{"floor":7,"key":"SmokeBomb"},{"floor":8,"key":"PowerPotion"},{"floor":16,"key":"Fire Potion"},{"floor":22,"key":"Swift Potion"}],"is_trial":false,"path_per_floor":["M","M","?","$","$","R","E","M","T","R","E","?","R","M","R","B",null,"M","M","?","$","M","R","E","$","T","E"],"character_chosen":"THE_DEFAULT","items_purchased":["Membership Card","theMarked:GodGivenPower","theMarked:FavorableWinds","DistilledChaos","Regen Potion","Shovel","PowerPotion","DistilledChaos","Vajra"],"campfire_rested":1,"item_purchase_floors":[4,4,4,4,21,25,25,25,25],"current_hp_per_floor":[70,70,70,70,70,70,70,65,65,65,65,65,65,65,65,25,70,45,14,14,29,30,51,21,36,36,0,0],"gold":300,"neow_bonus":"THREE_ENEMY_KILL","is_daily":false,"chose_seed":false,"campfire_upgraded":3,"win_rate":0.0,"timestamp":1610807718,"path_taken":["M","M","?","?","$","R","E","M","T","R","E","?","R","M","R","BOSS","M","M","?","$","M","R","E","$","T","E"],"items_purchased_type":["Relic","Card","Card","Potion","Potion","Relic","Potion","Potion","Relic"],"build_version":"2020-12-22","purchased_purges":3,"victory":false,"max_hp_per_floor":[70,70,70,70,70,70,70,70,70,70,70,70,70,70,70,70,70,70,70,70,70,70,70,70,70,70,70,70],"card_choices":[{"not_picked":["theMarked:Frustration","theMarked:Aftermath"],"picked":"theMarked:ComboAttacks","floor":1},{"not_picked":["theMarked:Frustration","theMarked:BanishingStrike"],"picked":"theMarked:PowerFlow","floor":2},{"not_picked":["theMarked:ChannelForce","theMarked:ChainLightning"],"picked":"theMarked:Electrocute","floor":7},{"not_picked":["theMarked:BanishingWave","theMarked:Generate"],"picked":"theMarked:PowerFlow","floor":8},{"not_picked":["theMarked:WastefulDefense","theMarked:ComboAttacks"],"picked":"theMarked:Aftermath","floor":11},{"not_picked":["theMarked:Seal","theMarked:Panic","theMarked:SwordAndMagic"],"picked":"SKIP","floor":14},{"not_picked":["theMarked:BindingBlade","theMarked:ThrowWeapon"],"picked":"theMarked:TurnInvisible","floor":16},{"not_picked":["theMarked:Electrocute","theMarked:ResourceFulStrike"],"picked":"theMarked:GodGivenPower","floor":18},{"not_picked":["theMarked:ParalyzingBlade","theMarked:Frustration"],"picked":"theMarked:Static","floor":19},{"not_picked":["theMarked:Improvise","theMarked:TunnelVision"],"picked":"theMarked:ReduceFriction","floor":22},{"not_picked":["theMarked:HeightenedSenses","theMarked:StartUp"],"picked":"theMarked:RogueSparks","floor":24}],"player_experience":399032,"relics_obtained":[{"floor":7,"key":"MealTicket"},{"floor":9,"key":"Gremlin Horn"},{"floor":11,"key":"WingedGreaves"},{"floor":24,"key":"Old Coin"},{"floor":26,"key":"Happy Flower"}],"event_choices":[{"damage_healed":0,"gold_gain":275,"player_choice":"Desecrate","damage_taken":0,"max_hp_gain":0,"max_hp_loss":0,"event_name":"Golden Shrine","floor":3,"gold_loss":0,"cards_obtained":["Regret"]},{"cards_removed":["theMarked:Strike"],"damage_healed":0,"gold_gain":0,"player_choice":"Forget","damage_taken":0,"max_hp_gain":0,"max_hp_loss":0,"event_name":"Living Wall","floor":12,"gold_loss":0},{"damage_healed":0,"gold_gain":99,"player_choice":"Stole From Cult","damage_taken":0,"max_hp_gain":0,"max_hp_loss":0,"event_name":"Nest","floor":20,"gold_loss":0}],"is_beta":false,"boss_relics":[{"not_picked":["Runic Pyramid","theMarked:BronzeBlade"],"picked":"theMarked:SpiritSword"}],"items_purged_floors":[4,21,25],"is_endless":false,"potions_floor_spawned":[1,7,8,16,22],"killed_by":"Slavers","ascension_level":0}}