{"host":"07e1k1rk6c4zn0bu","time":1610776196,"event":{"mods":["AchievementEnabler","BaseMod","Bestiary","Colored Map","Colored Powertips","DeckTracker","Minty Spire (QoL Compilation)","StSLib"],"gold_per_floor":[115,131,149,2,13,13,33,59,59,59,77,92,92,109,109,212,262,278,278,289,302,302,302,316,23,71,71,171,190,190,190],"floor_reached":30,"language":"ENG","playtime":1430,"items_purged":[],"score":236,"play_id":"64275f87-ca4f-495d-9196-07157369aa7c","local_time":"20210116004956","is_ascension_mode":false,"campfire_choices":[{"data":"BattleHymn","floor":6,"key":"SMITH"},{"floor":10,"key":"REST"},{"floor":13,"key":"REST"},{"floor":15,"key":"REST"},{"floor":23,"key":"REST"},{"floor":27,"key":"REST"}],"circlet_count":0,"master_deck":["Strike_P+1","Strike_P+1","Strike_P+1","Strike_P+1","Defend_P+1","Defend_P+1","Defend_P+1","Defend_P+1","Eruption","Vigilance","FollowUp","BattleHymn+1","WreathOfFlame+1","Tantrum","SashWhip","ClearTheMind","CrushJoints","FlurryOfBlows","TalkToTheHand+1","Swivel","FlurryOfBlows","SandsOfTime","Establishment","InnerPeace","Writhe","FlurryOfBlows","Vengeance+1","MasterReality"],"relics":["PureWater","NeowsBlessing","War Paint","InkBottle","Tiny House","Bird Faced Urn","Pen Nib","PreservedInsect"],"acts_visited":["Exordium","TheCity"],"potions_floor_usage":[16,30,30],"damage_taken":[{"damage":0,"enemies":"Cultist","floor":1,"turns":1},{"damage":0,"enemies":"2 Louse","floor":2,"turns":1},{"damage":0,"enemies":"Jaw Worm","floor":3,"turns":1},{"damage":7,"enemies":"Large Slime","floor":5,"turns":3},{"damage":10,"enemies":"Looter","floor":7,"turns":2},{"damage":36,"enemies":"Lagavulin","floor":8,"turns":3},{"damage":8,"enemies":"Red Slaver","floor":11,"turns":3},{"damage":7,"enemies":"Exordium Wildlife","floor":12,"turns":3},{"damage":26,"enemies":"Exordium Thugs","floor":14,"turns":3},{"damage":19,"enemies":"Hexaghost","floor":16,"turns":7},{"damage":8,"enemies":"Shell Parasite","floor":18,"turns":4},{"damage":0,"enemies":"Chosen","floor":20,"turns":5},{"damage":36,"enemies":"Shelled Parasite and Fungi","floor":21,"turns":5},{"damage":36,"enemies":"Snecko","floor":24,"turns":6},{"damage":42,"enemies":"Cultist and Chosen","floor":29,"turns":5},{"damage":24,"enemies":"Book of Stabbing","floor":30,"turns":2}],"seed_played":"-3560708516350123757","potions_obtained":[{"floor":1,"key":"Regen Potion"},{"floor":7,"key":"Dexterity Potion"},{"floor":8,"key":"FearPotion"},{"floor":17,"key":"CultistPotion"}],"is_trial":false,"path_per_floor":["M","M","M","$","M","R","M","E","T","R","M","M","R","M","R","B",null,"M","?","M","M","?","R","M","$","T","R","?","M","E"],"character_chosen":"WATCHER","items_purchased":["Tantrum","SashWhip","ClearTheMind","Pen Nib","MasterReality"],"campfire_rested":5,"item_purchase_floors":[4,4,4,25,25],"current_hp_per_floor":[72,72,72,72,65,65,55,19,19,40,32,25,46,20,41,37,77,69,69,73,41,41,64,32,32,32,55,55,17,0,0],"gold":190,"neow_bonus":"THREE_ENEMY_KILL","is_daily":false,"chose_seed":false,"campfire_upgraded":1,"win_rate":0.0,"timestamp":1610776196,"path_taken":["M","M","M","$","M","R","M","E","T","R","M","M","R","M","R","BOSS","M","?","M","M","?","R","M","$","T","R","?","?","E"],"items_purchased_type":["Card","Card","Card","Relic","Card"],"build_version":"2020-12-22","purchased_purges":0,"victory":false,"max_hp_per_floor":[72,72,72,72,72,72,72,72,72,72,72,72,72,72,72,72,77,77,77,77,77,77,77,77,77,77,77,77,77,77,77],"card_choices":[{"not_picked":["Nirvana","JustLucky"],"picked":"FollowUp","floor":1},{"not_picked":["CutThroughFate","ForeignInfluence"],"picked":"BattleHymn","floor":2},{"not_picked":["JustLucky","Swivel"],"picked":"WreathOfFlame","floor":3},{"not_picked":["ThirdEye","JustLucky"],"picked":"CrushJoints","floor":5},{"not_picked":["SandsOfTime","SashWhip"],"picked":"FlurryOfBlows","floor":7},{"not_picked":["Halt","Weave"],"picked":"TalkToTheHand","floor":8},{"not_picked":["Adaptation","FollowUp"],"picked":"Swivel","floor":11},{"not_picked":["Crescendo","CutThroughFate"],"picked":"FlurryOfBlows","floor":12},{"not_picked":["FearNoEvil","Judgement"],"picked":"SandsOfTime","floor":14},{"not_picked":["Omniscience","Scrawl"],"picked":"Establishment","floor":16},{"not_picked":["CutThroughFate","FlurryOfBlows"],"picked":"InnerPeace","floor":17},{"not_picked":["FollowUp","EmptyFist","InnerPeace"],"picked":"SKIP","floor":18},{"not_picked":["EmptyBody","Prostrate"],"picked":"FlurryOfBlows","floor":20},{"not_picked":["ClearTheMind","CutThroughFate","Consecrate"],"picked":"SKIP","floor":21},{"not_picked":["SashWhip","Evaluate"],"picked":"Vengeance+1","floor":24},{"not_picked":["ThirdEye","Prostrate","SashWhip"],"picked":"SKIP","floor":29}],"player_experience":55530,"relics_obtained":[{"floor":8,"key":"War Paint"},{"floor":9,"key":"InkBottle"},{"floor":26,"key":"PreservedInsect"}],"event_choices":[{"damage_healed":0,"gold_gain":0,"player_choice":"Opened","damage_taken":0,"relics_obtained":["Bird Faced Urn"],"max_hp_gain":0,"max_hp_loss":0,"event_name":"The Mausoleum","floor":19,"gold_loss":0,"cards_obtained":["Writhe"]},{"damage_healed":0,"gold_gain":0,"player_choice":"Simplicity","damage_taken":0,"max_hp_gain":0,"max_hp_loss":0,"event_name":"Back to Basics","floor":22,"gold_loss":0,"cards_upgraded":["Strike_P","Strike_P","Strike_P","Strike_P","Defend_P","Defend_P","Defend_P"]},{"damage_healed":0,"gold_gain":100,"player_choice":"Pray","damage_taken":0,"max_hp_gain":0,"max_hp_loss":0,"event_name":"Golden Shrine","floor":28,"gold_loss":0}],"is_beta":false,"boss_relics":[{"not_picked":["Velvet Choker","Cursed Key"],"picked":"Tiny House"}],"items_purged_floors":[],"is_endless":false,"potions_floor_spawned":[1,7,8,11,12,24],"killed_by":"Book of Stabbing","ascension_level":0}}