{"host":"dwqr8rfkubzfvfti","time":1610827394,"event":{"mods":["BaseMod","Colored Map","Colored Powertips","Minty Spire (QoL Compilation)","Rare Cards Sparkle","Relic Stats"],"gold_per_floor":[111,129,144,155,76,76,102,102,128,203,217,217,227,260,260,355,355,372,372,372,149,222,255,255,269,269,281,298,314,42,58,58,58,58],"floor_reached":33,"language":"ENG","playtime":1291,"items_purged":["Writhe","Thunder Strike"],"score":363,"play_id":"2ea58071-c4d1-472f-9678-494943c4d006","local_time":"20210116150314","is_ascension_mode":true,"campfire_choices":[{"floor":6,"key":"REST"},{"floor":8,"key":"REST"},{"floor":12,"key":"REST"},{"floor":15,"key":"REST"},{"floor":24,"key":"REST"},{"floor":32,"key":"REST"}],"circlet_count":0,"master_deck":["Strike_B+1","Strike_B+1","Strike_B+1","Strike_B+1","Defend_B+1","Defend_B+1","Defend_B+1","Defend_B+1","Zap","Dualcast","Swift Strike","BootSequence","Conserve Battery","Tempest","Multi-Cast","Melter","Lockon","Leap","Ball Lightning","Ball Lightning","Conserve Battery","Blizzard","Reinforced Body","Glacier","Capacitor","Streamline+1","Blizzard+1","Aggregate"],"relics":["FrozenCore","Dream Catcher","Vajra","Centennial Puzzle","Meat on the Bone","Lee\u0027s Waffle","Ornamental Fan","Peace Pipe","White Beast Statue","Membership Card","Anchor"],"acts_visited":["Exordium","TheCity"],"potions_floor_usage":[11,16,23,27,29,33,33],"damage_taken":[{"damage":2,"enemies":"Jaw Worm","floor":1,"turns":2},{"damage":2,"enemies":"Small Slimes","floor":2,"turns":3},{"damage":0,"enemies":"2 Louse","floor":3,"turns":2},{"damage":15,"enemies":"Exordium Wildlife","floor":4,"turns":5},{"damage":38,"enemies":"3 Sentries","floor":7,"turns":7},{"damage":14,"enemies":"Gremlin Gang","floor":11,"turns":4},{"damage":0,"enemies":"3 Louse","floor":13,"turns":2},{"damage":23,"enemies":"Lagavulin","floor":14,"turns":5},{"damage":30,"enemies":"The Guardian","floor":16,"turns":8},{"damage":0,"enemies":"Spheric Guardian","floor":18,"turns":3},{"damage":43,"enemies":"Slavers","floor":23,"turns":7},{"damage":22,"enemies":"2 Thieves","floor":25,"turns":4},{"damage":20,"enemies":"Shelled Parasite and Fungi","floor":27,"turns":7},{"damage":24,"enemies":"Centurion and Healer","floor":28,"turns":8},{"damage":14,"enemies":"Snake Plant","floor":29,"turns":4},{"damage":5,"enemies":"Chosen and Byrds","floor":31,"turns":6},{"damage":94,"enemies":"Automaton","floor":33,"turns":12}],"seed_played":"-3633231232180995439","potions_obtained":[{"floor":4,"key":"Block Potion"},{"floor":11,"key":"DuplicationPotion"},{"floor":14,"key":"SpeedPotion"},{"floor":16,"key":"AttackPotion"},{"floor":23,"key":"Regen Potion"},{"floor":27,"key":"FearPotion"},{"floor":28,"key":"DuplicationPotion"},{"floor":29,"key":"Block Potion"},{"floor":31,"key":"Fire Potion"}],"is_trial":false,"path_per_floor":["M","M","M","M","$","R","E","R","T","?","M","R","M","E","R","B",null,"M","?","?","$","T","E","R","M","T","M","M","M","$","M","R","B"],"character_chosen":"DEFECT","items_purchased":["Melter","Lee\u0027s Waffle","Membership Card","Anchor"],"campfire_rested":6,"item_purchase_floors":[5,21,30,30],"current_hp_per_floor":[66,64,64,49,49,71,33,55,55,44,30,52,52,29,51,21,62,62,62,62,82,82,51,75,53,53,48,36,34,34,41,65,0,0],"gold":58,"neow_bonus":"RANDOM_COLORLESS","is_daily":false,"chose_seed":false,"campfire_upgraded":0,"win_rate":0.0,"timestamp":1610827394,"path_taken":["M","M","M","M","$","R","E","R","T","?","M","R","M","E","R","BOSS","M","?","?","$","?","E","R","M","T","?","M","M","$","M","R","BOSS"],"items_purchased_type":["Card","Relic","Relic","Relic"],"build_version":"2020-12-22","purchased_purges":2,"victory":false,"max_hp_per_floor":[75,75,75,75,75,75,75,75,75,75,75,75,75,75,75,75,75,75,75,75,82,82,82,82,82,82,82,82,82,82,82,82,82,82],"relic_stats":{"Peace Pipe":0,"Dream Catcher":5,"Centennial Puzzle":[24],"Lee\u0027s Waffle":20,"counters":[17,89],"Ornamental Fan":[36],"obtain_stats":[{"Peace Pipe":23,"Dream Catcher":7,"Centennial Puzzle":14,"Lee\u0027s Waffle":21,"Anchor":30,"Ornamental Fan":22,"Vajra":9,"Membership Card":30,"Cracked Core":0,"White Beast Statue":26,"FrozenCore":17,"Meat on the Bone":19},{"Peace Pipe":11,"Dream Catcher":5,"Centennial Puzzle":8,"Lee\u0027s Waffle":10,"Anchor":15,"Ornamental Fan":10,"Vajra":5,"Membership Card":15,"Cracked Core":0,"White Beast Statue":12,"FrozenCore":9,"Meat on the Bone":10},{"Peace Pipe":48,"Dream Catcher":19,"Centennial Puzzle":30,"Lee\u0027s Waffle":41,"Anchor":71,"Ornamental Fan":41,"Vajra":19,"Membership Card":71,"Cracked Core":0,"White Beast Statue":52,"FrozenCore":38,"Meat on the Bone":41}],"FrozenCore":[24],"Meat on the Bone":48},"card_choices":[{"not_picked":["Deep Breath","Flash of Steel"],"picked":"Swift Strike","floor":0},{"not_picked":["Steam Power","Rebound"],"picked":"BootSequence","floor":1},{"not_picked":["Leap","Stack"],"picked":"Conserve Battery","floor":2},{"not_picked":["Streamline","Redo"],"picked":"Tempest","floor":3},{"not_picked":["Steam","Beam Cell"],"picked":"Multi-Cast","floor":4},{"not_picked":["Leap","Go for the Eyes"],"picked":"Lockon","floor":7},{"not_picked":["Steam Power","Aggregate"],"picked":"Leap","floor":8},{"not_picked":["Rebound","Skim"],"picked":"Ball Lightning","floor":11},{"not_picked":["Coolheaded","Hologram"],"picked":"Ball Lightning","floor":13},{"not_picked":["Auto Shields","Consume","Compile Driver"],"picked":"SKIP","floor":14},{"not_picked":["Steam","Recycle"],"picked":"Conserve Battery","floor":15},{"not_picked":["Amplify","Reboot"],"picked":"Thunder Strike","floor":16},{"not_picked":["Doom and Gloom","Redo"],"picked":"Blizzard","floor":18},{"not_picked":["Go for the Eyes","Rebound"],"picked":"Reinforced Body","floor":23},{"not_picked":["Coolheaded","Turbo"],"picked":"Glacier","floor":24},{"not_picked":["Go for the Eyes","Steam Power","Hologram"],"picked":"SKIP","floor":25},{"not_picked":["Scrape","Sweeping Beam"],"picked":"Capacitor","floor":27},{"not_picked":["Reinforced Body","Fusion"],"picked":"Streamline+1","floor":28},{"not_picked":["Go for the Eyes","Loop"],"picked":"Blizzard+1","floor":29},{"not_picked":["Gash","Rip and Tear"],"picked":"Aggregate","floor":31}],"player_experience":491730,"relics_obtained":[{"floor":7,"key":"Dream Catcher"},{"floor":9,"key":"Vajra"},{"floor":14,"key":"Centennial Puzzle"},{"floor":22,"key":"Ornamental Fan"},{"floor":23,"key":"Peace Pipe"},{"floor":26,"key":"White Beast Statue"}],"event_choices":[{"damage_healed":0,"gold_gain":75,"player_choice":"Gather Gold","damage_taken":11,"max_hp_gain":0,"max_hp_loss":0,"event_name":"World of Goop","floor":10,"gold_loss":0},{"damage_healed":0,"gold_gain":0,"player_choice":"Opened","damage_taken":0,"relics_obtained":["Meat on the Bone"],"max_hp_gain":0,"max_hp_loss":0,"event_name":"The Mausoleum","floor":19,"gold_loss":0,"cards_obtained":["Writhe"]},{"damage_healed":0,"gold_gain":0,"player_choice":"Simplicity","damage_taken":0,"max_hp_gain":0,"max_hp_loss":0,"event_name":"Back to Basics","floor":20,"gold_loss":0,"cards_upgraded":["Strike_B","Strike_B","Strike_B","Strike_B","Defend_B","Defend_B","Defend_B","Defend_B"]}],"is_beta":false,"boss_relics":[{"not_picked":["SlaversCollar","Fusion Hammer"],"picked":"FrozenCore"}],"items_purged_floors":[21,30],"is_endless":false,"potions_floor_spawned":[4,11,14,16,23,27,28,29,31],"killed_by":"Automaton","ascension_level":6}}