{"host":"jdbhgql29eqg6e2t","time":1610766197,"event":{"mods":["BaseMod","Hermit","Infinite Spire","Minty Spire (QoL Compilation)","Replay The Spire","Shop Mod","StSLib","The Cursed","The Disciple"],"gold_per_floor":[109,109,109,15,34,64,99,99,122,148,148,178,206,238,238,333,333,351,361,116,116,0,0,27,32,32,32,66,66,66,87,87,108,108,35,35,70,116,37,37,37,85,85,85,85,0,28,55,150,68],"floor_reached":51,"language":"ENG","playtime":11259,"items_purged":["TheCursedMod:Defend_TheCursed"],"score":881,"play_id":"ed98699f-2159-4134-950a-b69c6d78e066","local_time":"20210116000317","daily_mods":["Heirloom","Time Dilation","Flight","DeadlyEvents","Elite Swarm"],"is_ascension_mode":false,"campfire_choices":[{"data":"TheCursedMod:CircleOfCorruption","floor":8,"key":"SMITH"},{"floor":11,"key":"REST"},{"floor":15,"key":"REST"},{"floor":23,"key":"DIG"},{"data":"TheCursedMod:OutForBlood","floor":29,"key":"SMITH"},{"floor":41,"key":"DIG"},{"floor":44,"key":"DIG"},{"data":"TheCursedMod:Strike_TheCursed","floor":45,"key":"PURGE"}],"circlet_count":0,"master_deck":["TheCursedMod:Strike_TheCursed","TheCursedMod:Strike_TheCursed","TheCursedMod:Defend_TheCursed","TheCursedMod:Defend_TheCursed","TheCursedMod:CursedWand","TheCursedMod:CleanUpWorkshop","TheCursedMod:Dregs","TheCursedMod:CircleOfCorruption+1","TheCursedMod:Wield","TheCursedMod:SurpriseAttack+1","TheCursedMod:Hemoplague","TheCursedMod:SpitefulStrike","TheCursedMod:UltimatePain","TheCursedMod:ManaCirculation+1","TheCursedMod:CursedRelics","TheCursedMod:ForbiddenAlchemy+1","TheCursedMod:CircleOfAbyss","TheCursedMod:OutForBlood+1","TheCursedMod:NeowsMight+1","TheCursedMod:TroublousMinions+1","TheCursedMod:ForbiddenAlchemy","TheCursedMod:SpitefulPlan+1","TheCursedMod:Obscuration+1","TheCursedMod:DemonicPact"],"relics":["TheCursedMod:BlackMagic101","Turnip","infinitespire:Lucky Rock","Durian","Pen Nib","Replay:Multitool","Tiny Chest","Lantern","Bottled Tornado","SacredBark","MerchantsRug","Guide Book","Counterbalance","Replay:Wax Seal","Art of War","Chameleon Ring","Replay:Bandana","infinitespire:FocusingShard","Simple Rune","Question Card","Incense Burner","Black Star","infinitespire:BottledMercury","infinitespire:PuzzleCube","BranchBurnRelic","Replay:Baseball","Toxic Egg 2","infinitespire:ShieldingShard","Replay:Bottled Eggs","Red Mask","ReplayTheSpireMod:Lightbulb"],"acts_visited":["Exordium","TheCity","TheBeyond"],"potions_floor_usage":[7,10,12,12,13,14,14,14,14,14,16,18,18,18,28,28,28,28,33,33,33,33,35,35,35,37,37,37,37,37,42,42,42,42,47,47,47,47,47,47,50,50,50,50,50],"damage_taken":[{"damage":0,"enemies":"Cultist","floor":1,"turns":4},{"damage":0,"enemies":"2 Louse","floor":5,"turns":3},{"damage":33,"enemies":"3 Sentries","floor":6,"turns":8},{"damage":18,"enemies":"Gremlin Nob","floor":7,"turns":4},{"damage":5,"enemies":"3 Sentries","floor":10,"turns":6},{"damage":6,"enemies":"Gremlin Nob","floor":12,"turns":4},{"damage":9,"enemies":"3 Sentries","floor":13,"turns":7},{"damage":7,"enemies":"Lagavulin","floor":14,"turns":6},{"damage":27,"enemies":"The Guardian","floor":16,"turns":8},{"damage":5,"enemies":"2 Thieves","floor":18,"turns":3},{"damage":0,"enemies":"Spheric Guardian","floor":19,"turns":5},{"damage":14,"enemies":"Slavers","floor":24,"turns":5},{"damage":10,"enemies":"Book of Stabbing","floor":28,"turns":1},{"damage":0,"enemies":"Shelled Parasite and Fungi","floor":31,"turns":2},{"damage":44,"enemies":"Automaton","floor":33,"turns":8},{"damage":0,"enemies":"3 Darklings","floor":35,"turns":3},{"damage":22,"enemies":"R_Hoarder","floor":37,"turns":7},{"damage":12,"enemies":"3 Shapes","floor":39,"turns":4},{"damage":47,"enemies":"Nemesis","floor":42,"turns":5},{"damage":0,"enemies":"Spire Growth","floor":47,"turns":3},{"damage":4,"enemies":"infinitespire:MassOfShapes","floor":50,"turns":4}],"seed_played":"-625848470863007876","potions_obtained":[{"floor":5,"key":"SteroidPotion"},{"floor":6,"key":"Explosive Potion"},{"floor":7,"key":"Flashbang"},{"floor":10,"key":"FearPotion"},{"floor":16,"key":"ColorlessPotion"},{"floor":31,"key":"PowerPotion"},{"floor":33,"key":"ColorlessPotion"},{"floor":42,"key":"Adrenaline Potion"},{"floor":47,"key":"FearPotion"}],"is_trial":true,"path_per_floor":["M","?","?","$","M","E","E","R","T","E","R","E","E","E","R","B",null,"M","M","$","AVR","?","R","E","$","T","R","E","R","T","M","R","B",null,"M","?","E","T","M","R","R","E","T","R","R","?","M","T","R","B",null],"character_chosen":"THE_CURSED","items_purchased":["TheCursedMod:SurpriseAttack","TheCursedMod:Hemoplague","MerchantsRug","Guide Book","Replay:Bandana","infinitespire:FocusingShard"],"campfire_rested":2,"item_purchase_floors":[4,4,20,20,25,25],"current_hp_per_floor":[75,75,75,75,75,42,29,29,29,24,48,42,33,26,50,23,80,75,75,75,75,75,75,61,61,61,61,51,51,51,51,51,7,80,80,80,58,58,46,70,70,37,37,37,37,37,46,46,46,56],"gold":68,"neow_bonus":"","is_daily":false,"chose_seed":false,"campfire_upgraded":2,"win_rate":0.0,"timestamp":1610766197,"path_taken":["M","?","?","$","?","E","E","R","T","?","R","E","E","E","R","BOSS","M","M","$","AVR","?","R","?","$","T","R","?","R","?","?","R","BOSS","M","?","?","?","M","R","R","?","T","R","R","?","?","?","R","BOSS"],"items_purchased_type":["Card","Card","Relic","Relic","Relic","Relic"],"build_version":"2020-12-22","purchased_purges":1,"victory":true,"max_hp_per_floor":[75,75,75,75,75,75,80,80,80,80,80,80,80,80,80,80,80,80,80,80,80,80,80,80,80,80,80,80,80,80,80,80,80,80,80,80,80,80,80,80,80,80,80,80,80,80,80,80,80,80],"card_choices":[{"not_picked":["TheCursedMod:SurpriseAttack","TheCursedMod:TacticalStrike"],"picked":"TheCursedMod:CircleOfCorruption","floor":1},{"not_picked":["TheCursedMod:Wield","TheCursedMod:Evocation"],"picked":"TheCursedMod:SpitefulStrike","floor":5},{"not_picked":["TheCursedMod:CursedRelics","TheCursedMod:ShockAndAwe"],"picked":"TheCursedMod:UltimatePain","floor":6},{"not_picked":["TheCursedMod:CursedRelics","TheCursedMod:CollectTribute"],"picked":"TheCursedMod:ManaCirculation","floor":7},{"not_picked":["TheCursedMod:ManaCirculation","TheCursedMod:StunningStrike"],"picked":"TheCursedMod:CursedRelics","floor":10},{"not_picked":["TheCursedMod:ParallelWorld","TheCursedMod:CollectTribute"],"picked":"TheCursedMod:ForbiddenAlchemy","floor":12},{"not_picked":["TheCursedMod:CursedRelics","TheCursedMod:Neurasthenia"],"picked":"TheCursedMod:CircleOfAbyss","floor":13},{"not_picked":["TheCursedMod:ShockAndAwe","TheCursedMod:ParallelWorld"],"picked":"TheCursedMod:OutForBlood","floor":14},{"not_picked":["TheCursedMod:DarkBarrier","TheCursedMod:CursedRelics"],"picked":"TheCursedMod:NeowsMight","floor":16},{"not_picked":["TheCursedMod:FleshFromBone+1","TheCursedMod:SpitefulStrike+1"],"picked":"TheCursedMod:TroublousMinions+1","floor":18},{"not_picked":["TheCursedMod:CircleOfCorruption","TheCursedMod:CircleOfAmplification","TheCursedMod:Obscuration"],"picked":"SKIP","floor":19},{"not_picked":["TheCursedMod:CircleOfAbyss","TheCursedMod:DarkBarrier","TheCursedMod:OutForBlood"],"picked":"SKIP","floor":24},{"not_picked":["TheCursedMod:ForbiddenAlchemy","TheCursedMod:NeowsMight","TheCursedMod:DemonSword"],"picked":"SKIP","floor":28},{"not_picked":["TheCursedMod:CursedSpellbook","TheCursedMod:CircleOfFlame+1","TheCursedMod:StingEye","TheCursedMod:WearCloak"],"picked":"SKIP","floor":31},{"not_picked":["TheCursedMod:ManaCirculation","TheCursedMod:OutForBlood","TheCursedMod:CursedRelics"],"picked":"TheCursedMod:ForbiddenAlchemy","floor":33},{"not_picked":["TheCursedMod:Grudge","TheCursedMod:RavingStaff+1","TheCursedMod:CircleOfCorruption+1"],"picked":"TheCursedMod:SpitefulPlan+1","floor":35},{"not_picked":["TheCursedMod:UltimatePain","TheCursedMod:CollectTribute","TheCursedMod:ParallelWorld","TheCursedMod:CursedRelics"],"picked":"SKIP","floor":37},{"not_picked":["TheCursedMod:SurpriseAttack+1","TheCursedMod:Stigma+1","TheCursedMod:FleshFromBone"],"picked":"TheCursedMod:Obscuration+1","floor":39},{"not_picked":["TheCursedMod:CursedRelics","TheCursedMod:ParallelWorld+1","TheCursedMod:ForbiddenAlchemy+1"],"picked":"TheCursedMod:DemonicPact","floor":42},{"not_picked":["TheCursedMod:CursedSpellbook+1","TheCursedMod:Hemoplague","TheCursedMod:TacticalStrike","TheCursedMod:Stigma"],"picked":"SKIP","floor":47}],"player_experience":514185,"relics_obtained":[{"floor":6,"key":"infinitespire:Lucky Rock"},{"floor":7,"key":"Durian"},{"floor":9,"key":"Pen Nib"},{"floor":10,"key":"Replay:Multitool"},{"floor":12,"key":"Tiny Chest"},{"floor":13,"key":"Lantern"},{"floor":14,"key":"Bottled Tornado"},{"floor":23,"key":"Art of War"},{"floor":24,"key":"Chameleon Ring"},{"floor":26,"key":"Simple Rune"},{"floor":28,"key":"Question Card"},{"floor":30,"key":"Incense Burner"},{"floor":37,"key":"infinitespire:BottledMercury"},{"floor":37,"key":"Dead Branch"},{"floor":38,"key":"infinitespire:PuzzleCube"},{"floor":42,"key":"Replay:Baseball"},{"floor":42,"key":"Toxic Egg 2"},{"floor":43,"key":"infinitespire:ShieldingShard"},{"floor":44,"key":"Replay:Bottled Eggs"},{"floor":48,"key":"ReplayTheSpireMod:Lightbulb"}],"event_choices":[{"damage_healed":0,"gold_gain":0,"cards_transformed":["TheCursedMod:Strike_TheCursed"],"player_choice":"Transformed","damage_taken":0,"max_hp_gain":0,"max_hp_loss":0,"event_name":"Transmorgrifier","floor":3,"gold_loss":0,"cards_obtained":["TheCursedMod:Wield"]},{"damage_healed":0,"gold_gain":0,"player_choice":"Paid Gold","damage_taken":0,"relics_obtained":["Replay:Wax Seal"],"max_hp_gain":0,"max_hp_loss":0,"event_name":"WeMeetAgain","floor":22,"gold_loss":116},{"cards_removed":["TheCursedMod:Defend_TheCursed"],"damage_healed":0,"gold_gain":0,"player_choice":"Purged","damage_taken":0,"max_hp_gain":0,"max_hp_loss":0,"event_name":"Purifier","floor":27,"gold_loss":0},{"damage_healed":0,"gold_gain":0,"player_choice":"Ignored","damage_taken":0,"max_hp_gain":0,"max_hp_loss":0,"event_name":"Ghosts","floor":32,"gold_loss":0},{"damage_healed":0,"gold_gain":0,"player_choice":"Ignored","damage_taken":0,"max_hp_gain":0,"max_hp_loss":0,"event_name":"Fountain of Cleansing","floor":36,"gold_loss":0},{"damage_healed":0,"gold_gain":0,"player_choice":"Paid","damage_taken":0,"relics_obtained":["Red Mask"],"max_hp_gain":0,"max_hp_loss":0,"event_name":"Tomb of Lord Red Mask","floor":46,"gold_loss":85}],"is_beta":false,"boss_relics":[{"not_picked":["Fusion Hammer","Abe\u0027s Treasure"],"picked":"SacredBark"},{"not_picked":["Velvet Choker","Astrolabe"],"picked":"Black Star"}],"items_purged_floors":[21],"is_endless":false,"potions_floor_spawned":[5,6,7,10,16,31,33,35,39,42,47],"ascension_level":0}}