{"host":"u9h06qdlnp3wgzsw","time":1610834979,"event":{"mods":["BaseMod","Downfall","Hermit","Minty Spire (QoL Compilation)","Rare Cards Sparkle","Shop Mod","StSLib"],"gold_per_floor":[0,16,32,17,467,479,479,579,598,14,14,14,114,114,125,225,275,175,175,175,175,190,200,227,227,245,42,142,161,161,161,161],"floor_reached":30,"language":"ENG","playtime":2993,"items_purged":["downfall:Icky","downfall:Aged"],"score":345,"play_id":"c1f0ca06-7de6-46ce-9a7b-50bd8dbe5b12","local_time":"20210116170939","is_ascension_mode":false,"campfire_choices":[{"floor":1,"key":"RECALL"},{"floor":11,"key":"REST"},{"data":"expansioncontent:QuickStudy","floor":18,"key":"SMITH"}],"circlet_count":0,"master_deck":["champ:Strike","champ:Strike","champ:Strike","champ:Defend","champ:Defend+1","champ:Defend+1","champ:Defend","champ:Execute","The Bomb+1","champ:GladiatorStyle+1","downfall:Icky","champ:IronFortress+1","champ:Duel+1","champ:Duel+1","expansioncontent:QuickStudy+1","Normality","downfall:Aged","Shame","champ:SwordThrow+1","downfall:Haunted","downfall:Malfunctioning","downfall:Malfunctioning","Necronomicurse","Slimebound:RainOfGoop","downfall:Bewildered","champ:CheapShot","expansioncontent:PolyBeam","sneckomod:Nope","Protect"],"relics":["champ:ChampionCrown","Frozen Egg 2","PrismaticShard","Cursed Key","Tiny House","downfall:HeartBlessingRed","Necronomicon","War Paint","champ:BlackKnightHelmet","InkBottle"],"acts_visited":["Exordium","TheCity"],"potions_floor_usage":[8,10,10,16,16,16,16,16,16,19,22,22,22,22,28,29,30,30],"damage_taken":[{"damage":0,"enemies":"Small Slimes","floor":2,"turns":4},{"damage":21,"enemies":"2 Louse","floor":3,"turns":4},{"damage":23,"enemies":"downfall:FleeingMerchant","floor":4,"turns":4},{"damage":20,"enemies":"Jaw Worm","floor":6,"turns":5},{"damage":15,"enemies":"downfall:Heads","floor":8,"turns":3},{"damage":31,"enemies":"3 Louse","floor":9,"turns":4},{"damage":7,"enemies":"downfall:FleeingMerchant","floor":10,"turns":4},{"damage":32,"enemies":"Exordium Thugs","floor":15,"turns":5},{"damage":40,"enemies":"IC_STATUS_ARCHETYPE","floor":16,"turns":8},{"damage":0,"enemies":"3 Byrds","floor":19,"turns":1},{"damage":41,"enemies":"Snake Plant","floor":22,"turns":4},{"damage":10,"enemies":"Sentry and Sphere","floor":23,"turns":1},{"damage":32,"enemies":"Centurion and Healer","floor":26,"turns":6},{"damage":12,"enemies":"downfall:FleeingMerchant","floor":27,"turns":4},{"damage":8,"enemies":"downfall:FleeingMerchant","floor":28,"turns":10},{"damage":6,"enemies":"Cultist and Chosen","floor":29,"turns":4},{"damage":44,"enemies":"Gremlin Leader","floor":30,"turns":6}],"seed_played":"7462643693319054159","potions_obtained":[{"floor":3,"key":"AttackPotion"},{"floor":8,"key":"BlessingOfTheForge"},{"floor":9,"key":"FearPotion"},{"floor":15,"key":"EntropicBrew"},{"floor":16,"key":"EntropicBrew"},{"floor":17,"key":"champ:UltimateStancePotion"},{"floor":22,"key":"Fire Potion"},{"floor":28,"key":"Explosive Potion"},{"floor":29,"key":"Slimebound:ThreeZeroPotion"}],"is_trial":false,"path_per_floor":["R","M","M","$","?","M","T","?","M","$","R","?","?","?","M","B",null,"R","M","?","?","M","M","T","?","M","$","?","M","E"],"character_chosen":"THE_CHAMP","items_purchased":["expansioncontent:QuickStudy","PrismaticShard","EntropicBrew","Dexterity Potion","expansioncontent:PolyBeam"],"campfire_rested":1,"item_purchase_floors":[10,10,10,10,27],"current_hp_per_floor":[90,90,79,76,76,66,66,61,40,33,60,60,65,65,43,13,100,100,100,84,84,63,63,63,63,51,39,41,35,0,0,0],"gold":161,"neow_bonus":"RANDOM_COLORLESS_2","is_daily":false,"chose_seed":false,"campfire_upgraded":1,"win_rate":0.0,"timestamp":1610834979,"path_taken":["R","M","M","$","?","M","T","?","M","$","R","?","?","?","M","BOSS","R","M","?","?","M","M","T","?","?","$","?","M","E"],"items_purchased_type":["Card","Relic","Potion","Potion","Card"],"build_version":"2020-12-22","purchased_purges":2,"victory":false,"max_hp_per_floor":[90,90,90,90,90,90,90,90,90,90,90,90,95,95,95,95,100,100,100,100,100,100,100,100,100,100,100,100,100,100,100,100],"card_choices":[{"not_picked":["Master of Strategy","Transmutation"],"picked":"The Bomb","floor":0},{"not_picked":["champ:StanceDance","champ:Haymaker"],"picked":"champ:GladiatorStyle","floor":2},{"not_picked":["champ:EndlessRage","champ:TornadoPunch","champ:DefensiveStyle"],"picked":"SKIP","floor":3},{"not_picked":["champ:FalseCounter","champ:RapidStrikes","champ:ShieldSigil"],"picked":"SKIP","floor":4},{"not_picked":["champ:FaceSlap","champ:TornadoPunch","champ:FlashCut"],"picked":"SKIP","floor":6},{"not_picked":["champ:PerfectedStrike","champ:Backstep"],"picked":"champ:Duel","floor":8},{"not_picked":["champ:BladeFlurry","champ:ShieldSigil","champ:DefensiveStyle+1"],"picked":"SKIP","floor":9},{"not_picked":["champ:Devastate","champ:BringItOn"],"picked":"champ:Duel","floor":10},{"not_picked":["sneckomod:UnknownDraw","Slimebound:ComboTackle","Forethought"],"picked":"SKIP","floor":15},{"not_picked":["Slimebound:GoopSpray","Bloodletting","sneckomod:RainOfDice+1"],"picked":"SKIP","floor":22},{"not_picked":["Slimebound:LeechEnergy","sneckomod:DiceCrush"],"picked":"Slimebound:RainOfGoop","floor":23},{"not_picked":["hermit:SprayPray","Go for the Eyes+1","bronze:ChildClass"],"picked":"SKIP","floor":26},{"not_picked":["Guardian:Gem_Crimson","Storm+1"],"picked":"champ:CheapShot","floor":27},{"not_picked":["Sunder","sneckomod:UnknownClassRED"],"picked":"sneckomod:Nope","floor":28},{"not_picked":["sneckomod:ImprovisedAttack","Guardian:TimeCapacitor+1"],"picked":"Protect","floor":29}],"player_experience":750186,"relics_obtained":[{"floor":7,"key":"Frozen Egg 2"},{"floor":20,"key":"Necronomicon"},{"floor":24,"key":"War Paint"},{"floor":28,"key":"champ:BlackKnightHelmet"},{"floor":28,"key":"InkBottle"}],"event_choices":[],"is_beta":false,"boss_relics":[{"not_picked":["Black Star","Velvet Choker"],"picked":"Tiny House"}],"items_purged_floors":[10,27],"is_endless":false,"potions_floor_spawned":[3,8,9,15,16,22,28,29],"killed_by":"Gremlin Leader","ascension_level":0}}