{"host":"f5y45f7z7ziu0smp","time":1610807943,"event":{"mods":["AchievementEnabler","BaseMod","Marisa£¨Ùöéë¡¡Øª×âÞÞ£©","Minty Spire (QoL Compilation)","Permanent Neow","Starting Relic: Pandora\u0027s Box","SuperFastMode","¡¼?Úª?ø«¡½REMEMod"],"gold_per_floor":[118,68,68,81,91,91,124,124,124,136,136,136,161,86,86,182,182,193,118,118,133,146,146,174,191,215,69,69,89,116,128,128,232,232,249,267,317,366,121,121,156,156,156,120,135,135,150,184,184,184,184,184,16,45,45],"floor_reached":56,"language":"KOR","playtime":2476,"items_purged":["Cloak And Dagger","REME_WorshipGod"],"score":1328,"play_id":"6f49cd06-9642-41e9-af80-f5d20e56cb07","local_time":"20210116233903","is_ascension_mode":false,"campfire_choices":[{"data":"Accuracy","floor":6,"key":"SMITH"},{"data":"Cloak And Dagger","floor":8,"key":"SMITH"},{"data":"Cloak And Dagger","floor":11,"key":"SMITH"},{"data":"1","floor":15,"key":"LIFT"},{"data":"2","floor":23,"key":"LIFT"},{"data":"3","floor":28,"key":"LIFT"},{"floor":32,"key":"RECALL"},{"floor":40,"key":"REST"},{"floor":42,"key":"REST"},{"floor":49,"key":"REST"},{"floor":52,"key":"REST"}],"circlet_count":0,"master_deck":["Survivor","Neutralize","Prepared","Deadly Poison","Accuracy+1","Deflect","Poisoned Stab","Cloak And Dagger+1","Cloak And Dagger+1","Blade Dance","Thinking Ahead","REME_SpectralBlade","Blade Dance","Flash of Steel","Blade Dance","Blade Dance","Blade Dance+1","REME_LeechingPoison","CurseOfTheBell","Accuracy+1","Burst+1","Accuracy","Cloak And Dagger+1","Accuracy","Finesse+1"],"relics":["REME_ComplimentaryCards","REME_LowDesire","Blood Vial","Regal Pillow","Girya","Prayer Wheel","Ancient Tea Set","Ginger","Fusion Hammer","Letter Opener","REME_HandOfSuture","Vajra","Bag of Marbles","Calling Bell","MealTicket","Mummified Hand","StoneCalendar","Pocketwatch","CatCart","Sling","Toxic Egg 2","Sundial","InkBottle"],"acts_visited":["Exordium","TheCity","TheBeyond","TheEnding"],"potions_floor_usage":[13,16,33,38,54,55,55],"damage_taken":[{"damage":0,"enemies":"2 Louse","floor":1,"turns":3},{"damage":0,"enemies":"Jaw Worm","floor":4,"turns":2},{"damage":1,"enemies":"Small Slimes","floor":5,"turns":3},{"damage":12,"enemies":"Gremlin Nob","floor":7,"turns":3},{"damage":4,"enemies":"Blue Slaver","floor":10,"turns":3},{"damage":9,"enemies":"3 Sentries","floor":13,"turns":5},{"damage":16,"enemies":"Hexaghost","floor":16,"turns":6},{"damage":11,"enemies":"3 Byrds","floor":18,"turns":3},{"damage":0,"enemies":"Shell Parasite","floor":21,"turns":3},{"damage":1,"enemies":"Snake Plant","floor":22,"turns":3},{"damage":9,"enemies":"Book of Stabbing","floor":24,"turns":3},{"damage":0,"enemies":"Centurion and Healer","floor":25,"turns":3},{"damage":0,"enemies":"Snecko","floor":29,"turns":2},{"damage":15,"enemies":"Slavers","floor":30,"turns":2},{"damage":0,"enemies":"Shelled Parasite and Fungi","floor":31,"turns":2},{"damage":14,"enemies":"Collector","floor":33,"turns":3},{"damage":0,"enemies":"Orb Walker","floor":35,"turns":2},{"damage":0,"enemies":"3 Darklings","floor":36,"turns":1},{"damage":0,"enemies":"Mind Bloom Boss Battle","floor":37,"turns":1},{"damage":0,"enemies":"Orin","floor":38,"turns":5},{"damage":0,"enemies":"Nemesis","floor":41,"turns":1},{"damage":0,"enemies":"Spire Growth","floor":45,"turns":1},{"damage":4,"enemies":"Sphere and 2 Shapes","floor":47,"turns":2},{"damage":22,"enemies":"Reptomancer","floor":48,"turns":3},{"damage":20,"enemies":"Donu and Deca","floor":50,"turns":4},{"damage":36,"enemies":"Shield and Spear","floor":54,"turns":4},{"damage":99,"enemies":"The Heart","floor":55,"turns":5}],"seed_played":"2316589916800539876","potions_obtained":[{"floor":5,"key":"PowerPotion"},{"floor":10,"key":"DuplicationPotion"},{"floor":13,"key":"SneckoOil"},{"floor":22,"key":"CultistPotion"},{"floor":24,"key":"DuplicationPotion"},{"floor":25,"key":"Regen Potion"},{"floor":29,"key":"FearPotion"},{"floor":33,"key":"Swift Potion"},{"floor":38,"key":"Fruit Juice"},{"floor":41,"key":"Block Potion"}],"is_trial":false,"path_per_floor":["M","?","$","M","M","R","E","R","T","M","R","?","E","$","R","B",null,"M","?","$","M","M","R","E","M","T","$","R","M","E","M","R","B",null,"M","M","?","?","$","R","E","R","T","$","M","?","M","E","R","B",null,"R","$","E","B",null],"character_chosen":"THE_SILENT","items_purchased":["Vajra","Sling","Accuracy","Accuracy","Finesse+1"],"campfire_rested":4,"item_purchase_floors":[27,39,44,53,53],"current_hp_per_floor":[70,70,70,70,69,69,58,58,58,56,56,53,46,46,46,32,70,59,59,59,61,62,62,55,57,57,57,57,59,46,48,48,45,70,70,70,70,75,75,75,75,75,75,75,75,75,71,51,75,75,75,75,75,39,63],"gold":45,"neow_bonus":"BOSS_RELIC","is_daily":false,"chose_seed":false,"campfire_upgraded":3,"win_rate":0.0,"timestamp":1610807943,"path_taken":["M","?","$","M","M","R","E","R","T","M","R","?","E","$","R","BOSS","M","?","$","M","M","R","E","M","T","$","R","M","E","M","R","BOSS","M","M","?","?","$","R","E","R","T","$","M","?","M","E","R","BOSS","R","$","E","BOSS"],"items_purchased_type":["Relic","Relic","Card","Card","Card"],"build_version":"2020-12-22","purchased_purges":2,"victory":true,"max_hp_per_floor":[70,70,70,70,70,70,70,70,70,70,70,70,70,70,70,70,70,70,70,70,70,70,70,70,70,70,70,70,70,70,70,70,70,70,70,70,70,75,75,75,75,75,75,75,75,75,75,75,75,75,75,75,75,75,75],"card_choices":[{"not_picked":["Backflip","REME_GreenPollution","Deadly Poison","Panache"],"picked":"SKIP","floor":1},{"not_picked":["Dodge and Roll","Slice","Impatience"],"picked":"Blade Dance","floor":4},{"not_picked":["Backflip","Bane","Deep Breath"],"picked":"Flechettes","floor":5},{"not_picked":["Prepared","PiercingWail","Bane","REME_ProfessionalPlagiarism"],"picked":"SKIP","floor":7},{"not_picked":["All Out Attack","Footwork","Slice"],"picked":"Thinking Ahead","floor":10},{"not_picked":["Sucker Punch","Dash","Dodge and Roll","Impatience"],"picked":"SKIP","floor":10},{"not_picked":["Outmaneuver","Backstab","Underhanded Strike","REME_PuzzleBox"],"picked":"SKIP","floor":13},{"not_picked":["Tools of the Trade","Storm of Steel","HandOfGreed"],"picked":"REME_SpectralBlade","floor":16},{"not_picked":["Quick Slash","Dagger Throw+1","Sucker Punch","REME_BattleFury"],"picked":"SKIP","floor":18},{"not_picked":["Crippling Poison+1","Dash+1","Catalyst","Impatience"],"picked":"SKIP","floor":18},{"not_picked":["Dagger Spray","Bane","Secret Technique"],"picked":"Blade Dance","floor":21},{"not_picked":["Bouncing Flask","Quick Slash+1","Cloak And Dagger","Sadistic Nature"],"picked":"SKIP","floor":21},{"not_picked":["Prepared","Finisher","Poisoned Stab+1"],"picked":"Flash of Steel","floor":22},{"not_picked":["Underhanded Strike+1","Dagger Throw","REME_MawOfCthun"],"picked":"Blade Dance","floor":22},{"not_picked":["Dash","Cloak And Dagger","Sucker Punch+1","Apotheosis"],"picked":"SKIP","floor":24},{"not_picked":["Wraith Form v2","Dagger Throw","Prepared","Impatience"],"picked":"SKIP","floor":25},{"not_picked":["Backstab+1","Eviscerate","Slice+1","Impatience"],"picked":"SKIP","floor":25},{"not_picked":["Distraction","Predator+1","REME_TwoStrings"],"picked":"Blade Dance","floor":29},{"not_picked":["Cloak And Dagger","Dagger Spray","Discovery+1"],"picked":"Blade Dance+1","floor":29},{"not_picked":["Crippling Poison+1","Malaise","Backflip","Metamorphosis"],"picked":"SKIP","floor":30},{"not_picked":["Leg Sweep","Blur+1","Quick Slash","Apotheosis"],"picked":"SKIP","floor":31},{"not_picked":["Flying Knee","Leg Sweep","Bouncing Flask","REME_MagicPocketWatch"],"picked":"SKIP","floor":31},{"not_picked":["Adrenaline","Night Terror","Secret Technique"],"picked":"REME_LeechingPoison","floor":33},{"not_picked":["Flying Knee+1","Finisher","Dodge and Roll","The Bomb"],"picked":"SKIP","floor":35},{"not_picked":["Crippling Poison","Predator","Riddle With Holes","Violence"],"picked":"SKIP","floor":35},{"not_picked":["PiercingWail","Flying Knee","Flechettes","REME_FirmDetermination"],"picked":"SKIP","floor":36},{"not_picked":["Sucker Punch","Eviscerate+1","Dagger Throw+1","HandOfGreed"],"picked":"SKIP","floor":36},{"not_picked":["Dodge and Roll+1","Choke+1","Secret Weapon"],"picked":"Accuracy+1","floor":38},{"not_picked":["Backstab+1","Setup+1","Finesse+1"],"picked":"Burst+1","floor":41},{"not_picked":["Deflect+1","Cloak And Dagger+1","Underhanded Strike+1","REME_MawOfCthun+1"],"picked":"SKIP","floor":45},{"not_picked":["Deflect+1","Flying Knee+1","PiercingWail+1","REME_TheoryOfElimination+1"],"picked":"SKIP","floor":45},{"not_picked":["Masterful Stab+1","Acrobatics+1","Dark Shackles+1"],"picked":"Cloak And Dagger+1","floor":47},{"not_picked":["Endless Agony+1","Bouncing Flask+1","Cloak And Dagger+1","Magnetism"],"picked":"SKIP","floor":47},{"not_picked":["REME_SpectralBlade","Underhanded Strike+1","Prepared+1","Purity+1"],"picked":"SKIP","floor":48},{"not_picked":["Heel Hook","REME_ShadowStrike+1","Bane","REME_MawOfCthun+1"],"picked":"SKIP","floor":54}],"player_experience":118873,"relics_obtained":[{"floor":0,"key":"Blood Vial"},{"floor":0,"key":"Regal Pillow"},{"floor":7,"key":"Girya"},{"floor":9,"key":"Prayer Wheel"},{"floor":13,"key":"Ginger"},{"floor":24,"key":"Letter Opener"},{"floor":26,"key":"REME_HandOfSuture"},{"floor":30,"key":"Bag of Marbles"},{"floor":34,"key":"MealTicket"},{"floor":34,"key":"Mummified Hand"},{"floor":34,"key":"StoneCalendar"},{"floor":37,"key":"Pocketwatch"},{"floor":38,"key":"CatCart"},{"floor":41,"key":"Toxic Egg 2"},{"floor":48,"key":"Sundial"},{"floor":54,"key":"InkBottle"}],"event_choices":[{"cards_removed":["Sucker Punch"],"damage_healed":0,"gold_gain":0,"player_choice":"Card Removal","damage_taken":0,"max_hp_gain":0,"max_hp_loss":0,"event_name":"The Cleric","floor":2,"gold_loss":50},{"damage_healed":0,"gold_gain":0,"player_choice":"Success","damage_taken":3,"relics_obtained":["Ancient Tea Set"],"max_hp_gain":0,"max_hp_loss":0,"event_name":"Scrap Ooze","floor":12,"gold_loss":0},{"cards_removed":["Flechettes"],"damage_healed":0,"gold_gain":0,"player_choice":"Gave Gold","damage_taken":0,"max_hp_gain":0,"max_hp_loss":0,"event_name":"Beggar","floor":19,"gold_loss":75},{"damage_healed":0,"gold_gain":0,"player_choice":"Fight","damage_taken":0,"max_hp_gain":0,"max_hp_loss":0,"event_name":"MindBloom","floor":37,"gold_loss":0},{"damage_healed":0,"gold_gain":0,"player_choice":"Fight","damage_taken":0,"max_hp_gain":0,"max_hp_loss":0,"event_name":"OrinTheCat","floor":38,"gold_loss":0},{"cards_removed":["Tactician"],"damage_healed":0,"gold_gain":0,"player_choice":"Removed Skill","damage_taken":0,"max_hp_gain":0,"max_hp_loss":0,"event_name":"Falling","floor":46,"gold_loss":0}],"is_beta":false,"boss_relics":[{"not_picked":["Ectoplasm","Snecko Eye"],"picked":"Fusion Hammer"},{"not_picked":["Velvet Choker","REME_DemonsWealth"],"picked":"Calling Bell"}],"items_purged_floors":[14,39],"is_endless":false,"potions_floor_spawned":[5,10,13,22,24,25,29,33,35,38,41,45,48],"ascension_level":0}}