{"host":"sian7qp8a9pc9xwd","time":1610785130,"event":{"mods":["BaseMod","Minty Spire (QoL Compilation)","StSLib","SuperFastMode"],"gold_per_floor":[112,124,140,140,65,91,106,133,133,148,172,172,197,209,209,312,312,328,328,243,243,243,278,293,327,381,32,63,63,63,88,88,193,193,207,223,241,241,256,256,2,34,34,65,65,79,92,110,110,110],"floor_reached":51,"language":"ENG","playtime":1870,"items_purged":["Strike_R"],"score":1180,"play_id":"935de332-5ae4-4a77-97fe-edeb02c01c58","local_time":"20210116031850","is_ascension_mode":true,"campfire_choices":[{"floor":12.0,"key":"REST"},{"data":"Seeing Red","floor":15.0,"key":"SMITH"},{"floor":30.0,"key":"REST"},{"data":"Demon Form","floor":32.0,"key":"SMITH"},{"floor":40.0,"key":"REST"},{"floor":49.0,"key":"REST"}],"circlet_count":0,"master_deck":["Strike_R+1","Strike_R","Defend_R","Defend_R","Defend_R","Bash","Whirlwind+1","Wild Strike+1","Clash+1","Inflame+1","Disarm","Flex","Demon Form+1","Seeing Red+1","Pummel","Heavy Blade+1","Exhume","Immolate","Intimidate+1","Infernal Blade","Battle Trance","Impervious","Shrug It Off","Wild Strike+1","Dark Shackles","Body Slam+1","Infernal Blade"],"relics":["Astrolabe","Blood Vial","Matryoshka","Toy Ornithopter","Turnip","Orichalcum","Whetstone","Omamori","Busted Crown","Bottled Tornado","Nunchaku","Dream Catcher","Ancient Tea Set","Happy Flower","Vajra","Bag of Marbles","Bird Faced Urn","Strawberry","Unceasing Top","SlaversCollar","Bronze Scales","Regal Pillow","The Courier","PreservedInsect"],"acts_visited":["Exordium","TheCity","TheBeyond"],"potions_floor_usage":[50],"damage_taken":[{"damage":0.0,"enemies":"2 Louse","floor":1.0,"turns":2.0},{"damage":0.0,"enemies":"Cultist","floor":2.0,"turns":2.0},{"damage":0.0,"enemies":"Jaw Worm","floor":3.0,"turns":2.0},{"damage":10.0,"enemies":"3 Sentries","floor":6.0,"turns":3.0},{"damage":9.0,"enemies":"Red Slaver","floor":7.0,"turns":2.0},{"damage":13.0,"enemies":"Lagavulin","floor":8.0,"turns":5.0},{"damage":11.0,"enemies":"Looter","floor":10.0,"turns":2.0},{"damage":9.0,"enemies":"3 Sentries","floor":13.0,"turns":3.0},{"damage":0.0,"enemies":"Large Slime","floor":14.0,"turns":3.0},{"damage":24.0,"enemies":"The Guardian","floor":16.0,"turns":8.0},{"damage":0.0,"enemies":"Spheric Guardian","floor":18.0,"turns":3.0},{"damage":23.0,"enemies":"Slavers","floor":23.0,"turns":4.0},{"damage":6.0,"enemies":"Chosen","floor":24.0,"turns":3.0},{"damage":22.0,"enemies":"Book of Stabbing","floor":25.0,"turns":5.0},{"damage":25.0,"enemies":"Gremlin Leader","floor":28.0,"turns":4.0},{"damage":31.0,"enemies":"Book of Stabbing","floor":31.0,"turns":4.0},{"damage":20.0,"enemies":"Champ","floor":33.0,"turns":4.0},{"damage":18.0,"enemies":"Orb Walker","floor":35.0,"turns":3.0},{"damage":0.0,"enemies":"3 Shapes","floor":36.0,"turns":3.0},{"damage":30.0,"enemies":"Sphere and 2 Shapes","floor":37.0,"turns":4.0},{"damage":19.0,"enemies":"4 Shapes","floor":39.0,"turns":4.0},{"damage":25.0,"enemies":"Giant Head","floor":42.0,"turns":6.0},{"damage":0.0,"enemies":"Nemesis","floor":44.0,"turns":3.0},{"damage":0.0,"enemies":"Jaw Worm Horde","floor":45.0,"turns":1.0},{"damage":15.0,"enemies":"Writhing Mass","floor":46.0,"turns":5.0},{"damage":4.0,"enemies":"4 Shapes","floor":47.0,"turns":6.0},{"damage":10.0,"enemies":"Maw","floor":48.0,"turns":5.0},{"damage":40,"enemies":"Time Eater","floor":50,"turns":5}],"seed_played":"-890803795905988994","potions_obtained":[{"floor":1.0,"key":"EssenceOfSteel"},{"floor":2.0,"key":"ColorlessPotion"},{"floor":7.0,"key":"ElixirPotion"},{"floor":10.0,"key":"ColorlessPotion"},{"floor":23.0,"key":"ElixirPotion"},{"floor":24.0,"key":"BloodPotion"},{"floor":31.0,"key":"PowerPotion"},{"floor":42.0,"key":"SmokeBomb"},{"floor":44.0,"key":"Dexterity Potion"},{"floor":46.0,"key":"SteroidPotion"},{"floor":48.0,"key":"FairyPotion"}],"is_trial":false,"path_per_floor":["M","M","M","?","$","E","M","E","T","M","T","R","E","M","R","B",null,"M","T","?","?","?","E","M","E","T","$","E","?","R","E","R","B",null,"M","M","M","?","M","R","$","E","T","E","M","M","M","M","R","B",null],"character_chosen":"IRONCLAD","items_purchased":["Vajra","Bag of Marbles","PowerPotion","Bronze Scales","Dark Shackles"],"campfire_rested":4,"item_purchase_floors":[27,27,27,41,41],"current_hp_per_floor":[72,72,72,72,72,62,55,44,44,35,35,59,62,64,64,42,71,73,73,73,73,73,57,53,33,33,33,36,43,69,44,44,37,75,63,67,43,43,28,54,54,35,35,41,50,39,41,37,78,49],"gold":110,"neow_bonus":"BOSS_RELIC","is_daily":false,"chose_seed":false,"campfire_upgraded":2,"win_rate":0.0,"timestamp":1610785130,"path_taken":["M","M","M","?","?","E","M","E","T","M","?","R","E","M","R","BOSS","M","?","?","?","?","E","?","E","T","$","E","?","R","E","R","BOSS","M","?","M","?","M","R","?","E","T","E","?","M","M","M","R","BOSS"],"items_purchased_type":["Relic","Relic","Potion","Relic","Card"],"build_version":"2020-12-22","purchased_purges":1,"victory":true,"max_hp_per_floor":[80,80,80,80,80,80,80,80,80,80,80,80,80,80,80,80,80,80,80,80,80,80,80,80,80,80,80,80,87,87,87,87,87,87,87,87,87,87,87,87,87,87,87,87,87,87,87,87,87,87],"card_choices":[{"not_picked":["Dual Wield","Blood for Blood"],"picked":"Inflame","floor":1.0},{"not_picked":["Rage","Metallicize"],"picked":"Disarm","floor":2.0},{"not_picked":["Sword Boomerang","Cleave"],"picked":"Flex","floor":3.0},{"not_picked":["Dark Embrace","Clash"],"picked":"Demon Form","floor":6.0},{"not_picked":["Rupture","Body Slam"],"picked":"Seeing Red","floor":7.0},{"not_picked":["Demon Form","Perfected Strike"],"picked":"Pummel","floor":8.0},{"not_picked":["Fire Breathing","Wild Strike"],"picked":"Heavy Blade","floor":10.0},{"not_picked":["Iron Wave","Body Slam","Rupture"],"picked":"SKIP","floor":13.0},{"not_picked":["Cleave","Feel No Pain"],"picked":"Exhume","floor":14.0},{"not_picked":["Demon Form","Brutality"],"picked":"Immolate","floor":16.0},{"not_picked":[],"picked":"Intimidate+1","floor":18.0},{"not_picked":["Iron Wave"],"picked":"SKIP","floor":23.0},{"not_picked":["Carnage"],"picked":"SKIP","floor":24.0},{"not_picked":[],"picked":"Infernal Blade","floor":25.0},{"not_picked":["Clothesline"],"picked":"SKIP","floor":28.0},{"not_picked":[],"picked":"Battle Trance","floor":31.0},{"not_picked":[],"picked":"Impervious","floor":33.0},{"not_picked":["Cleave"],"picked":"SKIP","floor":35.0},{"not_picked":[],"picked":"Shrug It Off","floor":36.0},{"not_picked":["Cleave"],"picked":"SKIP","floor":37.0},{"not_picked":[],"picked":"Wild Strike+1","floor":39.0},{"not_picked":[],"picked":"Body Slam+1","floor":42.0},{"not_picked":["Immolate"],"picked":"SKIP","floor":44.0},{"not_picked":["Clash"],"picked":"SKIP","floor":46.0},{"not_picked":["Reckless Charge+1"],"picked":"SKIP","floor":47.0},{"not_picked":[],"picked":"Infernal Blade","floor":48.0}],"player_experience":717663,"relics_obtained":[{"floor":6.0,"key":"Blood Vial"},{"floor":8.0,"key":"Matryoshka"},{"floor":9.0,"key":"Toy Ornithopter"},{"floor":9.0,"key":"Turnip"},{"floor":11.0,"key":"Orichalcum"},{"floor":11.0,"key":"Whetstone"},{"floor":13.0,"key":"Omamori"},{"floor":19.0,"key":"Bottled Tornado"},{"floor":23.0,"key":"Ancient Tea Set"},{"floor":25.0,"key":"Happy Flower"},{"floor":28.0,"key":"Bird Faced Urn"},{"floor":31.0,"key":"Unceasing Top"},{"floor":42.0,"key":"Regal Pillow"},{"floor":43.0,"key":"The Courier"},{"floor":44.0,"key":"PreservedInsect"}],"event_choices":[{"damage_healed":0.0,"max_hp_gain":0.0,"max_hp_loss":0.0,"gold_gain":0.0,"event_name":"Upgrade Shrine","player_choice":"Upgraded","floor":4.0,"gold_loss":0.0,"damage_taken":0.0,"cards_upgraded":["Inflame"]},{"damage_healed":0.0,"max_hp_gain":0.0,"max_hp_loss":0.0,"gold_gain":0.0,"event_name":"Addict","player_choice":"Obtained Relic","floor":20.0,"gold_loss":85.0,"damage_taken":0.0,"relics_obtained":["Nunchaku"]},{"damage_healed":0.0,"max_hp_gain":0.0,"max_hp_loss":0.0,"gold_gain":0.0,"event_name":"Vampires","player_choice":"Ignored","floor":21.0,"gold_loss":0.0,"damage_taken":0.0},{"damage_healed":0.0,"max_hp_gain":0.0,"max_hp_loss":0.0,"gold_gain":0.0,"event_name":"The Mausoleum","player_choice":"Opened","floor":22.0,"gold_loss":0.0,"damage_taken":0.0,"relics_obtained":["Dream Catcher"]},{"damage_healed":0.0,"max_hp_gain":0.0,"max_hp_loss":0.0,"gold_gain":0.0,"event_name":"WeMeetAgain","player_choice":"Gave Potion","floor":29.0,"gold_loss":0.0,"damage_taken":0.0,"relics_obtained":["Strawberry"]},{"damage_healed":0.0,"max_hp_gain":0.0,"max_hp_loss":0.0,"gold_gain":0.0,"event_name":"Wheel of Change","player_choice":"Cursed","floor":38.0,"gold_loss":0.0,"damage_taken":0.0,"cards_obtained":["Decay"]}],"is_beta":false,"boss_relics":[{"not_picked":["Ectoplasm","Fusion Hammer"],"picked":"Busted Crown"},{"not_picked":["Cursed Key","Tiny House"],"picked":"SlaversCollar"}],"items_purged_floors":[5],"is_endless":false,"potions_floor_spawned":[1,2,7,10,23,24,31,42,44,45,46,48],"ascension_level":8}}