{"host":"mnljlkge2zm8bbif","time":1610757912,"event":{"mods":["Aspiration","BaseMod","Beaked The Cultist","Better Third Choice","BetterRewards","CCEM","Challenge The Spire","Displayed Cursed Tome","Gremlin Mod","Hubris","Minty Spire (QoL Compilation)","Relic Stats","Replay The Spire","Robot Space Explorer","Shop Mod","Spicy Shops","StSLib","The Marked"],"gold_per_floor":[114,133,133,133,152,177,177,177,252,280,28,48,48,64,64,168,168,180,191,191,191,206,206,15,50,75,104,104,19,30,47,47,145,145,162,179,454,87,105,105,136,154,154,504,504,519,531,541,541,541,541,541,12,37,37,37],"floor_reached":55,"language":"ENG","playtime":4933,"items_purged":["Regret"],"score":1274,"play_id":"d64c52a8-8464-4c4f-9790-f71a392a495b","local_time":"20210115194512","is_ascension_mode":true,"campfire_choices":[{"data":"Blade Dance","floor":7.0,"key":"SMITH"},{"floor":13.0,"key":"REST"},{"floor":15.0,"key":"REST"},{"floor":23.0,"key":"REST"},{"floor":28.0,"key":"RECALL"},{"floor":32.0,"key":"REST"},{"floor":40.0,"key":"REST"},{"floor":49.0,"key":"REST"},{"floor":52.0,"key":"REST"}],"circlet_count":0,"master_deck":["AscendersBane","Strike_G","Strike_G","Strike_G","Strike_G","Strike_G","Defend_G","Defend_G","Defend_G","Defend_G","Defend_G","Survivor","Neutralize","Dagger Throw","Blade Dance+1","Footwork","Dagger Throw","hubris:NaturalOne","Blade Dance","Accuracy","A Thousand Cuts","Dash+1","Noxious Fumes","After Image","Dagger Throw","hubris:Sniper","Underhanded Strike","PiercingWail","Wraith Form v2","Backstab","Prepared","hubris:SlightOfHand+1","Parasite","Underhanded Strike+1","Dagger Throw","Replay:Bag of Tricks","Underhanded Strike+1","ReplayUltimateDefense","ReplayTheSpireMod:Restless Dread","Flying Knee+1"],"relics":["Ring of the Snake","hubris:Icosahedron","hubris:PeanutButter","Strawberry","CCEMRelics:FryingPan","Incense Burner","CCEMRelics:WrappedPresent","Oddly Smooth Stone","hubris:FunFungus","HoveringKite","Enchiridion","ReplayTheSpireMod:TigerMarble","Snack Pack","Ornamental Fan","CCEMRelics:Sandal","Fusion Hammer","Vajra","Centennial Puzzle","hubris:CrystalStatue","Old Coin","Onion Ring","Lantern","ReplayTheSpireMod:CursedCoin","aspiration:SeaSaltIceCream","Ring of the Snake"],"acts_visited":["Exordium","TheCity","TheBeyond","TheEnding"],"potions_floor_usage":[55],"damage_taken":[{"damage":1.0,"enemies":"Cultist","floor":1.0,"turns":6.0},{"damage":3.0,"enemies":"Jaw Worm","floor":2.0,"turns":7.0},{"damage":0.0,"enemies":"Small Slimes","floor":5.0,"turns":3.0},{"damage":0.0,"enemies":"Lagavulin","floor":6.0,"turns":5.0},{"damage":57.0,"enemies":"Gremlin Nob","floor":10.0,"turns":6.0},{"damage":1.0,"enemies":"Exordium Thugs","floor":12.0,"turns":5.0},{"damage":0.0,"enemies":"Looter","floor":14.0,"turns":3.0},{"damage":26.0,"enemies":"The Guardian","floor":16.0,"turns":13.0},{"damage":2.0,"enemies":"Shell Parasite","floor":18.0,"turns":5.0},{"damage":29.0,"enemies":"2 Thieves","floor":19.0,"turns":4.0},{"damage":4.0,"enemies":"Cultist and Chosen","floor":22.0,"turns":6.0},{"damage":0.0,"enemies":"Replay:Snechameleon","floor":25.0,"turns":8.0},{"damage":22.0,"enemies":"Slavers","floor":27.0,"turns":4.0},{"damage":8.0,"enemies":"Snecko","floor":30.0,"turns":5.0},{"damage":34.0,"enemies":"Snake Plant","floor":31.0,"turns":5.0},{"damage":39.0,"enemies":"hubris:MusketHawk","floor":33.0,"turns":11.0},{"damage":0.0,"enemies":"Orb Walker","floor":35.0,"turns":4.0},{"damage":5.0,"enemies":"3 Shapes","floor":36.0,"turns":4.0},{"damage":17.0,"enemies":"Maw","floor":39.0,"turns":7.0},{"damage":22.0,"enemies":"beaked:SuperParasite","floor":41.0,"turns":10.0},{"damage":17.0,"enemies":"Writhing Mass","floor":42.0,"turns":7.0},{"damage":2.0,"enemies":"Mind Bloom Boss Battle","floor":44.0,"turns":6.0},{"damage":2.0,"enemies":"3 Darklings","floor":46.0,"turns":3.0},{"damage":17.0,"enemies":"Jaw Worm Horde","floor":47.0,"turns":4.0},{"damage":0.0,"enemies":"Sphere and 2 Shapes","floor":48.0,"turns":2.0},{"damage":27.0,"enemies":"Donu and Deca","floor":50.0,"turns":7.0},{"damage":46.0,"enemies":"Shield and Spear","floor":54.0,"turns":8.0},{"damage":101,"enemies":"The Heart","floor":55,"turns":9}],"seed_played":"5696779132381419888","potions_obtained":[{"floor":6.0,"key":"LiquidMemories"},{"floor":10.0,"key":"EssenceOfSteel"},{"floor":12.0,"key":"Dexterity Potion"},{"floor":14.0,"key":"PowerPotion"},{"floor":19.0,"key":"Toxic Potion"},{"floor":22.0,"key":"Fire Potion"},{"floor":25.0,"key":"Elixir"},{"floor":36.0,"key":"BlessingOfTheForge"},{"floor":42.0,"key":"Energy Potion"},{"floor":44.0,"key":"EntropicBrew"},{"floor":48.0,"key":"FearPotion"},{"floor":54.0,"key":"Ancient Potion"}],"is_trial":false,"path_per_floor":["M","M","?","T","M","E","R","?","T","E","$","M","R","M","R","B",null,"M","M","?","?","M","R","$","E","T","E","R","?","M","M","R","B",null,"M","M","?","$","M","R","E","M","T","?","?","M","M","M","R","B",null,"R","$","E","B"],"character_chosen":"THE_SILENT","items_purchased":["CCEMRelics:WrappedPresent","ReplayTheSpireMod:TigerMarble","Dagger Throw","Backstab","Vajra","Prepared","Onion Ring","Lantern","ReplayTheSpireMod:CursedCoin","ReplayUltimateDefense","LiquidBronze"],"campfire_rested":7,"item_purchase_floors":[11,24,24,38,38,38,53,53,53,53,53],"current_hp_per_floor":[69,66,66,66,66,73,73,78,78,21,21,20,46,46,72,46,78,76,47,47,31,29,55,55,59,59,43,43,43,42,10,36,13,70,81,87,87,87,82,89,77,79,79,89,99,99,87,97,99,89,97,99,99,60,0,0],"gold":37,"neow_bonus":"TEN_PERCENT_HP_BONUS","is_daily":false,"chose_seed":false,"campfire_upgraded":1,"win_rate":0.0,"timestamp":1610757912,"path_taken":["M","M","?","?","M","E","R","?","T","E","$","M","R","M","R","BOSS","M","M","?","?","M","R","$","E","T","E","R","?","M","M","R","BOSS","M","M","?","$","?","R","E","M","T","?","?","M","M","?","R","BOSS","R","$","E","BOSS"],"items_purchased_type":["Relic","Relic","Card","Card","Relic","Card","Relic","Relic","Relic","Card","Potion"],"build_version":"2020-12-22","purchased_purges":1,"victory":false,"max_hp_per_floor":[77,77,77,77,77,84,84,89,89,89,89,89,89,89,89,89,89,89,89,89,89,89,89,89,89,89,89,89,89,89,89,89,89,89,89,89,89,89,89,89,89,89,89,89,99,99,99,99,99,99,99,99,99,99,99,99],"relic_stats":{"Centennial Puzzle":[21],"counters":[157,734],"Ornamental Fan":[300],"HoveringKite":[73],"obtain_stats":[{"TwistedFunnel":0,"Replay:Accelerometer":10,"Spirit Poop":11,"Whetstone":0,"hubris:MysteriousPyramids":0,"Boot":9,"Old Coin":6,"Blood Vial":26,"Replay:Ringing Soul":41,"hubris:AstralHammer":0,"Replay:Bronze Core":17,"beaked:SacredDeck":17,"CCEMRelics:DissonantTune":9,"MealTicket":41,"CCEMRelics:Sandal":8,"Fusion Hammer":34,"Replay:Wax Seal":53,"MerchantsRug":0,"hubris:SphereOfDissonance":43,"Eternal Feather":23,"Paper Crane":3,"CCEMRelics:FestiveHat":9,"hubris:TenFootPole":24,"Kintsugi":34,"hubris:Reverence":4,"Regal Pillow":0,"Lantern":53,"CCEMRelics:WrappedPresent":11,"StoneCalendar":42,"Bag of Preparation":7,"Replay:Multitool":6,"hubris:EmptyBottle":0,"Smiling Mask":31,"Pet Ghost":54,"Burning Blood":0,"Replay:Rubber Ducky":13,"Matryoshka":6,"hubris:FunFungus":11,"Chemical X":0,"aspiration:FutureDiary":17,"CCEMRelics:PaperClip":0,"CCEMRelics:JestersCrown":12,"Ring of the Snake":0,"aspiration:ChemicalBlood":38,"hubris:GlazedTorus":0,"aspiration:VileToxins":5,"NeowsBlessing":0,"hubris:64BitClover":29,"PreservedInsect":9,"beaked:SacredNecklace":34,"hubris:Towel":21,"MawBank":7,"hubris:Spice":0,"Ornamental Fan":27,"CCEMRelics:FryingPan":9,"Durian":12,"Calipers":0,"hubris:CrystalStatue":43,"Vajra":23,"HoveringKite":17,"hubris:VirtuousBlindfold":34,"aspiration:Stabinomicon":24,"Lizard Tail":9,"Centennial Puzzle":41,"HornCleat":14,"FaceOfCleric":4,"DollysMirror":42,"Strawberry":26,"Honey Jar":0,"Iron Hammer":5,"Toxic Egg 2":4,"Ring of Hypnosis":4,"Happy Flower":0,"hubris:DuctTape":53,"aspiration:Nostalgia":0,"ReplayTheSpireMod:CursedCoin":5,"Replay:Grab Bag":34,"Oddly Smooth Stone":54,"aspiration:SeaSaltIceCream":0,"War Paint":38,"hubris:Zylophone":10,"Replay:Baseball":3,"Onion Ring":9,"Molten Egg 2":5,"hubris:PeanutButter":4,"ReplayTheSpireMod:TigerMarble":53,"Mirror":29,"aspiration:HatOfInfinitePower":9,"NlothsMask":24,"ReplayFunnel":8,"Iron Core":38,"Enchiridion":21,"Mango":0,"Snake Skull":12,"Juzu Bracelet":0,"Incense Burner":10,"Dream Catcher":0,"Replay:Bandana":20,"hubris:Icosahedron":21,"Chameleon Ring":0,"Gambling Chip":27,"Red Mask":19,"Gremlin Food":9,"CCEMRelics:Barrel":7,"Quantum Egg":7,"CCEMRelics:SpiritsEdge":0,"Anchor":12,"CaptainsWheel":21,"Ring of Fury":4,"ChewingGum":34,"aspiration:KaomsHeart":36,"hubris:BundleOfHerbs":10,"Snack Pack":9,"hubris:GrandSneckoEye":34,"Bag of Marbles":31,"FossilizedHelix":38,"hubris:AncientText":25},{"TwistedFunnel":0,"Replay:Accelerometer":58,"Spirit Poop":87,"Whetstone":16,"hubris:MysteriousPyramids":108,"Boot":57,"Old Coin":20,"Blood Vial":12,"Replay:Ringing Soul":36,"hubris:AstralHammer":84,"Replay:Bronze Core":91,"beaked:SacredDeck":23,"CCEMRelics:DissonantTune":126,"MealTicket":78,"CCEMRelics:Sandal":117,"Fusion Hammer":145,"Replay:Wax Seal":82,"MerchantsRug":84,"hubris:SphereOfDissonance":36,"Eternal Feather":95,"Paper Crane":18,"CCEMRelics:FestiveHat":64,"hubris:TenFootPole":12,"Kintsugi":100,"hubris:Reverence":62,"Regal Pillow":0,"Lantern":155,"CCEMRelics:WrappedPresent":134,"StoneCalendar":36,"Bag of Preparation":46,"Replay:Multitool":51,"hubris:EmptyBottle":0,"Smiling Mask":15,"Pet Ghost":41,"Burning Blood":42,"Replay:Rubber Ducky":60,"Matryoshka":63,"hubris:FunFungus":134,"Chemical X":84,"aspiration:FutureDiary":9,"CCEMRelics:PaperClip":42,"CCEMRelics:JestersCrown":65,"Ring of the Snake":0,"aspiration:ChemicalBlood":76,"hubris:GlazedTorus":108,"aspiration:VileToxins":55,"NeowsBlessing":53,"hubris:64BitClover":13,"PreservedInsect":51,"beaked:SacredNecklace":100,"hubris:Towel":11,"MawBank":125,"hubris:Spice":0,"Ornamental Fan":142,"CCEMRelics:FryingPan":133,"Durian":21,"Calipers":42,"hubris:CrystalStatue":150,"Vajra":27,"HoveringKite":67,"hubris:VirtuousBlindfold":100,"aspiration:Stabinomicon":70,"Lizard Tail":64,"Centennial Puzzle":149,"HornCleat":121,"FaceOfCleric":110,"DollysMirror":36,"Strawberry":71,"Honey Jar":122,"Iron Hammer":85,"Toxic Egg 2":49,"Ring of Hypnosis":18,"Happy Flower":42,"hubris:DuctTape":82,"aspiration:Nostalgia":42,"ReplayTheSpireMod:CursedCoin":55,"Replay:Grab Bag":100,"Oddly Smooth Stone":83,"aspiration:SeaSaltIceCream":42,"War Paint":76,"hubris:Zylophone":21,"Replay:Baseball":62,"Onion Ring":46,"Molten Egg 2":124,"hubris:PeanutButter":131,"ReplayTheSpireMod:TigerMarble":82,"Mirror":29,"aspiration:HatOfInfinitePower":117,"NlothsMask":27,"ReplayFunnel":64,"Iron Core":76,"Enchiridion":139,"Mango":108,"Snake Skull":21,"Juzu Bracelet":16,"Incense Burner":134,"Dream Catcher":0,"Replay:Bandana":11,"hubris:Icosahedron":69,"Chameleon Ring":84,"Gambling Chip":72,"Red Mask":25,"Gremlin Food":5,"CCEMRelics:Barrel":56,"Quantum Egg":86,"CCEMRelics:SpiritsEdge":84,"Anchor":21,"CaptainsWheel":93,"Ring of Fury":18,"ChewingGum":31,"aspiration:KaomsHeart":101,"hubris:BundleOfHerbs":21,"Snack Pack":21,"hubris:GrandSneckoEye":74,"Bag of Marbles":99,"FossilizedHelix":34,"hubris:AncientText":97},{"TwistedFunnel":0,"Replay:Accelerometer":218,"Spirit Poop":409,"Whetstone":52,"hubris:MysteriousPyramids":480,"Boot":214,"Old Coin":66,"Blood Vial":35,"Replay:Ringing Soul":126,"hubris:AstralHammer":402,"Replay:Bronze Core":418,"beaked:SacredDeck":81,"CCEMRelics:DissonantTune":556,"MealTicket":350,"CCEMRelics:Sandal":521,"Fusion Hammer":663,"Replay:Wax Seal":384,"MerchantsRug":402,"hubris:SphereOfDissonance":126,"Eternal Feather":430,"Paper Crane":61,"CCEMRelics:FestiveHat":243,"hubris:TenFootPole":35,"Kintsugi":444,"hubris:Reverence":241,"Regal Pillow":0,"Lantern":717,"CCEMRelics:WrappedPresent":594,"StoneCalendar":126,"Bag of Preparation":168,"Replay:Multitool":199,"hubris:EmptyBottle":0,"Smiling Mask":46,"Pet Ghost":150,"Burning Blood":156,"Replay:Rubber Ducky":237,"Matryoshka":242,"hubris:FunFungus":594,"Chemical X":402,"aspiration:FutureDiary":26,"CCEMRelics:PaperClip":156,"CCEMRelics:JestersCrown":260,"Ring of the Snake":0,"aspiration:ChemicalBlood":338,"hubris:GlazedTorus":480,"aspiration:VileToxins":210,"NeowsBlessing":208,"hubris:64BitClover":38,"PreservedInsect":199,"beaked:SacredNecklace":444,"hubris:Towel":31,"MawBank":554,"hubris:Spice":0,"Ornamental Fan":642,"CCEMRelics:FryingPan":588,"Durian":69,"Calipers":156,"hubris:CrystalStatue":695,"Vajra":88,"HoveringKite":281,"hubris:VirtuousBlindfold":444,"aspiration:Stabinomicon":298,"Lizard Tail":243,"Centennial Puzzle":688,"HornCleat":535,"FaceOfCleric":489,"DollysMirror":126,"Strawberry":304,"Honey Jar":540,"Iron Hammer":404,"Toxic Egg 2":179,"Ring of Hypnosis":61,"Happy Flower":156,"hubris:DuctTape":384,"aspiration:Nostalgia":156,"ReplayTheSpireMod:CursedCoin":210,"Replay:Grab Bag":444,"Oddly Smooth Stone":392,"aspiration:SeaSaltIceCream":156,"War Paint":338,"hubris:Zylophone":69,"Replay:Baseball":241,"Onion Ring":168,"Molten Egg 2":549,"hubris:PeanutButter":580,"ReplayTheSpireMod:TigerMarble":384,"Mirror":96,"aspiration:HatOfInfinitePower":521,"NlothsMask":88,"ReplayFunnel":243,"Iron Core":338,"Enchiridion":624,"Mango":480,"Snake Skull":69,"Juzu Bracelet":52,"Incense Burner":594,"Dream Catcher":0,"Replay:Bandana":31,"hubris:Icosahedron":292,"Chameleon Ring":402,"Gambling Chip":311,"Red Mask":84,"Gremlin Food":10,"CCEMRelics:Barrel":211,"Quantum Egg":406,"CCEMRelics:SpiritsEdge":402,"Anchor":69,"CaptainsWheel":423,"Ring of Fury":61,"ChewingGum":105,"aspiration:KaomsHeart":446,"hubris:BundleOfHerbs":69,"Snack Pack":69,"hubris:GrandSneckoEye":331,"Bag of Marbles":438,"FossilizedHelix":114,"hubris:AncientText":433}],"Ring of the Snake":[57]},"card_choices":[{"not_picked":["Quick Slash","Fluid Movement"],"picked":"Dagger Throw","floor":1.0},{"not_picked":["hubris:TrickCloak","Sneak Up"],"picked":"Blade Dance","floor":2.0},{"not_picked":["Dodge and Roll","Hidden Blade"],"picked":"Footwork","floor":5.0},{"not_picked":["Heel Hook","Endless Agony"],"picked":"Dagger Throw","floor":6.0},{"not_picked":["Escape Plan","Hidden Blade"],"picked":"Blade Dance","floor":10.0},{"not_picked":["Underhanded Strike","Dodge and Roll","Accuracy"],"picked":"SKIP","floor":12.0},{"not_picked":["Underhanded Strike","Dodge and Roll"],"picked":"Accuracy","floor":12.0},{"not_picked":["Expertise","Night Terror","Poisoned Stab"],"picked":"SKIP","floor":14.0},{"not_picked":["Expertise","Poisoned Stab"],"picked":"Night Terror","floor":14.0},{"not_picked":["ReplayTheSpireMod:From All Sides","Glass Knife"],"picked":"A Thousand Cuts","floor":16.0},{"not_picked":["Bane","Dagger Spray"],"picked":"Dash+1","floor":18.0},{"not_picked":["Sucker Punch+1","Underhanded Strike"],"picked":"Noxious Fumes","floor":19.0},{"not_picked":["Cloak And Dagger","Distraction"],"picked":"After Image","floor":22.0},{"not_picked":["Well Laid Plans","Infinite Blades"],"picked":"hubris:Sniper","floor":25.0},{"not_picked":["Deflect","Outmaneuver+1"],"picked":"Underhanded Strike","floor":27.0},{"not_picked":["Dagger Spray","Backflip","Slice"],"picked":"SKIP","floor":30.0},{"not_picked":["Draining Mist","Cloak And Dagger"],"picked":"PiercingWail","floor":31.0},{"not_picked":["After Image","Envenom"],"picked":"Wraith Form v2","floor":33.0},{"not_picked":["Dagger Spray+1","Sucker Punch+1","Distraction"],"picked":"SKIP","floor":35.0},{"not_picked":["Deadly Poison+1","Dagger Spray+1","Quick Slash"],"picked":"SKIP","floor":36.0},{"not_picked":["Dagger Spray+1","Deadly Poison"],"picked":"hubris:SlightOfHand+1","floor":39.0},{"not_picked":["Dodge and Roll","Caltrops","Acrobatics+1"],"picked":"SKIP","floor":41.0},{"not_picked":["Hidden Blade","Dash+1"],"picked":"Underhanded Strike+1","floor":42.0},{"not_picked":["Dagger Spray+1","Prepared"],"picked":"Dagger Throw","floor":44.0},{"not_picked":["hubris:SlightOfHand","Replay:Poison Smokescreen+1","Hidden Blade+1"],"picked":"SKIP","floor":46.0},{"not_picked":["Choke+1","Slice"],"picked":"Replay:Bag of Tricks","floor":47.0},{"not_picked":["ReplayTheSpireMod:The Works","Bane"],"picked":"Underhanded Strike+1","floor":48.0},{"not_picked":["ReplayTheSpireMod:Exploit Weakness+1","Dash"],"picked":"Flying Knee+1","floor":54.0}],"player_experience":465618,"relics_obtained":[{"floor":4.0,"key":"hubris:PeanutButter"},{"floor":6.0,"key":"Strawberry"},{"floor":9.0,"key":"CCEMRelics:FryingPan"},{"floor":10.0,"key":"Incense Burner"},{"floor":11.0,"key":"Oddly Smooth Stone"},{"floor":11.0,"key":"hubris:FunFungus"},{"floor":25.0,"key":"Snack Pack"},{"floor":27.0,"key":"Ornamental Fan"},{"floor":41.0,"key":"Centennial Puzzle"},{"floor":43.0,"key":"hubris:CrystalStatue"},{"floor":44.0,"key":"Old Coin"},{"floor":54.0,"key":"aspiration:SeaSaltIceCream"}],"event_choices":[{"damage_healed":0.0,"max_hp_gain":5.0,"max_hp_loss":0.0,"gold_gain":0.0,"event_name":"Big Fish","player_choice":"Donut","floor":8.0,"gold_loss":0.0,"damage_taken":0.0},{"damage_healed":0.0,"max_hp_gain":0.0,"max_hp_loss":0.0,"gold_gain":0.0,"event_name":"Beggar","player_choice":"Ignored","floor":20.0,"gold_loss":0.0,"damage_taken":0.0},{"damage_healed":0.0,"max_hp_gain":0.0,"max_hp_loss":0.0,"gold_gain":0.0,"event_name":"Cursed Tome","player_choice":"Obtained Book","floor":21.0,"gold_loss":0.0,"damage_taken":16.0},{"damage_healed":0.0,"max_hp_gain":0.0,"max_hp_loss":0.0,"gold_gain":0.0,"event_name":"Addict","player_choice":"Obtained Relic","floor":29.0,"gold_loss":85.0,"damage_taken":0.0,"relics_obtained":["CCEMRelics:Sandal"]},{"damage_healed":0.0,"max_hp_gain":0.0,"max_hp_loss":0.0,"gold_gain":275.0,"event_name":"Golden Shrine","player_choice":"Desecrate","floor":37.0,"gold_loss":0.0,"damage_taken":0.0,"cards_obtained":["Regret"]},{"damage_healed":0.0,"max_hp_gain":0.0,"max_hp_loss":0.0,"gold_gain":0.0,"event_name":"MindBloom","player_choice":"Fight","floor":44.0,"gold_loss":0.0,"damage_taken":0.0},{"cards_removed":["Night Terror"],"damage_healed":0.0,"max_hp_gain":10.0,"max_hp_loss":0.0,"gold_gain":0.0,"event_name":"Bonfire Elementals","player_choice":"Offered Rare","floor":45.0,"gold_loss":0.0,"damage_taken":0.0}],"is_beta":false,"boss_relics":[{"not_picked":["aspiration:WatcherSkillbook","Runic Pyramid"],"picked":"HoveringKite"},{"not_picked":["aspiration:RunicSpoon","Astrolabe"],"picked":"Fusion Hammer"}],"items_purged_floors":[38],"is_endless":false,"potions_floor_spawned":[6,10,12,14,19,22,25,36,42,44,48,54],"killed_by":"The Heart","ascension_level":10}}