{"host":"9h2uyw8lwpma4m74","time":1610784969,"event":{"mods":["BaseMod","Minty Spire (QoL Compilation)"],"gold_per_floor":[363,38,54,70,70,70,108,183,208,14,37,81,97,112,112,242,242,263,237,275,275,14,14,14],"floor_reached":23,"language":"JPN","playtime":1425,"items_purged":[],"score":211,"play_id":"40c94b0f-7480-4f49-80bd-6e1e45cd3266","local_time":"20210116171609","is_ascension_mode":true,"campfire_choices":[{"floor":6.0,"key":"REST"},{"data":"Calculated Gamble","floor":15.0,"key":"SMITH"}],"circlet_count":0,"master_deck":["Strike_G","Strike_G","Strike_G","Strike_G","Strike_G","Defend_G","Defend_G","Defend_G","Defend_G","Defend_G","Survivor","Neutralize","Prepared","A Thousand Cuts","Prepared","Underhanded Strike","Caltrops","Injury","Noxious Fumes","Predator","Dagger Throw","Choke","Backflip","Calculated Gamble+1","After Image","Finisher","Quick Slash","Masterful Stab+1","Wraith Form v2","Deflect"],"relics":["Ring of the Snake","Oddly Smooth Stone","Golden Idol","Bag of Marbles","Lee\u0027s Waffle","Anchor","SlaversCollar","Red Mask"],"acts_visited":["Exordium","TheCity"],"potions_floor_usage":[23],"damage_taken":[{"damage":5.0,"enemies":"2 Louse","floor":1.0,"turns":2.0},{"damage":0.0,"enemies":"Small Slimes","floor":3.0,"turns":4.0},{"damage":5.0,"enemies":"Jaw Worm","floor":4.0,"turns":3.0},{"damage":20.0,"enemies":"Lagavulin","floor":7.0,"turns":8.0},{"damage":25.0,"enemies":"Large Slime","floor":11.0,"turns":5.0},{"damage":18.0,"enemies":"3 Sentries","floor":12.0,"turns":6.0},{"damage":9.0,"enemies":"Exordium Wildlife","floor":13.0,"turns":4.0},{"damage":1.0,"enemies":"Looter","floor":14.0,"turns":3.0},{"damage":12.0,"enemies":"Slime Boss","floor":16.0,"turns":12.0},{"damage":2.0,"enemies":"3 Byrds","floor":18.0,"turns":4.0},{"damage":22.0,"enemies":"2 Thieves","floor":19.0,"turns":5.0},{"damage":42.0,"enemies":"Masked Bandits","floor":20.0,"turns":6.0},{"damage":16,"enemies":"Book of Stabbing","floor":23,"turns":4}],"seed_played":"6210200982491479363","potions_obtained":[{"floor":3.0,"key":"DistilledChaos"},{"floor":4.0,"key":"GhostInAJar"},{"floor":13.0,"key":"SpeedPotion"},{"floor":20.0,"key":"Fruit Juice"}],"is_trial":false,"path_per_floor":["M","$","M","M","?","R","E","?","T","$","M","E","M","M","R","B",null,"M","M","?","?","$","E"],"character_chosen":"THE_SILENT","items_purchased":["Oddly Smooth Stone","A Thousand Cuts","Prepared","Lee\u0027s Waffle","Predator","Wraith Form v2","Energy Potion","Deflect"],"campfire_rested":1,"item_purchase_floors":[2,2,2,10,10,22,22,22],"current_hp_per_floor":[44,44,44,39,39,60,40,29,29,77,52,34,25,24,24,12,77,75,53,16,16,16,0,0],"gold":14,"neow_bonus":"TWO_FIFTY_GOLD","is_daily":false,"chose_seed":false,"campfire_upgraded":1,"win_rate":0.0,"timestamp":1610784969,"path_taken":["M","$","M","M","?","R","E","?","T","$","?","E","M","M","R","BOSS","M","M","?","?","$","E"],"items_purchased_type":["Relic","Card","Card","Relic","Card","Card","Potion","Card"],"build_version":"2020-12-22","purchased_purges":0,"victory":false,"max_hp_per_floor":[70,70,70,70,70,70,70,70,70,77,77,77,77,77,77,77,77,77,77,82,82,82,82,82],"card_choices":[{"not_picked":["Dodge and Roll","Poisoned Stab"],"picked":"Prepared","floor":1.0},{"not_picked":["Acrobatics","PiercingWail"],"picked":"Underhanded Strike","floor":3.0},{"not_picked":["Underhanded Strike","Bane"],"picked":"Caltrops","floor":4.0},{"not_picked":["Deadly Poison","Sucker Punch"],"picked":"Noxious Fumes","floor":7.0},{"not_picked":["Night Terror","Finisher"],"picked":"Dagger Throw","floor":11.0},{"not_picked":["Wraith Form v2","Riddle With Holes"],"picked":"Choke","floor":12.0},{"not_picked":["Dodge and Roll","Prepared"],"picked":"Backflip","floor":13.0},{"not_picked":["Blade Dance","Flying Knee"],"picked":"Calculated Gamble","floor":14.0},{"not_picked":["Doppelganger","A Thousand Cuts"],"picked":"After Image","floor":16.0},{"not_picked":["Backflip","Catalyst"],"picked":"Finisher","floor":18.0},{"not_picked":["PiercingWail","Accuracy"],"picked":"Quick Slash","floor":19.0},{"not_picked":["Predator","Cloak And Dagger"],"picked":"Masterful Stab+1","floor":20.0}],"player_experience":192401,"relics_obtained":[{"floor":7.0,"key":"Bag of Marbles"},{"floor":12.0,"key":"Anchor"},{"floor":20.0,"key":"Red Mask"}],"event_choices":[{"damage_healed":0.0,"max_hp_gain":0.0,"max_hp_loss":0.0,"gold_gain":0.0,"event_name":"Golden Idol","player_choice":"Take Wound","floor":5.0,"gold_loss":0.0,"damage_taken":0.0,"relics_obtained":["Golden Idol"],"cards_obtained":["Injury"]},{"damage_healed":0.0,"max_hp_gain":0.0,"max_hp_loss":0.0,"gold_gain":75.0,"event_name":"World of Goop","player_choice":"Gather Gold","floor":8.0,"gold_loss":0.0,"damage_taken":11.0},{"damage_healed":0.0,"max_hp_gain":0.0,"max_hp_loss":0.0,"gold_gain":0.0,"event_name":"Masked Bandits","player_choice":"Fought Bandits","floor":20.0,"gold_loss":0.0,"damage_taken":0.0},{"damage_healed":0.0,"max_hp_gain":0.0,"max_hp_loss":0.0,"gold_gain":0.0,"event_name":"Cursed Tome","player_choice":"Ignored","floor":21.0,"gold_loss":0.0,"damage_taken":0.0}],"is_beta":false,"boss_relics":[{"not_picked":["Philosopher\u0027s Stone","WristBlade"],"picked":"SlaversCollar"}],"items_purged_floors":[],"is_endless":false,"potions_floor_spawned":[3,4,13,20],"killed_by":"Book of Stabbing","ascension_level":1}}