{"host":"xh3brefae6wm9kl8","time":1610767561,"event":{"mods":["AchievementEnabler","BaseMod","GifTheSpireLib","Keyboard Shortcuts","Minty Spire (QoL Compilation)","Permanent Neow","Relic Stats","StSLib","SuperFastMode"],"gold_per_floor":[109,123,135,135,154,188,188,201,201,201,226,257,273,289,289,382,382,403,426,15,15,28,28,71,71,71,71,90,90,110,129,129,219,219,242,49,65,90,453,453,497,497,569,589,624,470,470,470,470,470,470],"floor_reached":52,"language":"KOR","playtime":1707,"items_purged":["Strike_R","Strike_R"],"score":2213,"play_id":"f2d60a3b-13bc-4b8f-a156-34df63a50551","local_time":"20210116122601","is_ascension_mode":true,"campfire_choices":[{"data":"Uppercut","floor":7,"key":"SMITH"},{"data":"Whirlwind","floor":10,"key":"SMITH"},{"floor":15,"key":"REST"},{"data":"1","floor":23,"key":"LIFT"},{"data":"2","floor":27,"key":"LIFT"},{"data":"3","floor":32,"key":"LIFT"},{"floor":40,"key":"REST"},{"floor":49,"key":"REST"}],"circlet_count":0,"master_deck":["AscendersBane","Strike_R","Defend_R","Defend_R","Defend_R","Defend_R","Bash","Inflame","Uppercut+1","Whirlwind+1","Offering","Evolve","Spot Weakness","Reaper","Heavy Blade+1","Necronomicurse","Second Wind+1","Shrug It Off+1","Flame Barrier+1","Apotheosis+1","Shockwave+1"],"relics":["Burning Blood","Golden Idol","Lantern","Nunchaku","Odd Mushroom","Regal Pillow","Snecko Eye","Girya","Necronomicon","Ornamental Fan","Toxic Egg 2","Fusion Hammer","Old Coin","Gremlin Horn","Sundial","Eternal Feather","Mango"],"acts_visited":["Exordium","TheCity","TheBeyond"],"potions_floor_usage":[12,16,22,24,24,35,35,35,51,51],"damage_taken":[{"damage":5,"enemies":"Small Slimes","floor":1,"turns":5},{"damage":4,"enemies":"Jaw Worm","floor":2,"turns":4},{"damage":1,"enemies":"2 Louse","floor":3,"turns":3},{"damage":10,"enemies":"Large Slime","floor":5,"turns":4},{"damage":26,"enemies":"Gremlin Nob","floor":6,"turns":4},{"damage":0,"enemies":"Exordium Wildlife","floor":8,"turns":2},{"damage":6,"enemies":"The Mushroom Lair","floor":11,"turns":2},{"damage":21,"enemies":"3 Sentries","floor":12,"turns":5},{"damage":0,"enemies":"3 Louse","floor":13,"turns":1},{"damage":17,"enemies":"Gremlin Gang","floor":14,"turns":3},{"damage":6,"enemies":"Slime Boss","floor":16,"turns":6},{"damage":0,"enemies":"3 Byrds","floor":18,"turns":5},{"damage":34,"enemies":"2 Thieves","floor":19,"turns":3},{"damage":18,"enemies":"Centurion and Healer","floor":22,"turns":4},{"damage":24,"enemies":"Slavers","floor":24,"turns":2},{"damage":0,"enemies":"3 Cultists","floor":28,"turns":1},{"damage":19,"enemies":"Snake Plant","floor":30,"turns":2},{"damage":0,"enemies":"Cultist and Chosen","floor":31,"turns":2},{"damage":5,"enemies":"Champ","floor":33,"turns":6},{"damage":0,"enemies":"3 Darklings","floor":35,"turns":2},{"damage":24,"enemies":"3 Shapes","floor":37,"turns":2},{"damage":11,"enemies":"Writhing Mass","floor":38,"turns":3},{"damage":17,"enemies":"2 Orb Walkers","floor":39,"turns":2},{"damage":0,"enemies":"Nemesis","floor":41,"turns":3},{"damage":0,"enemies":"4 Shapes","floor":44,"turns":2},{"damage":6,"enemies":"Giant Head","floor":45,"turns":4},{"damage":8,"enemies":"Awakened One","floor":50,"turns":4},{"damage":30,"enemies":"Donu and Deca","floor":51,"turns":4}],"seed_played":"-3683391927124830218","potions_obtained":[{"floor":1,"key":"SteroidPotion"},{"floor":3,"key":"Dexterity Potion"},{"floor":11,"key":"BloodPotion"},{"floor":12,"key":"Swift Potion"},{"floor":19,"key":"BloodPotion"},{"floor":22,"key":"Strength Potion"},{"floor":24,"key":"ElixirPotion"},{"floor":33,"key":"EntropicBrew"},{"floor":35,"key":"ColorlessPotion"},{"floor":37,"key":"SteroidPotion"}],"is_trial":false,"path_per_floor":["M","M","M","?","M","E","R","M","T","R","?","E","M","M","R","B",null,"M","M","$","?","M","R","E","?","T","R","M","?","M","M","R","B",null,"M","$","M","M","?","R","E","?","T","M","E","$","T","?","R","B","B",null],"character_chosen":"IRONCLAD","items_purchased":["Girya","Apotheosis+1","Energy Potion"],"campfire_rested":3,"item_purchase_floors":[20,36,46],"current_hp_per_floor":[68,68,68,45,41,21,21,27,27,27,27,25,31,20,55,55,65,68,46,46,25,60,60,42,42,42,42,48,48,41,47,47,58,66,68,68,50,45,34,68,68,68,68,68,68,68,82,82,82,80,56],"gold":470,"neow_bonus":"REMOVE_TWO","is_daily":false,"chose_seed":false,"campfire_upgraded":2,"win_rate":0.0,"timestamp":1610767561,"path_taken":["M","M","M","?","M","E","R","M","T","R","?","E","M","M","R","BOSS","M","M","$","?","M","R","E","?","T","R","M","?","M","M","R","BOSS","M","$","M","M","?","R","E","?","T","M","E","$","?","?","R","BOSS","BOSS"],"items_purchased_type":["Relic","Card","Potion"],"build_version":"2020-12-22","purchased_purges":2,"victory":true,"max_hp_per_floor":[68,68,68,68,68,68,68,68,68,68,68,68,68,68,68,68,68,68,68,68,68,68,68,68,68,68,68,68,68,68,68,68,68,68,68,68,68,68,68,68,68,68,68,68,68,68,82,82,82,82,82],"relic_stats":{"Nunchaku":[11],"Regal Pillow":29,"Gremlin Horn":[6,6],"counters":[28,90],"Golden Idol":184,"Ornamental Fan":[48],"Sundial":[2],"Snecko Eye":[89,67,94,85],"Eternal Feather":0,"Necronomicon":[33],"obtain_stats":[{"Girya":20,"Lantern":6,"Regal Pillow":12,"Gremlin Horn":41,"Golden Idol":4,"Eternal Feather":45,"Mango":47,"Odd Mushroom":11,"Burning Blood":0,"Old Coin":39,"Nunchaku":9,"Ornamental Fan":24,"Sundial":43,"Snecko Eye":17,"Fusion Hammer":34,"Necronomicon":21,"Toxic Egg 2":26},{"Girya":13,"Lantern":5,"Regal Pillow":8,"Gremlin Horn":24,"Golden Idol":3,"Eternal Feather":26,"Mango":26,"Odd Mushroom":7,"Burning Blood":0,"Old Coin":23,"Nunchaku":6,"Ornamental Fan":15,"Sundial":24,"Snecko Eye":11,"Fusion Hammer":19,"Necronomicon":13,"Toxic Egg 2":15},{"Girya":47,"Lantern":20,"Regal Pillow":29,"Gremlin Horn":76,"Golden Idol":12,"Eternal Feather":82,"Mango":82,"Odd Mushroom":24,"Burning Blood":0,"Old Coin":73,"Nunchaku":22,"Ornamental Fan":53,"Sundial":76,"Snecko Eye":39,"Fusion Hammer":64,"Necronomicon":47,"Toxic Egg 2":53}],"Burning Blood":132},"card_choices":[{"not_picked":["Battle Trance","Havoc"],"picked":"Inflame","floor":1},{"not_picked":["Flex","True Grit"],"picked":"Uppercut","floor":2},{"not_picked":["Intimidate","Iron Wave"],"picked":"Whirlwind","floor":3},{"not_picked":["Warcry","Clothesline","Cleave"],"picked":"SKIP","floor":5},{"not_picked":["Intimidate","Ghostly Armor"],"picked":"Offering","floor":6},{"not_picked":["Wild Strike","Flex"],"picked":"Evolve","floor":8},{"not_picked":["Pummel","Combust"],"picked":"Seeing Red","floor":12},{"not_picked":["Twin Strike","Searing Blow"],"picked":"Spot Weakness","floor":13},{"not_picked":["Warcry","Flex","Clash"],"picked":"SKIP","floor":14},{"not_picked":["Corruption","Fiend Fire"],"picked":"Reaper","floor":16},{"not_picked":["Headbutt","Perfected Strike"],"picked":"Heavy Blade+1","floor":18},{"not_picked":["Dual Wield","Intimidate","Shrug It Off"],"picked":"SKIP","floor":19},{"not_picked":["Hemokinesis","Reckless Charge","Entrench"],"picked":"SKIP","floor":22},{"not_picked":["Iron Wave","Sever Soul","Demon Form"],"picked":"SKIP","floor":24},{"not_picked":["Spot Weakness+1","Iron Wave","Combust+1"],"picked":"SKIP","floor":28},{"not_picked":["Iron Wave","Sword Boomerang"],"picked":"Second Wind+1","floor":30},{"not_picked":["Twin Strike","Rupture"],"picked":"Shrug It Off+1","floor":31},{"not_picked":["Hemokinesis","Rampage"],"picked":"Flame Barrier+1","floor":35},{"not_picked":["Anger","Infernal Blade+1","Perfected Strike"],"picked":"SKIP","floor":37},{"not_picked":["Flex+1","Bloodletting+1","Shrug It Off+1"],"picked":"SKIP","floor":38},{"not_picked":["Battle Trance+1","Sword Boomerang"],"picked":"Shockwave+1","floor":39},{"not_picked":["Iron Wave","Blood for Blood","Limit Break+1"],"picked":"SKIP","floor":41},{"not_picked":["Sword Boomerang","Havoc+1","Cleave"],"picked":"SKIP","floor":44},{"not_picked":["Sever Soul","Flex+1","Reckless Charge"],"picked":"SKIP","floor":45}],"player_experience":413362,"relics_obtained":[{"floor":6,"key":"Lantern"},{"floor":9,"key":"Nunchaku"},{"floor":11,"key":"Odd Mushroom"},{"floor":12,"key":"Regal Pillow"},{"floor":21,"key":"Necronomicon"},{"floor":24,"key":"Ornamental Fan"},{"floor":26,"key":"Toxic Egg 2"},{"floor":39,"key":"Old Coin"},{"floor":41,"key":"Gremlin Horn"},{"floor":43,"key":"Sundial"},{"floor":45,"key":"Eternal Feather"},{"floor":47,"key":"Mango"}],"event_choices":[{"damage_healed":0,"gold_gain":0,"player_choice":"Take Damage","damage_taken":23,"relics_obtained":["Golden Idol"],"max_hp_gain":0,"max_hp_loss":0,"event_name":"Golden Idol","floor":4,"gold_loss":0},{"damage_healed":0,"gold_gain":0,"player_choice":"Fought Mushrooms","damage_taken":0,"max_hp_gain":0,"max_hp_loss":0,"event_name":"Mushrooms","floor":11,"gold_loss":0},{"damage_healed":0,"gold_gain":0,"player_choice":"Obtained Book","damage_taken":21,"max_hp_gain":0,"max_hp_loss":0,"event_name":"Cursed Tome","floor":21,"gold_loss":0},{"damage_healed":0,"gold_gain":0,"player_choice":"Ignored","damage_taken":0,"max_hp_gain":0,"max_hp_loss":0,"event_name":"Ghosts","floor":25,"gold_loss":0},{"damage_healed":0,"gold_gain":0,"player_choice":"Ignored","damage_taken":0,"max_hp_gain":0,"max_hp_loss":0,"event_name":"Vampires","floor":29,"gold_loss":0},{"damage_healed":0,"gold_gain":0,"player_choice":"Fight","damage_taken":0,"max_hp_gain":0,"max_hp_loss":0,"event_name":"Mysterious Sphere","floor":39,"gold_loss":0},{"damage_healed":0,"gold_gain":0,"player_choice":"Ignored","damage_taken":0,"max_hp_gain":0,"max_hp_loss":0,"event_name":"Tomb of Lord Red Mask","floor":42,"gold_loss":0},{"cards_removed":["Seeing Red"],"damage_healed":0,"gold_gain":0,"player_choice":"Offered Uncommon","damage_taken":0,"max_hp_gain":0,"max_hp_loss":0,"event_name":"Bonfire Elementals","floor":48,"gold_loss":0}],"is_beta":false,"boss_relics":[{"not_picked":["Velvet Choker","Coffee Dripper"],"picked":"Snecko Eye"},{"not_picked":["SacredBark","Astrolabe"],"picked":"Fusion Hammer"}],"items_purged_floors":[20,46],"is_endless":false,"potions_floor_spawned":[1,3,11,12,13,14,19,22,24,33,35,37,45],"ascension_level":20}}