{"host":"a1eatafr7pisesky","time":1610815789,"event":{"mods":["100% Spire Juice","AchievementEnabler","BaseMod","Colored Map","Keyboard Shortcuts","Minty Spire (QoL Compilation)","Say the Spire","StSLib","SuperFastMode","everything is the same but u backflip on backflip"],"gold_per_floor":[119,119,119,44,58,102,102,145,100,121,22,35,35,49,49,168,48,61,76,95,10,10,10,50,70,118,132,111,111,134,34,34,160,160,173,173,189,207,207,247,272,272,272,272,291,291,46,71,71,71,71,71,21,54,54,54],"floor_reached":55,"language":"KOR","playtime":1460,"items_purged":["Moonworks:Strike","Moonworks:Strike","Normality"],"score":881,"play_id":"2fde94e0-dee6-40fd-ad6c-12509f36ba9c","local_time":"20210117014949","is_ascension_mode":false,"campfire_choices":[{"data":"Moonworks:LongDistanceShot","floor":7.0,"key":"SMITH"},{"floor":13.0,"key":"REST"},{"floor":15.0,"key":"REST"},{"data":"Moonworks:IndiscriminateFireSupport","floor":23.0,"key":"SMITH"},{"data":"Moonworks:NicePresent","floor":32.0,"key":"SMITH"},{"data":"Moonworks:ReflectiveShell","floor":42.0,"key":"SMITH"},{"data":"Moonworks:NicePresent","floor":44.0,"key":"SMITH"},{"floor":49.0,"key":"RECALL"},{"data":"Moonworks:Encore","floor":52.0,"key":"SMITH"}],"circlet_count":0,"master_deck":["Moonworks:Strike","Moonworks:Defend","Moonworks:Defend","Moonworks:Defend","Moonworks:Defend","Moonworks:Ambush","Moonworks:LongDistanceShot+1","Moonworks:NicePresent+1","Moonworks:NicePresent+1","Moonworks:IndiscriminateFireSupport+1","Moonworks:NicePresent+1","Moonworks:DeployBits","Moonworks:MiracleWalker","Moonworks:DeployBits","Moonworks:Encore+1","Moonworks:SakisCookie","Moonworks:NicePresent+1","Ghostly","Ghostly","Ghostly","Ghostly","Ghostly","Moonworks:NicePresent","Moonworks:CrystalBarrier","Moonworks:BigMagnum+1","Moonworks:BindingChains","Moonworks:ImOnFire+1","Moonworks:IndiscriminateFireSupport+1","Moonworks:ReflectiveShell+1","Moonworks:BigMagnum+1","Moonworks:Poppoformation"],"relics":["Moonworks:SBBomb","Moonworks:Homemark","NeowsBlessing","Golden Idol","Centennial Puzzle","Lantern","Bottled Flame","Bag of Marbles","Akabeko","Oddly Smooth Stone","Cursed Key","Art of War","Shuriken"],"acts_visited":["Exordium","TheCity","TheBeyond","TheEnding"],"potions_floor_usage":[55,55,55],"damage_taken":[{"damage":0.0,"enemies":"Jaw Worm","floor":1.0,"turns":1.0},{"damage":0.0,"enemies":"2 Louse","floor":5.0,"turns":1.0},{"damage":0.0,"enemies":"Lagavulin","floor":6.0,"turns":1.0},{"damage":35.0,"enemies":"3 Sentries","floor":8.0,"turns":9.0},{"damage":0.0,"enemies":"Cultist","floor":10.0,"turns":3.0},{"damage":8.0,"enemies":"Exordium Wildlife","floor":11.0,"turns":2.0},{"damage":0.0,"enemies":"2 Fungi Beasts","floor":12.0,"turns":1.0},{"damage":0.0,"enemies":"Looter","floor":14.0,"turns":1.0},{"damage":23.0,"enemies":"Hexaghost","floor":16.0,"turns":11.0},{"damage":0.0,"enemies":"Spheric Guardian","floor":18.0,"turns":2.0},{"damage":0.0,"enemies":"3 Byrds","floor":19.0,"turns":2.0},{"damage":21.0,"enemies":"Snake Plant","floor":20.0,"turns":2.0},{"damage":5.0,"enemies":"Gremlin Leader","floor":24.0,"turns":1.0},{"damage":0.0,"enemies":"Sentry and Sphere","floor":25.0,"turns":1.0},{"damage":0.0,"enemies":"Shelled Parasite and Fungi","floor":27.0,"turns":1.0},{"damage":0.0,"enemies":"Snake Plant","floor":30.0,"turns":1.0},{"damage":21.0,"enemies":"Champ","floor":33.0,"turns":6.0},{"damage":0.0,"enemies":"Orb Walker","floor":35.0,"turns":1.0},{"damage":0.0,"enemies":"3 Darklings","floor":37.0,"turns":1.0},{"damage":2.0,"enemies":"Spire Growth","floor":38.0,"turns":2.0},{"damage":0.0,"enemies":"Nemesis","floor":40.0,"turns":1.0},{"damage":0.0,"enemies":"Sphere and 2 Shapes","floor":41.0,"turns":1.0},{"damage":0.0,"enemies":"3 Darklings","floor":45.0,"turns":1.0},{"damage":0.0,"enemies":"Jaw Worm Horde","floor":48.0,"turns":1.0},{"damage":2.0,"enemies":"Donu and Deca","floor":50.0,"turns":6.0},{"damage":14.0,"enemies":"Shield and Spear","floor":54.0,"turns":6.0},{"damage":49,"enemies":"The Heart","floor":55,"turns":8}],"seed_played":"-8126689055998202434","potions_obtained":[{"floor":6.0,"key":"LiquidMemories"},{"floor":8.0,"key":"Weak Potion"},{"floor":14.0,"key":"Strength Potion"},{"floor":16.0,"key":"Ancient Potion"},{"floor":18.0,"key":"Energy Potion"},{"floor":25.0,"key":"ColorlessPotion"},{"floor":27.0,"key":"FearPotion"},{"floor":40.0,"key":"SmokeBomb"},{"floor":48.0,"key":"Fire Potion"},{"floor":54.0,"key":"Regen Potion"}],"is_trial":false,"path_per_floor":["M","?","?","$","M","E","R","E","T","M","M","M","R","M","R","B",null,"M","M","M","?","?","R","E","M","T","M","?","?","M","$","R","B",null,"M","?","M","M","?","E","M","R","T","R","M","T","$","M","R","B",null,"R","$","E","B"],"character_chosen":"THE_STARBREAKER","items_purchased":["Swift Potion"],"campfire_rested":2,"item_purchase_floors":[53],"current_hp_per_floor":[60,45,45,45,45,45,45,10,10,10,2,2,20,20,38,15,60,60,60,39,39,30,30,25,25,25,27,27,27,27,27,27,6,30,30,30,30,28,28,28,28,28,28,28,28,28,28,28,28,26,30,30,30,16,0,0],"gold":54,"neow_bonus":"THREE_ENEMY_KILL","is_daily":false,"chose_seed":false,"campfire_upgraded":6,"win_rate":0.0,"timestamp":1610815789,"path_taken":["M","?","?","$","M","E","R","E","T","?","M","M","R","M","R","BOSS","M","M","M","?","?","R","E","?","T","M","?","?","M","$","R","BOSS","M","?","?","M","?","E","M","R","T","R","M","?","$","M","R","BOSS","R","$","E","BOSS"],"items_purchased_type":["Potion"],"build_version":"2020-12-22","purchased_purges":3,"victory":false,"max_hp_per_floor":[60,60,60,60,60,60,60,60,60,60,60,60,60,60,60,60,60,60,60,60,60,30,30,30,30,30,30,30,30,30,30,30,30,30,30,30,30,30,30,30,30,30,30,30,30,30,30,30,30,30,30,30,30,30,30,30],"card_choices":[{"not_picked":["Moonworks:ImOnFire","Moonworks:SakisCookie"],"picked":"Moonworks:NicePresent","floor":1.0},{"not_picked":["Moonworks:Assault","Moonworks:ImOnFire"],"picked":"Moonworks:NicePresent","floor":5.0},{"not_picked":["Moonworks:Dinner","Moonworks:ImOnFire","Moonworks:ForcedRevival"],"picked":"SKIP","floor":6.0},{"not_picked":["Moonworks:MiracleWalker","Moonworks:SakisCookie"],"picked":"Moonworks:IndiscriminateFireSupport","floor":8.0},{"not_picked":["Moonworks:LulusLuckyEgg","Moonworks:DevilHand"],"picked":"Moonworks:NicePresent","floor":10.0},{"not_picked":["Moonworks:UnpaidWork","Moonworks:BigMagnum"],"picked":"Moonworks:DeployBits","floor":11.0},{"not_picked":["Moonworks:MeltingMemories","Moonworks:ImmovableObject"],"picked":"Moonworks:MiracleWalker","floor":12.0},{"not_picked":["Moonworks:Assault","Moonworks:FullSpeedAlicianrone"],"picked":"Moonworks:DeployBits","floor":14.0},{"not_picked":["Moonworks:Gamble","Moonworks:RocketCannon"],"picked":"Moonworks:Encore","floor":16.0},{"not_picked":["Moonworks:NicePresent","Moonworks:CastOff"],"picked":"Moonworks:SakisCookie","floor":18.0},{"not_picked":["Moonworks:RedAndBlue+1","Moonworks:LulusLuckyEgg+1"],"picked":"Moonworks:NicePresent+1","floor":19.0},{"not_picked":["Moonworks:ImmovableObject","Moonworks:BeyondHell","Moonworks:EvilSpyWorkPreparation"],"picked":"SKIP","floor":20.0},{"not_picked":["Moonworks:TreasureThief","Moonworks:Assault"],"picked":"Moonworks:NicePresent","floor":24.0},{"not_picked":["Moonworks:JonathanRush","Moonworks:EvilSpyWorkPreparation"],"picked":"Moonworks:CrystalBarrier","floor":25.0},{"not_picked":["Moonworks:CookingTime","Moonworks:IntelligenceOfficer"],"picked":"Moonworks:BigMagnum+1","floor":27.0},{"not_picked":["Moonworks:NicePresent","Moonworks:Assault"],"picked":"Moonworks:ImOnFire+1","floor":30.0},{"not_picked":["Moonworks:Assault","Moonworks:TacticalRetreat"],"picked":"Moonworks:IndiscriminateFireSupport+1","floor":35.0},{"not_picked":["Moonworks:FinalSurgery","Moonworks:SakisCookie+1","Moonworks:EvilSpyWorkPreparation+1"],"picked":"SKIP","floor":37.0},{"not_picked":["Moonworks:SakisCookie+1","Moonworks:JonathanRush+1","Moonworks:EvilSpyWorkPreparation"],"picked":"SKIP","floor":38.0},{"not_picked":["Moonworks:SweetBattle","Moonworks:Dinner+1"],"picked":"Moonworks:ReflectiveShell","floor":40.0},{"not_picked":["Moonworks:ExtendedPhotonRifle","Moonworks:ImOnFire"],"picked":"Moonworks:BigMagnum+1","floor":41.0},{"not_picked":["Moonworks:CloudOfSeagulls","Moonworks:EvilSpyWorkPreparation"],"picked":"Moonworks:Poppoformation","floor":45.0},{"not_picked":["Moonworks:IndiscriminateFireSupport+1","Moonworks:ReflectiveShell","Moonworks:SakisCookie"],"picked":"SKIP","floor":48.0},{"not_picked":["Moonworks:SakisCookie","Moonworks:Encore","Moonworks:UnluckyCharm"],"picked":"SKIP","floor":54.0}],"player_experience":320352,"relics_obtained":[{"floor":6.0,"key":"Centennial Puzzle"},{"floor":8.0,"key":"Lantern"},{"floor":9.0,"key":"Bottled Flame"},{"floor":24.0,"key":"Akabeko"},{"floor":26.0,"key":"Oddly Smooth Stone"},{"floor":40.0,"key":"Art of War"},{"floor":54.0,"key":"Shuriken"}],"event_choices":[{"damage_healed":0.0,"max_hp_gain":0.0,"max_hp_loss":0.0,"gold_gain":0.0,"event_name":"Golden Idol","player_choice":"Take Damage","floor":2.0,"gold_loss":0.0,"damage_taken":15.0,"relics_obtained":["Golden Idol"]},{"damage_healed":0.0,"max_hp_gain":0.0,"max_hp_loss":0.0,"gold_gain":0.0,"event_name":"Upgrade Shrine","player_choice":"Upgraded","floor":3.0,"gold_loss":0.0,"damage_taken":0.0,"cards_upgraded":["Moonworks:NicePresent"]},{"damage_healed":0.0,"max_hp_gain":0.0,"max_hp_loss":0.0,"gold_gain":0.0,"event_name":"Addict","player_choice":"Obtained Relic","floor":21.0,"gold_loss":85.0,"damage_taken":0.0,"relics_obtained":["Bag of Marbles"]},{"damage_healed":0.0,"max_hp_gain":0.0,"max_hp_loss":30.0,"gold_gain":0.0,"event_name":"Ghosts","player_choice":"Became a Ghost","floor":22.0,"gold_loss":0.0,"damage_taken":0.0,"cards_obtained":["Ghostly","Ghostly","Ghostly","Ghostly","Ghostly"]},{"damage_healed":0.0,"max_hp_gain":0.0,"max_hp_loss":0.0,"gold_gain":99.0,"event_name":"Nest","player_choice":"Stole From Cult","floor":28.0,"gold_loss":0.0,"damage_taken":0.0},{"damage_healed":0.0,"max_hp_gain":0.0,"max_hp_loss":0.0,"gold_gain":0.0,"event_name":"The Library","player_choice":"Read","floor":29.0,"gold_loss":0.0,"damage_taken":0.0,"cards_obtained":["Moonworks:BindingChains"]},{"damage_healed":0.0,"max_hp_gain":0.0,"max_hp_loss":0.0,"gold_gain":0.0,"event_name":"SecretPortal","player_choice":"Ignored","floor":36.0,"gold_loss":0.0,"damage_taken":0.0},{"cards_removed":["Moonworks:Strike"],"damage_healed":0.0,"max_hp_gain":0.0,"max_hp_loss":0.0,"gold_gain":0.0,"event_name":"Falling","player_choice":"Removed Attack","floor":39.0,"gold_loss":0.0,"damage_taken":0.0}],"is_beta":false,"boss_relics":[{"not_picked":["Fusion Hammer","SacredBark"],"picked":"Moonworks:SBBomb"},{"not_picked":["Calling Bell","Pandora\u0027s Box"],"picked":"Cursed Key"}],"items_purged_floors":[4,31,47],"is_endless":false,"potions_floor_spawned":[6,8,14,16,18,25,27,40,48,54],"killed_by":"The Heart","ascension_level":0}}