{"host":"l60rmjjsfi0fipmi","time":1610841219,"event":{"mods":["BaseMod","Colored Map","DeckTracker","Highlight Path","Minty Spire (QoL Compilation)","StSLib","The Cursed","The Servant 0.9.4"],"gold_per_floor":[112,127,2,19,39,39,39,51,51,51,70,70,70,25,25,151,151,169,169,183,98,119,46,46,69,69,84,102,120,120,24,24,149,149,172,195,1,20,20,20,41,41,112,125,125,125,149,149,149,149,149],"floor_reached":50,"language":"ENG","playtime":6872,"items_purged":[],"score":528,"play_id":"9896e6ae-7abb-465e-af71-4f79b96a6ed8","local_time":"20210116185339","is_ascension_mode":true,"campfire_choices":[{"data":"Dagger Spray","floor":6,"key":"SMITH"},{"data":"Dodge and Roll","floor":10,"key":"SMITH"},{"floor":12,"key":"REST"},{"data":"Dagger Spray","floor":15,"key":"SMITH"},{"floor":24,"key":"REST"},{"floor":30,"key":"REST"},{"floor":32,"key":"REST"},{"floor":40,"key":"REST"},{"floor":42,"key":"REST"},{"floor":46,"key":"REST"},{"data":"Tools of the Trade","floor":49,"key":"SMITH"}],"circlet_count":0,"master_deck":["Survivor","Neutralize","Crippling Poison","Dodge and Roll+1","Footwork+1","Dagger Spray+1","Caltrops","Dagger Spray+1","Dagger Throw","Noxious Fumes","PiercingWail","Slice","Tools of the Trade+1","Dash","Poisoned Stab","Backstab","Footwork","Backflip","Tactician","Sucker Punch","Blur","Backstab","Noxious Fumes","Prepared+1","Noxious Fumes+1","Backstab+1","Cloak And Dagger+1","Adrenaline","Blade Dance+1","Parasite","Mind Blast"],"relics":["Ring of the Snake","Pear","Golden Idol","Pandora\u0027s Box","Potion Belt","Strawberry","HoveringKite","Pantograph","HornCleat"],"acts_visited":["Exordium","TheCity","TheBeyond"],"potions_floor_usage":[8,22,27,28,29,29,33,33,36,38,38,39,39,44,44,44,47],"damage_taken":[{"damage":0,"enemies":"Jaw Worm","floor":1,"turns":6},{"damage":4,"enemies":"Small Slimes","floor":2,"turns":4},{"damage":7,"enemies":"2 Louse","floor":4,"turns":3},{"damage":14,"enemies":"Exordium Wildlife","floor":5,"turns":8},{"damage":15,"enemies":"Exordium Thugs","floor":8,"turns":4},{"damage":8,"enemies":"Large Slime","floor":11,"turns":6},{"damage":34,"enemies":"Slime Boss","floor":16,"turns":10},{"damage":11,"enemies":"Spheric Guardian","floor":18,"turns":6},{"damage":1,"enemies":"Shell Parasite","floor":20,"turns":6},{"damage":24,"enemies":"Snake Plant","floor":22,"turns":5},{"damage":2,"enemies":"Centurion and Healer","floor":25,"turns":7},{"damage":17,"enemies":"Snecko","floor":27,"turns":7},{"damage":22,"enemies":"Snake Plant","floor":28,"turns":6},{"damage":29,"enemies":"Shelled Parasite and Fungi","floor":29,"turns":8},{"damage":44,"enemies":"Champ","floor":33,"turns":14},{"damage":8,"enemies":"Orb Walker","floor":35,"turns":4},{"damage":28,"enemies":"3 Darklings","floor":36,"turns":6},{"damage":28,"enemies":"Transient","floor":38,"turns":5},{"damage":12,"enemies":"4 Shapes","floor":39,"turns":3},{"damage":5,"enemies":"Maw","floor":41,"turns":8},{"damage":6,"enemies":"Writhing Mass","floor":44,"turns":7},{"damage":11,"enemies":"4 Shapes","floor":47,"turns":5},{"damage":81,"enemies":"Time Eater","floor":50,"turns":6}],"seed_played":"-5934865684447446889","potions_obtained":[{"floor":1,"key":"Poison Potion"},{"floor":5,"key":"Fire Potion"},{"floor":11,"key":"Poison Potion"},{"floor":20,"key":"PowerPotion"},{"floor":22,"key":"DistilledChaos"},{"floor":27,"key":"Dexterity Potion"},{"floor":28,"key":"CunningPotion"},{"floor":33,"key":"Swift Potion"},{"floor":38,"key":"Weak Potion"},{"floor":41,"key":"Block Potion"},{"floor":44,"key":"DistilledChaos"}],"is_trial":false,"path_per_floor":["M","M","$","M","M","R","?","M","T","R","M","R","?","$","R","B",null,"M","?","M","?","M","$","R","M","T","M","M","M","R","$","R","B",null,"M","M","$","M","M","R","M","R","T","M","?","R","M","T","R","B"],"character_chosen":"THE_SILENT","items_purchased":["Dagger Spray","Caltrops","Slice","Regen Potion","AttackPotion","SpeedPotion","Block Potion","PowerPotion","SmokeBomb"],"campfire_rested":7,"item_purchase_floors":[3,3,14,23,31,31,37,37,37],"current_hp_per_floor":[70,66,66,59,45,45,45,30,40,40,32,56,56,56,56,22,74,63,63,62,62,38,38,60,58,65,48,38,9,33,33,57,13,81,73,45,45,17,5,29,24,48,48,42,42,66,55,55,55,0,0],"gold":149,"neow_bonus":"TRANSFORM_CARD","is_daily":false,"chose_seed":false,"campfire_upgraded":4,"win_rate":0.0,"timestamp":1610841219,"path_taken":["M","M","$","M","M","R","?","M","T","R","M","R","?","?","R","BOSS","M","?","M","?","M","?","R","M","T","M","M","?","R","$","R","BOSS","M","M","$","M","M","R","M","R","T","M","?","R","M","?","R","BOSS"],"items_purchased_type":["Card","Card","Card","Potion","Potion","Potion","Potion","Potion","Potion"],"build_version":"2020-12-22","purchased_purges":0,"victory":false,"max_hp_per_floor":[70,70,70,70,70,70,70,70,80,80,80,80,74,74,74,74,74,74,74,74,74,74,74,74,74,81,81,81,81,81,81,81,81,81,81,81,81,81,81,81,81,81,81,81,81,81,81,81,81,81,81],"card_choices":[{"not_picked":["Heel Hook","Backflip"],"picked":"Dodge and Roll","floor":1},{"not_picked":["Dagger Throw","Bane"],"picked":"Footwork","floor":2},{"not_picked":["Poisoned Stab","Catalyst"],"picked":"Dagger Spray","floor":4},{"not_picked":["Distraction","Blur"],"picked":"Dagger Throw","floor":5},{"not_picked":["Deadly Poison","Leg Sweep"],"picked":"Noxious Fumes","floor":8},{"not_picked":["Cloak And Dagger","Skewer"],"picked":"PiercingWail","floor":11},{"not_picked":["Grand Finale","Malaise"],"picked":"Tools of the Trade","floor":16},{"not_picked":["Predator","Blade Dance"],"picked":"Noxious Fumes","floor":18},{"not_picked":["Dash","Footwork+1"],"picked":"Prepared+1","floor":20},{"not_picked":["Cloak And Dagger","Flechettes","Outmaneuver+1"],"picked":"SKIP","floor":22},{"not_picked":["Well Laid Plans","Flying Knee"],"picked":"Noxious Fumes+1","floor":25},{"not_picked":["Calculated Gamble+1","Dash","Backflip"],"picked":"SKIP","floor":27},{"not_picked":["All Out Attack+1","Crippling Poison"],"picked":"Backstab+1","floor":28},{"not_picked":["Concentrate+1","Slice"],"picked":"Cloak And Dagger+1","floor":29},{"not_picked":["Corpse Explosion","Tools of the Trade"],"picked":"Adrenaline","floor":33},{"not_picked":["Setup+1","Dagger Spray+1","Terror"],"picked":"SKIP","floor":35},{"not_picked":["Dash+1","Skewer"],"picked":"Blade Dance+1","floor":36},{"not_picked":["Quick Slash","Poisoned Stab+1","Crippling Poison"],"picked":"SKIP","floor":38},{"not_picked":["Reflex","Bouncing Flask","Predator+1"],"picked":"SKIP","floor":41},{"not_picked":["Dagger Throw+1","Slice+1","Deflect"],"picked":"SKIP","floor":44},{"not_picked":["Deep Breath","PanicButton"],"picked":"Mind Blast","floor":45},{"not_picked":["Reflex","Slice+1","Setup+1"],"picked":"SKIP","floor":47}],"player_experience":438653,"relics_obtained":[{"floor":9,"key":"Pear"},{"floor":26,"key":"Strawberry"},{"floor":43,"key":"Pantograph"},{"floor":48,"key":"HornCleat"}],"event_choices":[{"damage_healed":0,"gold_gain":0,"player_choice":"Grow","damage_taken":0,"max_hp_gain":0,"max_hp_loss":0,"event_name":"Living Wall","floor":7,"gold_loss":0,"cards_upgraded":["Footwork"]},{"damage_healed":0,"gold_gain":0,"player_choice":"Lose Max HP","damage_taken":0,"relics_obtained":["Golden Idol"],"max_hp_gain":0,"max_hp_loss":6,"event_name":"Golden Idol","floor":13,"gold_loss":0},{"damage_healed":0,"gold_gain":0,"player_choice":"Ignored","damage_taken":0,"max_hp_gain":0,"max_hp_loss":0,"event_name":"Cursed Tome","floor":19,"gold_loss":0},{"damage_healed":0,"gold_gain":0,"player_choice":"Obtained Relic","damage_taken":0,"relics_obtained":["Potion Belt"],"max_hp_gain":0,"max_hp_loss":0,"event_name":"Addict","floor":21,"gold_loss":85},{"damage_healed":0,"gold_gain":0,"player_choice":"Memory 1","damage_taken":0,"max_hp_gain":0,"max_hp_loss":0,"event_name":"SensoryStone","floor":45,"gold_loss":0}],"is_beta":false,"boss_relics":[{"not_picked":["Fusion Hammer","Runic Pyramid"],"picked":"Pandora\u0027s Box"},{"not_picked":["Snecko Eye","Runic Dome"],"picked":"HoveringKite"}],"items_purged_floors":[],"is_endless":false,"potions_floor_spawned":[1,5,11,20,22,27,28,33,38,41,44],"killed_by":"Time Eater","ascension_level":4}}