{"host":"sum4dy402bbv9y4o","time":1610797171,"event":{"mods":["Aspiration","BaseMod","Conspire","Highlight Path","Minty Spire (QoL Compilation)","StSLib"],"gold_per_floor":[113,2,21,40,54,89,89,102,102,102,120,147,147,167,167,245,245,259,272,0,0,0,34,34,374,374,374,374],"floor_reached":27,"language":"ENG","playtime":899,"items_purged":[],"score":776,"play_id":"89df29da-12f7-4afd-8900-250595238b57","local_time":"20210116143931","is_ascension_mode":true,"campfire_choices":[{"data":"Eruption","floor":7,"key":"SMITH"},{"floor":10,"key":"REST"},{"data":"SashWhip","floor":15,"key":"SMITH"}],"circlet_count":0,"master_deck":["AscendersBane","conspire:GhostlyStrike","conspire:GhostlyStrike","conspire:GhostlyStrike","conspire:GhostlyStrike","conspire:GhostlyDefend","conspire:GhostlyDefend","conspire:GhostlyDefend","conspire:GhostlyDefend","Eruption+1","Vigilance","Conclude","FlurryOfBlows","SashWhip+1","FearNoEvil+1","SandsOfTime","BowlingBash","EmptyFist","FlyingSleeves","FlurryOfBlows","Brilliance","FollowUp","EmptyBody","Tantrum"],"relics":["PureWater","aspiration:Nostalgia","Ring of the Snake","Turnip","conspire:BottledYoYo","Omamori","VioletLotus","Shuriken","aspiration:RitualStick","CeramicFish","Old Coin","Bottled Lightning"],"acts_visited":["Exordium","TheCity"],"potions_floor_usage":[12,12,18,23],"damage_taken":[{"damage":4,"enemies":"Jaw Worm","floor":1,"turns":7},{"damage":0,"enemies":"Small Slimes","floor":3,"turns":1},{"damage":0,"enemies":"conspire:RoseBush","floor":4,"turns":3},{"damage":0,"enemies":"2 Fungi Beasts","floor":5,"turns":3},{"damage":34,"enemies":"Lagavulin","floor":6,"turns":6},{"damage":2,"enemies":"Exordium Wildlife","floor":8,"turns":3},{"damage":0,"enemies":"Blue Slaver","floor":11,"turns":2},{"damage":0,"enemies":"3 Sentries","floor":12,"turns":3},{"damage":1,"enemies":"Red Slaver","floor":14,"turns":2},{"damage":0,"enemies":"Slime Boss","floor":16,"turns":6},{"damage":6,"enemies":"2 Thieves","floor":18,"turns":3},{"damage":2,"enemies":"conspire:FuzzyDice","floor":19,"turns":4},{"damage":14,"enemies":"Slavers","floor":23,"turns":3},{"damage":0,"enemies":"Gremlin Leader","floor":25,"turns":3},{"damage":22,"enemies":"Book of Stabbing","floor":27,"turns":3}],"seed_played":"-6102476321378498041","potions_obtained":[{"floor":1,"key":"LiquidMemories"},{"floor":6,"key":"SteroidPotion"},{"floor":12,"key":"Weak Potion"},{"floor":14,"key":"CultistPotion"},{"floor":25,"key":"FearPotion"}],"is_trial":false,"path_per_floor":["M","$","M","M","M","E","R","M","T","R","M","E","?","M","R","B",null,"M","M","$","?","$","E","?","E","T","E"],"character_chosen":"WATCHER","items_purchased":["FlurryOfBlows","SashWhip","Shuriken"],"campfire_rested":1,"item_purchase_floors":[2,2,20],"current_hp_per_floor":[57,57,57,57,57,23,23,21,21,41,41,41,41,40,40,40,61,55,53,53,36,36,22,22,22,22,0,0],"gold":374,"neow_bonus":"NOSTALGIA","is_daily":false,"chose_seed":false,"campfire_upgraded":2,"win_rate":0.0,"timestamp":1610797171,"path_taken":["M","$","M","M","M","E","R","M","T","R","M","E","?","M","R","BOSS","M","M","$","?","$","E","?","E","T","E"],"items_purchased_type":["Card","Card","Relic"],"build_version":"2020-12-22","purchased_purges":0,"victory":false,"max_hp_per_floor":[68,68,68,68,68,68,68,68,68,68,68,68,68,68,68,68,68,68,68,68,68,68,68,68,68,68,68,68],"card_choices":[{"not_picked":["WindmillStrike","EmptyFist"],"picked":"Conclude","floor":1},{"not_picked":["Crescendo","FlurryOfBlows"],"picked":"FearNoEvil","floor":3},{"not_picked":["SashWhip","EmptyMind"],"picked":"SandsOfTime","floor":4},{"not_picked":["EmptyFist","DeceiveReality"],"picked":"BowlingBash","floor":5},{"not_picked":["ReachHeaven","ThirdEye","Meditate"],"picked":"SKIP","floor":6},{"not_picked":["FearNoEvil","ThirdEye"],"picked":"EmptyFist","floor":8},{"not_picked":["Devotion","WreathOfFlame"],"picked":"FlyingSleeves","floor":11},{"not_picked":["PathToVictory","FlyingSleeves","Prostrate"],"picked":"SKIP","floor":12},{"not_picked":["LikeWater","BowlingBash"],"picked":"FlurryOfBlows","floor":14},{"not_picked":["Omniscience","Vault"],"picked":"Brilliance","floor":16},{"not_picked":["PathToVictory","CrushJoints"],"picked":"FollowUp","floor":18},{"not_picked":["Crescendo","Evaluate","Indignation"],"picked":"SKIP","floor":19},{"not_picked":["Crescendo","JustLucky"],"picked":"EmptyBody","floor":23},{"not_picked":["BowlingBash+1","ThirdEye+1"],"picked":"Tantrum","floor":25}],"player_experience":2943280,"relics_obtained":[{"floor":6,"key":"Turnip"},{"floor":9,"key":"conspire:BottledYoYo"},{"floor":12,"key":"Omamori"},{"floor":23,"key":"CeramicFish"},{"floor":25,"key":"Old Coin"},{"floor":26,"key":"Bottled Lightning"}],"event_choices":[{"damage_healed":0,"gold_gain":0,"player_choice":"Agree","damage_taken":0,"max_hp_gain":0,"max_hp_loss":0,"event_name":"conspire:LoneGhost","floor":13,"gold_loss":0},{"damage_healed":0,"gold_gain":0,"player_choice":"Upgraded","damage_taken":0,"max_hp_gain":0,"max_hp_loss":0,"event_name":"Upgrade Shrine","floor":24,"gold_loss":0,"cards_upgraded":["FearNoEvil"]}],"is_beta":false,"boss_relics":[{"not_picked":["conspire:RunicOctahedron","conspire:SlowCooker"],"picked":"VioletLotus"}],"items_purged_floors":[],"is_endless":false,"potions_floor_spawned":[1,6,11,12,14,25],"killed_by":"Book of Stabbing","ascension_level":20}}