{"host":"jak4ncvfzor9mys0","time":1610767483,"event":{"mods":["2.2 Compatiblity","AchievementEnabler","BaseMod","Better Altar","Better Match","Better Note","Better Sensory Stone","Better Skull","Better Third Choice","BetterRewards","Block Reminder","Colored Map","Colored Powertips","Dark Map","Energized Spire","Gold Saver","Hubris","Infinite Spire","Key Reminder","Minty Spire (QoL Compilation)","Rare Cards Sparkle","Red Circlet Mod","Relic Sorter","Relic Stats","Replay The Spire","Retaliation","Spicy Shops","StSLib","SuperFastMode","The Blue Laboratory"],"gold_per_floor":[450,297,297,152,166,166,178,178,202,213,63,63,98,119,119,252,252,300,300,411,462,506,506,223,223,269,343,343,376,376],"floor_reached":29,"language":"ENG","playtime":877,"items_purged":["Strike_R","Iron Wave"],"score":333,"play_id":"5ee5c03e-c24d-4195-a2f1-00b79001c13d","local_time":"20210115192443","is_ascension_mode":false,"campfire_choices":[{"data":"Body Slam","floor":6.0,"key":"SMITH"},{"data":"Entrench","floor":8.0,"key":"SMITH"},{"data":"Perfected Strike","floor":15.0,"key":"SMITH"},{"data":"Finesse","floor":23,"key":"SMITH"}],"circlet_count":0,"master_deck":["Strike_R+1","Strike_R","Strike_R+1","Defend_R","Defend_R","Defend_R+1","Defend_R+1","Bash","Body Slam+1","Finesse+1","Entrench+1","Perfected Strike+1","Strike_R","ReplayTheSpireMod:Stacked","ReplayTheSpireMod:LeadingStrike"],"relics":["Burning Blood","Replay:Bandana","Replay:Mystery Machine","Simple Rune","Membership Card","Coffee Dripper","infinitespire:Lucky Rock","Lee\u0027s Waffle","TheAbacus","Mercury Hourglass","hubris:SlimyHat","keyreminder:keyreminder","CeramicFish"],"acts_visited":["Exordium","TheCity"],"potions_floor_usage":[22,27],"damage_taken":[{"damage":1.0,"enemies":"Small Slimes","floor":1.0,"turns":4.0},{"damage":0.0,"enemies":"2 Louse","floor":5.0,"turns":2.0},{"damage":0.0,"enemies":"Cultist","floor":7.0,"turns":3.0},{"damage":0.0,"enemies":"Blue Slaver","floor":10.0,"turns":4.0},{"damage":6.0,"enemies":"Exordium Thugs","floor":13.0,"turns":4.0},{"damage":0.0,"enemies":"Looter","floor":14.0,"turns":2.0},{"damage":15.0,"enemies":"Slime Boss","floor":16.0,"turns":8.0},{"damage":5.0,"enemies":"Shell Parasite","floor":18.0,"turns":6.0},{"damage":17,"enemies":"3 Byrds","floor":21,"turns":7},{"damage":23,"enemies":"Snecko","floor":22,"turns":5},{"damage":20,"enemies":"Slavers","floor":27,"turns":7},{"damage":88,"enemies":"Nightmare","floor":29,"turns":9}],"seed_played":"2281170569566626751","potions_obtained":[{"floor":1.0,"key":"Fire Potion"},{"floor":7.0,"key":"SpeedPotion"},{"floor":10.0,"key":"blueLaboratory:FruitPreserves"},{"floor":16.0,"key":"BloodPotion"},{"floor":22,"key":"Fire Potion"}],"is_trial":false,"path_per_floor":["M","$","?","$","M","R","M","R","T","M","$","?","M","M","R","B",null,"M","?","?","M","M","R","$","?","T","E","?","NM"],"character_chosen":"IRONCLAD","items_purchased":["Body Slam","Finesse","Simple Rune","Membership Card","Perfected Strike","Replay:Bandana","Lee\u0027s Waffle","TheAbacus","Mercury Hourglass"],"campfire_rested":0,"item_purchase_floors":[0,0,2,4,11,11,24,24,24],"current_hp_per_floor":[80,80,80,80,80,80,80,80,80,80,80,80,80,80,80,71,80,80,80,40,29,40,40,87,87,87,73,73,0,0],"gold":376,"neow_bonus":"","is_daily":false,"chose_seed":false,"campfire_upgraded":4,"win_rate":0.0,"timestamp":1610767483,"path_taken":["M","$","?","$","M","R","M","R","T","M","$","?","?","M","R","BOSS","M","?","?","M","?","R","$","?","T","E","?","NM"],"items_purchased_type":["Card","Card","Relic","Relic","Card","Relic","Relic","Relic","Relic"],"build_version":"2020-12-22","purchased_purges":2,"victory":false,"max_hp_per_floor":[80,80,80,80,80,80,80,80,80,80,80,80,80,80,80,80,80,80,80,80,80,80,80,87,87,87,87,87,87,87],"relic_stats":{"Lee\u0027s Waffle":47,"TheAbacus":[30],"counters":[166,661],"CeramicFish":9,"obtain_stats":[{"Tiny House":17,"CeramicFish":3,"Vajra":197,"Whetstone":4,"Sling":38,"Boot":3,"Sozu":85,"Blood Vial":23,"Centennial Puzzle":20,"HornCleat":31,"DollysMirror":4,"HandDrill":132,"Runic Cube":34,"Pear":205,"hubris:DuctTape":102,"Blue Candle":60,"Oddly Smooth Stone":26,"infinitespire:Beetle Shell":181,"Ring of Chaos":34,"Letter Opener":78,"infinitespire:Magic Flask":22,"War Paint":6,"infinitespire:EvilPickle":84,"SlaversCollar":80,"Replay:Baseball":139,"ReplayTheSpireMod:Spearhead":11,"DDmod:StuhbiRelic":5,"ReplayTheSpireMod:Shallot":48,"infinitespire:Lychee Nut":13,"infinitespire:Broken Mirror":0,"MutagenicStrength":133,"Bronze Scales":0,"Simple Rune":2,"hubris:ToyBattleship":8,"infinitespire:EmpoweringShard":25,"Meat on the Bone":131,"Lantern":59,"Black Blood":153,"Magic Flower":178,"StoneCalendar":43,"Mango":9,"King of Hearts":109,"hubris:SlimyHat":111,"Bag of Preparation":200,"Replay:Mystery Machine":92,"Smiling Mask":156,"Ancient Tea Set":207,"Burning Blood":0,"ClockworkSouvenir":11,"Replay:Bandana":30,"Dream Catcher":193,"TheAbacus":11,"Shovel":189,"hubris:Icosahedron":20,"hubris:Stopwatch":136,"hubris:ScarierMask":17,"WingedGreaves":26,"energizedSpire:DecayingSkull":68,"hubris:GlazedTorus":4,"Potion Belt":102,"Gremlin Food":0,"Lee\u0027s Waffle":24,"ReplayTheSpireMod:Ninjato":109,"Quantum Egg":9,"infinitespire:Lucky Rock":57,"Frozen Egg 2":179,"Odd Mushroom":10,"MawBank":10,"Mercury Hourglass":0,"Calling Bell":102,"Peace Pipe":196,"keyreminder:keyreminder":27,"Anchor":0,"CaptainsWheel":31,"Busted Crown":19,"infinitespire:WardingShard":94,"Ornamental Fan":80,"hubris:Spice":99,"Bloody Idol":25,"Turnip":102,"Another Sword":0,"Bag of Marbles":0,"Snack Pack":2,"Garlic":9,"Coffee Dripper":17,"Membership Card":58,"ReplayTheSpireMod:Lightbulb":77,"DDmod:BarbedSlagRelic":79,"infinitespire:Midas Blood":0},{"Tiny House":9,"CeramicFish":90,"Vajra":84,"Whetstone":2,"Sling":18,"Boot":90,"Sozu":37,"Blood Vial":99,"Centennial Puzzle":125,"HornCleat":101,"DollysMirror":90,"HandDrill":57,"Runic Cube":15,"Pear":87,"hubris:DuctTape":44,"Blue Candle":28,"Oddly Smooth Stone":13,"infinitespire:Beetle Shell":77,"Ring of Chaos":130,"Letter Opener":35,"infinitespire:Magic Flask":98,"War Paint":4,"infinitespire:EvilPickle":37,"SlaversCollar":35,"Replay:Baseball":59,"ReplayTheSpireMod:Spearhead":94,"DDmod:StuhbiRelic":121,"ReplayTheSpireMod:Shallot":23,"infinitespire:Lychee Nut":112,"infinitespire:Broken Mirror":135,"MutagenicStrength":57,"Bronze Scales":89,"Simple Rune":155,"hubris:ToyBattleship":6,"infinitespire:EmpoweringShard":13,"Meat on the Bone":57,"Lantern":28,"Black Blood":65,"Magic Flower":75,"StoneCalendar":19,"Mango":93,"King of Hearts":46,"hubris:SlimyHat":46,"Bag of Preparation":85,"Replay:Mystery Machine":40,"Smiling Mask":66,"Ancient Tea Set":88,"Burning Blood":0,"ClockworkSouvenir":122,"Replay:Bandana":13,"Dream Catcher":83,"TheAbacus":6,"Shovel":82,"hubris:Icosahedron":98,"hubris:Stopwatch":58,"hubris:ScarierMask":97,"WingedGreaves":100,"energizedSpire:DecayingSkull":32,"hubris:GlazedTorus":90,"Potion Belt":44,"Gremlin Food":89,"Lee\u0027s Waffle":164,"ReplayTheSpireMod:Ninjato":46,"Quantum Egg":6,"infinitespire:Lucky Rock":28,"Frozen Egg 2":75,"Odd Mushroom":112,"MawBank":94,"Mercury Hourglass":89,"Calling Bell":44,"Peace Pipe":84,"keyreminder:keyreminder":165,"Anchor":89,"CaptainsWheel":101,"Busted Crown":125,"infinitespire:WardingShard":40,"Ornamental Fan":35,"hubris:Spice":43,"Bloody Idol":100,"Turnip":44,"Another Sword":106,"Bag of Marbles":89,"Snack Pack":136,"Garlic":148,"Coffee Dripper":161,"Membership Card":28,"ReplayTheSpireMod:Lightbulb":35,"DDmod:BarbedSlagRelic":35,"infinitespire:Midas Blood":89},{"Tiny House":46,"CeramicFish":267,"Vajra":252,"Whetstone":10,"Sling":91,"Boot":267,"Sozu":161,"Blood Vial":307,"Centennial Puzzle":431,"HornCleat":316,"DollysMirror":267,"HandDrill":204,"Runic Cube":76,"Pear":257,"hubris:DuctTape":184,"Blue Candle":136,"Oddly Smooth Stone":62,"infinitespire:Beetle Shell":240,"Ring of Chaos":462,"Letter Opener":153,"infinitespire:Magic Flask":297,"War Paint":22,"infinitespire:EvilPickle":161,"SlaversCollar":153,"Replay:Baseball":209,"ReplayTheSpireMod:Spearhead":279,"DDmod:StuhbiRelic":407,"ReplayTheSpireMod:Shallot":115,"infinitespire:Lychee Nut":365,"infinitespire:Broken Mirror":495,"MutagenicStrength":204,"Bronze Scales":264,"Simple Rune":605,"hubris:ToyBattleship":31,"infinitespire:EmpoweringShard":62,"Meat on the Bone":204,"Lantern":136,"Black Blood":222,"Magic Flower":237,"StoneCalendar":95,"Mango":275,"King of Hearts":186,"hubris:SlimyHat":186,"Bag of Preparation":254,"Replay:Mystery Machine":169,"Smiling Mask":223,"Ancient Tea Set":258,"Burning Blood":0,"ClockworkSouvenir":412,"Replay:Bandana":62,"Dream Catcher":250,"TheAbacus":31,"Shovel":249,"hubris:Icosahedron":297,"hubris:Stopwatch":207,"hubris:ScarierMask":294,"WingedGreaves":311,"energizedSpire:DecayingSkull":146,"hubris:GlazedTorus":267,"Potion Belt":184,"Gremlin Food":264,"Lee\u0027s Waffle":646,"ReplayTheSpireMod:Ninjato":186,"Quantum Egg":31,"infinitespire:Lucky Rock":136,"Frozen Egg 2":237,"Odd Mushroom":365,"MawBank":279,"Mercury Hourglass":264,"Calling Bell":184,"Peace Pipe":252,"keyreminder:keyreminder":652,"Anchor":264,"CaptainsWheel":316,"Busted Crown":431,"infinitespire:WardingShard":169,"Ornamental Fan":153,"hubris:Spice":179,"Bloody Idol":311,"Turnip":184,"Another Sword":348,"Bag of Marbles":264,"Snack Pack":498,"Garlic":559,"Coffee Dripper":628,"Membership Card":136,"ReplayTheSpireMod:Lightbulb":153,"DDmod:BarbedSlagRelic":153,"infinitespire:Midas Blood":264}],"Burning Blood":530,"Mercury Hourglass":[58]},"card_choices":[{"not_picked":["Whirlwind","Flex","Blood for Blood"],"picked":"SKIP","floor":1.0},{"not_picked":["Replay:Undeath\u0027s Touch","DDmod:SpikedSkill"],"picked":"Iron Wave","floor":5.0},{"not_picked":["DDmod:UnstoppableAttack","Warcry"],"picked":"Entrench","floor":7.0},{"not_picked":["True Grit","Pommel Strike","Clothesline"],"picked":"SKIP","floor":10.0},{"not_picked":["Clash","DDmod:EasePowerCard","Exhume"],"picked":"SKIP","floor":13.0},{"not_picked":["Combust","Ghostly Armor","Shockwave"],"picked":"SKIP","floor":14.0},{"not_picked":["Armaments","Clothesline+1","Power Through"],"picked":"SKIP","floor":18.0},{"not_picked":["Replay:Undeath\u0027s Touch","Second Wind","Reaper"],"picked":"SKIP","floor":21},{"not_picked":["Disarm","ReplayTheSpireMod:Strike From Hell","Spot Weakness"],"picked":"SKIP","floor":22},{"not_picked":["Limit Break","DDmod:ScaleUpSkill"],"picked":"ReplayTheSpireMod:LeadingStrike","floor":27}],"player_experience":2759117,"relics_obtained":[{"floor":9.0,"key":"Replay:Mystery Machine"},{"floor":26,"key":"hubris:SlimyHat"},{"floor":27,"key":"CeramicFish"}],"event_choices":[{"damage_healed":0.0,"max_hp_gain":0.0,"max_hp_loss":0.0,"gold_gain":1.0,"event_name":"betterStone:BetterStone","player_choice":"4","floor":12.0,"gold_loss":0.0,"damage_taken":0.0,"cards_obtained":["Strike_R"]},{"cards_removed":["Bash"],"damage_healed":0,"gold_gain":0,"player_choice":"Give","damage_taken":0,"max_hp_gain":0,"max_hp_loss":0,"event_name":"betterNote:BetterNote","floor":19,"gold_loss":0,"cards_obtained":["None"]},{"damage_healed":0,"gold_gain":111,"player_choice":"GO UP RE ","damage_taken":45,"relics_obtained":["infinitespire:Lucky Rock"],"max_hp_gain":0,"max_hp_loss":0,"event_name":"betterSkull:BetterSkull","floor":20,"gold_loss":0,"cards_upgraded":["Defend_R"]},{"damage_healed":0,"gold_gain":0,"player_choice":"Read","damage_taken":0,"max_hp_gain":0,"max_hp_loss":0,"event_name":"The Library","floor":25,"gold_loss":0,"cards_obtained":["ReplayTheSpireMod:Stacked"]},{"cards_removed":["Strike_R"],"damage_healed":0,"gold_gain":0,"player_choice":"Offered Basic","damage_taken":0,"max_hp_gain":0,"max_hp_loss":0,"event_name":"Bonfire Elementals","floor":28,"gold_loss":0}],"is_beta":false,"boss_relics":[{"not_picked":["Electric Blood","energizedSpire:NeverEndingSparkler"],"picked":"Coffee Dripper"}],"items_purged_floors":[0,11],"is_endless":false,"potions_floor_spawned":[1,7,10,16,18,22],"killed_by":"Nightmare","ascension_level":0}}