{"host":"7gewg82ormp6yt4e","time":1610807375,"event":{"mods":["BaseMod","Block Reminder","Colored Map","Colored Powertips","DeckTracker","Highlight Path","Minty Spire (QoL Compilation)","Relic Stats","StSLib","ojb\u0027s Info Mod"],"gold_per_floor":[119,134,209,121,121,121,147,147,200,215,215,233,233,245,245,245,245],"floor_reached":16,"language":"JPN","playtime":481,"items_purged":[],"score":250,"play_id":"55383e27-0386-4532-9172-4d60e7e9d4db","local_time":"20210116232935","is_ascension_mode":true,"campfire_choices":[{"data":"Defragment","floor":6,"key":"SMITH"},{"data":"Seek","floor":8,"key":"SMITH"},{"data":"Rip and Tear","floor":11,"key":"SMITH"},{"data":"Recycle","floor":15,"key":"SMITH"}],"circlet_count":0,"master_deck":["AscendersBane","Strike_B","Strike_B","Strike_B","Strike_B","Defend_B","Defend_B","Defend_B","Defend_B","Zap","Dualcast","FTL","Rebound","Defragment+1","Seek+1","Rip and Tear+1","Gash","Recycle+1"],"relics":["Cracked Core","NeowsBlessing","Shuriken","Akabeko"],"acts_visited":["Exordium"],"potions_floor_usage":[16,16,16,16],"damage_taken":[{"damage":0,"enemies":"Jaw Worm","floor":1,"turns":1},{"damage":0,"enemies":"2 Louse","floor":2,"turns":1},{"damage":0,"enemies":"Gremlin Nob","floor":7,"turns":1},{"damage":4,"enemies":"Small Slimes","floor":10,"turns":3},{"damage":4,"enemies":"2 Fungi Beasts","floor":12,"turns":2},{"damage":5,"enemies":"3 Louse","floor":14,"turns":3},{"damage":48,"enemies":"Hexaghost","floor":16,"turns":7}],"seed_played":"3782268024317540298","potions_obtained":[{"floor":1,"key":"AttackPotion"},{"floor":2,"key":"Swift Potion"},{"floor":14,"key":"EntropicBrew"}],"is_trial":false,"path_per_floor":["M","M","?","$","?","R","E","R","T","M","R","M","T","M","R","B"],"character_chosen":"DEFECT","items_purchased":["Defragment"],"campfire_rested":0,"item_purchase_floors":[4],"current_hp_per_floor":[64,64,53,53,53,53,53,53,53,49,49,45,45,40,40,0,0],"gold":245,"neow_bonus":"THREE_ENEMY_KILL","is_daily":false,"chose_seed":false,"campfire_upgraded":4,"win_rate":0.0,"timestamp":1610807375,"path_taken":["M","M","?","$","?","R","E","R","T","M","R","M","?","M","R","BOSS"],"items_purchased_type":["Card"],"build_version":"2020-12-22","purchased_purges":0,"victory":false,"max_hp_per_floor":[71,71,71,71,71,71,71,71,71,71,71,71,71,71,71,71,71],"relic_stats":{"counters":[7,18],"Shuriken":[6],"obtain_stats":[{"NeowsBlessing":0,"Shuriken":7,"Cracked Core":0,"Akabeko":9},{"NeowsBlessing":0,"Shuriken":3,"Cracked Core":0,"Akabeko":3},{"NeowsBlessing":0,"Shuriken":3,"Cracked Core":0,"Akabeko":3}]},"card_choices":[{"not_picked":["Turbo","Stack"],"picked":"FTL","floor":1},{"not_picked":["Barrage","Loop"],"picked":"Rebound","floor":2},{"not_picked":["Turbo","Storm"],"picked":"Seek","floor":7},{"not_picked":["Coolheaded","Darkness"],"picked":"Rip and Tear","floor":10},{"not_picked":["Storm","Skim"],"picked":"Gash","floor":12},{"not_picked":["Turbo","Chill"],"picked":"Recycle","floor":14}],"player_experience":2599122,"relics_obtained":[{"floor":7,"key":"Shuriken"},{"floor":9,"key":"Akabeko"}],"event_choices":[{"damage_healed":0,"gold_gain":75,"player_choice":"Gather Gold","damage_taken":11,"max_hp_gain":0,"max_hp_loss":0,"event_name":"World of Goop","floor":3,"gold_loss":0},{"damage_healed":0,"gold_gain":0,"player_choice":"Ignored","damage_taken":0,"max_hp_gain":0,"max_hp_loss":0,"event_name":"Liars Game","floor":5,"gold_loss":0}],"is_beta":false,"boss_relics":[],"items_purged_floors":[],"is_endless":false,"potions_floor_spawned":[1,2,14],"killed_by":"Hexaghost","ascension_level":20}}