{"host":"1eo5f82aifdzd7pr","time":1610758508,"event":{"mods":["AchievementEnabler","BaseMod","Colored Map","Colored Powertips","DeckTracker","Marisa????????","Minty Spire (QoL Compilation)","StSLib","SuperFastMode","The Servant 0.9.4"],"gold_per_floor":[18,28,28,28,41,72,72,72,72,72,85,85,112,122,122,223,223,237,251,268,268,279,279,279,279,361,392,403,403,421,439,439,541,541,555,566,580,593,643,677,695,695,695,695,705,705,716,733,733,733],"floor_reached":51,"language":"ENG","playtime":3844,"items_purged":[],"score":1209,"play_id":"bd1065c8-c772-4466-82b5-380d0f4e7217","local_time":"20210116025508","is_ascension_mode":true,"campfire_choices":[{"data":"Exchange","floor":7.0,"key":"SMITH"},{"data":"Defy","floor":10.0,"key":"SMITH"},{"floor":12.0,"key":"REST"},{"data":"SilverBlades","floor":15.0,"key":"SMITH"},{"data":"Solidify","floor":23,"key":"SMITH"},{"data":"Moonlight","floor":25,"key":"SMITH"},{"data":"Defy","floor":29,"key":"SMITH"},{"floor":32,"key":"REST"},{"data":"Duplication","floor":42,"key":"SMITH"},{"data":"Solidify","floor":44,"key":"SMITH"},{"data":"SurpressingFire","floor":46,"key":"SMITH"},{"floor":49,"key":"REST"}],"circlet_count":0,"master_deck":["AscendersBane","Strike_S","Strike_S","Defend_S+1","Defend_S","KidneyShot+1","Exchange+1","Rewind","Defy+1","Rearm","SilverBlades+1","Solidify+1","Defy+1","BottledTime","Moonlight+1","BottledTime","InstantArmor","BottledTime+1","TimeWarp","SurpressingFire+1","Solidify+1","TimeWarp","Duplication+1"],"relics":["Uniform","Thread and Needle","Ice Cream","Darkstone Periapt","MysterySword","StrikeDummy","PreservedInsect","StoneMask","Pocketwatch","Akabeko","Bottled Flame"],"acts_visited":["Exordium","TheCity","TheBeyond"],"potions_floor_usage":[16,33,50],"damage_taken":[{"damage":4.0,"enemies":"Jaw Worm","floor":1.0,"turns":4.0},{"damage":3.0,"enemies":"Cultist","floor":2.0,"turns":4.0},{"damage":0.0,"enemies":"Small Slimes","floor":5.0,"turns":5.0},{"damage":17.0,"enemies":"Lagavulin","floor":6.0,"turns":8.0},{"damage":0.0,"enemies":"2 Fungi Beasts","floor":11.0,"turns":4.0},{"damage":0.0,"enemies":"3 Sentries","floor":13.0,"turns":10.0},{"damage":0.0,"enemies":"Blue Slaver","floor":14.0,"turns":3.0},{"damage":4,"enemies":"Hexaghost","floor":16,"turns":10},{"damage":0,"enemies":"3 Byrds","floor":18,"turns":5},{"damage":0,"enemies":"Spheric Guardian","floor":19,"turns":6},{"damage":23,"enemies":"Snake Plant","floor":20,"turns":6},{"damage":0,"enemies":"Centurion and Healer","floor":22,"turns":6},{"damage":0,"enemies":"Book of Stabbing","floor":27,"turns":5},{"damage":0,"enemies":"Chosen and Byrds","floor":28,"turns":6},{"damage":0,"enemies":"Snake Plant","floor":30,"turns":2},{"damage":0,"enemies":"3 Cultists","floor":31,"turns":5},{"damage":2,"enemies":"Collector","floor":33,"turns":9},{"damage":12,"enemies":"3 Darklings","floor":35,"turns":9},{"damage":0,"enemies":"Orb Walker","floor":36,"turns":4},{"damage":32,"enemies":"Jaw Worm Horde","floor":37,"turns":5},{"damage":3,"enemies":"Sphere and 2 Shapes","floor":38,"turns":9},{"damage":3,"enemies":"Mind Bloom Boss Battle","floor":39,"turns":6},{"damage":0,"enemies":"Giant Head","floor":40,"turns":6},{"damage":0,"enemies":"Spire Growth","floor":41,"turns":5},{"damage":29,"enemies":"Jaw Worm Horde","floor":45,"turns":6},{"damage":0,"enemies":"Sphere and 2 Shapes","floor":47,"turns":4},{"damage":0,"enemies":"Maw","floor":48,"turns":5},{"damage":26,"enemies":"Awakened One","floor":50,"turns":22}],"seed_played":"-482171009227118597","potions_obtained":[{"floor":1.0,"key":"SteroidPotion"},{"floor":11.0,"key":"Explosive Potion"},{"floor":13.0,"key":"Strength Potion"},{"floor":14.0,"key":"BlessingOfTheForge"},{"floor":20,"key":"FairyPotion"},{"floor":30,"key":"AttackPotion"},{"floor":33,"key":"EssenceOfSteel"}],"is_trial":false,"path_per_floor":["M","M","?","?","M","E","R","?","T","R","M","R","E","M","R","B",null,"M","M","M","?","M","R","?","R","T","E","M","R","M","M","R","B",null,"M","M","M","M","?","E","M","R","T","R","M","R","M","M","R","B",null],"character_chosen":"THE_SERVANT","items_purchased":[],"campfire_rested":3,"item_purchase_floors":[],"current_hp_per_floor":[55,52,52,39,39,22,22,22,22,22,22,41,41,41,41,37,58,58,58,35,35,35,35,35,35,35,35,35,35,35,35,54,52,62,53,56,33,39,39,42,45,45,45,45,25,25,34,37,61,47],"gold":733,"neow_bonus":"REMOVE_TWO","is_daily":false,"chose_seed":false,"campfire_upgraded":9,"win_rate":0.0,"timestamp":1610758508,"path_taken":["M","M","?","?","M","E","R","?","T","R","M","R","E","M","R","BOSS","M","M","M","?","M","R","?","R","T","E","M","R","M","M","R","BOSS","M","M","?","M","?","E","M","R","T","R","M","R","M","M","R","BOSS"],"items_purchased_type":[],"build_version":"2020-12-22","purchased_purges":0,"victory":true,"max_hp_per_floor":[65,65,65,65,65,65,65,65,65,65,65,65,65,65,65,65,65,65,65,65,65,65,65,65,65,65,65,65,65,65,65,65,65,65,66,67,70,73,74,75,76,76,76,76,79,79,82,83,83,87],"card_choices":[{"not_picked":["Alleviate","Unruled"],"picked":"Rewind","floor":1.0},{"not_picked":["Potential","Revamp"],"picked":"Defy","floor":2.0},{"not_picked":["Defy","Alleviate","Desolation"],"picked":"SKIP","floor":5.0},{"not_picked":["Ricochet","SilverMatrix","DoubleEdge"],"picked":"SKIP","floor":6.0},{"not_picked":["Snipe","DoubleEdge"],"picked":"Rearm","floor":11.0},{"not_picked":["TimeWarp","Alleviate"],"picked":"SilverBlades","floor":13.0},{"not_picked":["Revamp","Rewind","MoonPhase"],"picked":"SKIP","floor":14.0},{"not_picked":["TheWorld","SoulSculpture"],"picked":"Solidify","floor":16},{"not_picked":["Rewind","Starlight"],"picked":"Defy","floor":18},{"not_picked":["Replace","Defy"],"picked":"BottledTime","floor":19},{"not_picked":["Unruled","Alleviate","Potential"],"picked":"SKIP","floor":20},{"not_picked":["Reset","DancingSilver"],"picked":"BottledTime","floor":22},{"not_picked":["Alleviate","FastForward","Revamp+1"],"picked":"SKIP","floor":27},{"not_picked":["Barrier","DualDimension"],"picked":"BottledTime+1","floor":28},{"not_picked":["Sabotage","DoubleEdge"],"picked":"TimeWarp","floor":30},{"not_picked":["FastForward","Embodiment"],"picked":"SurpressingFire","floor":31},{"not_picked":["SoulSculpture","Dilation"],"picked":"Solidify","floor":33},{"not_picked":["Ricochet","Spin","ShatteredReality+1"],"picked":"SKIP","floor":35},{"not_picked":["Read","Orbit"],"picked":"TimeWarp","floor":36},{"not_picked":["Defy","Read","Potential"],"picked":"SKIP","floor":37},{"not_picked":["Comet","SpecialFormula","DoubleEdge"],"picked":"SKIP","floor":38},{"not_picked":["Collapse","FanOfKnives","DoubleEdge"],"picked":"SKIP","floor":40},{"not_picked":["Moonlight","Replace+1"],"picked":"Duplication","floor":41},{"not_picked":["StarChef","ShatteredReality","Defy"],"picked":"SKIP","floor":45},{"not_picked":["Spin","Unruled+1","Potential"],"picked":"SKIP","floor":47},{"not_picked":["Read","Defy","Alleviate"],"picked":"SKIP","floor":48}],"player_experience":866275,"relics_obtained":[{"floor":6.0,"key":"Thread and Needle"},{"floor":9.0,"key":"Ice Cream"},{"floor":13.0,"key":"Darkstone Periapt"},{"floor":26,"key":"StrikeDummy"},{"floor":27,"key":"PreservedInsect"},{"floor":39,"key":"Pocketwatch"},{"floor":40,"key":"Akabeko"},{"floor":43,"key":"Bottled Flame"}],"event_choices":[{"cards_removed":["Defend_S"],"damage_healed":0.0,"max_hp_gain":0.0,"max_hp_loss":0.0,"gold_gain":0.0,"event_name":"Living Wall","player_choice":"Forget","floor":3.0,"gold_loss":0.0,"damage_taken":0.0},{"damage_healed":0.0,"max_hp_gain":0.0,"max_hp_loss":0.0,"gold_gain":0.0,"event_name":"Shining Light","player_choice":"Entered Light","floor":4.0,"gold_loss":0.0,"damage_taken":13.0,"cards_upgraded":["KidneyShot","Defend_S"]},{"damage_healed":0.0,"max_hp_gain":0.0,"max_hp_loss":0.0,"gold_gain":0.0,"event_name":"Liars Game","player_choice":"Ignored","floor":8.0,"gold_loss":0.0,"damage_taken":0.0},{"damage_healed":0,"gold_gain":0,"player_choice":"Read","damage_taken":0,"max_hp_gain":0,"max_hp_loss":0,"event_name":"The Library","floor":21,"gold_loss":0,"cards_obtained":["Moonlight"]},{"damage_healed":0,"gold_gain":0,"cards_transformed":["Strike_S"],"player_choice":"Transformed","damage_taken":0,"max_hp_gain":0,"max_hp_loss":0,"event_name":"Transmorgrifier","floor":24,"gold_loss":0,"cards_obtained":["InstantArmor"]},{"damage_healed":0,"gold_gain":0,"player_choice":"Fight","damage_taken":0,"max_hp_gain":0,"max_hp_loss":0,"event_name":"MindBloom","floor":39,"gold_loss":0}],"is_beta":false,"boss_relics":[{"not_picked":["Velvet Choker","Busted Crown"],"picked":"MysterySword"},{"not_picked":["Philosopher\u0027s Stone","Snecko Eye"],"picked":"StoneMask"}],"items_purged_floors":[],"is_endless":false,"potions_floor_spawned":[1,11,13,14,20,30,33,37,39,40,45,48],"ascension_level":12}}