{"host":"xh3brefae6wm9kl8","time":1610765780,"event":{"mods":["AchievementEnabler","BaseMod","GifTheSpireLib","Keyboard Shortcuts","Minty Spire (QoL Compilation)","Permanent Neow","Relic Stats","StSLib","SuperFastMode"],"gold_per_floor":[115,133,133,4,16,41,41,76,76,90,103,113,113,124,124,198,198,212,137,37,51,71,71,71],"floor_reached":23,"language":"KOR","playtime":806,"items_purged":["Defend_G","Strike_G"],"score":400,"play_id":"00731d51-aec3-4ddf-a3bb-9734d9452acb","local_time":"20210116115620","is_ascension_mode":true,"campfire_choices":[{"data":"1","floor":7,"key":"LIFT"},{"data":"2","floor":13,"key":"LIFT"},{"data":"3","floor":15,"key":"LIFT"}],"circlet_count":0,"master_deck":["AscendersBane","Strike_G","Strike_G","Defend_G","Defend_G","Defend_G","Defend_G","Survivor","Neutralize","Poisoned Stab","Flying Knee","Dagger Throw","Masterful Stab","Caltrops","Dodge and Roll","Blur","Tactician","Footwork","Corpse Explosion","Backflip","Dodge and Roll"],"relics":["Ring of the Snake","Oddly Smooth Stone","Girya","HornCleat","Eternal Feather","WristBlade"],"acts_visited":["Exordium","TheCity"],"potions_floor_usage":[8,11,23],"damage_taken":[{"damage":0,"enemies":"Jaw Worm","floor":1,"turns":6},{"damage":0,"enemies":"Cultist","floor":2,"turns":5},{"damage":0,"enemies":"Small Slimes","floor":5,"turns":3},{"damage":26,"enemies":"Gremlin Nob","floor":6,"turns":4},{"damage":19,"enemies":"3 Sentries","floor":8,"turns":9},{"damage":0,"enemies":"Red Slaver","floor":10,"turns":4},{"damage":0,"enemies":"Exordium Thugs","floor":11,"turns":3},{"damage":0,"enemies":"Blue Slaver","floor":12,"turns":3},{"damage":0,"enemies":"Looter","floor":14,"turns":3},{"damage":10,"enemies":"The Guardian","floor":16,"turns":11},{"damage":1,"enemies":"3 Byrds","floor":18,"turns":2},{"damage":2,"enemies":"Shell Parasite","floor":21,"turns":9},{"damage":0,"enemies":"3 Cultists","floor":22,"turns":2},{"damage":60,"enemies":"Gremlin Leader","floor":23,"turns":5}],"seed_played":"-8488241492689859337","potions_obtained":[{"floor":1,"key":"FearPotion"},{"floor":5,"key":"SteroidPotion"},{"floor":10,"key":"PowerPotion"},{"floor":11,"key":"AttackPotion"},{"floor":12,"key":"CultistPotion"}],"is_trial":false,"path_per_floor":["M","M","?","$","M","E","R","E","T","M","M","M","R","M","R","B",null,"M","?","$","M","M","E"],"character_chosen":"THE_SILENT","items_purchased":["Dagger Throw"],"campfire_rested":0,"item_purchase_floors":[4],"current_hp_per_floor":[59,59,59,59,59,33,33,14,14,14,14,14,23,23,35,25,56,55,55,55,53,53,0,0],"gold":71,"neow_bonus":"RANDOM_COMMON_RELIC","is_daily":false,"chose_seed":false,"campfire_upgraded":0,"win_rate":0.0,"timestamp":1610765780,"path_taken":["M","M","?","$","M","E","R","E","T","?","M","M","R","M","R","BOSS","M","?","$","M","M","E"],"items_purchased_type":["Card"],"build_version":"2020-12-22","purchased_purges":2,"victory":false,"max_hp_per_floor":[66,66,66,66,66,66,66,66,66,66,66,66,66,66,66,66,66,66,66,66,66,66,66,66],"relic_stats":{"counters":[14,69],"Eternal Feather":21,"obtain_stats":[{"Girya":6,"HornCleat":8,"WristBlade":17,"Oddly Smooth Stone":0,"Eternal Feather":9,"Ring of the Snake":0},{"Girya":4,"HornCleat":5,"WristBlade":10,"Oddly Smooth Stone":0,"Eternal Feather":5,"Ring of the Snake":0},{"Girya":18,"HornCleat":27,"WristBlade":51,"Oddly Smooth Stone":0,"Eternal Feather":27,"Ring of the Snake":0}],"Ring of the Snake":[28]},"card_choices":[{"not_picked":["Skewer","Catalyst"],"picked":"Poisoned Stab","floor":1},{"not_picked":["Backflip","Well Laid Plans"],"picked":"Flying Knee","floor":2},{"not_picked":["Backflip","Poisoned Stab"],"picked":"Masterful Stab","floor":5},{"not_picked":["Finisher","Dagger Throw"],"picked":"Caltrops","floor":6},{"not_picked":["Sucker Punch","Poisoned Stab"],"picked":"Dodge and Roll","floor":8},{"not_picked":["Endless Agony","Sucker Punch"],"picked":"Blur","floor":10},{"not_picked":["Riddle With Holes","Infinite Blades","Slice"],"picked":"SKIP","floor":11},{"not_picked":["Setup","Choke"],"picked":"Tactician","floor":12},{"not_picked":["All Out Attack","Blade Dance"],"picked":"Footwork","floor":14},{"not_picked":["Wraith Form v2","Envenom"],"picked":"Corpse Explosion","floor":16},{"not_picked":["Bane+1","Prepared","Quick Slash"],"picked":"SKIP","floor":18},{"not_picked":["Blur","Outmaneuver"],"picked":"Backflip","floor":21},{"not_picked":["Sucker Punch","Bane"],"picked":"Dodge and Roll","floor":22}],"player_experience":412556,"relics_obtained":[{"floor":6,"key":"Girya"},{"floor":8,"key":"HornCleat"},{"floor":9,"key":"Eternal Feather"}],"event_choices":[{"cards_removed":["Strike_G"],"damage_healed":0,"gold_gain":0,"player_choice":"Card Removal","damage_taken":0,"max_hp_gain":0,"max_hp_loss":0,"event_name":"Wheel of Change","floor":3,"gold_loss":0},{"cards_removed":["Strike_G"],"damage_healed":0,"gold_gain":0,"player_choice":"Gave Gold","damage_taken":0,"max_hp_gain":0,"max_hp_loss":0,"event_name":"Beggar","floor":19,"gold_loss":75}],"is_beta":false,"boss_relics":[{"not_picked":["Tiny House","Busted Crown"],"picked":"WristBlade"}],"items_purged_floors":[4,20],"is_endless":false,"potions_floor_spawned":[1,5,10,11,12],"killed_by":"Gremlin Leader","ascension_level":19}}