{"host":"SpaceMun","time":1610806023,"event":{"mods":["Act Like it!","Astrologer","Bard","BaseMod","Better Third Choice","Gremlin Mod","Hallownest","Hermit","Jorbs\u0027s Wanderer Trilogy","Minty Spire (QoL Compilation)","Relic Stats","Robot Space Explorer","Shop Mod","StSLib","The Animator","The Bug Knight","The Construct","The Forsaken","The Hierophant","The Runesmith","TheBandit","[IsaacMod]????","everything is the same but u backflip on backflip","slay the spire mod where everything is the same but ironclad has a cowboy hat"],"gold_per_floor":[118,128,178,148,2,35,35,49,75,75,75,75,75],"floor_reached":12,"language":"ENG","playtime":347,"items_purged":[],"score":101,"play_id":"4282e7b0-41c8-4d3c-8423-c47456969aa5","local_time":"20210116140703","is_ascension_mode":false,"campfire_choices":[{"data":"Gremlin:Tadah","floor":7,"key":"SMITH"},{"floor":11,"key":"REST"}],"circlet_count":0,"master_deck":["Gremlin:Strike","Gremlin:Strike","Gremlin:Strike","Gremlin:Strike","Gremlin:Defend","Gremlin:Defend","Gremlin:Defend","Gremlin:Defend","Gremlin:TagTeam","Gremlin:GremlinDance","Gremlin:ToeStub","Gremlin:Tadah+1"],"relics":["Gremlin:GremlinKnob","HushsDoor","D6","NeowsBlessing","Strawberry","Happy Flower","Omamori","theForsaken:PlagueMask"],"acts_visited":["Exordium"],"potions_floor_usage":[12],"damage_taken":[{"damage":0,"enemies":"Jaw Worm","floor":1,"turns":1},{"damage":0,"enemies":"Cultist","floor":2,"turns":1},{"damage":0,"enemies":"3 Sentries","floor":6,"turns":2},{"damage":0,"enemies":"2 Louse","floor":8,"turns":5},{"damage":26,"enemies":"Lagavulin","floor":12,"turns":4}],"seed_played":"4618300693620090381","potions_obtained":[{"floor":4,"key":"Dexterity Potion"},{"floor":4,"key":"LiquidMemories"}],"is_trial":false,"path_per_floor":["M","M","?","?","$","E","R","M","T","?","R","E"],"character_chosen":"GREMLIN","items_purchased":["Strawberry"],"campfire_rested":1,"item_purchase_floors":[5],"current_hp_per_floor":[20,20,5,5,7,22,22,7,7,7,13,4,4],"gold":75,"neow_bonus":"THREE_ENEMY_KILL","is_daily":false,"chose_seed":false,"campfire_upgraded":1,"win_rate":0.0,"timestamp":1610806023,"path_taken":["M","M","?","?","?","E","R","M","T","?","R","E"],"items_purchased_type":["Relic"],"build_version":"2020-12-18","purchased_purges":0,"victory":false,"max_hp_per_floor":[20,20,20,20,22,22,22,22,22,22,22,22,22],"relic_stats":{"Happy Flower":[3],"counters":[5,13],"obtain_stats":[{"KeepersGift":0,"D6":0,"NeowsBlessing":0,"Happy Flower":6,"Gremlin:GremlinKnob":0,"Strawberry":5,"Omamori":9,"HushsDoor":0,"theForsaken:PlagueMask":10},{"KeepersGift":0,"D6":0,"NeowsBlessing":0,"Happy Flower":3,"Gremlin:GremlinKnob":0,"Strawberry":2,"Omamori":4,"HushsDoor":0,"theForsaken:PlagueMask":4},{"KeepersGift":0,"D6":0,"NeowsBlessing":0,"Happy Flower":4,"Gremlin:GremlinKnob":0,"Strawberry":2,"Omamori":9,"HushsDoor":0,"theForsaken:PlagueMask":9}]},"card_choices":[{"not_picked":[],"picked":"ChaosCard","floor":0},{"not_picked":["Gremlin:Pretaliation","Gremlin:Jeer"],"picked":"Gremlin:ToeStub","floor":1},{"not_picked":["Gremlin:Erupt","Gremlin:Heckle"],"picked":"Gremlin:Tadah","floor":2},{"not_picked":["Gremlin:PartyStick","Gremlin:GremlinArms","Gremlin:BurlyBlow"],"picked":"SKIP","floor":6},{"not_picked":["Gremlin:GremlinArms","Gremlin:BulkUp","Gremlin:BurlyBlow"],"picked":"SKIP","floor":8}],"player_experience":192835,"relics_obtained":[{"floor":6,"key":"Happy Flower"},{"floor":9,"key":"Omamori"}],"event_choices":[{"damage_healed":0,"gold_gain":0,"player_choice":"Bought 2 Potions","damage_taken":0,"max_hp_gain":0,"max_hp_loss":0,"event_name":"The Woman in Blue","floor":4,"gold_loss":0},{"damage_healed":0,"gold_gain":0,"player_choice":"Obtain Plague Curse","damage_taken":0,"max_hp_gain":0,"max_hp_loss":0,"event_name":"Plague Doctor","floor":10,"gold_loss":0,"cards_obtained":["theForsaken:PlagueCurse"]}],"is_beta":true,"boss_relics":[],"items_purged_floors":[],"is_endless":false,"potions_floor_spawned":[],"killed_by":"Lagavulin","ascension_level":0}}