{"host":"dh4nu8nelr2izibb","time":1610770694,"event":{"mods":["Act Like it!","BaseMod","Better Third Choice","Card Forge","Curses Come First","Displayed Cursed Tome","HololiveMod","Marisa????????","Minty Spire (QoL Compilation)","Puzzle Mod","Quick Restart","Relic Filter","StSLib","The Marked","The Poker Player","The Servant 0.9.4","WarShipGirlsR/????R mod","Yakumo Yukari mod"],"gold_per_floor":[119,134,134,149,162,162,162,162],"floor_reached":7,"language":"ENG","playtime":234,"items_purged":[],"score":86,"play_id":"e07bb9b5-56ea-4a42-97b8-6f90451c8632","local_time":"20210115231814","is_ascension_mode":true,"campfire_choices":[{"data":"Neutralize","floor":6,"key":"SMITH"}],"circlet_count":0,"master_deck":["AscendersBane","Strike_G","Strike_G","Strike_G","Strike_G","Defend_G","Defend_G","Defend_G","Defend_G","Survivor","Neutralize+1","PiercingWail","Infinite Blades","Quick Slash","All Out Attack"],"relics":["Ring of the Snake","Hammer of Thor","Seething Fire","Anvil of the Gods","Meat on the Bone"],"acts_visited":["Exordium"],"potions_floor_usage":[5],"damage_taken":[{"damage":3.0,"enemies":"Small Slimes","floor":1.0,"turns":5.0},{"damage":1,"enemies":"2 Louse","floor":2,"turns":3},{"damage":1,"enemies":"Cultist","floor":4,"turns":4},{"damage":16,"enemies":"Blue Slaver","floor":5,"turns":6},{"damage":31,"enemies":"Lagavulin","floor":7,"turns":7}],"seed_played":"-4043975313879155537","potions_obtained":[{"floor":4,"key":"Explosive Potion"},{"floor":5,"key":"Fruit Juice"}],"is_trial":false,"path_per_floor":["M","M","?","M","M","R","E"],"character_chosen":"THE_SILENT","items_purchased":[],"campfire_rested":0,"item_purchase_floors":[],"current_hp_per_floor":[62,61,56,55,44,44,13,13],"gold":162,"neow_bonus":"TEN_PERCENT_HP_BONUS","is_daily":false,"chose_seed":false,"campfire_upgraded":1,"win_rate":0.0,"timestamp":1610770694,"path_taken":["M","M","?","M","M","R","E"],"items_purchased_type":[],"build_version":"2020-12-22","purchased_purges":0,"victory":false,"max_hp_per_floor":[72,72,72,72,77,77,77,77],"card_choices":[{"not_picked":["Calculated Gamble","Bane"],"picked":"PiercingWail","floor":1.0},{"not_picked":["Prepared","Blade Dance"],"picked":"Infinite Blades","floor":2},{"not_picked":["Slice","Deadly Poison"],"picked":"Quick Slash","floor":4},{"not_picked":["Slice","Heel Hook"],"picked":"All Out Attack","floor":5}],"player_experience":1137127,"relics_obtained":[],"event_choices":[{"damage_healed":0,"gold_gain":0,"player_choice":"Relic ","damage_taken":5,"max_hp_gain":0,"max_hp_loss":0,"event_name":"betterThird:BetterScrap","floor":3,"gold_loss":0,"cards_obtained":["Rupture"]}],"is_beta":false,"boss_relics":[],"items_purged_floors":[],"is_endless":false,"potions_floor_spawned":[4,5],"killed_by":"Lagavulin","ascension_level":20}}