{"host":"0nfdmr2b19ur4mbc","time":1610801757,"event":{"mods":["2.2 Compatiblity","AchievementEnabler","Aspiration","BaseMod","Better Match","Better Note","Better Third Choice","Better Vampires","Disable Question Mark Monsters","Hubris","Infinite Spire","Minty Spire (QoL Compilation)","Quick Restart","Rare Cards Sparkle","Replay The Spire","StSLib"],"gold_per_floor":[116,116,116,116,155,189,189,202,225,241,241,276,276,289,289,289,289],"floor_reached":16,"language":"ENG","playtime":400,"items_purged":[],"score":200,"play_id":"6c96d181-c3c1-4cf5-bec4-6615a1c900fa","local_time":"20210116135557","is_ascension_mode":true,"campfire_choices":[{"floor":7.0,"key":"REST"},{"data":"Carnage","floor":11.0,"key":"SMITH"},{"data":"Shockwave","floor":15,"key":"SMITH"}],"circlet_count":0,"master_deck":["AscendersBane","Strike_R+1","Strike_R","Strike_R","Strike_R","Strike_R","Defend_R","Defend_R","Defend_R","Defend_R","Bash","Perfected Strike","Decay","infinitespire:DeathsTouch+1","Carnage+1","Warcry","Battle Trance","Cleave","Flex","Shockwave+1"],"relics":["Burning Blood","NeowsBlessing","ReplayTheSpireMod:Shallot","Replay:Bottled Flurry","Boot","ReplayTheSpireMod:TigerMarble"],"acts_visited":["Exordium"],"potions_floor_usage":[],"damage_taken":[{"damage":0.0,"enemies":"Small Slimes","floor":1.0,"turns":1.0},{"damage":0.0,"enemies":"3 Sentries","floor":6.0,"turns":2.0},{"damage":0.0,"enemies":"Cultist","floor":8.0,"turns":1.0},{"damage":0.0,"enemies":"2 Louse","floor":10.0,"turns":2.0},{"damage":30.0,"enemies":"Lagavulin","floor":12.0,"turns":4.0},{"damage":5,"enemies":"2 Fungi Beasts","floor":14,"turns":3},{"damage":54,"enemies":"Fading Forest","floor":16,"turns":5}],"seed_played":"8785302690772889431","potions_obtained":[{"floor":8.0,"key":"SkillPotion"},{"floor":10.0,"key":"DuplicationPotion"}],"is_trial":false,"path_per_floor":["M","?","?","?","?","E","R","M","T","M","R","E","?","M","R","B"],"character_chosen":"IRONCLAD","items_purchased":[],"campfire_rested":1,"item_purchase_floors":[],"current_hp_per_floor":[78,78,78,58,26,32,56,62,62,68,68,44,44,45,45,0,0],"gold":289,"neow_bonus":"THREE_ENEMY_KILL","is_daily":false,"chose_seed":false,"campfire_upgraded":2,"win_rate":0.0,"timestamp":1610801757,"path_taken":["M","?","?","?","?","E","R","M","T","?","R","E","?","M","R","BOSS"],"items_purchased_type":[],"build_version":"2020-12-22","purchased_purges":0,"victory":false,"max_hp_per_floor":[80,80,80,80,80,80,80,80,80,80,80,80,80,80,80,80,80],"card_choices":[{"not_picked":["Heavy Blade","Cleave"],"picked":"Perfected Strike","floor":1.0},{"not_picked":["infinitespire:Gouge","ReplayTheSpireMod:Echoes of Time"],"picked":"infinitespire:DeathsTouch","floor":4.0},{"not_picked":["Clothesline","Sword Boomerang"],"picked":"Carnage","floor":5.0},{"not_picked":["Life Link","Wild Strike"],"picked":"Warcry","floor":5.0},{"not_picked":["Anger","True Grit"],"picked":"Battle Trance","floor":6.0},{"not_picked":["Clothesline","Havoc"],"picked":"Cleave","floor":8.0},{"not_picked":["Shrug It Off","Sever Soul"],"picked":"Flex","floor":10.0},{"not_picked":["Heavy Blade","Exhume","Run Through"],"picked":"SKIP","floor":12.0},{"not_picked":["Wild Strike","Abandon"],"picked":"Shockwave","floor":14}],"player_experience":164703,"relics_obtained":[{"floor":5.0,"key":"ReplayTheSpireMod:Shallot"},{"floor":6.0,"key":"Replay:Bottled Flurry"},{"floor":9.0,"key":"Boot"},{"floor":12.0,"key":"ReplayTheSpireMod:TigerMarble"}],"event_choices":[{"damage_healed":0.0,"max_hp_gain":0.0,"max_hp_loss":0.0,"gold_gain":0.0,"event_name":"Wheel of Change","player_choice":"Cursed","floor":2.0,"gold_loss":0.0,"damage_taken":0.0,"cards_obtained":["Decay"]}],"is_beta":false,"boss_relics":[],"items_purged_floors":[],"is_endless":false,"potions_floor_spawned":[8,10],"killed_by":"Fading Forest","ascension_level":10}}