{"host":"i0avyit1s6jb1siw","time":1610809258,"event":{"mods":["BaseMod","DeckTracker","Dota2Spire","Highlight Path","Minty Spire (QoL Compilation)","Quick Restart","StSLib","SuperFastMode"],"gold_per_floor":[119,133,151,76,88,88,88,118,118,32,52,67,86,106,106,182,182,198,198,123,137,137,137,154,154,177,187,187,187],"floor_reached":28,"language":"ENG","playtime":545,"items_purged":["Strike_G"],"score":448,"play_id":"c8443b94-e000-44d5-82f2-11c2ed2d6895","local_time":"20210116160058","is_ascension_mode":true,"campfire_choices":[{"data":"Blade Dance","floor":6.0,"key":"SMITH"},{"data":"Prepared","floor":15.0,"key":"SMITH"},{"data":"Calculated Gamble","floor":23.0,"key":"SMITH"},{"floor":25,"key":"REST"}],"circlet_count":0,"master_deck":["AscendersBane","Strike_G","Strike_G","Defend_G","Defend_G","Defend_G","Defend_G","Defend_G","Survivor","Neutralize","Blade Dance+1","Quick Slash","Malaise","Noxious Fumes+1","Reflex","Masterful Stab","Crippling Poison","Concentrate","Prepared+1","Terror","Grand Finale","Calculated Gamble+1","Accuracy","Cloak And Dagger"],"relics":["Ring of the Snake","Oddly Smooth Stone","Gambling Chip","Dota2Spire:BattleFury","Dota2Spire:Bloodstone"],"acts_visited":["Exordium","TheCity"],"potions_floor_usage":[],"damage_taken":[{"damage":0.0,"enemies":"Jaw Worm","floor":1.0,"turns":5.0},{"damage":0.0,"enemies":"2 Louse","floor":2.0,"turns":2.0},{"damage":0.0,"enemies":"Cultist","floor":3.0,"turns":3.0},{"damage":4.0,"enemies":"Lots of Slimes","floor":5.0,"turns":4.0},{"damage":6.0,"enemies":"Gremlin Nob","floor":8.0,"turns":3.0},{"damage":0.0,"enemies":"2 Fungi Beasts","floor":11.0,"turns":2.0},{"damage":6.0,"enemies":"Large Slime","floor":12.0,"turns":5.0},{"damage":0.0,"enemies":"Blue Slaver","floor":13.0,"turns":3.0},{"damage":0.0,"enemies":"Lots of Slimes","floor":14.0,"turns":2.0},{"damage":30.0,"enemies":"Slime Boss","floor":16.0,"turns":8.0},{"damage":24.0,"enemies":"2 Thieves","floor":18.0,"turns":4.0},{"damage":8.0,"enemies":"Spheric Guardian","floor":21.0,"turns":4.0},{"damage":17,"enemies":"Snecko","floor":24,"turns":5},{"damage":7,"enemies":"Sentry and Sphere","floor":27,"turns":5},{"damage":20,"enemies":"Shelled Parasite and Fungi","floor":28,"turns":3}],"seed_played":"8822201991377020540","potions_obtained":[{"floor":2.0,"key":"SteroidPotion"},{"floor":3.0,"key":"CultistPotion"},{"floor":12.0,"key":"Dota2Spire:HealingSalve"},{"floor":21.0,"key":"SpeedPotion"}],"is_trial":false,"path_per_floor":["M","M","M","?","M","R","?","E","T","$","M","M","M","M","R","B",null,"M","?","$","M","?","R","M","R","T","M","M"],"character_chosen":"THE_SILENT","items_purchased":["Masterful Stab"],"campfire_rested":1,"item_purchase_floors":[10],"current_hp_per_floor":[59,59,59,59,55,55,55,49,49,49,49,43,43,43,43,28,57,33,33,33,25,25,25,8,27,27,20,0,0],"gold":187,"neow_bonus":"RANDOM_COMMON_RELIC","is_daily":false,"chose_seed":false,"campfire_upgraded":3,"win_rate":0.0,"timestamp":1610809258,"path_taken":["M","M","M","?","M","R","?","E","T","$","M","M","M","M","R","BOSS","M","?","$","M","?","R","?","R","T","M","M"],"items_purchased_type":["Card"],"build_version":"2020-12-22","purchased_purges":1,"victory":false,"max_hp_per_floor":[66,66,66,66,66,66,66,66,66,66,66,66,66,66,66,66,66,66,66,66,66,66,66,66,66,66,66,66,66],"card_choices":[{"not_picked":["Catalyst","Endless Agony"],"picked":"Blade Dance","floor":1.0},{"not_picked":["Well Laid Plans","Tactician"],"picked":"Quick Slash","floor":2.0},{"not_picked":["Backflip","Tactician"],"picked":"Malaise","floor":3.0},{"not_picked":["Flying Knee","Sucker Punch"],"picked":"Noxious Fumes","floor":5.0},{"not_picked":["Sucker Punch","Catalyst"],"picked":"Reflex","floor":8.0},{"not_picked":["Poisoned Stab","Endless Agony"],"picked":"Crippling Poison","floor":11.0},{"not_picked":["Backflip","Noxious Fumes"],"picked":"Concentrate","floor":12.0},{"not_picked":["Flying Knee","Dodge and Roll"],"picked":"Prepared","floor":13.0},{"not_picked":["Calculated Gamble","Slice"],"picked":"Terror","floor":14.0},{"not_picked":["Night Terror","Envenom"],"picked":"Grand Finale","floor":16.0},{"not_picked":["PiercingWail","Slice","Deadly Poison"],"picked":"SKIP","floor":18.0},{"not_picked":["Poisoned Stab","Outmaneuver","Heel Hook"],"picked":"SKIP","floor":21.0},{"not_picked":["Distraction","Cloak And Dagger"],"picked":"Accuracy","floor":24},{"not_picked":["Underhanded Strike","Grand Finale"],"picked":"Cloak And Dagger","floor":27}],"player_experience":2262012,"relics_obtained":[{"floor":8.0,"key":"Gambling Chip"},{"floor":9.0,"key":"Dota2Spire:BattleFury"}],"event_choices":[{"cards_removed":["Strike_G"],"damage_healed":0.0,"max_hp_gain":0.0,"max_hp_loss":0.0,"gold_gain":0.0,"event_name":"The Cleric","player_choice":"Card Removal","floor":4.0,"gold_loss":75.0,"damage_taken":0.0},{"damage_healed":0.0,"max_hp_gain":0.0,"max_hp_loss":0.0,"gold_gain":0.0,"event_name":"Living Wall","player_choice":"Grow","floor":7.0,"gold_loss":0.0,"damage_taken":0.0,"cards_upgraded":["Noxious Fumes"]},{"damage_healed":0.0,"max_hp_gain":0.0,"max_hp_loss":0.0,"gold_gain":0.0,"event_name":"The Mausoleum","player_choice":"Ignored","floor":19.0,"gold_loss":0.0,"damage_taken":0.0},{"damage_healed":0.0,"max_hp_gain":0.0,"max_hp_loss":0.0,"gold_gain":0.0,"cards_transformed":["Strike_G"],"event_name":"Transmorgrifier","player_choice":"Transformed","floor":22.0,"gold_loss":0.0,"damage_taken":0.0,"cards_obtained":["Calculated Gamble"]}],"is_beta":false,"boss_relics":[{"not_picked":["Philosopher\u0027s Stone","Fusion Hammer"],"picked":"Dota2Spire:Bloodstone"}],"items_purged_floors":[20],"is_endless":false,"potions_floor_spawned":[2,3,5,12,14,21],"killed_by":"Shelled Parasite and Fungi","ascension_level":20}}