{"host":"6azrrw3tf7wb0f4b","time":1610800862,"event":{"mods":["BaseMod","DeckTracker","Minty Spire (QoL Compilation)","SuperFastMode"],"gold_per_floor":[119,136,149,167,167,167,194,194,242,262,262,262,272,272,272,367,367,377,395,395,310,310,310,344,129,129,129,228,328,33,58,58,58,58],"floor_reached":33,"language":"KOR","playtime":715,"items_purged":["Strike_B","Defend_B"],"score":490,"play_id":"b04a931c-75c4-4b28-8d74-f6af0ae707c2","local_time":"20210116214102","is_ascension_mode":true,"campfire_choices":[{"floor":6.0,"key":"REST"},{"data":"Rainbow","floor":12.0,"key":"SMITH"},{"floor":15.0,"key":"REST"},{"data":"Chaos","floor":23.0,"key":"SMITH"},{"data":"Seek","floor":27.0,"key":"SMITH"},{"floor":32,"key":"REST"}],"circlet_count":0,"master_deck":["AscendersBane","Strike_B","Defend_B","Zap","Dualcast+1","FTL","Cold Snap","Conserve Battery","Ball Lightning","Sweeping Beam","Rainbow+1","Coolheaded","Seek+1","Beam Cell","Chaos+1","Self Repair","Glacier","Storm","Redo","Amplify","BootSequence"],"relics":["Cracked Core","Matryoshka","Lantern","Boot","Juzu Bracelet","DataDisk","Inserter","Mummified Hand","Vajra","Frozen Egg 2","Girya","Bottled Flame","Pen Nib"],"acts_visited":["Exordium","TheCity"],"potions_floor_usage":[31],"damage_taken":[{"damage":0.0,"enemies":"Small Slimes","floor":1.0,"turns":3.0},{"damage":1.0,"enemies":"Cultist","floor":2.0,"turns":3.0},{"damage":15.0,"enemies":"2 Louse","floor":3.0,"turns":3.0},{"damage":7.0,"enemies":"Red Slaver","floor":4.0,"turns":3.0},{"damage":16.0,"enemies":"3 Sentries","floor":7.0,"turns":5.0},{"damage":0.0,"enemies":"Blue Slaver","floor":10.0,"turns":2.0},{"damage":2.0,"enemies":"Gremlin Gang","floor":13.0,"turns":3.0},{"damage":8.0,"enemies":"The Guardian","floor":16.0,"turns":10.0},{"damage":0.0,"enemies":"Spheric Guardian","floor":18.0,"turns":3.0},{"damage":2.0,"enemies":"Chosen","floor":19.0,"turns":4.0},{"damage":23.0,"enemies":"Gremlin Leader","floor":24.0,"turns":7.0},{"damage":19.0,"enemies":"Colosseum Slavers","floor":29.0,"turns":4.0},{"damage":14.0,"enemies":"Colosseum Nobs","floor":29.0,"turns":4.0},{"damage":0,"enemies":"Slavers","floor":31,"turns":3},{"damage":58,"enemies":"Automaton","floor":33,"turns":6}],"seed_played":"-3997505365339975373","potions_obtained":[{"floor":1.0,"key":"Block Potion"},{"floor":2.0,"key":"Explosive Potion"},{"floor":10.0,"key":"FocusPotion"},{"floor":24.0,"key":"Explosive Potion"}],"is_trial":false,"path_per_floor":["M","M","M","M","?","R","E","?","T","M","?","R","M","T","R","B",null,"M","M","?","?","?","R","E","$","T","R","?","?","$","E","R","B"],"character_chosen":"DEFECT","items_purchased":["Glacier","Storm","PowerPotion","Amplify"],"campfire_rested":3,"item_purchase_floors":[25,25,30,30],"current_hp_per_floor":[50,49,34,27,20,42,26,26,26,26,26,26,24,24,46,38,66,66,64,64,64,57,57,34,34,34,34,34,15,15,22,44,0,0],"gold":58,"neow_bonus":"REMOVE_TWO","is_daily":false,"chose_seed":false,"campfire_upgraded":3,"win_rate":0.0,"timestamp":1610800862,"path_taken":["M","M","M","M","?","R","E","?","T","?","?","R","?","?","R","BOSS","M","M","?","?","?","R","E","$","T","R","?","?","$","E","R","BOSS"],"items_purchased_type":["Card","Card","Potion","Card"],"build_version":"2020-12-22","purchased_purges":2,"victory":false,"max_hp_per_floor":[75,75,75,75,75,75,75,75,75,75,75,75,75,75,75,75,75,75,75,75,75,75,75,75,75,75,75,75,75,75,75,75,75,75],"card_choices":[{"not_picked":["Lockon","Go for the Eyes"],"picked":"FTL","floor":1.0},{"not_picked":["Stack","Beam Cell"],"picked":"Cold Snap","floor":2.0},{"not_picked":["Reboot","Rebound"],"picked":"Conserve Battery","floor":3.0},{"not_picked":["Redo","Go for the Eyes"],"picked":"Ball Lightning","floor":4.0},{"not_picked":["Compile Driver","Gash"],"picked":"Sweeping Beam","floor":7.0},{"not_picked":["Steam","Leap"],"picked":"Rainbow","floor":10.0},{"not_picked":["Steam","Conserve Battery"],"picked":"Coolheaded","floor":13.0},{"not_picked":["Fission","Core Surge"],"picked":"Seek","floor":16.0},{"not_picked":["Leap","Capacitor+1"],"picked":"Beam Cell","floor":18.0},{"not_picked":["Leap","Streamline","Capacitor"],"picked":"SKIP","floor":19.0},{"not_picked":["Redo","Hologram"],"picked":"Self Repair","floor":24.0},{"not_picked":["Recycle","Steam"],"picked":"Redo","floor":29.0},{"not_picked":["Undo","Steam"],"picked":"BootSequence","floor":31}],"player_experience":721511,"relics_obtained":[{"floor":7.0,"key":"Matryoshka"},{"floor":9.0,"key":"Lantern"},{"floor":9.0,"key":"Boot"},{"floor":14.0,"key":"Juzu Bracelet"},{"floor":14.0,"key":"DataDisk"},{"floor":24.0,"key":"Vajra"},{"floor":26.0,"key":"Frozen Egg 2"},{"floor":29.0,"key":"Girya"},{"floor":29.0,"key":"Bottled Flame"},{"floor":31,"key":"Pen Nib"}],"event_choices":[{"cards_removed":["Defend_B"],"damage_healed":0.0,"max_hp_gain":0.0,"max_hp_loss":0.0,"gold_gain":0.0,"event_name":"Golden Wing","player_choice":"Card Removal","floor":5.0,"gold_loss":0.0,"damage_taken":7.0},{"damage_healed":0.0,"max_hp_gain":0.0,"max_hp_loss":0.0,"gold_gain":0.0,"event_name":"Accursed Blacksmith","player_choice":"Forge","floor":8.0,"gold_loss":0.0,"damage_taken":0.0,"cards_upgraded":["Dualcast"]},{"cards_removed":["Strike_B"],"damage_healed":0.0,"max_hp_gain":0.0,"max_hp_loss":0.0,"gold_gain":0.0,"event_name":"Bonfire Elementals","player_choice":"Offered Basic","floor":11.0,"gold_loss":0.0,"damage_taken":0.0},{"damage_healed":0.0,"max_hp_gain":0.0,"max_hp_loss":0.0,"gold_gain":0.0,"event_name":"The Library","player_choice":"Read","floor":20.0,"gold_loss":0.0,"damage_taken":0.0,"cards_obtained":["Chaos"]},{"damage_healed":0.0,"max_hp_gain":0.0,"max_hp_loss":0.0,"gold_gain":0.0,"event_name":"Addict","player_choice":"Obtained Relic","floor":21.0,"gold_loss":85.0,"damage_taken":0.0,"relics_obtained":["Mummified Hand"]},{"damage_healed":0.0,"max_hp_gain":0.0,"max_hp_loss":0.0,"gold_gain":0.0,"event_name":"Wheel of Change","player_choice":"Damaged","floor":22.0,"gold_loss":0.0,"damage_taken":7.0},{"damage_healed":0.0,"max_hp_gain":0.0,"max_hp_loss":0.0,"gold_gain":99.0,"event_name":"Nest","player_choice":"Stole From Cult","floor":28.0,"gold_loss":0.0,"damage_taken":0.0},{"damage_healed":0.0,"max_hp_gain":0.0,"max_hp_loss":0.0,"gold_gain":0.0,"event_name":"Colosseum","player_choice":"Fight","floor":29.0,"gold_loss":0.0,"damage_taken":0.0},{"damage_healed":0.0,"max_hp_gain":0.0,"max_hp_loss":0.0,"gold_gain":0.0,"event_name":"Colosseum","player_choice":"Fought Nobs","floor":29.0,"gold_loss":0.0,"damage_taken":0.0}],"is_beta":false,"boss_relics":[{"not_picked":["Pandora\u0027s Box","Calling Bell"],"picked":"Inserter"}],"items_purged_floors":[25,30],"is_endless":false,"potions_floor_spawned":[1,2,10,18,24,31],"killed_by":"Automaton","ascension_level":12}}