{"host":"bycas0s5rx7l5h3x","time":1610764753,"event":{"mods":["AchievementEnabler","BaseMod","LagranYue(¿≠∏Ò¿ °§‘¬)","Minty Spire (QoL Compilation)","StSLib"],"gold_per_floor":[109,126,143,98,98,98,110,127,127,127,92,108,123,88,88,88,88],"floor_reached":16,"language":"ZHS","playtime":1541,"items_purged":[],"score":96,"play_id":"41d386c3-3833-4544-b6d2-4a0ab95e6dd4","local_time":"20210116103913","is_ascension_mode":false,"campfire_choices":[{"data":"LagranYue:SkillFalseAerialAceCard","floor":6,"key":"SMITH"},{"data":"LagranYue:SkillLiberationCard","floor":10,"key":"SMITH"},{"floor":15,"key":"REST"}],"circlet_count":0,"master_deck":["LagranYue:BaseAttackCard","LagranYue:BaseAttackCard","LagranYue:BaseAttackCard","LagranYue:BaseDefendCard","LagranYue:BaseDefendCard","LagranYue:BaseDefendCard","LagranYue:AttackTopazCard+1","LagranYue:SkillBrokenSwordCard","LagranYue:BaseAttackCard","LagranYue:BaseDefendCard","LagranYue:SkillFalseAerialAceCard+1","LagranYue:AttackFutureCard","LagranYue:SkillLiberationCard+1","LagranYue:ForgingCard","LagranYue:SkillBrokenSwordCard","LagranYue:SkillDistortionCard","LagranYue:AttackGoldCard","LagranYue:SkillVictorySwordCard","LagranYue:MultipleThornsCard"],"relics":["LagranYue:ArmsProficiencyRelics"],"acts_visited":["Exordium"],"potions_floor_usage":[],"damage_taken":[{"damage":3.0,"enemies":"2 Louse","floor":1.0,"turns":3.0},{"damage":0.0,"enemies":"Jaw Worm","floor":2.0,"turns":5.0},{"damage":3,"enemies":"Small Slimes","floor":3,"turns":4},{"damage":0,"enemies":"Looter","floor":4,"turns":5},{"damage":1,"enemies":"Large Slime","floor":7,"turns":10},{"damage":15,"enemies":"Exordium Wildlife","floor":8,"turns":9},{"damage":16,"enemies":"Red Slaver","floor":12,"turns":8},{"damage":7,"enemies":"Looter","floor":13,"turns":4},{"damage":32,"enemies":"Exordium Thugs","floor":14,"turns":8},{"damage":53,"enemies":"Hexaghost","floor":16,"turns":13}],"seed_played":"-739648299004730669","potions_obtained":[{"floor":7,"key":"Weak Potion"},{"floor":8,"key":"PowerPotion"},{"floor":12,"key":"AttackPotion"}],"is_trial":false,"path_per_floor":["M","M","M","M","?","R","M","M","T","R","?","M","M","M","R","B"],"character_chosen":"LagranYueCharacter","items_purchased":[],"campfire_rested":1,"item_purchase_floors":[],"current_hp_per_floor":[72,72,69,69,69,69,68,53,53,53,71,55,48,26,51,0,0],"gold":88,"neow_bonus":"UPGRADE_CARD","is_daily":false,"chose_seed":false,"campfire_upgraded":2,"win_rate":0.0,"timestamp":1610764753,"path_taken":["M","M","M","M","?","R","M","M","T","R","?","M","M","M","R","BOSS"],"items_purchased_type":[],"build_version":"2020-12-22","purchased_purges":0,"victory":false,"max_hp_per_floor":[75,75,75,75,75,75,75,75,75,75,75,75,75,85,85,85,85],"card_choices":[{"not_picked":["LagranYue:EmeraldRemorseCard","LagranYue:SkillWoodSpearCard"],"picked":"LagranYue:SkillFalseAerialAceCard","floor":1.0},{"not_picked":["LagranYue:AttackBetterCard","LagranYue:SkillDeadlyBloomCard"],"picked":"LagranYue:AttackFutureCard","floor":2.0},{"not_picked":["LagranYue:ProjectionCard","LagranYue:SkillWoodSpearCard"],"picked":"LagranYue:SkillLiberationCard","floor":3},{"not_picked":["LagranYue:RoseCard","LagranYue:AttackFlintCard"],"picked":"LagranYue:ForgingCard","floor":4},{"not_picked":["LagranYue:SkillGaeBolgCard","LagranYue:SkillDevilKissCard"],"picked":"LagranYue:SkillBrokenSwordCard","floor":7},{"not_picked":["LagranYue:SkillChiharaHoundCard","LagranYue:AttackRubyCard"],"picked":"LagranYue:SkillDistortionCard","floor":8},{"not_picked":["LagranYue:RoseCard","LagranYue:AttackTopazCard"],"picked":"LagranYue:AttackGoldCard","floor":12},{"not_picked":["LagranYue:AttackIceCard","LagranYue:DefendBetterCard"],"picked":"LagranYue:SkillVictorySwordCard","floor":13},{"not_picked":["LagranYue:SkillBrokenSwordCard","LagranYue:PowerRemoveArmorCard"],"picked":"LagranYue:MultipleThornsCard","floor":14}],"player_experience":30885,"relics_obtained":[],"event_choices":[{"damage_healed":0,"gold_gain":0,"player_choice":"Fled","damage_taken":0,"max_hp_gain":0,"max_hp_loss":0,"event_name":"Scrap Ooze","floor":5,"gold_loss":0},{"damage_healed":18,"gold_gain":0,"player_choice":"Healed","damage_taken":0,"max_hp_gain":0,"max_hp_loss":0,"event_name":"The Cleric","floor":11,"gold_loss":35}],"is_beta":false,"boss_relics":[],"items_purged_floors":[],"is_endless":false,"potions_floor_spawned":[7,8,12,13],"killed_by":"Hexaghost","ascension_level":0}}