{"host":"vm8b3ptwl81uq21f","time":1610834634,"event":{"mods":["Aspiration","BaseMod","BetterRewards","Colored Map","Colored Powertips","GifTheSpireLib","Googly Eyes","GungeonMod","Halation","Hubris","Infinite Spire","Minty Spire (QoL Compilation)","Quick Restart","Rare Cards Sparkle","Replay The Spire","Shop Mod","Spicy Shops","StSLib","Stuff the Spire","The IronCluck","[IsaacMod]????"],"gold_per_floor":[110,121,121,182,0,26,43,43,121,121,121,121],"floor_reached":11,"language":"ENG","playtime":625,"items_purged":[],"score":187,"play_id":"27136bc4-371c-42eb-b412-ad4857e98f1b","local_time":"20210116170354","is_ascension_mode":true,"campfire_choices":[{"data":"Forethought","floor":8,"key":"SMITH"}],"circlet_count":0,"master_deck":["AscendersBane","DemoMod:Strike_Huntress","DemoMod:Strike_Huntress","DemoMod:Strike_Huntress","DemoMod:Defend_Huntress","DemoMod:Defend_Huntress","DemoMod:Defend_Huntress","DemoMod:Defend_Huntress","DemoMod:Roll","DemoMod:ManualReload","DemoMod:RustySidearm","DemoMod:CrossBow","Master of Strategy","Master of Strategy","Master of Strategy","Master of Strategy","DemoMod:Unmoved","Forethought+1","DemoMod:HardPowerCard","DemoMod:RadGun","DemoMod:GunstockTap","DemoMod:HardPowerCard","DemoMod:FastSwitch+1","Decay"],"relics":["DemoMod:Dog","HushsDoor","GuppysTail","MerchantsRug","Bag of Preparation","halation:PeacePiece","Pocketwatch","DemoMod:GundromedaStrain","DemoMod:GundromedaStrain","StuffTheSpire:Wildfire","infinitespire:ShieldingShard","NlothsMask"],"acts_visited":["Exordium"],"potions_floor_usage":[],"damage_taken":[{"damage":0,"enemies":"Jaw Worm","floor":1,"turns":5},{"damage":0,"enemies":"Cultist","floor":2,"turns":4},{"damage":0,"enemies":"Small Slimes","floor":4,"turns":4},{"damage":0,"enemies":"Gremlin Nob","floor":6,"turns":2},{"damage":0,"enemies":"Gremlin Gang","floor":7,"turns":4},{"damage":13,"enemies":"Lagavulin","floor":11,"turns":7}],"seed_played":"-1977045447479683093","potions_obtained":[{"floor":1,"key":"EssenceOfSteel"},{"floor":4,"key":"DistilledChaos"}],"is_trial":false,"path_per_floor":["M","M","?","M","$","E","M","R","T","?","E"],"character_chosen":"HUNTRESS","items_purchased":["Diplopia","halation:NonexistentMirror","Master of Strategy","DollysMirror","MerchantsRug","DemoMod:Unmoved","Bag of Preparation","Forethought","DemoMod:HardPowerCard","DemoMod:RadGun","halation:PeacePiece","DemoMod:HardPowerCard","DemoMod:FastSwitch+1","DemoMod:GundromedaStrain"],"campfire_rested":0,"item_purchase_floors":[0,0,0,0,0,0,0,0,0,0,0,5,5,5],"current_hp_per_floor":[21,21,21,21,21,21,21,21,21,21,8,8],"gold":121,"neow_bonus":"","is_daily":false,"chose_seed":false,"campfire_upgraded":1,"win_rate":0.0,"timestamp":1610834634,"path_taken":["M","M","?","M","$","E","M","R","T","?","E"],"items_purchased_type":["Relic","Relic","Card","Relic","Relic","Card","Relic","Card","Card","Card","Relic","Card","Card","Relic"],"build_version":"2020-12-22","purchased_purges":0,"victory":false,"max_hp_per_floor":[70,70,70,70,70,70,70,70,70,70,70,70],"card_choices":[{"not_picked":["DemoMod:CombinedRifle","DemoMod:HuntsMan","DemoMod:ZorGun"],"picked":"SKIP","floor":1},{"not_picked":["DemoMod:JK47","DemoMod:BSG"],"picked":"Bomb","floor":2},{"not_picked":["DemoMod:Casey","DemoMod:DirectionalPad"],"picked":"DemoMod:GunstockTap","floor":4},{"not_picked":["DemoMod:FullFirepower","DemoMod:StickyCrossBow","DemoMod:DoubleVision"],"picked":"SKIP","floor":6},{"not_picked":["DemoMod:Unity","DemoMod:SAA","DemoMod:PotionOfGunFriendShip"],"picked":"SKIP","floor":7}],"player_experience":354910,"relics_obtained":[{"floor":6,"key":"StuffTheSpire:Wildfire"},{"floor":9,"key":"infinitespire:ShieldingShard"}],"event_choices":[{"damage_healed":0,"gold_gain":0,"player_choice":"Trade","damage_taken":0,"relics_obtained":["NlothsMask"],"max_hp_gain":0,"max_hp_loss":0,"event_name":"FaceTrader","floor":10,"gold_loss":0}],"is_beta":false,"boss_relics":[],"items_purged_floors":[],"is_endless":false,"potions_floor_spawned":[1,4],"killed_by":"Lagavulin","ascension_level":13}}