{"host":"8gp6t7ud4bifk0zs","time":1610766516,"event":{"mods":["AchievementEnabler","BaseMod","Minty Spire (QoL Compilation)","StSLib","everything is the same but u backflip on backflip"],"gold_per_floor":[110,125,148,223,237,270,284,311,359,359,359,378,406,419,419,524,524,537,240,253,267,467,467,494,494,494,508,541,941,941,976,976,1080,1080,1099,1116,304,322,322,322,121,121,121,141,161,161,195,241,241,241],"floor_reached":51,"language":"KOR","playtime":2405,"items_purged":["Strike_R","Strike_R","Strike_R"],"score":1248,"play_id":"416cece7-f729-481a-98f6-21423ed8c705","local_time":"20210116120836","is_ascension_mode":true,"campfire_choices":[{"data":"Corruption","floor":10,"key":"SMITH"},{"data":"Metallicize","floor":15,"key":"SMITH"},{"data":"Sentinel","floor":23,"key":"SMITH"},{"data":"Shockwave","floor":25,"key":"SMITH"},{"data":"Shrug It Off","floor":32,"key":"SMITH"},{"data":"Strike_R","floor":40,"key":"PURGE"},{"data":"Bloodletting","floor":42,"key":"SMITH"},{"data":"Dark Embrace+1","floor":49,"key":"PURGE"}],"circlet_count":0,"master_deck":["Defend_R+1","Defend_R+1","Defend_R+1","Defend_R+1","Bash+1","Corruption+1","Infernal Blade+1","Metallicize+1","Spot Weakness+1","True Grit+1","Shockwave+1","Sentinel+1","Shrug It Off+1","Shrug It Off+1","Bloodletting+1","Shrug It Off+1","Disarm+1"],"relics":["Black Blood","Dead Branch","Charon\u0027s Ashes","Juzu Bracelet","Toy Ornithopter","Vajra","Tiny Chest","Boot","Busted Crown","Brimstone","Pear","Anchor","Darkstone Periapt","Old Coin","Question Card","Gremlin Horn","Smiling Mask","Paper Frog","Peace Pipe","OrangePellets","Oddly Smooth Stone","Ornamental Fan","Mark of the Bloom","CeramicFish","Prayer Wheel"],"acts_visited":["Exordium","TheCity","TheBeyond"],"potions_floor_usage":[29,31,31],"damage_taken":[{"damage":1,"enemies":"Cultist","floor":1,"turns":3},{"damage":11,"enemies":"2 Louse","floor":2,"turns":2},{"damage":1,"enemies":"Small Slimes","floor":5,"turns":3},{"damage":4,"enemies":"Lagavulin","floor":6,"turns":4},{"damage":0,"enemies":"Exordium Wildlife","floor":7,"turns":1},{"damage":0,"enemies":"3 Sentries","floor":8,"turns":1},{"damage":2,"enemies":"Large Slime","floor":12,"turns":4},{"damage":18,"enemies":"Lagavulin","floor":13,"turns":6},{"damage":8,"enemies":"2 Fungi Beasts","floor":14,"turns":3},{"damage":4,"enemies":"The Guardian","floor":16,"turns":5},{"damage":6,"enemies":"Chosen","floor":18,"turns":2},{"damage":0,"enemies":"Shell Parasite","floor":20,"turns":3},{"damage":22,"enemies":"Snake Plant","floor":21,"turns":3},{"damage":0,"enemies":"Gremlin Leader","floor":24,"turns":4},{"damage":10,"enemies":"Snecko","floor":27,"turns":4},{"damage":21,"enemies":"Book of Stabbing","floor":28,"turns":5},{"damage":2,"enemies":"Colosseum Slavers","floor":29,"turns":3},{"damage":11,"enemies":"Colosseum Nobs","floor":29,"turns":4},{"damage":0,"enemies":"Slavers","floor":31,"turns":4},{"damage":0,"enemies":"Collector","floor":33,"turns":3},{"damage":8,"enemies":"3 Darklings","floor":35,"turns":3},{"damage":10,"enemies":"3 Shapes","floor":36,"turns":3},{"damage":8,"enemies":"Spire Growth","floor":38,"turns":4},{"damage":3,"enemies":"Transient","floor":44,"turns":5},{"damage":9,"enemies":"4 Shapes","floor":45,"turns":1},{"damage":0,"enemies":"Reptomancer","floor":47,"turns":3},{"damage":0,"enemies":"2 Orb Walkers","floor":48,"turns":2},{"damage":51,"enemies":"Awakened One","floor":50,"turns":4}],"seed_played":"-7785722136748246375","potions_obtained":[{"floor":1,"key":"SmokeBomb"},{"floor":5,"key":"Block Potion"},{"floor":6,"key":"PowerPotion"},{"floor":29,"key":"Strength Potion"},{"floor":36,"key":"Dexterity Potion"},{"floor":44,"key":"BlessingOfTheForge"}],"is_trial":true,"path_per_floor":["M","M","T","?","M","E","M","E","T","R","?","M","E","M","R","B",null,"M","$","M","M","?","R","E","R","T","M","E","?","T","E","R","B",null,"M","M","$","M","?","R","$","R","T","M","M","?","E","?","R","B",null],"character_chosen":"IRONCLAD","items_purchased":["Brimstone","Dark Embrace","Paper Frog","Peace Pipe","OrangePellets","Bloodletting","Oddly Smooth Stone"],"campfire_rested":0,"item_purchase_floors":[19,19,37,37,37,37,41],"current_hp_per_floor":[80,75,75,64,69,71,77,80,80,80,85,85,73,71,71,73,85,85,85,85,69,69,69,85,85,85,81,66,70,70,86,86,92,95,95,95,95,95,95,95,95,95,95,95,95,95,95,95,95,44],"gold":241,"neow_bonus":"","is_daily":false,"chose_seed":false,"campfire_upgraded":6,"win_rate":0.0,"timestamp":1610766516,"path_taken":["M","M","?","?","M","E","M","E","T","R","?","M","E","M","R","BOSS","M","$","M","M","?","R","E","R","T","M","E","?","?","E","R","BOSS","M","M","$","M","?","R","$","R","T","M","M","?","E","?","R","BOSS"],"items_purchased_type":["Relic","Card","Relic","Relic","Relic","Card","Relic"],"build_version":"2020-12-22","purchased_purges":3,"victory":true,"max_hp_per_floor":[80,80,80,80,80,80,80,80,80,80,85,85,85,85,85,85,85,85,85,85,85,85,85,95,95,95,95,95,95,95,95,95,95,95,95,95,95,95,95,95,95,95,95,95,95,95,95,95,95,95],"card_choices":[{"not_picked":["Uppercut","Metallicize"],"picked":"Infernal Blade","floor":1},{"not_picked":["Reckless Charge","Inflame"],"picked":"Metallicize","floor":2},{"not_picked":["Combust","Body Slam"],"picked":"Spot Weakness","floor":5},{"not_picked":["True Grit","Perfected Strike","Twin Strike"],"picked":"SKIP","floor":6},{"not_picked":["Perfected Strike","Twin Strike"],"picked":"True Grit","floor":6},{"not_picked":["Twin Strike","Clash","Flex"],"picked":"SKIP","floor":7},{"not_picked":["Havoc","Flex"],"picked":"Shockwave","floor":8},{"not_picked":["Pommel Strike","Power Through","Armaments"],"picked":"SKIP","floor":12},{"not_picked":["Dropkick","Flex"],"picked":"Sentinel","floor":13},{"not_picked":["Dual Wield","Intimidate","Body Slam"],"picked":"SKIP","floor":14},{"not_picked":["Warcry"],"picked":"SKIP","floor":18},{"not_picked":["Havoc+1"],"picked":"SKIP","floor":20},{"not_picked":["Uppercut"],"picked":"SKIP","floor":21},{"not_picked":["Perfected Strike"],"picked":"SKIP","floor":24},{"not_picked":["Twin Strike"],"picked":"SKIP","floor":27},{"not_picked":[],"picked":"Shrug It Off","floor":28},{"not_picked":["Perfected Strike","Anger"],"picked":"SKIP","floor":31},{"not_picked":["Second Wind+1","Anger+1"],"picked":"SKIP","floor":35},{"not_picked":["Inflame+1"],"picked":"Shrug It Off","floor":36},{"not_picked":["Clothesline"],"picked":"Shrug It Off+1","floor":38},{"not_picked":["Flame Barrier+1","Body Slam+1"],"picked":"SKIP","floor":44},{"not_picked":["Whirlwind+1","Clothesline"],"picked":"SKIP","floor":45},{"not_picked":["Spot Weakness"],"picked":"Disarm+1","floor":47}],"player_experience":226464,"relics_obtained":[{"floor":3,"key":"Juzu Bracelet"},{"floor":6,"key":"Toy Ornithopter"},{"floor":8,"key":"Vajra"},{"floor":9,"key":"Tiny Chest"},{"floor":13,"key":"Boot"},{"floor":24,"key":"Pear"},{"floor":26,"key":"Anchor"},{"floor":28,"key":"Darkstone Periapt"},{"floor":29,"key":"Old Coin"},{"floor":29,"key":"Question Card"},{"floor":30,"key":"Gremlin Horn"},{"floor":31,"key":"Smiling Mask"},{"floor":43,"key":"Ornamental Fan"},{"floor":47,"key":"CeramicFish"},{"floor":48,"key":"Prayer Wheel"}],"event_choices":[{"damage_healed":0,"gold_gain":75,"player_choice":"Gather Gold","damage_taken":11,"max_hp_gain":0,"max_hp_loss":0,"event_name":"World of Goop","floor":4,"gold_loss":0},{"damage_healed":0,"gold_gain":0,"player_choice":"Donut","damage_taken":0,"max_hp_gain":5,"max_hp_loss":0,"event_name":"Big Fish","floor":11,"gold_loss":0},{"damage_healed":0,"gold_gain":250,"player_choice":"Bet on Owner","damage_taken":0,"max_hp_gain":0,"max_hp_loss":0,"event_name":"The Joust","floor":22,"gold_loss":50},{"damage_healed":0,"gold_gain":0,"player_choice":"Fight","damage_taken":0,"max_hp_gain":0,"max_hp_loss":0,"event_name":"Colosseum","floor":29,"gold_loss":0},{"damage_healed":0,"gold_gain":0,"player_choice":"Fought Nobs","damage_taken":0,"max_hp_gain":0,"max_hp_loss":0,"event_name":"Colosseum","floor":29,"gold_loss":0},{"cards_removed":["Strike_R"],"damage_healed":0,"gold_gain":0,"player_choice":"Removed Attack","damage_taken":0,"max_hp_gain":0,"max_hp_loss":0,"event_name":"Falling","floor":39,"gold_loss":0},{"damage_healed":0,"gold_gain":0,"player_choice":"Upgrade","damage_taken":0,"relics_obtained":["Mark of the Bloom"],"max_hp_gain":0,"max_hp_loss":0,"event_name":"MindBloom","floor":46,"gold_loss":0,"cards_upgraded":["Defend_R","Defend_R","Defend_R","Defend_R","Bash","Infernal Blade","Spot Weakness","True Grit","Dark Embrace","Shrug It Off"]},{"damage_healed":0,"gold_gain":0,"player_choice":"Fight","damage_taken":0,"max_hp_gain":0,"max_hp_loss":0,"event_name":"Mysterious Sphere","floor":48,"gold_loss":0}],"is_beta":false,"boss_relics":[{"not_picked":["Empty Cage","Snecko Eye"],"picked":"Busted Crown"},{"not_picked":["Philosopher\u0027s Stone","Runic Dome"],"picked":"Black Blood"}],"items_purged_floors":[19,37,41],"is_endless":false,"potions_floor_spawned":[1,5,6,14,18,20,27,29,36,44,45,47],"ascension_level":3}}