{"host":"msa0wxqjs3jv1k3j","time":1610804708,"event":{"mods":["AchievementEnabler","BaseMod","BetterRewards","Colored Map","Highlight Path","KOR Keyword Fix","Keyboard Shortcuts","Minty Spire (QoL Compilation)","Quick Restart","SuperFastMode","everything is the same but u backflip on backflip"],"gold_per_floor":[25,25,57,85,116,128,175,187,226,272,304,266,79,79,79,180,180,198,148,248,124,139,139,151,165,165,165,198,231,330,347,347,445,445,465,815,862,880,334,334,334,365,437,437,437,437,244,264,264,264],"floor_reached":51,"language":"KOR","playtime":2278,"items_purged":["Strike_P","Defend_P","Defend_P","Strike_P","Wallop+1","BowlingBash"],"score":876,"play_id":"7433565e-a44b-4d71-af85-d0b86b7ebf54","local_time":"20210116224508","is_ascension_mode":false,"campfire_choices":[{"data":"Eruption","floor":6.0,"key":"SMITH"},{"data":"Adaptation","floor":8.0,"key":"SMITH"},{"floor":15.0,"key":"REST"},{"floor":23.0,"key":"REST"},{"floor":27.0,"key":"REST"},{"floor":32.0,"key":"REST"},{"data":"Adaptation","floor":44,"key":"SMITH"},{"data":"Adaptation","floor":49,"key":"SMITH"}],"circlet_count":0,"master_deck":["Eruption+1","MentalFortress","Crescendo","FearNoEvil","Adaptation+1","FlurryOfBlows","LikeWater","BattleHymn","MentalFortress","EmptyFist+1","Adaptation+1","MentalFortress+1","Adaptation+1","SandsOfTime","FollowUp+1","InnerPeace+1","ClearTheMind+1","Finesse+1"],"relics":["PureWater","TungstenRod","Question Card","HandDrill","Orichalcum","MawBank","Dream Catcher","Smiling Mask","Nunchaku","TheAbacus","VioletLotus","Mango","InkBottle","Red Mask","Astrolabe","Old Coin","Juzu Bracelet","Eternal Feather","Molten Egg 2","PreservedInsect","Sundial","Regal Pillow","War Paint"],"acts_visited":["Exordium","TheCity","TheBeyond"],"potions_floor_usage":[38,40,50],"damage_taken":[{"damage":9.0,"enemies":"Small Slimes","floor":1.0,"turns":6.0},{"damage":3.0,"enemies":"2 Louse","floor":3.0,"turns":4.0},{"damage":0.0,"enemies":"Jaw Worm","floor":4.0,"turns":3.0},{"damage":7.0,"enemies":"Lots of Slimes","floor":5.0,"turns":5.0},{"damage":4.0,"enemies":"Lagavulin","floor":7.0,"turns":5.0},{"damage":4.0,"enemies":"Gremlin Nob","floor":10.0,"turns":4.0},{"damage":10.0,"enemies":"Gremlin Gang","floor":11.0,"turns":3.0},{"damage":29.0,"enemies":"Slime Boss","floor":16.0,"turns":8.0},{"damage":0.0,"enemies":"Spheric Guardian","floor":18.0,"turns":2.0},{"damage":67.0,"enemies":"2 Thieves","floor":22.0,"turns":4.0},{"damage":3.0,"enemies":"Sentry and Sphere","floor":24.0,"turns":4.0},{"damage":2.0,"enemies":"Centurion and Healer","floor":25.0,"turns":3.0},{"damage":14.0,"enemies":"Gremlin Leader","floor":28.0,"turns":5.0},{"damage":11.0,"enemies":"Masked Bandits","floor":29.0,"turns":4.0},{"damage":13.0,"enemies":"Snake Plant","floor":31.0,"turns":3.0},{"damage":64,"enemies":"Collector","floor":33,"turns":8},{"damage":0,"enemies":"3 Shapes","floor":35,"turns":2},{"damage":0,"enemies":"Mind Bloom Boss Battle","floor":36,"turns":5},{"damage":16,"enemies":"3 Darklings","floor":38,"turns":3},{"damage":0,"enemies":"Giant Head","floor":42,"turns":5},{"damage":15,"enemies":"Writhing Mass","floor":48,"turns":2},{"damage":0,"enemies":"Donu and Deca","floor":50,"turns":2}],"seed_played":"6915144308565754858","potions_obtained":[{"floor":5.0,"key":"EntropicBrew"},{"floor":7.0,"key":"Weak Potion"},{"floor":16.0,"key":"FairyPotion"},{"floor":22.0,"key":"Explosive Potion"},{"floor":24.0,"key":"Strength Potion"},{"floor":28.0,"key":"AttackPotion"},{"floor":33,"key":"ColorlessPotion"},{"floor":36,"key":"LiquidMemories"},{"floor":38,"key":"DistilledChaos"},{"floor":40,"key":"Fruit Juice"},{"floor":40,"key":"Ambrosia"}],"is_trial":false,"path_per_floor":["M","?","M","M","M","R","E","R","T","E","M","?","$","?","R","B",null,"M","$","?","$","M","R","M","M","T","R","E","?","?","M","R","B",null,"M","?","T","M","$","?","?","E","T","R","?","?","$","M","R","B",null],"character_chosen":"WATCHER","items_purchased":["Question Card","HandDrill","Orichalcum","MentalFortress","TheAbacus","MentalFortress","Eternal Feather","Molten Egg 2","War Paint"],"campfire_rested":4,"item_purchase_floors":[0,0,0,0,13,21,39,39,47],"current_hp_per_floor":[63,61,58,58,51,51,47,47,47,43,33,33,33,27,48,19,72,72,72,72,72,5,26,23,21,35,60,46,35,35,22,47,25,86,86,86,86,70,70,75,75,75,75,84,84,84,84,69,78,78],"gold":264,"neow_bonus":"","is_daily":false,"chose_seed":false,"campfire_upgraded":4,"win_rate":0.0,"timestamp":1610804708,"path_taken":["M","?","M","M","M","R","E","R","T","E","M","?","$","?","R","BOSS","M","$","?","$","?","R","M","?","T","R","E","?","?","M","R","BOSS","M","?","?","M","$","?","?","E","T","R","?","?","$","M","R","BOSS"],"items_purchased_type":["Relic","Relic","Relic","Card","Relic","Card","Relic","Relic","Relic"],"build_version":"2020-12-22","purchased_purges":6,"victory":true,"max_hp_per_floor":[72,72,72,72,72,72,72,72,72,72,72,72,72,72,72,72,72,72,72,72,72,72,72,72,72,86,86,86,86,86,86,86,86,86,86,86,86,86,86,91,91,91,91,91,86,86,86,86,86,86],"card_choices":[{"not_picked":["Wireheading","Evaluate","WindmillStrike","Collect"],"picked":"SKIP","floor":1.0},{"not_picked":["Halt","WaveOfTheHand","Sanctity"],"picked":"Crescendo","floor":3.0},{"not_picked":["EmptyBody","Fasting2","ThirdEye"],"picked":"FearNoEvil","floor":4.0},{"not_picked":["Meditate","EmptyBody","Indignation","Weave"],"picked":"SKIP","floor":5.0},{"not_picked":["FearNoEvil","ClearTheMind","LessonLearned"],"picked":"Adaptation","floor":7.0},{"not_picked":["EmptyFist","Prostrate","Swivel","DeceiveReality"],"picked":"SKIP","floor":10.0},{"not_picked":["Prostrate","CutThroughFate","Indignation"],"picked":"FlurryOfBlows","floor":11.0},{"not_picked":["BowlingBash","CrushJoints","Evaluate"],"picked":"LikeWater","floor":15.0},{"not_picked":["CutThroughFate","FlyingSleeves+1","Consecrate+1"],"picked":"BattleHymn","floor":18.0},{"not_picked":["WindmillStrike+1","Halt","Wallop"],"picked":"EmptyFist+1","floor":22.0},{"not_picked":["Prostrate","Crescendo+1","Nirvana"],"picked":"Adaptation","floor":23.0},{"not_picked":["Wallop","ThirdEye","TalkToTheHand+1"],"picked":"BowlingBash","floor":24.0},{"not_picked":["Wireheading","Consecrate","EmptyBody","FlurryOfBlows"],"picked":"SKIP","floor":25.0},{"not_picked":["Protect","Brilliance","FollowUp+1"],"picked":"MentalFortress+1","floor":27.0},{"not_picked":["Protect","WindmillStrike","Worship+1"],"picked":"Adaptation","floor":28.0},{"not_picked":["FollowUp","BowlingBash","Fasting2+1"],"picked":"SandsOfTime","floor":31.0},{"not_picked":["PathToVictory+1","Weave","CarveReality+1","Study"],"picked":"SKIP","floor":35},{"not_picked":["FlyingSleeves+1","BowlingBash","Prostrate+1"],"picked":"ClearTheMind","floor":38},{"not_picked":["Dark Shackles","Swift Strike+1","Flash of Steel+1"],"picked":"Finesse","floor":41},{"not_picked":["SignatureMove+1","Prostrate+1","Consecrate+1","Ragnarok+1"],"picked":"SKIP","floor":42},{"not_picked":["CrushJoints+1","Study+1","Collect","Protect+1"],"picked":"SKIP","floor":48}],"player_experience":115435,"relics_obtained":[{"floor":7.0,"key":"Dream Catcher"},{"floor":9.0,"key":"Smiling Mask"},{"floor":10.0,"key":"Nunchaku"},{"floor":26.0,"key":"Mango"},{"floor":28.0,"key":"InkBottle"},{"floor":29.0,"key":"Red Mask"},{"floor":36,"key":"Old Coin"},{"floor":37,"key":"Juzu Bracelet"},{"floor":42,"key":"PreservedInsect"},{"floor":43,"key":"Sundial"},{"floor":46,"key":"Regal Pillow"}],"event_choices":[{"damage_healed":0.0,"max_hp_gain":0.0,"max_hp_loss":0.0,"gold_gain":0.0,"event_name":"Scrap Ooze","player_choice":"Success","floor":2.0,"gold_loss":0.0,"damage_taken":3.0,"relics_obtained":["MawBank"]},{"cards_removed":["Defend_P"],"damage_healed":0.0,"max_hp_gain":0.0,"max_hp_loss":0.0,"gold_gain":0.0,"event_name":"The Cleric","player_choice":"Card Removal","floor":12.0,"gold_loss":50.0,"damage_taken":0.0},{"cards_removed":["Strike_P"],"damage_healed":0.0,"max_hp_gain":0.0,"max_hp_loss":0.0,"gold_gain":0.0,"event_name":"Golden Wing","player_choice":"Card Removal","floor":14.0,"gold_loss":0.0,"damage_taken":7.0},{"damage_healed":0.0,"max_hp_gain":0.0,"max_hp_loss":0.0,"gold_gain":100.0,"event_name":"Golden Shrine","player_choice":"Pray","floor":20.0,"gold_loss":0.0,"damage_taken":0.0},{"damage_healed":0.0,"max_hp_gain":0.0,"max_hp_loss":0.0,"gold_gain":0.0,"event_name":"Masked Bandits","player_choice":"Fought Bandits","floor":29.0,"gold_loss":0.0,"damage_taken":0.0},{"damage_healed":0.0,"max_hp_gain":0.0,"max_hp_loss":0.0,"gold_gain":99.0,"event_name":"Nest","player_choice":"Stole From Cult","floor":30.0,"gold_loss":0.0,"damage_taken":0.0},{"damage_healed":0,"gold_gain":0,"player_choice":"Fight","damage_taken":0,"max_hp_gain":0,"max_hp_loss":0,"event_name":"MindBloom","floor":36,"gold_loss":0},{"damage_healed":0,"gold_gain":0,"player_choice":"Got Potions","damage_taken":0,"max_hp_gain":0,"max_hp_loss":0,"event_name":"Lab","floor":40,"gold_loss":0},{"damage_healed":0,"gold_gain":0,"player_choice":"Memory 1","damage_taken":0,"max_hp_gain":0,"max_hp_loss":0,"event_name":"SensoryStone","floor":41,"gold_loss":0},{"damage_healed":0,"gold_gain":0,"player_choice":"Max HP","damage_taken":0,"max_hp_gain":0,"max_hp_loss":5,"event_name":"Winding Halls","floor":45,"gold_loss":0},{"damage_healed":0,"gold_gain":0,"player_choice":"Relic","damage_taken":0,"max_hp_gain":0,"max_hp_loss":0,"event_name":"Wheel of Change","floor":46,"gold_loss":0}],"is_beta":false,"boss_relics":[{"not_picked":["Calling Bell","Velvet Choker"],"picked":"VioletLotus"},{"not_picked":["Busted Crown","Fusion Hammer"],"picked":"Astrolabe"}],"items_purged_floors":[0,13,19,21,39,47],"is_endless":false,"potions_floor_spawned":[5,7,16,22,24,28,33,36,38,48],"ascension_level":0}}