{"host":"uv231blk40vjdojr","time":1610818463,"event":{"mods":["AchievementEnabler","BaseMod","Bestiary","Minty Spire (QoL Compilation)","Relic Stats"],"gold_per_floor":[111,68,88,7,7,42,42,54,81,98,158,158,177,21,21,94,94,110,1,1,16,16,16,46,57,110,0,0,0,33,33,33,105,105,116,77,77,77,96,96,96],"floor_reached":40,"language":"ENG","playtime":1779,"items_purged":["Strike_B"],"score":890,"play_id":"3b18aa02-8a95-4528-a313-081e943736fe","local_time":"20210116183423","is_ascension_mode":true,"campfire_choices":[{"data":"Defragment","floor":7,"key":"SMITH"},{"data":"Dualcast","floor":12,"key":"SMITH"},{"data":"Genetic Algorithm","floor":15,"key":"SMITH"},{"data":"Multi-Cast","floor":23,"key":"SMITH"},{"floor":28,"key":"REST"},{"data":"Reinforced Body","floor":32,"key":"SMITH"}],"circlet_count":0,"master_deck":["AscendersBane","Strike_B+1","Strike_B+1","Defend_B+1","Defend_B+1","Defend_B+1","Defend_B+1","Zap","Dualcast+1","Ball Lightning+1","Static Discharge","Cold Snap","Defragment+1","Undo","Leap","Genetic Algorithm+1","Darkness","Multi-Cast+1","Coolheaded","Cold Snap+1","Skim","Echo Form","Reinforced Body+1","Ghostly","Ghostly","Ghostly","Creative AI","Aggregate"],"relics":["FrozenCore","NeowsBlessing","MealTicket","Oddly Smooth Stone","DataDisk","Happy Flower","Runic Dome","Bag of Preparation","Whetstone","Boot"],"acts_visited":["Exordium","TheCity","TheBeyond"],"potions_floor_usage":[16,24],"damage_taken":[{"damage":0,"enemies":"Small Slimes","floor":1,"turns":1},{"damage":0,"enemies":"Cultist","floor":3,"turns":1},{"damage":0,"enemies":"Lagavulin","floor":6,"turns":1},{"damage":1,"enemies":"2 Louse","floor":8,"turns":3},{"damage":0,"enemies":"Blue Slaver","floor":10,"turns":3},{"damage":14,"enemies":"Lagavulin Event","floor":11,"turns":6},{"damage":3,"enemies":"3 Louse","floor":13,"turns":4},{"damage":12,"enemies":"The Guardian","floor":16,"turns":8},{"damage":17,"enemies":"Shell Parasite","floor":18,"turns":5},{"damage":0,"enemies":"3 Byrds","floor":21,"turns":4},{"damage":50,"enemies":"Gremlin Leader","floor":24,"turns":6},{"damage":0,"enemies":"Snecko","floor":25,"turns":6},{"damage":14,"enemies":"Book of Stabbing","floor":30,"turns":4},{"damage":18,"enemies":"Champ","floor":33,"turns":13},{"damage":0,"enemies":"3 Shapes","floor":35,"turns":6},{"damage":12,"enemies":"3 Darklings","floor":39,"turns":6},{"damage":23,"enemies":"Giant Head","floor":40,"turns":7}],"seed_played":"-880204102114829992","potions_obtained":[{"floor":3,"key":"EssenceOfSteel"},{"floor":13,"key":"Weak Potion"},{"floor":16,"key":"Fire Potion"},{"floor":25,"key":"Swift Potion"},{"floor":33,"key":"PotionOfCapacity"},{"floor":39,"key":"Energy Potion"}],"is_trial":false,"path_per_floor":["M","$","M","$","?","E","R","M","T","M","?","R","M","$","R","B",null,"M","$","?","M","?","R","E","M","T","?","R","$","E","?","R","B",null,"M","$","?","?","M","E"],"character_chosen":"DEFECT","items_purchased":["Static Discharge","Defragment","Darkness","Coolheaded","Cold Snap","Aggregate"],"campfire_rested":1,"item_purchase_floors":[2,4,14,19,19,36],"current_hp_per_floor":[64,64,64,64,64,64,64,63,63,63,49,49,46,61,61,49,66,49,64,64,64,64,64,14,14,14,14,35,50,36,35,35,17,31,31,35,35,35,23,0,0],"gold":96,"neow_bonus":"THREE_ENEMY_KILL","is_daily":false,"chose_seed":false,"campfire_upgraded":5,"win_rate":0.0,"timestamp":1610818463,"path_taken":["M","$","M","$","?","E","R","M","T","?","?","R","M","$","R","BOSS","M","$","?","M","?","R","E","M","T","?","R","$","E","?","R","BOSS","M","$","?","?","?","E"],"items_purchased_type":["Card","Card","Card","Card","Card","Card"],"build_version":"2020-12-22","purchased_purges":1,"victory":false,"max_hp_per_floor":[71,71,71,71,71,71,71,71,71,71,71,71,71,71,71,71,71,71,71,71,71,71,71,71,71,71,71,71,71,71,35,35,35,35,35,35,35,35,35,35,35],"relic_stats":{"Happy Flower":[23],"counters":[17,84],"MealTicket":49,"Bag of Preparation":[12],"Whetstone":["Ball Lightning","Cold Snap"],"Boot":[5],"obtain_stats":[{"Runic Dome":17,"DataDisk":9,"NeowsBlessing":0,"Happy Flower":11,"Oddly Smooth Stone":6,"MealTicket":5,"Bag of Preparation":24,"Whetstone":26,"Cracked Core":0,"Boot":30,"FrozenCore":34},{"Runic Dome":8,"DataDisk":4,"NeowsBlessing":0,"Happy Flower":6,"Oddly Smooth Stone":3,"MealTicket":2,"Bag of Preparation":11,"Whetstone":12,"Cracked Core":0,"Boot":13,"FrozenCore":14},{"Runic Dome":27,"DataDisk":6,"NeowsBlessing":0,"Happy Flower":15,"Oddly Smooth Stone":3,"MealTicket":2,"Bag of Preparation":42,"Whetstone":48,"Cracked Core":0,"Boot":52,"FrozenCore":65}],"FrozenCore":[5]},"card_choices":[{"not_picked":["Rebound","Sunder"],"picked":"Ball Lightning","floor":1},{"not_picked":["Chaos","Hologram"],"picked":"Cold Snap","floor":3},{"not_picked":["Steam","Double Energy"],"picked":"Undo","floor":6},{"not_picked":["Hello World","Barrage"],"picked":"Leap","floor":8},{"not_picked":["Barrage","Stack","Steam Power"],"picked":"SKIP","floor":10},{"not_picked":["Turbo","Compile Driver"],"picked":"Genetic Algorithm","floor":13},{"not_picked":["Creative AI","Reboot"],"picked":"Multi-Cast","floor":16},{"not_picked":["Hologram","Streamline","Redo"],"picked":"SKIP","floor":18},{"not_picked":["Self Repair","Static Discharge","Darkness"],"picked":"SKIP","floor":21},{"not_picked":["Defragment","Self Repair"],"picked":"Skim","floor":24},{"not_picked":["Gash","Reprogram"],"picked":"Echo Form","floor":25},{"not_picked":["Rebound","Gash"],"picked":"Reinforced Body","floor":30},{"not_picked":["Amplify","All For One"],"picked":"Creative AI","floor":33},{"not_picked":["Ball Lightning","Reprogram","Stack"],"picked":"SKIP","floor":35},{"not_picked":["Go for the Eyes","Beam Cell","Leap"],"picked":"SKIP","floor":39}],"player_experience":694615,"relics_obtained":[{"floor":6,"key":"Oddly Smooth Stone"},{"floor":9,"key":"DataDisk"},{"floor":11,"key":"Happy Flower"},{"floor":24,"key":"Bag of Preparation"},{"floor":26,"key":"Whetstone"},{"floor":30,"key":"Boot"}],"event_choices":[{"damage_healed":0,"gold_gain":0,"player_choice":"Gave Potion","damage_taken":0,"relics_obtained":["MealTicket"],"max_hp_gain":0,"max_hp_loss":0,"event_name":"WeMeetAgain","floor":5,"gold_loss":0},{"damage_healed":0,"gold_gain":30,"player_choice":"Searched \u00272\u0027 times","damage_taken":0,"max_hp_gain":0,"max_hp_loss":0,"event_name":"Dead Adventurer","floor":11,"gold_loss":0},{"damage_healed":0,"gold_gain":0,"player_choice":"Simplicity","damage_taken":0,"max_hp_gain":0,"max_hp_loss":0,"event_name":"Back to Basics","floor":20,"gold_loss":0,"cards_upgraded":["Strike_B","Strike_B","Strike_B","Defend_B","Defend_B","Defend_B","Defend_B"]},{"damage_healed":0,"gold_gain":0,"player_choice":"Ignored","damage_taken":0,"max_hp_gain":0,"max_hp_loss":0,"event_name":"Vampires","floor":22,"gold_loss":0},{"damage_healed":0,"gold_gain":0,"player_choice":"Paid Fearfully","damage_taken":0,"max_hp_gain":0,"max_hp_loss":0,"event_name":"Masked Bandits","floor":27,"gold_loss":110},{"damage_healed":0,"gold_gain":0,"player_choice":"Became a Ghost","damage_taken":0,"max_hp_gain":0,"max_hp_loss":36,"event_name":"Ghosts","floor":31,"gold_loss":0,"cards_obtained":["Ghostly","Ghostly","Ghostly"]},{"damage_healed":0,"gold_gain":0,"player_choice":"Memory 1","damage_taken":0,"max_hp_gain":0,"max_hp_loss":0,"event_name":"SensoryStone","floor":37,"gold_loss":0},{"cards_removed":["Strike_B"],"damage_healed":0,"gold_gain":0,"player_choice":"Purged","damage_taken":0,"max_hp_gain":0,"max_hp_loss":0,"event_name":"Purifier","floor":38,"gold_loss":0}],"is_beta":false,"boss_relics":[{"not_picked":["Philosopher\u0027s Stone","Snecko Eye"],"picked":"Runic Dome"},{"not_picked":["Tiny House","Coffee Dripper"],"picked":"FrozenCore"}],"items_purged_floors":[14],"is_endless":false,"potions_floor_spawned":[3,13,16,25,33,39],"killed_by":"Giant Head","ascension_level":20}}