{"host":"pgqkv8mh62pnrbci","time":1610768468,"event":{"mods":["2.2 Compatiblity","AchievementEnabler","BaseMod","Custom Start","DeckTracker","Minty Spire (QoL Compilation)","Replay The Spire","StSLib","SuperFastMode","¡¼?Úª?ø«¡½REMEMod"],"gold_per_floor":[368,383,383,119,131,131,150,161,161,161,191,206,225,252,252,324,324,341,256,256,146,160,160,189,207,207,233,244,273,290,290,290,367,367,387,402,414,431,189,189,220,233,233,264,264,293,305,318,318,318],"floor_reached":51,"language":"KOR","playtime":2565,"items_purged":["Strike_G+1"],"score":1695,"play_id":"74476da0-9afe-40fb-b67e-26a51ce3fb38","local_time":"20210116124108","is_ascension_mode":true,"campfire_choices":[{"data":"REME_BattleFury","floor":6.0,"key":"SMITH"},{"data":"Malaise","floor":10.0,"key":"SMITH"},{"data":"Concentrate","floor":15.0,"key":"SMITH"},{"data":"Blade Dance","floor":23.0,"key":"SMITH"},{"floor":32.0,"key":"REST"},{"data":"Neutralize","floor":45,"key":"SMITH"},{"data":"Reflex","floor":49,"key":"SMITH"}],"circlet_count":0,"master_deck":["AscendersBane","Strike_G+1","Strike_G+1","Strike_G+1","Defend_G","Defend_G","Defend_G","Defend_G","Defend_G","Survivor","Neutralize+1","REME_BattleFury+1","ReplayTheSpireMod:Faulty Equipment","Hidden Blade","Malaise+1","Blade Dance+1","ReplayTheSpireMod:The Works","Accuracy","Skewer","Concentrate+1","Backstab","Burst+1","PiercingWail","Infinite Blades","PiercingWail","Glass Knife","Caltrops+1","ReplayTheSpireMod:Shiv Toss","Acrobatics","Blur","ReplayTheSpireMod:Tripwire","Reflex+1","Tactician+1","Hidden Blade","Prepared+1"],"relics":["Ring of the Snake","REME_ComplimentaryCards","ReplayTheSpireMod:Ninjato","Divine Protection","Shuriken","Omamori","Philosopher\u0027s Stone","Ornamental Fan","CaptainsWheel","Vajra","Replay:Mystery Machine","Replay:Bottled Eggs","WarpedTongs","Honey Jar","Strange Spoon","Ice Cream","Golden Egg","Paper Crane","Snack Pack"],"acts_visited":["Exordium","TheCity","TheBeyond"],"potions_floor_usage":[50,50],"damage_taken":[{"damage":7.0,"enemies":"Small Slimes","floor":1.0,"turns":3.0},{"damage":3.0,"enemies":"Cultist","floor":2.0,"turns":4.0},{"damage":9.0,"enemies":"2 Louse","floor":5.0,"turns":3.0},{"damage":6.0,"enemies":"Looter","floor":7.0,"turns":3.0},{"damage":0.0,"enemies":"2 Fungi Beasts","floor":8.0,"turns":4.0},{"damage":0.0,"enemies":"Lagavulin","floor":11.0,"turns":4.0},{"damage":0.0,"enemies":"Gremlin Gang","floor":12.0,"turns":2.0},{"damage":0.0,"enemies":"Exordium Wildlife","floor":13.0,"turns":3.0},{"damage":13.0,"enemies":"Gremlin Nob","floor":14.0,"turns":4.0},{"damage":8.0,"enemies":"The Guardian","floor":16.0,"turns":8.0},{"damage":0.0,"enemies":"Spheric Guardian","floor":18.0,"turns":2.0},{"damage":8.0,"enemies":"2 Thieves","floor":22.0,"turns":3.0},{"damage":0.0,"enemies":"Gremlin Leader","floor":24.0,"turns":4.0},{"damage":10.0,"enemies":"Snecko","floor":25.0,"turns":7.0},{"damage":0.0,"enemies":"Centurion and Healer","floor":28.0,"turns":4.0},{"damage":12.0,"enemies":"REME_1_Revenger","floor":29.0,"turns":4.0},{"damage":0.0,"enemies":"3 Cultists","floor":30.0,"turns":4.0},{"damage":13.0,"enemies":"Collector","floor":33.0,"turns":5.0},{"damage":0.0,"enemies":"Orb Walker","floor":35.0,"turns":2.0},{"damage":0.0,"enemies":"3 Darklings","floor":36.0,"turns":3.0},{"damage":0.0,"enemies":"Transient","floor":37.0,"turns":6.0},{"damage":33.0,"enemies":"4 Shapes","floor":38.0,"turns":4.0},{"damage":0.0,"enemies":"Giant Head","floor":41.0,"turns":4.0},{"damage":0.0,"enemies":"Jaw Worm Horde","floor":42.0,"turns":3.0},{"damage":10.0,"enemies":"Nemesis","floor":44.0,"turns":3.0},{"damage":40,"enemies":"Reptomancer","floor":46,"turns":5},{"damage":0,"enemies":"Maw","floor":47,"turns":7},{"damage":0,"enemies":"3 Darklings","floor":48,"turns":3},{"damage":44,"enemies":"Awakened One","floor":50,"turns":7}],"seed_played":"-1863193850239686335","potions_obtained":[{"floor":2.0,"key":"CultistPotion"},{"floor":5.0,"key":"Fire Potion"},{"floor":11.0,"key":"FearPotion"},{"floor":12.0,"key":"Reflective Coating"},{"floor":24.0,"key":"Elixir"},{"floor":28.0,"key":"Ancient Potion"},{"floor":33.0,"key":"Poison Potion"},{"floor":38.0,"key":"GamblersBrew"},{"floor":41.0,"key":"DistilledChaos"},{"floor":47,"key":"SkillPotion"}],"is_trial":false,"path_per_floor":["M","M","?","$","M","R","M","M","T","R","E","M","M","E","R","B",null,"M","?","?","?","M","R","E","M","T","T","M","E","M","?","R","B",null,"M","M","M","M","$","?","E","M","T","E","R","E","M","M","R","B",null],"character_chosen":"THE_SILENT","items_purchased":["ReplayTheSpireMod:Ninjato","Strange Spoon"],"campfire_rested":1,"item_purchase_floors":[4,39],"current_hp_per_floor":[52,49,49,49,40,40,34,34,34,34,34,34,34,21,21,13,53,53,53,53,53,45,45,45,35,35,35,35,23,23,23,42,29,57,57,57,57,24,24,76,76,76,76,66,66,26,38,48,48,30],"gold":318,"neow_bonus":"TWO_FIFTY_GOLD","is_daily":false,"chose_seed":false,"campfire_upgraded":6,"win_rate":0.0,"timestamp":1610768468,"path_taken":["M","M","?","$","?","R","M","M","T","R","E","M","M","E","R","BOSS","M","?","?","?","M","R","E","?","T","?","M","E","M","?","R","BOSS","M","M","M","M","$","?","E","?","T","E","R","E","?","M","R","BOSS"],"items_purchased_type":["Relic","Relic"],"build_version":"2020-12-22","purchased_purges":1,"victory":true,"max_hp_per_floor":[66,66,66,66,66,66,66,66,66,66,66,66,66,66,66,66,66,66,66,66,66,66,66,66,66,66,66,66,66,66,66,66,66,66,66,66,66,66,66,76,76,76,76,76,76,76,76,76,76,76],"card_choices":[{"not_picked":["Prepared","Tactician"],"picked":"Hidden Blade","floor":1.0},{"not_picked":["Endless Agony","Toxin Wave","Deflect"],"picked":"SKIP","floor":2.0},{"not_picked":["Predator","Well Laid Plans"],"picked":"Blade Dance","floor":5.0},{"not_picked":["Sucker Punch","Cloak And Dagger"],"picked":"ReplayTheSpireMod:The Works","floor":7.0},{"not_picked":["Distraction","Heel Hook"],"picked":"Accuracy","floor":8.0},{"not_picked":["Heel Hook","Dagger Throw"],"picked":"Skewer","floor":11.0},{"not_picked":["Sucker Punch","Prepared","Cloak And Dagger"],"picked":"SKIP","floor":12.0},{"not_picked":["Escape Plan","Distraction"],"picked":"Concentrate","floor":13.0},{"not_picked":["Slice","Quick Slash"],"picked":"Backstab","floor":14.0},{"not_picked":["Replay:Bag of Tricks","ReplayTheSpireMod:Necrosis"],"picked":"Burst","floor":16.0},{"not_picked":["ReplayTheSpireMod:Shiv Toss","Bane","Slice"],"picked":"SKIP","floor":18.0},{"not_picked":["Slice","Poisoned Stab","Outmaneuver"],"picked":"SKIP","floor":22.0},{"not_picked":["Replay:Poison Smokescreen+1","Setup","Flying Knee"],"picked":"SKIP","floor":24.0},{"not_picked":["Heel Hook","Catalyst","Quick Slash"],"picked":"SKIP","floor":25.0},{"not_picked":["Distraction","Finisher"],"picked":"Infinite Blades","floor":28.0},{"not_picked":["Riddle With Holes","Skewer"],"picked":"PiercingWail","floor":29.0},{"not_picked":["Dagger Throw","REME_ShadowStrike+1","Masterful Stab"],"picked":"SKIP","floor":30.0},{"not_picked":["ReplayTheSpireMod:Necrosis","Replay:Bag of Tricks"],"picked":"Glass Knife","floor":33.0},{"not_picked":["Prepared","Dodge and Roll","PiercingWail"],"picked":"Caltrops+1","floor":35.0},{"not_picked":["Leg Sweep+1","Cloak And Dagger","Bouncing Flask"],"picked":"ReplayTheSpireMod:Shiv Toss","floor":36.0},{"not_picked":["REME_ShadowStrike+1","Calculated Gamble","PiercingWail"],"picked":"Replay:Bag of Tricks","floor":37.0},{"not_picked":["Dodge and Roll","Blade Dance","Poisoned Stab"],"picked":"Acrobatics","floor":38.0},{"not_picked":["Sucker Punch","Deflect","Acrobatics+1"],"picked":"Blur","floor":41.0},{"not_picked":["PiercingWail","Slice+1","Underhanded Strike"],"picked":"ReplayTheSpireMod:Tripwire","floor":42.0},{"not_picked":["Wraith Form v2","ReplayTheSpireMod:The Works","Dodge and Roll"],"picked":"Reflex","floor":44.0},{"not_picked":["Slice","ReplayTheSpireMod:Speed Training","Sucker Punch"],"picked":"Tactician+1","floor":46},{"not_picked":["Bouncing Flask","ReplayTheSpireMod:Speed Training","Slice"],"picked":"Hidden Blade","floor":47},{"not_picked":["Acrobatics+1","Backflip","Concentrate"],"picked":"Prepared+1","floor":48}],"player_experience":631569,"relics_obtained":[{"floor":9.0,"key":"Divine Protection"},{"floor":11.0,"key":"Shuriken"},{"floor":14.0,"key":"Omamori"},{"floor":24.0,"key":"CaptainsWheel"},{"floor":26.0,"key":"Vajra"},{"floor":27.0,"key":"Replay:Mystery Machine"},{"floor":29.0,"key":"Replay:Bottled Eggs"},{"floor":41.0,"key":"Ice Cream"},{"floor":43.0,"key":"Golden Egg"},{"floor":44.0,"key":"Paper Crane"},{"floor":46,"key":"Snack Pack"}],"event_choices":[{"damage_healed":0.0,"max_hp_gain":0.0,"max_hp_loss":0.0,"gold_gain":0.0,"event_name":"Match and Keep!","player_choice":"1 cards matched","floor":3.0,"gold_loss":0.0,"damage_taken":0.0,"cards_obtained":["Malaise"]},{"damage_healed":0.0,"max_hp_gain":0.0,"max_hp_loss":0.0,"gold_gain":0.0,"event_name":"Addict","player_choice":"Obtained Relic","floor":19.0,"gold_loss":85.0,"damage_taken":0.0,"relics_obtained":["Ornamental Fan"]},{"damage_healed":0.0,"max_hp_gain":0.0,"max_hp_loss":0.0,"gold_gain":0.0,"event_name":"The Library","player_choice":"Read","floor":20.0,"gold_loss":0.0,"damage_taken":0.0,"cards_obtained":["PiercingWail"]},{"cards_removed":["Strike_G"],"damage_healed":0.0,"max_hp_gain":0.0,"max_hp_loss":0.0,"gold_gain":0.0,"event_name":"Designer","player_choice":"Upgrade and Remove","floor":21.0,"gold_loss":110.0,"damage_taken":0.0,"cards_upgraded":["Burst"]},{"damage_healed":0.0,"max_hp_gain":0.0,"max_hp_loss":0.0,"gold_gain":0.0,"event_name":"Accursed Blacksmith","player_choice":"Rummage","floor":31.0,"gold_loss":0.0,"damage_taken":0.0,"relics_obtained":["WarpedTongs"],"cards_obtained":["Pain"]},{"cards_removed":["Replay:Bag of Tricks"],"damage_healed":42.0,"max_hp_gain":10.0,"max_hp_loss":0.0,"gold_gain":0.0,"event_name":"Bonfire Elementals","player_choice":"Offered Rare","floor":40.0,"gold_loss":0.0,"damage_taken":0.0}],"is_beta":false,"boss_relics":[{"not_picked":["Velvet Choker","Busted Crown"],"picked":"Philosopher\u0027s Stone"},{"not_picked":["Runic Dome","Tiny House"],"picked":"Honey Jar"}],"items_purged_floors":[39],"is_endless":false,"potions_floor_spawned":[2,5,8,11,12,24,28,33,38,41,47],"ascension_level":19}}