{"host":"ydg0vn0pu4pubmdt","time":1610820424,"event":{"mods":["AchievementEnabler","BaseMod","Colored Map","Gold Saver","Minty Spire (QoL Compilation)","Quick Restart","SuperFastMode"],"gold_per_floor":[115,127,127,127,127,160,160,180,207,230,242,242],"floor_reached":11,"language":"KOR","playtime":1709,"items_purged":[],"score":127,"play_id":"9430da0b-00ee-450c-94ba-bdb74bf8ea38","local_time":"20210117030704","is_ascension_mode":true,"campfire_choices":[{"data":"Dualcast","floor":7,"key":"SMITH"}],"circlet_count":0,"master_deck":["Strike_B","Strike_B","Strike_B","Defend_B","Defend_B","Defend_B+1","Zap+1","Dualcast+1","Coolheaded","Core Surge","Compile Driver","Sweeping Beam"],"relics":["Cracked Core","NeowsBlessing","Sundial","War Paint","MawBank"],"acts_visited":["Exordium"],"potions_floor_usage":[],"damage_taken":[{"damage":0,"enemies":"2 Louse","floor":1,"turns":1},{"damage":0,"enemies":"Jaw Worm","floor":2,"turns":1},{"damage":0,"enemies":"Lagavulin","floor":6,"turns":1},{"damage":5,"enemies":"Small Slimes","floor":8,"turns":3},{"damage":3,"enemies":"3 Louse","floor":10,"turns":3},{"damage":18,"enemies":"3 Sentries","floor":11,"turns":3}],"seed_played":"-4338490195635985907","potions_obtained":[],"is_trial":false,"path_per_floor":["M","M","?","?","T","E","R","M","T","M","E"],"character_chosen":"DEFECT","items_purchased":[],"campfire_rested":0,"item_purchase_floors":[],"current_hp_per_floor":[68,68,68,61,61,61,61,56,56,53,35,35],"gold":242,"neow_bonus":"THREE_ENEMY_KILL","is_daily":false,"chose_seed":false,"campfire_upgraded":1,"win_rate":0.0,"timestamp":1610820424,"path_taken":["M","M","?","?","?","E","R","M","T","M","E"],"items_purchased_type":[],"build_version":"2020-12-22","purchased_purges":0,"victory":false,"max_hp_per_floor":[75,75,75,75,75,75,75,75,75,75,75,75],"card_choices":[{"not_picked":["Stack","Steam"],"picked":"Coolheaded","floor":1},{"not_picked":["Reprogram","Redo"],"picked":"Core Surge","floor":2},{"not_picked":["FTL","Turbo","Leap"],"picked":"SKIP","floor":6},{"not_picked":["Conserve Battery","Reinforced Body"],"picked":"Compile Driver","floor":8},{"not_picked":["Compile Driver","Rebound"],"picked":"Sweeping Beam","floor":10}],"player_experience":410087,"relics_obtained":[{"floor":5,"key":"Sundial"},{"floor":6,"key":"War Paint"},{"floor":9,"key":"MawBank"}],"event_choices":[{"cards_removed":["Strike_B"],"damage_healed":0,"gold_gain":0,"player_choice":"Forget","damage_taken":0,"max_hp_gain":0,"max_hp_loss":0,"event_name":"Living Wall","floor":3,"gold_loss":0},{"cards_removed":["Defend_B"],"damage_healed":0,"gold_gain":0,"player_choice":"Card Removal","damage_taken":7,"max_hp_gain":0,"max_hp_loss":0,"event_name":"Golden Wing","floor":4,"gold_loss":0}],"is_beta":false,"boss_relics":[],"items_purged_floors":[],"is_endless":false,"potions_floor_spawned":[],"killed_by":"3 Sentries","ascension_level":6}}