{"host":"i0avyit1s6jb1siw","time":1610793081,"event":{"mods":["BaseMod","DeckTracker","Dota2Spire","Highlight Path","Minty Spire (QoL Compilation)","Quick Restart","StSLib","SuperFastMode"],"gold_per_floor":[112,112,131,131,54,54,71,89,89,89,102,115,141,163,163,234,234,246,262,101,101,101,101,133,133,133,133,58,68,68,68,68,68,68],"floor_reached":33,"language":"ENG","playtime":661,"items_purged":["Strike_P+1"],"score":726,"play_id":"2bc03233-724a-4860-b975-1fb851a4a7e6","local_time":"20210116113121","is_ascension_mode":true,"campfire_choices":[{"floor":6,"key":"REST"},{"floor":10,"key":"REST"},{"floor":15,"key":"RECALL"},{"floor":23,"key":"REST"},{"floor":27,"key":"REST"},{"floor":30,"key":"REST"},{"floor":32,"key":"REST"}],"circlet_count":0,"master_deck":["AscendersBane","Strike_P+1","Defend_P+1","Defend_P+1","Eruption+1","Vigilance+1","LessonLearned+1","EmptyFist","Indignation+1","FlurryOfBlows","TalkToTheHand","BowlingBash+1","Devotion+1","FollowUp+1","Sanctity+1","SpiritShield+1","ClearTheMind+1","EmptyBody+1","Wallop","Decay"],"relics":["Fusion Hammer","Dota2Spire:OctarineCore","Frozen Egg 2","Mummified Hand","Odd Mushroom","Astrolabe","Dota2Spire:Butterfly","Pantograph"],"acts_visited":["Exordium","TheCity"],"potions_floor_usage":[13,16],"damage_taken":[{"damage":1,"enemies":"2 Louse","floor":1,"turns":3},{"damage":11,"enemies":"Jaw Worm","floor":3,"turns":7},{"damage":0,"enemies":"Cultist","floor":7,"turns":2},{"damage":0,"enemies":"Exordium Wildlife","floor":8,"turns":3},{"damage":3,"enemies":"2 Fungi Beasts","floor":11,"turns":3},{"damage":10,"enemies":"Large Slime","floor":12,"turns":3},{"damage":2,"enemies":"Gremlin Nob","floor":13,"turns":3},{"damage":15,"enemies":"The Mushroom Lair","floor":14,"turns":4},{"damage":13,"enemies":"Slime Boss","floor":16,"turns":7},{"damage":14,"enemies":"Spheric Guardian","floor":18,"turns":3},{"damage":24,"enemies":"3 Byrds","floor":19,"turns":6},{"damage":47,"enemies":"Slavers","floor":24,"turns":9},{"damage":23,"enemies":"3 Cultists","floor":29,"turns":5},{"damage":86,"enemies":"Automaton","floor":33,"turns":8}],"seed_played":"3866925468196562847","potions_obtained":[{"floor":8,"key":"Dota2Spire:HealingSalve"},{"floor":12,"key":"DistilledChaos"},{"floor":13,"key":"DistilledChaos"},{"floor":14,"key":"FairyPotion"},{"floor":18,"key":"SpeedPotion"}],"is_trial":false,"path_per_floor":["M","?","M","?","$","R","M","M","T","R","M","M","E","?","R","B",null,"M","M","$","?","?","R","E","T","T","R","?","M","R","?","R","B"],"character_chosen":"WATCHER","items_purchased":["Indignation","Wallop"],"campfire_rested":6,"item_purchase_floors":[5,20],"current_hp_per_floor":[60,25,14,14,14,34,34,34,34,54,51,41,39,24,24,11,54,40,16,16,16,16,36,12,12,12,32,32,9,29,29,49,0,0],"gold":68,"neow_bonus":"BOSS_RELIC","is_daily":false,"chose_seed":false,"campfire_upgraded":0,"win_rate":0.0,"timestamp":1610793081,"path_taken":["M","?","M","?","$","R","M","M","T","R","?","M","E","?","R","BOSS","M","M","$","?","?","R","E","?","T","R","?","M","R","?","R","BOSS"],"items_purchased_type":["Card","Card"],"build_version":"2020-12-22","purchased_purges":1,"victory":false,"max_hp_per_floor":[68,68,68,68,68,68,68,68,68,68,68,68,68,68,68,68,68,68,68,68,68,68,68,68,68,68,68,68,68,68,68,68,68,68],"card_choices":[{"not_picked":["ClearTheMind","ThirdEye","Sanctity"],"picked":"SKIP","floor":1},{"not_picked":["Evaluate","Pray"],"picked":"EmptyFist","floor":3},{"not_picked":["DeceiveReality","Crescendo"],"picked":"FlurryOfBlows","floor":7},{"not_picked":["Crescendo","FlurryOfBlows","FollowUp"],"picked":"SKIP","floor":8},{"not_picked":["FollowUp","CutThroughFate"],"picked":"TalkToTheHand","floor":11},{"not_picked":["WaveOfTheHand","Crescendo","FlyingSleeves"],"picked":"SKIP","floor":12},{"not_picked":["Sanctity","ConjureBlade","FlyingSleeves"],"picked":"SKIP","floor":13},{"not_picked":["Evaluate","Consecrate"],"picked":"BowlingBash","floor":14},{"not_picked":["DeusExMachina","MasterReality+1"],"picked":"Devotion+1","floor":16},{"not_picked":["BattleHymn+1","PathToVictory+1"],"picked":"ClearTheMind+1","floor":18},{"not_picked":["Prostrate","Conclude"],"picked":"EmptyBody+1","floor":19},{"not_picked":["FollowUp","WindmillStrike","SandsOfTime"],"picked":"SKIP","floor":24},{"not_picked":["Prostrate","Protect","Omniscience"],"picked":"SKIP","floor":29}],"player_experience":2255612,"relics_obtained":[{"floor":9,"key":"Frozen Egg 2"},{"floor":13,"key":"Mummified Hand"},{"floor":14,"key":"Odd Mushroom"},{"floor":24,"key":"Dota2Spire:Butterfly"},{"floor":26,"key":"Pantograph"}],"event_choices":[{"damage_healed":0,"gold_gain":0,"player_choice":"Success","damage_taken":35,"relics_obtained":["Dota2Spire:OctarineCore"],"max_hp_gain":0,"max_hp_loss":0,"event_name":"Scrap Ooze","floor":2,"gold_loss":0},{"damage_healed":0,"gold_gain":0,"player_choice":"0 cards matched","damage_taken":0,"max_hp_gain":0,"max_hp_loss":0,"event_name":"Match and Keep!","floor":4,"gold_loss":0,"cards_obtained":[]},{"damage_healed":0,"gold_gain":0,"player_choice":"Fought Mushrooms","damage_taken":0,"max_hp_gain":0,"max_hp_loss":0,"event_name":"Mushrooms","floor":14,"gold_loss":0},{"damage_healed":0,"gold_gain":0,"player_choice":"Smashed Altar","damage_taken":0,"max_hp_gain":0,"max_hp_loss":0,"event_name":"Forgotten Altar","floor":21,"gold_loss":0,"cards_obtained":["Decay"]},{"damage_healed":0,"gold_gain":0,"player_choice":"Ignored","damage_taken":0,"max_hp_gain":0,"max_hp_loss":0,"event_name":"Cursed Tome","floor":22,"gold_loss":0},{"cards_removed":["Defend_P"],"damage_healed":0,"gold_gain":0,"player_choice":"Gave Gold","damage_taken":0,"max_hp_gain":0,"max_hp_loss":0,"event_name":"Beggar","floor":28,"gold_loss":75},{"damage_healed":0,"gold_gain":0,"player_choice":"Ignored","damage_taken":0,"max_hp_gain":0,"max_hp_loss":0,"event_name":"Ghosts","floor":31,"gold_loss":0}],"is_beta":false,"boss_relics":[{"not_picked":["Sozu","VioletLotus"],"picked":"Astrolabe"}],"items_purged_floors":[20],"is_endless":false,"potions_floor_spawned":[8,12,13,14,18],"killed_by":"Automaton","ascension_level":20}}