{"host":"d85gwtocd8go8gx0","time":1610786018,"event":{"mods":["BaseMod","Highlight Path","Minty Spire (QoL Compilation)","Permanent Neow","Quick Restart","UnlockEverythingMod"],"gold_per_floor":[110,110,110,125,0,0,0,25,25,43,78,78,78,98,98,173,173,185,198,218,230,43,68,68,68],"floor_reached":24,"language":"ENG","playtime":817,"items_purged":["Strike_R","Strike_R"],"score":477,"play_id":"db086d93-8f1a-4407-b3f7-8e71f04a689c","local_time":"20210116003338","is_ascension_mode":true,"campfire_choices":[{"data":"Bash","floor":6,"key":"SMITH"},{"data":"Whirlwind","floor":12,"key":"SMITH"},{"floor":15,"key":"REST"}],"circlet_count":0,"master_deck":["AscendersBane","Strike_R","Strike_R","Strike_R","Defend_R","Defend_R","Defend_R","Defend_R","Bash+1","Flex","Whirlwind+1","Heavy Blade","Ghostly Armor","Warcry","Spot Weakness","Spot Weakness","Heavy Blade","Flex","Thunderclap","Reaper","Heavy Blade+1","Heavy Blade","Dropkick","Ghostly Armor","Clothesline","Battle Trance+1","Demon Form","Pummel","Spot Weakness+1"],"relics":["Burning Blood","Prayer Wheel","Red Skull","Question Card","Kunai","Regal Pillow","Ancient Tea Set","Sozu","Bottled Lightning"],"acts_visited":["Exordium","TheCity"],"potions_floor_usage":[11,11,23,24],"damage_taken":[{"damage":21,"enemies":"Jaw Worm","floor":1,"turns":6},{"damage":0,"enemies":"2 Louse","floor":4,"turns":2},{"damage":25,"enemies":"Lagavulin","floor":8,"turns":6},{"damage":0,"enemies":"Cultist","floor":10,"turns":3},{"damage":5,"enemies":"3 Sentries","floor":11,"turns":5},{"damage":10,"enemies":"Gremlin Gang","floor":14,"turns":2},{"damage":65,"enemies":"Hexaghost","floor":16,"turns":9},{"damage":31,"enemies":"2 Thieves","floor":18,"turns":4},{"damage":13,"enemies":"Shell Parasite","floor":19,"turns":3},{"damage":23,"enemies":"Centurion and Healer","floor":20,"turns":3},{"damage":0,"enemies":"Cultist and Chosen","floor":21,"turns":5},{"damage":24,"enemies":"Slavers","floor":23,"turns":4},{"damage":13,"enemies":"Snecko","floor":24,"turns":2}],"seed_played":"-3164455466258442863","potions_obtained":[{"floor":8,"key":"BloodPotion"},{"floor":10,"key":"Block Potion"},{"floor":11,"key":"Swift Potion"},{"floor":14,"key":"Fire Potion"}],"is_trial":false,"path_per_floor":["M","?","?","M","$","R","$","E","T","M","E","R","T","M","R","B",null,"M","M","M","M","$","E","M"],"character_chosen":"IRONCLAD","items_purchased":["Warcry","Pummel"],"campfire_rested":1,"item_purchase_floors":[5,22],"current_hp_per_floor":[35,35,24,30,30,30,30,11,11,17,33,33,33,29,66,7,58,47,40,23,29,29,11,0,0],"gold":68,"neow_bonus":"ONE_RARE_RELIC","is_daily":false,"chose_seed":false,"campfire_upgraded":2,"win_rate":0.0,"timestamp":1610786018,"path_taken":["M","?","?","M","$","R","$","E","T","M","E","R","?","?","R","BOSS","M","?","M","M","$","E","M"],"items_purchased_type":["Card","Card"],"build_version":"2020-12-22","purchased_purges":2,"victory":false,"max_hp_per_floor":[75,75,75,75,75,75,75,75,75,75,75,75,75,75,75,75,75,75,75,75,75,75,75,75,75],"card_choices":[{"not_picked":["Headbutt","Shrug It Off"],"picked":"Flex","floor":1},{"not_picked":["Entrench","True Grit"],"picked":"Whirlwind","floor":1},{"not_picked":["Sword Boomerang","Dropkick"],"picked":"Heavy Blade","floor":4},{"not_picked":["Infernal Blade","Carnage"],"picked":"Ghostly Armor","floor":4},{"not_picked":["Impervious","Clothesline"],"picked":"Spot Weakness","floor":8},{"not_picked":["Second Wind","Entrench","Shrug It Off"],"picked":"Spot Weakness","floor":10},{"not_picked":["Rampage","Thunderclap","Searing Blow"],"picked":"Heavy Blade","floor":10},{"not_picked":["Dual Wield","Anger","Demon Form"],"picked":"Flex","floor":11},{"not_picked":["Combust","Reckless Charge","Armaments"],"picked":"Thunderclap","floor":14},{"not_picked":["True Grit","Wild Strike","Anger","Iron Wave"],"picked":"SKIP","floor":14},{"not_picked":["Fiend Fire","Limit Break","Bludgeon"],"picked":"Reaper","floor":16},{"not_picked":["Seeing Red","Iron Wave","Twin Strike"],"picked":"Heavy Blade+1","floor":18},{"not_picked":["Pommel Strike","Shockwave","Havoc"],"picked":"Heavy Blade","floor":18},{"not_picked":["Thunderclap","Shrug It Off","Clothesline"],"picked":"Dropkick","floor":19},{"not_picked":["Cleave","Clash","Entrench"],"picked":"Ghostly Armor","floor":19},{"not_picked":["Rupture","Sword Boomerang","Cleave"],"picked":"Clothesline","floor":20},{"not_picked":["Perfected Strike","Combust","Thunderclap","Evolve"],"picked":"SKIP","floor":20},{"not_picked":["Perfected Strike","Combust","Thunderclap","Evolve"],"picked":"SKIP","floor":20},{"not_picked":["Perfected Strike","Combust","Thunderclap","Evolve"],"picked":"SKIP","floor":20},{"not_picked":["Warcry","Clothesline","Body Slam+1"],"picked":"Battle Trance+1","floor":21},{"not_picked":["Perfected Strike","Iron Wave+1","Shrug It Off"],"picked":"Demon Form","floor":21},{"not_picked":["True Grit","Pummel","Thunderclap"],"picked":"Spot Weakness+1","floor":23}],"player_experience":12644,"relics_obtained":[{"floor":8,"key":"Question Card"},{"floor":9,"key":"Kunai"},{"floor":11,"key":"Regal Pillow"},{"floor":13,"key":"Ancient Tea Set"},{"floor":23,"key":"Bottled Lightning"}],"event_choices":[{"damage_healed":0,"gold_gain":0,"player_choice":"Ignored","damage_taken":0,"max_hp_gain":0,"max_hp_loss":0,"event_name":"Shining Light","floor":2,"gold_loss":0},{"damage_healed":0,"gold_gain":0,"player_choice":"Success","damage_taken":11,"relics_obtained":["Red Skull"],"max_hp_gain":0,"max_hp_loss":0,"event_name":"Scrap Ooze","floor":3,"gold_loss":0}],"is_beta":false,"boss_relics":[{"not_picked":["Tiny House","Velvet Choker"],"picked":"Sozu"}],"items_purged_floors":[5,22],"is_endless":false,"potions_floor_spawned":[8,10,11,14,20,21],"killed_by":"Snecko","ascension_level":20}}