{"host":"hptm0vhwolarug47","time":1610799462,"event":{"mods":["BaseMod","Downfall","GifTheSpireLib","Minty Spire (QoL Compilation)","StSLib"],"gold_per_floor":[99,114,133,133,133,146,201,111,137,149,249,281,456,456,476,575,575,575,589,600,616,616,648,672,485,485,116,116,136,136,162,174,277,277,277,290,302,302,322,347,347,374,374,385,398,61,73,73,91,91],"floor_reached":51,"language":"ZHS","playtime":5119,"items_purged":["downfall:Malfunctioning","Doubt","champ:Strike","champ:Defend"],"score":759,"play_id":"d48791ef-8f41-49d3-979c-9852bfb4aae2","local_time":"20210116201742","is_ascension_mode":false,"campfire_choices":[{"data":"champ:Taunt","floor":1.0,"key":"SMITH"},{"data":"champ:FancyFootwork","floor":18.0,"key":"SMITH"},{"data":"champ:TripleStrike","floor":26.0,"key":"SMITH"},{"data":"champ:Backstep","floor":35.0,"key":"SMITH"}],"circlet_count":0,"master_deck":["champ:Strike+1","champ:Strike+1","champ:Defend+1","champ:Defend","champ:Execute+1","champ:Taunt+1","champ:EnragedBash","champ:FancyFootwork+1","champ:Shatter+1","champ:Backstep+1","champ:BerserkersShout","champ:CrownThrow","champ:GutPunch","champ:FlashCut","champ:TripleStrike+1","champ:FancyFootwork+1","champ:LastStand","champ:FancyFootwork+1","champ:CalledShot","champ:ArenaPreparation","champ:Duel","champ:ShieldSlam","champ:LastStand"],"relics":["champ:ChampionCrown","Boot","WristBlade","Meat on the Bone","Philosopher\u0027s Stone","Nloth\u0027s Gift","Shuriken","Potion Belt","HandDrill","Kunai","Coffee Dripper","Bag of Marbles","Gambling Chip","Omamori","Incense Burner","White Beast Statue"],"acts_visited":["Exordium","TheCity","TheBeyond"],"potions_floor_usage":[47,50],"damage_taken":[{"damage":5.0,"enemies":"Jaw Worm","floor":2.0,"turns":5.0},{"damage":25.0,"enemies":"Small Slimes","floor":3.0,"turns":6.0},{"damage":15.0,"enemies":"2 Louse","floor":6.0,"turns":3.0},{"damage":25.0,"enemies":"downfall:FleeingMerchant","floor":8.0,"turns":4.0},{"damage":39.0,"enemies":"Lagavulin","floor":9.0,"turns":9.0},{"damage":20.0,"enemies":"Large Slime","floor":10.0,"turns":3.0},{"damage":54.0,"enemies":"Large Slime","floor":11.0,"turns":7.0},{"damage":49.0,"enemies":"3 Sentries","floor":12.0,"turns":7.0},{"damage":12.0,"enemies":"3 Louse","floor":15.0,"turns":3.0},{"damage":81.0,"enemies":"IC_STATUS_ARCHETYPE","floor":16.0,"turns":9.0},{"damage":6.0,"enemies":"Shell Parasite","floor":19.0,"turns":3.0},{"damage":22.0,"enemies":"Chosen and Byrds","floor":20.0,"turns":4.0},{"damage":22.0,"enemies":"Cultist and Chosen","floor":21.0,"turns":7.0},{"damage":53.0,"enemies":"Gremlin Leader","floor":23.0,"turns":7.0},{"damage":42.0,"enemies":"downfall:FleeingMerchant","floor":25.0,"turns":4.0},{"damage":45.0,"enemies":"downfall:FleeingMerchant","floor":27.0,"turns":4.0},{"damage":35.0,"enemies":"Centurion and Healer","floor":29.0,"turns":3.0},{"damage":30.0,"enemies":"Book of Stabbing","floor":31.0,"turns":4.0},{"damage":40.0,"enemies":"3 Cultists","floor":32.0,"turns":4.0},{"damage":44.0,"enemies":"DF_ARCHETYPE_CLAW","floor":33.0,"turns":6.0},{"damage":50.0,"enemies":"3 Darklings","floor":36.0,"turns":5.0},{"damage":40.0,"enemies":"3 Shapes","floor":37.0,"turns":4.0},{"damage":35.0,"enemies":"Sphere and 2 Shapes","floor":39.0,"turns":2.0},{"damage":40.0,"enemies":"Nemesis","floor":40.0,"turns":4.0},{"damage":56.0,"enemies":"Giant Head","floor":42.0,"turns":6.0},{"damage":45.0,"enemies":"4 Shapes","floor":44.0,"turns":6.0},{"damage":46,"enemies":"Writhing Mass","floor":45,"turns":5},{"damage":5,"enemies":"downfall:FleeingMerchant","floor":46,"turns":1},{"damage":65,"enemies":"Transient","floor":47,"turns":5},{"damage":52,"enemies":"Sphere and 2 Shapes","floor":49,"turns":3},{"damage":73,"enemies":"WA_ARCHETYPE_DIVINITY","floor":50,"turns":7}],"seed_played":"-601976939126078728","potions_obtained":[{"floor":3.0,"key":"Fire Potion"},{"floor":6.0,"key":"Fire Potion"},{"floor":9.0,"key":"FairyPotion"},{"floor":11.0,"key":"SpeedPotion"},{"floor":12.0,"key":"DistilledChaos"},{"floor":16.0,"key":"Fire Potion"},{"floor":23.0,"key":"PowerPotion"},{"floor":29.0,"key":"Explosive Potion"},{"floor":31.0,"key":"champ:UltimateStancePotion"},{"floor":32.0,"key":"Block Potion"},{"floor":36.0,"key":"champ:OpenerPotion"},{"floor":39.0,"key":"GamblersBrew"},{"floor":40.0,"key":"Guardian:BlockOnCardUsePotion"},{"floor":47,"key":"champ:TechniquePotion"},{"floor":49,"key":"Weak Potion"}],"is_trial":false,"path_per_floor":["R","M","M","?","?","M","T","$","E","M","?","E","?","?","M","B",null,"R","M","M","M","?","E","T","$","R","$","?","M","?","E","M","B",null,"R","M","M","?","M","E","T","E","?","M","M","$","M","?","M","B",null],"character_chosen":"THE_CHAMP","items_purchased":["champ:CalledShot","champ:ArenaPreparation","HandDrill","Incense Burner","White Beast Statue"],"campfire_rested":0,"item_purchase_floors":[25,27,27,46,46],"current_hp_per_floor":[99,94,89,89,89,89,89,84,70,65,36,13,13,13,25,36,99,99,93,86,79,79,66,66,59,59,66,57,69,69,69,71,59,99,99,99,99,99,99,79,79,85,85,97,86,86,86,86,99,99],"gold":91,"neow_bonus":"TEN_PERCENT_HP_BONUS","is_daily":false,"chose_seed":false,"campfire_upgraded":4,"win_rate":0.0,"timestamp":1610799462,"path_taken":["R","M","M","?","?","M","T","$","E","M","?","E","?","?","M","BOSS","R","M","M","M","?","E","T","?","R","$","?","?","?","E","M","BOSS","R","M","M","?","M","E","T","E","?","M","M","$","M","?","M","BOSS"],"items_purchased_type":["Card","Card","Relic","Relic","Relic"],"build_version":"2020-12-22","purchased_purges":4,"victory":true,"max_hp_per_floor":[99,99,99,99,99,99,99,99,99,99,99,99,99,99,99,99,99,99,99,99,99,99,99,99,99,99,99,99,99,99,99,99,99,99,99,99,99,99,99,99,99,99,99,99,99,99,99,99,99,99],"card_choices":[{"not_picked":["champ:BringItOn","champ:ShieldWall"],"picked":"champ:EnragedBash","floor":2.0},{"not_picked":["champ:PreciseThrust","champ:DefensiveShout"],"picked":"champ:FancyFootwork","floor":3.0},{"not_picked":["champ:PerfectedStrike","champ:Backstep"],"picked":"champ:Shatter","floor":6.0},{"not_picked":["champ:BringItOn","champ:BladeFlurry"],"picked":"champ:Backstep","floor":8.0},{"not_picked":["champ:StrikeOfGenius","champ:PerfectedStrike"],"picked":"champ:BerserkersShout","floor":9.0},{"not_picked":["champ:BladeFlurry","champ:Circumvent"],"picked":"champ:CrownThrow","floor":10.0},{"not_picked":["champ:PreciseThrust","champ:PerfectedStrike"],"picked":"champ:GutPunch","floor":11.0},{"not_picked":["champ:BerserkersShout","champ:MurderStrike","champ:TornadoPunch"],"picked":"SKIP","floor":12.0},{"not_picked":["champ:Haymaker","champ:RapidStrikes"],"picked":"champ:FlashCut","floor":15.0},{"not_picked":["champ:StrikeOfGenius","champ:SwordThrow"],"picked":"champ:TripleStrike","floor":16.0},{"not_picked":["champ:EnGarde+1","champ:ShieldSlam"],"picked":"champ:FancyFootwork+1","floor":19.0},{"not_picked":["champ:FlashCut","champ:Backstep","champ:FaceSlap"],"picked":"SKIP","floor":20.0},{"not_picked":["champ:AdrenalArmor+1","champ:GutPunch","champ:FancyFootwork"],"picked":"SKIP","floor":21.0},{"not_picked":["champ:SteelEdge","champ:Haymaker"],"picked":"champ:LastStand","floor":23.0},{"not_picked":["champ:EndlessRage+1","champ:GutPunch"],"picked":"champ:FancyFootwork+1","floor":25.0},{"not_picked":["champ:SetATrap+1","champ:DefensiveShout","champ:FaceSlap"],"picked":"SKIP","floor":27.0},{"not_picked":["champ:RapidStrikes+1","champ:FaceSlap+1","champ:TornadoPunch+1"],"picked":"SKIP","floor":29.0},{"not_picked":["champ:StanceDance","champ:GutPunch+1","champ:RecklessLeap+1"],"picked":"SKIP","floor":31.0},{"not_picked":["champ:AdrenalArmor","champ:FanOfKnives"],"picked":"champ:Duel","floor":32.0},{"not_picked":["champ:GladiatorStyle+1","champ:EnGarde","champ:TornadoPunch+1"],"picked":"SKIP","floor":36.0},{"not_picked":["champ:CalledShot+1","champ:EnGarde+1","champ:CrownThrow+1"],"picked":"SKIP","floor":37.0},{"not_picked":["expansioncontent:YouAreMine","expansioncontent:PrepareCrush"],"picked":"expansioncontent:AwakenDeath","floor":38.0},{"not_picked":["champ:BladeFlurry+1","champ:Lariat+1"],"picked":"champ:ShieldSlam","floor":39.0},{"not_picked":["champ:Encircle+1","champ:ShieldSlam","champ:Duel"],"picked":"SKIP","floor":40.0},{"not_picked":["champ:PerfectedStrike","champ:BladeFlurry"],"picked":"champ:LastStand","floor":42.0},{"not_picked":["champ:HeavySlash","champ:Shatter","champ:RapidStrikes"],"picked":"SKIP","floor":44.0},{"not_picked":["champ:Lariat+1","champ:AdrenalArmor","champ:CalledShot+1"],"picked":"SKIP","floor":45},{"not_picked":["champ:CrookedStrike","champ:TornadoPunch","champ:DefensiveShout+1"],"picked":"SKIP","floor":46},{"not_picked":["champ:ArenaPreparation+1","champ:Circumvent+1","champ:SteelEdge"],"picked":"SKIP","floor":47},{"not_picked":["champ:TornadoPunch+1","champ:CalledShot+1","champ:FanOfKnives"],"picked":"SKIP","floor":49}],"player_experience":136446,"relics_obtained":[{"floor":7.0,"key":"Boot"},{"floor":9.0,"key":"Whetstone"},{"floor":11.0,"key":"WristBlade"},{"floor":12.0,"key":"Meat on the Bone"},{"floor":23.0,"key":"Shuriken"},{"floor":24.0,"key":"Potion Belt"},{"floor":31.0,"key":"Kunai"},{"floor":40.0,"key":"Bag of Marbles"},{"floor":41.0,"key":"Gambling Chip"},{"floor":42.0,"key":"Omamori"}],"event_choices":[{"damage_healed":0.0,"max_hp_gain":0.0,"max_hp_loss":0.0,"gold_gain":0.0,"event_name":"Scrap Ooze","player_choice":"Fled","floor":14.0,"gold_loss":0.0,"damage_taken":0.0},{"damage_healed":0.0,"max_hp_gain":0.0,"max_hp_loss":0.0,"gold_gain":0.0,"event_name":"Wheel of Change","player_choice":"Damaged","floor":28.0,"gold_loss":0.0,"damage_taken":9.0},{"cards_removed":["expansioncontent:AwakenDeath"],"damage_healed":0.0,"max_hp_gain":0.0,"max_hp_loss":0.0,"gold_gain":0.0,"event_name":"Falling","player_choice":"Removed Power","floor":43.0,"gold_loss":0.0,"damage_taken":0.0}],"is_beta":false,"boss_relics":[{"not_picked":["Sozu","Tiny House"],"picked":"Philosopher\u0027s Stone"},{"not_picked":["bronze:MakeshiftBattery","Black Star"],"picked":"Coffee Dripper"}],"items_purged_floors":[8,25,27,46],"is_endless":false,"potions_floor_spawned":[3,6,9,11,12,16,23,29,31,32,36,39,40,47,49],"ascension_level":0}}