{"host":"3oax8yz66k5njorr","time":1610820378,"event":{"mods":["AchievementEnabler","BaseMod","Colored Map","Colored Powertips","DeckTracker","Minty Spire (QoL Compilation)","Rare Cards Sparkle"],"gold_per_floor":[216,30,45,60,78,78,89,89,115,129,146,165,240,252,252,350,350,364,376,388,91,91,91,101,119,145,60,60,60],"floor_reached":28,"language":"KOR","playtime":1063,"items_purged":["Strike_G"],"score":268,"play_id":"4ad477ba-adab-4c10-9c15-9e2a9ecc508c","local_time":"20210117030618","is_ascension_mode":false,"campfire_choices":[{"data":"Terror","floor":6.0,"key":"SMITH"},{"data":"Dagger Spray","floor":8.0,"key":"SMITH"},{"floor":15.0,"key":"REST"},{"data":"Night Terror","floor":23.0,"key":"SMITH"}],"circlet_count":0,"master_deck":["Strike_G","Strike_G","Strike_G","Strike_G","Defend_G","Defend_G+1","Defend_G","Defend_G","Defend_G","Survivor","Neutralize","Backstab","Dagger Spray+1","Dagger Throw","Finesse","Poisoned Stab","Terror+1","Dash","Quick Slash","Cloak And Dagger+1","Backflip","Night Terror+1","Footwork","Panacea","Dodge and Roll","Blur"],"relics":["Ring of the Snake","Snake Skull","SlaversCollar","Potion Belt","Orichalcum","War Paint"],"acts_visited":["Exordium","TheCity"],"potions_floor_usage":[28,28],"damage_taken":[{"damage":0.0,"enemies":"2 Louse","floor":1.0,"turns":3.0},{"damage":1.0,"enemies":"Jaw Worm","floor":3.0,"turns":3.0},{"damage":0.0,"enemies":"Cultist","floor":4.0,"turns":3.0},{"damage":0.0,"enemies":"3 Louse","floor":5.0,"turns":2.0},{"damage":2.0,"enemies":"Gremlin Gang","floor":7.0,"turns":3.0},{"damage":11.0,"enemies":"Exordium Thugs","floor":10.0,"turns":4.0},{"damage":1.0,"enemies":"Large Slime","floor":11.0,"turns":3.0},{"damage":6.0,"enemies":"Red Slaver","floor":12.0,"turns":2.0},{"damage":0.0,"enemies":"Exordium Wildlife","floor":14.0,"turns":2.0},{"damage":0.0,"enemies":"Slime Boss","floor":16.0,"turns":6.0},{"damage":0.0,"enemies":"3 Byrds","floor":18.0,"turns":4.0},{"damage":3.0,"enemies":"Spheric Guardian","floor":19.0,"turns":3.0},{"damage":8.0,"enemies":"Snecko","floor":20.0,"turns":5.0},{"damage":19.0,"enemies":"Centurion and Healer","floor":24.0,"turns":13.0},{"damage":24,"enemies":"Chosen and Byrds","floor":25,"turns":8},{"damage":16,"enemies":"Snecko","floor":28,"turns":6}],"seed_played":"-8920136454231726962","potions_obtained":[{"floor":5.0,"key":"Swift Potion"},{"floor":7.0,"key":"Strength Potion"},{"floor":11.0,"key":"Energy Potion"},{"floor":12.0,"key":"Dexterity Potion"},{"floor":16.0,"key":"Strength Potion"},{"floor":24.0,"key":"Weak Potion"}],"is_trial":false,"path_per_floor":["M","$","M","M","M","R","M","R","T","M","M","M","?","M","R","B",null,"M","M","M","$","?","R","M","M","T","?","M"],"character_chosen":"THE_SILENT","items_purchased":["Dagger Spray","Dagger Throw","Finesse","Footwork","Panacea","Dodge and Roll"],"campfire_rested":1,"item_purchase_floors":[2,2,2,21,21,21],"current_hp_per_floor":[70,70,69,69,69,69,67,67,67,56,55,49,38,38,59,59,70,70,67,59,59,59,59,40,16,16,16,0,0],"gold":60,"neow_bonus":"HUNDRED_GOLD","is_daily":false,"chose_seed":false,"campfire_upgraded":3,"win_rate":0.0,"timestamp":1610820378,"path_taken":["M","$","M","M","M","R","M","R","T","M","M","M","?","M","R","BOSS","M","M","M","$","?","R","M","M","T","?","M"],"items_purchased_type":["Card","Card","Card","Card","Card","Card"],"build_version":"2020-12-22","purchased_purges":1,"victory":false,"max_hp_per_floor":[70,70,70,70,70,70,70,70,70,70,70,70,70,70,70,70,70,70,70,70,70,70,70,70,70,70,70,70,70],"card_choices":[{"not_picked":["Dagger Throw","Leg Sweep"],"picked":"Backstab","floor":1.0},{"not_picked":["Bane","Backflip"],"picked":"Poisoned Stab","floor":3.0},{"not_picked":["Caltrops","Tactician"],"picked":"Terror","floor":4.0},{"not_picked":["Predator","PiercingWail"],"picked":"Dash","floor":5.0},{"not_picked":["Prepared","Slice"],"picked":"Quick Slash","floor":7.0},{"not_picked":["Underhanded Strike","Accuracy","PiercingWail"],"picked":"SKIP","floor":10.0},{"not_picked":["Slice","Heel Hook"],"picked":"Cloak And Dagger","floor":11.0},{"not_picked":["Riddle With Holes","Skewer"],"picked":"Backflip","floor":12.0},{"not_picked":["Prepared","Outmaneuver","Poisoned Stab"],"picked":"SKIP","floor":14.0},{"not_picked":["Storm of Steel","Malaise"],"picked":"Night Terror","floor":16.0},{"not_picked":["Distraction","Tactician","Calculated Gamble"],"picked":"SKIP","floor":18.0},{"not_picked":["PiercingWail","Prepared","Sucker Punch"],"picked":"SKIP","floor":19.0},{"not_picked":["Dodge and Roll","Bane","Blade Dance"],"picked":"SKIP","floor":20.0},{"not_picked":["Slice","Flying Knee","Cloak And Dagger"],"picked":"SKIP","floor":24.0},{"not_picked":["Prepared+1","Sucker Punch"],"picked":"Blur","floor":25}],"player_experience":58034,"relics_obtained":[{"floor":9.0,"key":"Snake Skull"},{"floor":26,"key":"Orichalcum"}],"event_choices":[{"damage_healed":0.0,"max_hp_gain":0.0,"max_hp_loss":0.0,"gold_gain":75.0,"event_name":"World of Goop","player_choice":"Gather Gold","floor":13.0,"gold_loss":0.0,"damage_taken":11.0},{"damage_healed":0.0,"max_hp_gain":0.0,"max_hp_loss":0.0,"gold_gain":0.0,"event_name":"The Mausoleum","player_choice":"Opened","floor":22.0,"gold_loss":0.0,"damage_taken":0.0,"relics_obtained":["Potion Belt"]},{"damage_healed":0,"gold_gain":0,"player_choice":"Obtained Relic","damage_taken":0,"relics_obtained":["War Paint"],"max_hp_gain":0,"max_hp_loss":0,"event_name":"Addict","floor":27,"gold_loss":85}],"is_beta":false,"boss_relics":[{"not_picked":["Pandora\u0027s Box","Philosopher\u0027s Stone"],"picked":"SlaversCollar"}],"items_purged_floors":[21],"is_endless":false,"potions_floor_spawned":[5,7,11,12,14,16,18,19,24],"killed_by":"Snecko","ascension_level":0}}