{"host":"hszimsrtxxc2k25w","time":1610826725,"event":{"mods":["AchievementEnabler","BaseMod","Colored Map","DeckTracker","Minty Spire (QoL Compilation)","Rare Cards Sparkle","SuperFastMode"],"gold_per_floor":[109,109,126,126,201,226,226,258,258,268,107,107,133,133,133,210,210,227,277,303,319,4,4,23,48,48,48,59,59,59,76,76,151,151,169,187,11,11,30,30,42,42,42,42,57,77,102,102,102,102,102,102,102,22,55,55],"floor_reached":57,"language":"KOR","playtime":1556,"items_purged":["Strike_R","Parasite"],"score":2726,"play_id":"81cc4ac4-87f0-40aa-87d0-e9c96b101304","local_time":"20210117045204","is_ascension_mode":true,"campfire_choices":[{"data":"Carnage","floor":7.0,"key":"SMITH"},{"floor":12.0,"key":"REST"},{"data":"Evolve","floor":15.0,"key":"SMITH"},{"data":"Immolate","floor":23.0,"key":"SMITH"},{"data":"Fire Breathing","floor":27.0,"key":"SMITH"},{"data":"Battle Trance","floor":29.0,"key":"SMITH"},{"data":"Second Wind","floor":32.0,"key":"SMITH"},{"data":"Entrench","floor":40.0,"key":"SMITH"},{"data":"Dark Embrace","floor":42.0,"key":"SMITH"},{"floor":44.0,"key":"RECALL"},{"data":"Offering","floor":49.0,"key":"SMITH"},{"data":"Power Through","floor":53.0,"key":"SMITH"}],"circlet_count":0,"master_deck":["AscendersBane","Defend_R","Defend_R","Defend_R","Bash+1","Evolve+1","Carnage+1","Flame Barrier","Fire Breathing+1","Second Wind+1","Immolate+1","Power Through+1","Battle Trance+1","Warcry+1","Fire Breathing+1","Feel No Pain+1","Shockwave+1","Body Slam+1","Entrench+1","Dark Embrace+1","Injury","Offering+1"],"relics":["Burning Blood","NeowsBlessing","InkBottle","CaptainsWheel","Mercury Hourglass","Unceasing Top","Cursed Key","Red Mask","Calipers","Centennial Puzzle","Letter Opener","Astrolabe","Lizard Tail","Blood Vial"],"acts_visited":["Exordium","TheCity","TheBeyond","TheEnding"],"potions_floor_usage":[56],"damage_taken":[{"damage":0.0,"enemies":"Jaw Worm","floor":1.0,"turns":1.0},{"damage":0.0,"enemies":"Cultist","floor":3.0,"turns":1.0},{"damage":0.0,"enemies":"Gremlin Nob","floor":6.0,"turns":1.0},{"damage":59.0,"enemies":"Lagavulin","floor":8.0,"turns":8.0},{"damage":3.0,"enemies":"2 Louse","floor":10.0,"turns":2.0},{"damage":14.0,"enemies":"Gremlin Nob","floor":13.0,"turns":4.0},{"damage":36.0,"enemies":"Hexaghost","floor":16.0,"turns":9.0},{"damage":0.0,"enemies":"3 Byrds","floor":18.0,"turns":3.0},{"damage":12.0,"enemies":"Masked Bandits","floor":20.0,"turns":2.0},{"damage":1.0,"enemies":"Spheric Guardian","floor":21.0,"turns":6.0},{"damage":6.0,"enemies":"Centurion and Healer","floor":24.0,"turns":5.0},{"damage":17.0,"enemies":"Slavers","floor":25.0,"turns":4.0},{"damage":0.0,"enemies":"Snecko","floor":28.0,"turns":5.0},{"damage":15.0,"enemies":"Shelled Parasite and Fungi","floor":31.0,"turns":3.0},{"damage":9.0,"enemies":"Automaton","floor":33.0,"turns":8.0},{"damage":10.0,"enemies":"3 Shapes","floor":35.0,"turns":1.0},{"damage":14.0,"enemies":"3 Darklings","floor":36.0,"turns":3.0},{"damage":17.0,"enemies":"Jaw Worm Horde","floor":39.0,"turns":3.0},{"damage":13.0,"enemies":"Maw","floor":41.0,"turns":5.0},{"damage":4.0,"enemies":"Sphere and 2 Shapes","floor":45.0,"turns":4.0},{"damage":0.0,"enemies":"Transient","floor":46.0,"turns":6.0},{"damage":0.0,"enemies":"Mind Bloom Boss Battle","floor":47.0,"turns":4.0},{"damage":17.0,"enemies":"Time Eater","floor":50.0,"turns":5.0},{"damage":32.0,"enemies":"Donu and Deca","floor":51.0,"turns":5.0},{"damage":9.0,"enemies":"Shield and Spear","floor":55.0,"turns":3.0},{"damage":6,"enemies":"The Heart","floor":56,"turns":7}],"seed_played":"-3169301473142949868","potions_obtained":[{"floor":1.0,"key":"GamblersBrew"},{"floor":13.0,"key":"Dexterity Potion"},{"floor":20.0,"key":"ColorlessPotion"},{"floor":25.0,"key":"HeartOfIron"},{"floor":33.0,"key":"LiquidMemories"},{"floor":35.0,"key":"BloodPotion"},{"floor":41.0,"key":"SkillPotion"},{"floor":45.0,"key":"Block Potion"}],"is_trial":false,"path_per_floor":["M","?","M","?","?","E","R","E","T","M","$","R","E","?","R","B",null,"M","?","?","M","$","R","M","E","T","R","M","R","?","M","R","B",null,"M","M","$","?","M","R","M","R","T","R","M","M","?","$","R","B","B",null,"R","$","E","B",null],"character_chosen":"IRONCLAD","items_purchased":["Fire Breathing","Calipers","Entrench","ElixirPotion"],"campfire_rested":1,"item_purchase_floors":[11,22,37,54],"current_hp_per_floor":[74,74,75,75,64,70,70,17,17,20,20,42,34,59,59,29,64,70,70,64,69,69,69,69,58,58,58,64,64,64,55,55,52,69,65,57,57,57,46,46,53,53,53,53,55,61,67,67,67,56,30,62,62,62,59,61],"gold":55,"neow_bonus":"THREE_ENEMY_KILL","is_daily":false,"chose_seed":false,"campfire_upgraded":10,"win_rate":0.0,"timestamp":1610826724,"path_taken":["M","?","?","?","?","E","R","E","T","M","$","R","E","?","R","BOSS","M","?","?","M","$","R","M","E","T","R","M","R","?","M","R","BOSS","M","M","$","?","M","R","M","R","T","R","M","M","?","?","R","BOSS","BOSS","R","$","E","BOSS"],"items_purchased_type":["Card","Relic","Card","Potion"],"build_version":"2020-12-22","purchased_purges":2,"victory":true,"max_hp_per_floor":[75,75,75,75,75,75,75,75,75,75,75,75,75,75,75,75,75,75,75,75,75,75,75,75,75,75,75,75,75,75,75,75,75,75,75,75,72,72,72,72,72,72,72,72,72,72,72,72,72,72,72,72,72,72,72,72],"card_choices":[{"not_picked":["Rupture","Clothesline"],"picked":"Evolve","floor":1.0},{"not_picked":["Combust","Wild Strike"],"picked":"Carnage","floor":3.0},{"not_picked":["Havoc","Clash","Uppercut"],"picked":"SKIP","floor":6.0},{"not_picked":["Wild Strike","Armaments","Exhume"],"picked":"SKIP","floor":8.0},{"not_picked":["Sever Soul","Sword Boomerang"],"picked":"Flame Barrier","floor":10.0},{"not_picked":["Seeing Red","Body Slam"],"picked":"Second Wind","floor":13.0},{"not_picked":["Double Tap","Exhume"],"picked":"Immolate","floor":16.0},{"not_picked":["Pummel","Sword Boomerang","Headbutt"],"picked":"SKIP","floor":18.0},{"not_picked":["Heavy Blade","Wild Strike"],"picked":"Power Through","floor":20.0},{"not_picked":["Blood for Blood+1","Ghostly Armor"],"picked":"Battle Trance","floor":21.0},{"not_picked":["Wild Strike","Sword Boomerang"],"picked":"Warcry+1","floor":24.0},{"not_picked":["Clash","Infernal Blade","Berserk"],"picked":"SKIP","floor":25.0},{"not_picked":["Anger+1","Whirlwind","Inflame+1"],"picked":"SKIP","floor":28.0},{"not_picked":["Intimidate","Twin Strike","Flame Barrier"],"picked":"SKIP","floor":31.0},{"not_picked":["Carnage+1","Twin Strike+1","Thunderclap"],"picked":"SKIP","floor":35.0},{"not_picked":["Perfected Strike","Thunderclap"],"picked":"Body Slam+1","floor":36.0},{"not_picked":["Heavy Blade+1","Shockwave","Infernal Blade"],"picked":"SKIP","floor":39.0},{"not_picked":["Iron Wave","Sentinel"],"picked":"Dark Embrace","floor":41.0},{"not_picked":["Flex","True Grit","Body Slam"],"picked":"SKIP","floor":45.0},{"not_picked":["Dark Embrace+1","Uppercut","Flex"],"picked":"SKIP","floor":46.0},{"not_picked":["Metallicize","Perfected Strike"],"picked":"Offering","floor":47.0},{"not_picked":["Perfected Strike","Havoc","Sword Boomerang"],"picked":"SKIP","floor":55.0}],"player_experience":619821,"relics_obtained":[{"floor":6.0,"key":"InkBottle"},{"floor":8.0,"key":"CaptainsWheel"},{"floor":9.0,"key":"Mercury Hourglass"},{"floor":13.0,"key":"Unceasing Top"},{"floor":20.0,"key":"Red Mask"},{"floor":25.0,"key":"Centennial Puzzle"},{"floor":26.0,"key":"Letter Opener"},{"floor":47.0,"key":"Lizard Tail"},{"floor":55.0,"key":"Blood Vial"}],"event_choices":[{"damage_healed":0.0,"max_hp_gain":0.0,"max_hp_loss":0.0,"gold_gain":0.0,"event_name":"Upgrade Shrine","player_choice":"Upgraded","floor":2.0,"gold_loss":0.0,"damage_taken":0.0,"cards_upgraded":["Bash"]},{"cards_removed":["Strike_R"],"damage_healed":0.0,"max_hp_gain":0.0,"max_hp_loss":0.0,"gold_gain":0.0,"event_name":"Living Wall","player_choice":"Forget","floor":4.0,"gold_loss":0.0,"damage_taken":0.0},{"damage_healed":0.0,"max_hp_gain":0.0,"max_hp_loss":0.0,"gold_gain":75.0,"event_name":"World of Goop","player_choice":"Gather Gold","floor":5.0,"gold_loss":0.0,"damage_taken":11.0},{"damage_healed":25.0,"max_hp_gain":0.0,"max_hp_loss":0.0,"gold_gain":0.0,"event_name":"Big Fish","player_choice":"Banana","floor":14.0,"gold_loss":0.0,"damage_taken":0.0},{"damage_healed":0.0,"max_hp_gain":0.0,"max_hp_loss":0.0,"gold_gain":50.0,"event_name":"Nest","player_choice":"Stole From Cult","floor":19.0,"gold_loss":0.0,"damage_taken":0.0},{"damage_healed":0.0,"max_hp_gain":0.0,"max_hp_loss":0.0,"gold_gain":0.0,"event_name":"Masked Bandits","player_choice":"Fought Bandits","floor":20.0,"gold_loss":0.0,"damage_taken":0.0},{"damage_healed":0.0,"max_hp_gain":0.0,"max_hp_loss":0.0,"gold_gain":0.0,"event_name":"The Mausoleum","player_choice":"Ignored","floor":30.0,"gold_loss":0.0,"damage_taken":0.0},{"cards_removed":["Defend_R"],"damage_healed":0.0,"max_hp_gain":0.0,"max_hp_loss":0.0,"gold_gain":0.0,"event_name":"Falling","player_choice":"Removed Skill","floor":38.0,"gold_loss":0.0,"damage_taken":0.0},{"damage_healed":0.0,"max_hp_gain":0.0,"max_hp_loss":0.0,"gold_gain":0.0,"event_name":"MindBloom","player_choice":"Fight","floor":47.0,"gold_loss":0.0,"damage_taken":0.0}],"is_beta":false,"boss_relics":[{"not_picked":["SacredBark","Black Blood"],"picked":"Cursed Key"},{"not_picked":["Calling Bell","Fusion Hammer"],"picked":"Astrolabe"}],"items_purged_floors":[11,37],"is_endless":false,"potions_floor_spawned":[1,13,20,24,25,33,35,41,45],"ascension_level":20}}