{"host":"mydft8i2zzydgggw","time":1610836057,"event":{"mods":["AchievementEnabler","BaseMod","BetterRewards","Colored Map","Colored Powertips","DeckTracker","Keyboard Shortcuts","Minty Spire (QoL Compilation)","Rare Cards Sparkle","StSLib","SuperFastMode","everything is the same but u backflip on backflip"],"gold_per_floor":[109,184,14,14,189,189,204,204,204,222,122,136,11,22,22,22,22],"floor_reached":16,"language":"KOR","playtime":202,"items_purged":["Writhe","Doubt","Strike_B"],"score":131,"play_id":"49ff1780-caf4-4eed-a088-ff6b00b93929","local_time":"20210117072737","is_ascension_mode":true,"campfire_choices":[{"data":"Zap","floor":6,"key":"SMITH"},{"data":"Streamline","floor":8,"key":"SMITH"},{"floor":15,"key":"REST"}],"circlet_count":0,"master_deck":["Strike_B","Strike_B","Strike_B","Defend_B","Defend_B","Defend_B","Defend_B","Zap+1","Dualcast","Streamline+1","Recycle","Sunder","Self Repair"],"relics":["Cracked Core","TungstenRod","Matryoshka"],"acts_visited":["Exordium"],"potions_floor_usage":[14],"damage_taken":[{"damage":9,"enemies":"Cultist","floor":1,"turns":4},{"damage":11,"enemies":"Small Slimes","floor":7,"turns":2},{"damage":7,"enemies":"Jaw Worm","floor":10,"turns":4},{"damage":17,"enemies":"Exordium Wildlife","floor":12,"turns":4},{"damage":4,"enemies":"Gremlin Gang","floor":14,"turns":3},{"damage":69,"enemies":"Hexaghost","floor":16,"turns":11}],"seed_played":"7181154961698293441","potions_obtained":[{"floor":12,"key":"ColorlessPotion"}],"is_trial":false,"path_per_floor":["M","?","$","?","?","R","M","R","T","M","$","M","$","M","R","B"],"character_chosen":"DEFECT","items_purchased":["FairyPotion"],"campfire_rested":1,"item_purchase_floors":[3],"current_hp_per_floor":[59,49,49,54,54,54,43,43,43,36,36,19,19,15,39,0,0],"gold":22,"neow_bonus":"ONE_RARE_RELIC","is_daily":false,"chose_seed":false,"campfire_upgraded":2,"win_rate":0.0,"timestamp":1610836057,"path_taken":["M","?","$","?","?","R","?","R","T","M","$","M","$","M","R","BOSS"],"items_purchased_type":["Potion"],"build_version":"2020-12-22","purchased_purges":3,"victory":false,"max_hp_per_floor":[75,75,75,80,80,80,80,80,80,80,80,80,80,80,80,80,80],"card_choices":[{"not_picked":["Compile Driver","Beam Cell","Steam"],"picked":"SKIP","floor":1},{"not_picked":["Sweeping Beam","Recycle"],"picked":"Streamline","floor":7},{"not_picked":["FTL","Streamline"],"picked":"Recycle","floor":10},{"not_picked":["Chaos","Cold Snap"],"picked":"Sunder","floor":12},{"not_picked":["Barrage","Steam"],"picked":"Self Repair","floor":14}],"player_experience":172380,"relics_obtained":[{"floor":9,"key":"Matryoshka"}],"event_choices":[{"damage_healed":0,"gold_gain":75,"player_choice":"Gather Gold","damage_taken":11,"max_hp_gain":0,"max_hp_loss":0,"event_name":"World of Goop","floor":2,"gold_loss":0},{"damage_healed":0,"gold_gain":0,"player_choice":"Donut","damage_taken":0,"max_hp_gain":5,"max_hp_loss":0,"event_name":"Big Fish","floor":4,"gold_loss":0},{"damage_healed":0,"gold_gain":175,"player_choice":"AGREE","damage_taken":0,"max_hp_gain":0,"max_hp_loss":0,"event_name":"Liars Game","floor":5,"gold_loss":0,"cards_obtained":["Doubt"]}],"is_beta":false,"boss_relics":[],"items_purged_floors":[3,11,13],"is_endless":false,"potions_floor_spawned":[12],"killed_by":"Hexaghost","ascension_level":9}}