{"host":"q50ttuv713gicbhz","time":1610816238,"event":{"mods":["AchievementEnabler","BaseMod","Bestiary","Minty Spire (QoL Compilation)"],"gold_per_floor":[112,128,139,214,234,234,262,278,278,278,289,289,299,187,187,291,291,306,89,89,107,107,107,119,133,157,22,51,51,51,71,71,71,71],"floor_reached":33,"language":"ENG","playtime":1982,"items_purged":["Strike_B","Streamline"],"score":269,"play_id":"2bc7f29b-806e-448a-934a-4f31797e4f2a","local_time":"20210116185718","is_ascension_mode":false,"campfire_choices":[{"floor":6,"key":"REST"},{"data":"White Noise","floor":10,"key":"SMITH"},{"data":"Machine Learning","floor":12,"key":"SMITH"},{"floor":15,"key":"REST"},{"data":"Hologram","floor":23,"key":"SMITH"},{"floor":29,"key":"REST"},{"floor":32,"key":"REST"}],"circlet_count":0,"master_deck":["Strike_B","Defend_B","Defend_B","Defend_B","Zap","Dualcast","Rebound","Go for the Eyes","Machine Learning+1","Cold Snap","White Noise+1","Auto Shields","Gash","Sweeping Beam+1","Melter+1","Electrodynamics","Force Field+1","White Noise+1","Hologram","Capacitor","Hologram+1","Cold Snap+1","Gash","Lockon","All For One","Decay","Coolheaded"],"relics":["Cracked Core","White Beast Statue","InkBottle","Astrolabe","Potion Belt","Bag of Preparation","Whetstone"],"acts_visited":["Exordium","TheCity"],"potions_floor_usage":[16,18,18,25,33,33],"damage_taken":[{"damage":5,"enemies":"Jaw Worm","floor":1,"turns":4},{"damage":0,"enemies":"Cultist","floor":2,"turns":3},{"damage":1,"enemies":"Small Slimes","floor":3,"turns":3},{"damage":12,"enemies":"Exordium Thugs","floor":5,"turns":4},{"damage":24,"enemies":"Lagavulin","floor":7,"turns":6},{"damage":10,"enemies":"3 Louse","floor":8,"turns":4},{"damage":0,"enemies":"Large Slime","floor":11,"turns":5},{"damage":0,"enemies":"Blue Slaver","floor":13,"turns":3},{"damage":36,"enemies":"Hexaghost","floor":16,"turns":10},{"damage":18,"enemies":"2 Thieves","floor":18,"turns":3},{"damage":0,"enemies":"Spheric Guardian","floor":21,"turns":2},{"damage":13,"enemies":"Centurion and Healer","floor":24,"turns":5},{"damage":32,"enemies":"Snake Plant","floor":25,"turns":5},{"damage":36,"enemies":"Book of Stabbing","floor":28,"turns":8},{"damage":0,"enemies":"Sentry and Sphere","floor":31,"turns":3},{"damage":54,"enemies":"Collector","floor":33,"turns":7}],"seed_played":"556488056322777143","potions_obtained":[{"floor":7,"key":"AttackPotion"},{"floor":8,"key":"DuplicationPotion"},{"floor":11,"key":"Explosive Potion"},{"floor":16,"key":"Fire Potion"},{"floor":18,"key":"Strength Potion"},{"floor":21,"key":"FearPotion"},{"floor":24,"key":"DuplicationPotion"},{"floor":25,"key":"SkillPotion"},{"floor":28,"key":"SteroidPotion"},{"floor":31,"key":"Dexterity Potion"}],"is_trial":false,"path_per_floor":["M","M","M","?","M","R","E","M","T","R","M","R","M","$","R","B",null,"M","$","?","M","$","R","M","M","T","$","E","R","?","M","R","B"],"character_chosen":"DEFECT","items_purchased":["Melter","Potion Belt","Capacitor","Lockon"],"campfire_rested":4,"item_purchase_floors":[14,19,19,27],"current_hp_per_floor":[70,70,69,58,46,68,44,34,34,34,34,34,34,34,56,20,75,57,57,85,85,85,85,72,40,40,40,4,29,29,29,54,0,0],"gold":71,"neow_bonus":"THREE_CARDS","is_daily":false,"chose_seed":false,"campfire_upgraded":3,"win_rate":0.0,"timestamp":1610816238,"path_taken":["M","M","M","?","M","R","E","M","T","R","M","R","M","$","R","BOSS","M","$","?","M","?","R","?","M","T","$","E","R","?","M","R","BOSS"],"items_purchased_type":["Card","Relic","Card","Card"],"build_version":"2020-12-22","purchased_purges":2,"victory":false,"max_hp_per_floor":[75,75,75,75,75,75,75,75,75,75,75,75,75,75,75,75,75,75,75,85,85,85,85,85,85,85,85,85,85,85,85,85,85,85],"card_choices":[{"not_picked":["Barrage","Leap"],"picked":"Streamline","floor":0},{"not_picked":["Streamline","Barrage"],"picked":"Rebound","floor":1},{"not_picked":["Leap","Darkness"],"picked":"Go for the Eyes","floor":2},{"not_picked":["Beam Cell","Stack"],"picked":"Machine Learning","floor":3},{"not_picked":["White Noise","Fusion"],"picked":"Cold Snap","floor":5},{"not_picked":["Compile Driver","Stack"],"picked":"White Noise","floor":7},{"not_picked":["Chill","Sweeping Beam"],"picked":"Auto Shields","floor":8},{"not_picked":["Auto Shields","Rip and Tear"],"picked":"Gash","floor":11},{"not_picked":["Steam","Rebound"],"picked":"Sweeping Beam","floor":13},{"not_picked":["Multi-Cast","Machine Learning"],"picked":"Electrodynamics","floor":16},{"not_picked":["Auto Shields","Cold Snap"],"picked":"Hologram","floor":18},{"not_picked":["Rebound","Streamline"],"picked":"Hologram","floor":21},{"not_picked":["Steam Power","Reinforced Body"],"picked":"Cold Snap+1","floor":24},{"not_picked":["Auto Shields","Genetic Algorithm"],"picked":"Gash","floor":25},{"not_picked":["Rip and Tear","Undo"],"picked":"All For One","floor":28},{"not_picked":["Beam Cell","Rebound+1"],"picked":"Coolheaded","floor":31}],"player_experience":95513,"relics_obtained":[{"floor":7,"key":"White Beast Statue"},{"floor":9,"key":"InkBottle"},{"floor":26,"key":"Bag of Preparation"},{"floor":28,"key":"Whetstone"}],"event_choices":[{"damage_healed":0,"gold_gain":75,"player_choice":"Gather Gold","damage_taken":11,"max_hp_gain":0,"max_hp_loss":0,"event_name":"World of Goop","floor":4,"gold_loss":0},{"cards_removed":["Multi-Cast"],"damage_healed":18,"gold_gain":0,"player_choice":"Offered Rare","damage_taken":0,"max_hp_gain":10,"max_hp_loss":0,"event_name":"Bonfire Elementals","floor":20,"gold_loss":0},{"damage_healed":0,"gold_gain":0,"player_choice":"Smashed Altar","damage_taken":0,"max_hp_gain":0,"max_hp_loss":0,"event_name":"Forgotten Altar","floor":30,"gold_loss":0,"cards_obtained":["Decay"]}],"is_beta":false,"boss_relics":[{"not_picked":["Black Star","Runic Pyramid"],"picked":"Astrolabe"}],"items_purged_floors":[14,27],"is_endless":false,"potions_floor_spawned":[7,8,11,13,16,18,21,24,25,28,31],"killed_by":"Collector","ascension_level":0}}