{"host":"baymyijz6sxaqj5s","time":1610783253,"event":{"mods":["AchievementEnabler","BaseMod","Colored Map","Colored Powertips","DeckTracker","Highlight Path","KOR Keyword Fix","Keyboard Shortcuts","Minty Spire (QoL Compilation)","Quick Restart","StSLib","SuperFastMode"],"gold_per_floor":[110,110,122,135,148,148,148,148,172,192,192,207,207,230,230,230,230],"floor_reached":16,"language":"KOR","playtime":442,"items_purged":[],"score":110,"play_id":"503dc10d-0e52-46df-a2ab-629388468107","local_time":"20210116164733","is_ascension_mode":true,"campfire_choices":[{"data":"Survivor","floor":6,"key":"SMITH"},{"floor":8,"key":"REST"},{"data":"Backflip","floor":11,"key":"SMITH"},{"floor":15,"key":"REST"}],"circlet_count":0,"master_deck":["Strike_G","Strike_G","Strike_G","Strike_G","Strike_G","Defend_G","Defend_G","Defend_G","Defend_G","Defend_G","Survivor+1","Neutralize","Deadly Poison","Acrobatics","Backflip+1","Deflect","Poisoned Stab"],"relics":["Ring of the Snake","Pen Nib","Unceasing Top","Tiny Chest","Odd Mushroom"],"acts_visited":["Exordium"],"potions_floor_usage":[16,16],"damage_taken":[{"damage":8,"enemies":"Jaw Worm","floor":1,"turns":5},{"damage":7,"enemies":"Small Slimes","floor":3,"turns":4},{"damage":0,"enemies":"Cultist","floor":4,"turns":4},{"damage":4,"enemies":"Blue Slaver","floor":5,"turns":5},{"damage":8,"enemies":"3 Louse","floor":10,"turns":5},{"damage":2,"enemies":"Large Slime","floor":12,"turns":7},{"damage":13,"enemies":"The Mushroom Lair","floor":14,"turns":6},{"damage":76,"enemies":"Slime Boss","floor":16,"turns":10}],"seed_played":"6853970659829168578","potions_obtained":[{"floor":5,"key":"Poison Potion"},{"floor":12,"key":"Poison Potion"},{"floor":14,"key":"Explosive Potion"}],"is_trial":false,"path_per_floor":["M","?","M","M","M","R","?","R","T","M","R","M","?","?","R","B"],"character_chosen":"THE_SILENT","items_purchased":[],"campfire_rested":2,"item_purchase_floors":[],"current_hp_per_floor":[69,57,50,50,46,46,46,69,69,61,61,59,59,46,69,0,0],"gold":230,"neow_bonus":"TEN_PERCENT_HP_BONUS","is_daily":false,"chose_seed":false,"campfire_upgraded":2,"win_rate":0.0,"timestamp":1610783253,"path_taken":["M","?","M","M","M","R","?","R","T","?","R","M","?","?","R","BOSS"],"items_purchased_type":[],"build_version":"2020-12-22","purchased_purges":0,"victory":false,"max_hp_per_floor":[77,77,77,77,77,77,77,77,77,77,77,77,77,77,77,77,77],"card_choices":[{"not_picked":["Bane","Slice"],"picked":"Deadly Poison","floor":1},{"not_picked":["PiercingWail","Predator"],"picked":"Acrobatics","floor":3},{"not_picked":["Terror","Well Laid Plans","Skewer"],"picked":"SKIP","floor":4},{"not_picked":["Dodge and Roll","Dagger Throw","Finisher"],"picked":"SKIP","floor":5},{"not_picked":["Bane","Dagger Spray"],"picked":"Backflip","floor":10},{"not_picked":["Quick Slash","Flying Knee"],"picked":"Deflect","floor":12},{"not_picked":["A Thousand Cuts","Bane"],"picked":"Poisoned Stab","floor":14}],"player_experience":88697,"relics_obtained":[{"floor":9,"key":"Tiny Chest"},{"floor":14,"key":"Odd Mushroom"}],"event_choices":[{"damage_healed":0,"gold_gain":0,"player_choice":"Success","damage_taken":12,"relics_obtained":["Pen Nib"],"max_hp_gain":0,"max_hp_loss":0,"event_name":"Scrap Ooze","floor":2,"gold_loss":0},{"damage_healed":0,"gold_gain":0,"player_choice":"Gave Potion","damage_taken":0,"relics_obtained":["Unceasing Top"],"max_hp_gain":0,"max_hp_loss":0,"event_name":"WeMeetAgain","floor":7,"gold_loss":0},{"damage_healed":0,"gold_gain":0,"player_choice":"Ignored","damage_taken":0,"max_hp_gain":0,"max_hp_loss":0,"event_name":"Golden Idol","floor":13,"gold_loss":0},{"damage_healed":0,"gold_gain":0,"player_choice":"Fought Mushrooms","damage_taken":0,"max_hp_gain":0,"max_hp_loss":0,"event_name":"Mushrooms","floor":14,"gold_loss":0}],"is_beta":false,"boss_relics":[],"items_purged_floors":[],"is_endless":false,"potions_floor_spawned":[5,12,14],"killed_by":"Slime Boss","ascension_level":4}}