{"host":"9n6i2vl93jt4o42q","time":1610823722,"event":{"mods":["BaseMod","Minty Spire (QoL Compilation)","Relic Stats"],"gold_per_floor":[110,130,230,248,258,258,293,293,365,398,41,59,79,98,98,171,171,188,141,41,55,55,55,55],"floor_reached":23,"language":"ENG","playtime":2634,"items_purged":["Strike_G","Strike_G"],"score":435,"play_id":"b487b948-939c-47e6-894e-5d16e604402e","local_time":"20210116200202","is_ascension_mode":true,"campfire_choices":[{"data":"Backstab","floor":6,"key":"SMITH"},{"data":"Neutralize","floor":8,"key":"SMITH"},{"floor":15,"key":"REST"}],"circlet_count":0,"master_deck":["AscendersBane","Defend_G","Defend_G","Defend_G","Defend_G","Defend_G","Survivor","Neutralize+1","Dash","Flying Knee","Cloak And Dagger","Backstab+1","Quick Slash","Bullet Time+1","Well Laid Plans","Secret Technique+1","Footwork","Footwork","Burst+1","Backflip+1","Blur+1","Dodge and Roll+1","Bite","Bite","Bite","Bite","Bite"],"relics":["Ring of the Snake","Bag of Marbles","Peace Pipe","Toxic Egg 2","Potion Belt","Coffee Dripper"],"acts_visited":["Exordium","TheCity"],"potions_floor_usage":[10,13],"damage_taken":[{"damage":3,"enemies":"2 Louse","floor":1,"turns":3},{"damage":1,"enemies":"Cultist","floor":2,"turns":3},{"damage":0,"enemies":"Small Slimes","floor":4,"turns":3},{"damage":1,"enemies":"2 Fungi Beasts","floor":5,"turns":4},{"damage":22,"enemies":"Gremlin Nob","floor":7,"turns":4},{"damage":6,"enemies":"3 Sentries","floor":10,"turns":8},{"damage":16,"enemies":"Large Slime","floor":12,"turns":4},{"damage":0,"enemies":"Gremlin Gang","floor":13,"turns":3},{"damage":0,"enemies":"Blue Slaver","floor":14,"turns":3},{"damage":14,"enemies":"The Guardian","floor":16,"turns":17},{"damage":13,"enemies":"Spheric Guardian","floor":18,"turns":8},{"damage":0,"enemies":"2 Thieves","floor":19,"turns":5},{"damage":10,"enemies":"Centurion and Healer","floor":21,"turns":13},{"damage":48,"enemies":"Gremlin Leader","floor":23,"turns":6}],"seed_played":"5383066564909265630","potions_obtained":[{"floor":2,"key":"Swift Potion"},{"floor":4,"key":"Swift Potion"},{"floor":7,"key":"PowerPotion"},{"floor":12,"key":"BlessingOfTheForge"},{"floor":21,"key":"Strength Potion"}],"is_trial":false,"path_per_floor":["M","M","?","M","M","R","E","R","T","E","$","M","M","M","R","B",null,"M","M","$","M","?","E"],"character_chosen":"THE_SILENT","items_purchased":["Well Laid Plans","Secret Technique+1"],"campfire_rested":1,"item_purchase_floors":[11,11],"current_hp_per_floor":[56,55,55,55,54,54,32,32,32,26,26,10,10,10,29,15,53,40,40,40,30,30,0,0],"gold":55,"neow_bonus":"RANDOM_COMMON_RELIC","is_daily":false,"chose_seed":false,"campfire_upgraded":2,"win_rate":0.0,"timestamp":1610823722,"path_taken":["M","M","?","?","M","R","E","R","T","E","$","M","M","M","R","BOSS","M","M","$","M","?","E"],"items_purchased_type":["Card","Card"],"build_version":"2020-12-22","purchased_purges":2,"victory":false,"max_hp_per_floor":[66,66,66,66,66,66,66,66,66,66,66,66,66,66,66,66,66,66,66,66,66,46,46,46],"relic_stats":{"Peace Pipe":0,"counters":[14,84],"obtain_stats":[{"Peace Pipe":7,"Potion Belt":10,"Bag of Marbles":0,"Coffee Dripper":17,"Toxic Egg 2":9,"Ring of the Snake":0},{"Peace Pipe":5,"Potion Belt":6,"Bag of Marbles":0,"Coffee Dripper":10,"Toxic Egg 2":5,"Ring of the Snake":0},{"Peace Pipe":17,"Potion Belt":25,"Bag of Marbles":0,"Coffee Dripper":52,"Toxic Egg 2":17,"Ring of the Snake":0}],"Ring of the Snake":[28]},"card_choices":[{"not_picked":["Deadly Poison","Sucker Punch"],"picked":"Dash","floor":1},{"not_picked":["Eviscerate","Well Laid Plans"],"picked":"Flying Knee","floor":2},{"not_picked":["Eviscerate","Finisher"],"picked":"Cloak And Dagger","floor":4},{"not_picked":["Distraction","Choke"],"picked":"Backstab","floor":5},{"not_picked":["Escape Plan","Prepared"],"picked":"Quick Slash","floor":7},{"not_picked":["Terror+1","Setup+1"],"picked":"Bullet Time+1","floor":10},{"not_picked":["Prepared+1","Quick Slash"],"picked":"Footwork","floor":12},{"not_picked":["Accuracy","Outmaneuver+1"],"picked":"Footwork","floor":13},{"not_picked":["Outmaneuver+1","Dagger Spray","Catalyst+1"],"picked":"SKIP","floor":14},{"not_picked":["Die Die Die","Wraith Form v2"],"picked":"Burst+1","floor":16},{"not_picked":["Deflect+1","Outmaneuver+1"],"picked":"Backflip+1","floor":18},{"not_picked":["Infinite Blades","Dagger Spray"],"picked":"Blur+1","floor":19},{"not_picked":["Underhanded Strike","Backstab"],"picked":"Dodge and Roll+1","floor":21}],"player_experience":2082753,"relics_obtained":[{"floor":7,"key":"Peace Pipe"},{"floor":9,"key":"Toxic Egg 2"},{"floor":10,"key":"Potion Belt"}],"event_choices":[{"damage_healed":0,"gold_gain":100,"player_choice":"Gold","damage_taken":0,"max_hp_gain":0,"max_hp_loss":0,"event_name":"Wheel of Change","floor":3,"gold_loss":0},{"damage_healed":0,"gold_gain":0,"player_choice":"Became a vampire","damage_taken":0,"max_hp_gain":0,"max_hp_loss":20,"event_name":"Vampires","floor":22,"gold_loss":0,"cards_obtained":["Bite","Bite","Bite","Bite","Bite"]}],"is_beta":false,"boss_relics":[{"not_picked":["Velvet Choker","WristBlade"],"picked":"Coffee Dripper"}],"items_purged_floors":[11,20],"is_endless":false,"potions_floor_spawned":[2,4,7,12,21],"killed_by":"Gremlin Leader","ascension_level":20}}