{"host":"vra53s4gynvpqhud","time":1610817825,"event":{"mods":["100% Spire Juice","A Magickal Journey","AchievementEnabler","Arknights The Spire","Aspiration","BaseMod","Better Match","Better Third Choice","BetterRewards","Conspire","Energized Spire","Evolution","Friendly Minions","GifTheSpireLib","Hermit","HexUI Lib","Highlight Path","Hubris","Infinite Spire","Jorbs\u0027s Wanderer Trilogy","Mad Scientist","Magitek Elite","Mathematician","Minty Spire (QoL Compilation)","Permanent Neow","Poor People Problems","Quick Restart","Rare Cards Sparkle","Remove Card Discount Mod","Replay The Spire","Shop Mod","Somnambulant","StSLib","The Cursed","The Gatherer","The Hierophant","The Jungle","The Necromancer","The Poker Player","The Runesmith","egg"],"gold_per_floor":[140,151,151,170,18,53,53,87,113,130,148,209,209,225,225,330,330,343,343,357,357,12,39,39,70,94,105,125,138,138,149,149,252,252,267,133,150,150,161,196,196,196,196],"floor_reached":42,"language":"ENG","playtime":29285,"items_purged":["MathAttackStrike","MathAttackStrike","MathSkillDefend","MathSkillDefend","MathSkillDefend","MathAttackStrike","MathAttackStrike","MathSkillDefend","MathAttackSineStrike","MathSkillCosGuard","MathSkillAnticipation+1","MathAttackFrizz"],"score":530,"play_id":"f1f2fcd3-985e-4897-abb8-44f9c05486c7","local_time":"20210116122345","is_ascension_mode":false,"campfire_choices":[{"data":"MathSkillAnticipation","floor":7,"key":"SMITH"},{"floor":13,"key":"REST"},{"data":"MathAttackDesperation","floor":15,"key":"SMITH"},{"data":"MathSkillStonePlating","floor":24,"key":"SMITH"},{"floor":32,"key":"DIG"},{"data":"MathSkillAvoidance","floor":41,"key":"SMITH"}],"circlet_count":0,"master_deck":["MathPowerStoneSkin","MathSkillAvoidance+1","MathSkillStonePlating+1","MathAttackDesperation+1","MathAttackArmoredBlow","MathSkillPetrify","MathAttackVengeance+1","MathPowerStoneSkin","MathPowerEndurance","MathSkillSolidDefense+1","MathAttackBodyCheck","MathSkillSolidDefense+1","infinitespire:Execution","MathAttackDesperation+1","Parasite","MathPowerBeat+1"],"relics":["ReverseTimePiece","EVO:Axolotl","aspiration:Nostalgia","Vampire_Amulet","hubris:CrystalStatue","SuperVisors","hubris:OldNail","conspire:TopHat","aspiration:RitualStick","hubris:Towel","Membership Card","MerchantsRug","aspiration:HiddenCompartment","infinitespire:WardingShard","Vajra","War Paint","Strawberry","infinitespire:CheckeredPen","aspiration:ChemicalBlood"],"acts_visited":["Exordium","TheCity","TheBeyond"],"potions_floor_usage":[6,8,12,16,16,18,33,40,40,42],"damage_taken":[{"damage":0,"enemies":"Jaw Worm","floor":1,"turns":4},{"damage":0,"enemies":"conspire:RoseBush","floor":2,"turns":3},{"damage":0,"enemies":"Small Slimes","floor":4,"turns":4},{"damage":0,"enemies":"Lagavulin","floor":6,"turns":8},{"damage":52,"enemies":"Gremlin Nob","floor":8,"turns":7},{"damage":1,"enemies":"Exordium Wildlife","floor":10,"turns":4},{"damage":1,"enemies":"3 Louse","floor":11,"turns":5},{"damage":15,"enemies":"Lagavulin Event","floor":12,"turns":27},{"damage":3,"enemies":"Blue Slaver","floor":14,"turns":11},{"damage":7,"enemies":"Slime Boss","floor":16,"turns":22},{"damage":29,"enemies":"3 Byrds","floor":18,"turns":10},{"damage":0,"enemies":"conspire:FuzzyDice","floor":20,"turns":10},{"damage":18,"enemies":"Replay:Snechameleon","floor":23,"turns":7},{"damage":8,"enemies":"conspire:Head Lice","floor":25,"turns":7},{"damage":4,"enemies":"conspire:HollyBat","floor":27,"turns":6},{"damage":3,"enemies":"Snake Plant","floor":28,"turns":4},{"damage":5,"enemies":"Shelled Parasite and Fungi","floor":29,"turns":5},{"damage":0,"enemies":"conspire:HollyBat","floor":31,"turns":6},{"damage":7,"enemies":"Automaton","floor":33,"turns":8},{"damage":12,"enemies":"3 Darklings","floor":35,"turns":9},{"damage":19,"enemies":"3 Shapes","floor":37,"turns":4},{"damage":4,"enemies":"Writhing Mass","floor":39,"turns":6},{"damage":50,"enemies":"R_Hoarder","floor":40,"turns":9},{"damage":3,"enemies":"Nemesis","floor":42,"turns":2}],"seed_played":"2407729248320094145","potions_obtained":[{"floor":2,"key":"Regen Potion"},{"floor":4,"key":"Fire Potion"},{"floor":10,"key":"Elixir"},{"floor":11,"key":"Block Potion"},{"floor":12,"key":"Weak Potion"},{"floor":16,"key":"Reflective Coating"},{"floor":18,"key":"Elixir"},{"floor":29,"key":"Swift Potion"},{"floor":33,"key":"Dexterity Potion"},{"floor":35,"key":"Weak Potion"},{"floor":39,"key":"PowerPotion"}],"is_trial":false,"path_per_floor":["M","M","?","M","$","E","R","E","T","M","M","?","R","M","R","B",null,"M","?","M","?","$","E","R","E","T","M","M","M","AVR","M","R","B",null,"M","$","M","?","M","E","R","E"],"character_chosen":"MATH","items_purchased":["MathPowerStoneSkin","MathPowerEndurance","MathAttackFrizz","Membership Card","MerchantsRug","infinitespire:CheckeredPen"],"campfire_rested":1,"item_purchase_floors":[5,22,22,22,22,36],"current_hp_per_floor":[64,64,64,64,64,64,64,28,28,31,36,23,42,41,41,42,64,41,28,32,32,32,16,16,24,24,22,21,20,20,22,29,28,71,61,61,48,48,46,3,3,0,0],"gold":196,"neow_bonus":"NOSTALGIA","is_daily":false,"chose_seed":false,"campfire_upgraded":4,"win_rate":0.0,"timestamp":1610817825,"path_taken":["M","M","?","M","$","E","R","E","T","M","M","?","R","M","R","BOSS","M","?","M","?","$","E","R","E","T","M","M","M","AVR","M","R","BOSS","M","$","M","?","M","E","R","E"],"items_purchased_type":["Card","Card","Card","Relic","Relic","Relic"],"build_version":"2020-12-22","purchased_purges":12,"victory":false,"max_hp_per_floor":[64,64,64,64,64,64,64,64,64,64,64,64,64,64,64,64,64,64,64,64,64,64,64,64,64,64,64,64,64,64,64,71,71,71,71,71,71,71,71,76,76,76,76],"card_choices":[{"not_picked":["MathAttackFalseCleave","MathSkillCosecantGuard","MathSkillTaunt"],"picked":"SKIP","floor":1},{"not_picked":["MathSkillTaunt","MathSkillAmnesia"],"picked":"MathSkillAnticipation","floor":2},{"not_picked":["MathSkillDodgeRoll","MathSkillTaunt","MathSkillRemembrance"],"picked":"SKIP","floor":4},{"not_picked":["MathSkillForcedEvolution","MathSkillStop","MathSkillFleetingInspiration"],"picked":"SKIP","floor":6},{"not_picked":["MathAttackSineStrike","MathPowerBeat"],"picked":"MathSkillAvoidance","floor":8},{"not_picked":["MathSkillTaunt","MathSkillConfusion","MathAttackVengeance"],"picked":"SKIP","floor":10},{"not_picked":["MathAttackFutureStrike","MathAttackWreck"],"picked":"MathSkillStonePlating","floor":11},{"not_picked":["MathSkillCosGuard","MathPowerBrewingHatred"],"picked":"MathAttackDesperation","floor":12},{"not_picked":["MathSkillStoneGuard","MathSkillPulse"],"picked":"MathAttackArmoredBlow","floor":14},{"not_picked":["MathPowerStoneSkin","MathSkillEncase"],"picked":"MathSkillPetrify","floor":16},{"not_picked":["MathSkillConfusion+1","MathSkillFleetingInspiration"],"picked":"MathAttackVengeance+1","floor":18},{"not_picked":["MathSkillStudy+1","MathSkillFlashForwards"],"picked":"MathPowerStoneSkin","floor":20},{"not_picked":["MathPowerBackhanded","MathSkillCotangencyPlan"],"picked":"MathSkillSolidDefense","floor":23},{"not_picked":["MathPowerBrewingHatred","MathSkillCosGuard"],"picked":"MathAttackBodyCheck","floor":25},{"not_picked":["MathSkillCotangencyPlan","MathAttackWreck"],"picked":"MathSkillSolidDefense","floor":27},{"not_picked":["MathAttackReap","MathSkillChannelAnger+1","MathAttackSineStrike"],"picked":"SKIP","floor":28},{"not_picked":["MathSkillChannelAnger","MathPowerRetrograde","MathSkillConcentrate"],"picked":"SKIP","floor":29},{"not_picked":["MathPowerToInfinity","MathSkillStoneSpire","MathSkillHistoricStrike"],"picked":"SKIP","floor":31},{"not_picked":["MathSkillFlashBack","MathAttackGrief+1"],"picked":"MathAttackDesperation+1","floor":35},{"not_picked":["MathAttackFleetingGlory+1","MathAttackWreck","MathSkillDodgeRoll"],"picked":"SKIP","floor":37},{"not_picked":["MathAttackSomerAssault","MathSkillAvoidance+1"],"picked":"MathPowerBeat+1","floor":39},{"not_picked":["MathSkillStoneGuard+1","MathPowerRetrograde","MathSkillComposure"],"picked":"SKIP","floor":40}],"player_experience":143036,"relics_obtained":[{"floor":6,"key":"hubris:CrystalStatue"},{"floor":8,"key":"SuperVisors"},{"floor":9,"key":"hubris:OldNail"},{"floor":12,"key":"conspire:TopHat"},{"floor":23,"key":"aspiration:HiddenCompartment"},{"floor":25,"key":"infinitespire:WardingShard"},{"floor":26,"key":"Vajra"},{"floor":32,"key":"Strawberry"},{"floor":40,"key":"aspiration:ChemicalBlood"}],"event_choices":[{"damage_healed":0,"gold_gain":0,"player_choice":"Leave","damage_taken":0,"max_hp_gain":0,"max_hp_loss":0,"event_name":"The Cleric","floor":3,"gold_loss":0},{"damage_healed":0,"gold_gain":0,"player_choice":"Searched \u00271\u0027 times","damage_taken":0,"max_hp_gain":0,"max_hp_loss":0,"event_name":"Dead Adventurer","floor":12,"gold_loss":0},{"damage_healed":0,"gold_gain":0,"player_choice":"Memory 1","damage_taken":0,"max_hp_gain":0,"max_hp_loss":0,"event_name":"SensoryStone","floor":38,"gold_loss":0}],"is_beta":false,"boss_relics":[{"not_picked":["aspiration:IroncladSkillbook","hubris:TerracottaHorce","Runesmith:UraniumAnvil"]},{"not_picked":["Fusion Hammer","Cursed Key","conspire:RunicOctahedron"]}],"items_purged_floors":[5,5,5,5,5,22,22,22,30,36,36,36],"is_endless":false,"potions_floor_spawned":[2,4,10,11,12,16,18,29,33,35,39],"killed_by":"Nemesis","ascension_level":0}}