{"host":"sav7uxregyirlf69","time":1610807599,"event":{"mods":["AchievementEnabler","BaseMod","Colored Map","DeckTracker","Keyboard Shortcuts","Minty Spire (QoL Compilation)","READ ME - Guardian Mod","StSLib","SuperFastMode"],"gold_per_floor":[112,129,129,129,129,158,158,177,228,243,259,259,259],"floor_reached":12,"language":"KOR","playtime":154,"items_purged":[],"score":210,"play_id":"abddf321-55d0-4dc1-a862-3534f12bb2b1","local_time":"20210116233319","is_ascension_mode":true,"campfire_choices":[{"data":"Neutralize","floor":7,"key":"SMITH"}],"circlet_count":0,"master_deck":["AscendersBane","Strike_G","Strike_G","Strike_G","Strike_G","Strike_G","Defend_G","Defend_G","Defend_G","Defend_G","Defend_G","Survivor","Neutralize+1","All Out Attack","Reflex","Masterful Stab"],"relics":["Ring of the Snake","NeowsBlessing","Singing Bowl","Juzu Bracelet","Toy Ornithopter"],"acts_visited":["Exordium"],"potions_floor_usage":[11,12],"damage_taken":[{"damage":0,"enemies":"Cultist","floor":1,"turns":1},{"damage":0,"enemies":"Jaw Worm","floor":2,"turns":1},{"damage":0,"enemies":"Gremlin Nob","floor":6,"turns":1},{"damage":0,"enemies":"2 Louse","floor":8,"turns":2},{"damage":11,"enemies":"Large Slime","floor":10,"turns":6},{"damage":22,"enemies":"Exordium Thugs","floor":11,"turns":7},{"damage":83,"enemies":"Lagavulin","floor":12,"turns":11}],"seed_played":"-4693757566975480189","potions_obtained":[{"floor":2,"key":"FairyPotion"},{"floor":6,"key":"FearPotion"},{"floor":11,"key":"Block Potion"}],"is_trial":false,"path_per_floor":["M","M","T","?","?","E","R","M","T","M","M","E"],"character_chosen":"THE_SILENT","items_purchased":[],"campfire_rested":0,"item_purchase_floors":[],"current_hp_per_floor":[59,59,59,64,64,64,64,66,66,57,42,0,0],"gold":259,"neow_bonus":"THREE_ENEMY_KILL","is_daily":false,"chose_seed":false,"campfire_upgraded":1,"win_rate":0.0,"timestamp":1610807599,"path_taken":["M","M","?","?","?","E","R","M","T","M","M","E"],"items_purchased_type":[],"build_version":"2020-12-22","purchased_purges":0,"victory":false,"max_hp_per_floor":[66,66,66,71,71,71,71,73,73,75,77,77,77],"card_choices":[{"not_picked":["Bane","Underhanded Strike"],"picked":"All Out Attack","floor":1},{"not_picked":["Sucker Punch","Choke"],"picked":"Reflex","floor":2},{"not_picked":["PiercingWail","Dagger Throw"],"picked":"Masterful Stab","floor":6},{"not_picked":["Quick Slash","Dagger Spray","Distraction"],"picked":"Singing Bowl","floor":8},{"not_picked":["Bane","Dash","Acrobatics"],"picked":"Singing Bowl","floor":10},{"not_picked":["Underhanded Strike","Masterful Stab","Cloak And Dagger"],"picked":"Singing Bowl","floor":11}],"player_experience":1294742,"relics_obtained":[{"floor":3,"key":"Singing Bowl"},{"floor":6,"key":"Juzu Bracelet"},{"floor":9,"key":"Toy Ornithopter"}],"event_choices":[{"damage_healed":0,"gold_gain":0,"player_choice":"Donut","damage_taken":0,"max_hp_gain":5,"max_hp_loss":0,"event_name":"Big Fish","floor":4,"gold_loss":0},{"damage_healed":0,"gold_gain":0,"player_choice":"Ignored","damage_taken":0,"max_hp_gain":0,"max_hp_loss":0,"event_name":"Liars Game","floor":5,"gold_loss":0}],"is_beta":false,"boss_relics":[],"items_purged_floors":[],"is_endless":false,"potions_floor_spawned":[2,6,10,11],"killed_by":"Lagavulin","ascension_level":20}}