{"host":"kvh5342rl0c7vxi5","time":1610837807,"event":{"mods":["BaseMod","Downfall","Hermit","Jorbs\u0027s Wanderer Trilogy","Minty Spire (QoL Compilation)","Quick Restart","StSLib","SuperFastMode","The Poker Player"],"gold_per_floor":[118,118,130,7,17,44,44,60,60,85,104,104,279,309,309,405,405,424,424,226,226,226,255,255,287,314,367,379,379,390,408,408,509,509,524,572,572,591,591,591,622,639,691,691,691],"floor_reached":44,"language":"ENG","playtime":1678,"items_purged":["hermit:Strike_Hermit","hermit:Strike_Hermit"],"score":752,"play_id":"f40a6d2b-64b0-4617-9d5c-01d7e3ea46b4","local_time":"20210116175647","is_ascension_mode":true,"campfire_choices":[{"data":"hermit:Glare","floor":7,"key":"SMITH"},{"data":"hermit:Strike_Hermit","floor":12,"key":"PURGE"},{"data":"hermit:Strike_Hermit","floor":15,"key":"PURGE"},{"floor":24,"key":"REST"},{"data":"Shame","floor":29,"key":"PURGE"},{"data":"hermit:Misfire","floor":32,"key":"PURGE"},{"floor":40,"key":"REST"}],"circlet_count":0,"master_deck":["hermit:Defend_Hermit","hermit:Defend_Hermit","hermit:Defend_Hermit","hermit:Defend_Hermit","hermit:Snapshot","hermit:Covet","hermit:Enervate","hermit:Malice","hermit:Glare+1","hermit:Spite","Doubt","hermit:EternalForm+1","CurseOfTheBell","hermit:Spite","hermit:Deadeye","hermit:Brawl","hermit:Manifest","hermit:Gestalt","hermit:Deadeye","hermit:Roughhouse","hermit:GhostlyPresence+1","hermit:ShadowCloak+1","hermit:TakeAim+1","hermit:Dive","hermit:Enervate+1"],"relics":["hermit:Momento","NeowsBlessing","FaceOfCleric","Peace Pipe","Du-Vu Doll","hermit:CharredGlove","Gambling Chip","Calling Bell","Smiling Mask","Kunai","Torii","Centennial Puzzle","Meat on the Bone","HornCleat","Omamori","Regal Pillow","Black Star","Turnip","hermit:RyeStalk","Blue Candle"],"acts_visited":["Exordium","TheCity","TheBeyond"],"potions_floor_usage":[6,14,18,35,36,36,38,41,41,42,44],"damage_taken":[{"damage":0,"enemies":"Jaw Worm","floor":1,"turns":1},{"damage":0,"enemies":"Cultist","floor":3,"turns":1},{"damage":0,"enemies":"Small Slimes","floor":5,"turns":1},{"damage":15,"enemies":"3 Sentries","floor":6,"turns":6},{"damage":3,"enemies":"Looter","floor":8,"turns":2},{"damage":24,"enemies":"Lagavulin","floor":10,"turns":5},{"damage":4,"enemies":"Blue Slaver","floor":11,"turns":2},{"damage":0,"enemies":"Gremlin Nob","floor":14,"turns":2},{"damage":18,"enemies":"Slime Boss","floor":16,"turns":8},{"damage":0,"enemies":"Spheric Guardian","floor":18,"turns":3},{"damage":38,"enemies":"Slavers","floor":23,"turns":6},{"damage":22,"enemies":"Gremlin Leader","floor":25,"turns":5},{"damage":12,"enemies":"3 Byrds","floor":28,"turns":5},{"damage":1,"enemies":"Snecko","floor":30,"turns":3},{"damage":11,"enemies":"Shelled Parasite and Fungi","floor":31,"turns":3},{"damage":36,"enemies":"Collector","floor":33,"turns":9},{"damage":14,"enemies":"3 Darklings","floor":35,"turns":7},{"damage":61,"enemies":"2 Orb Walkers","floor":36,"turns":5},{"damage":0,"enemies":"Orb Walker","floor":38,"turns":3},{"damage":35,"enemies":"Nemesis","floor":41,"turns":9},{"damage":30,"enemies":"Writhing Mass","floor":42,"turns":8},{"damage":41,"enemies":"Giant Head","floor":44,"turns":8}],"seed_played":"-3706597516020733912","potions_obtained":[{"floor":1,"key":"hermit:BlackBile"},{"floor":3,"key":"SkillPotion"},{"floor":11,"key":"SteroidPotion"},{"floor":14,"key":"Fruit Juice"},{"floor":16,"key":"SteroidPotion"},{"floor":18,"key":"EntropicBrew"},{"floor":36,"key":"champ:CounterPotion"},{"floor":38,"key":"champ:CounterPotion"},{"floor":41,"key":"Strength Potion"}],"is_trial":false,"path_per_floor":["M","?","M","$","M","E","R","M","T","E","M","R","?","E","R","B",null,"M","?","$","?","?","E","R","E","T","T","M","R","M","M","R","B",null,"M","?","?","M","?","R","E","M","T","E"],"character_chosen":"HERMIT","items_purchased":["hermit:Misfire","hermit:Deadeye","hermit:Brawl"],"campfire_rested":2,"item_purchase_floors":[4,20,20],"current_hp_per_floor":[68,68,69,69,70,56,56,54,54,31,28,28,28,29,29,12,65,71,71,71,71,71,34,61,52,52,52,53,53,53,55,55,32,79,66,18,18,31,31,75,53,36,36,0,0],"gold":691,"neow_bonus":"THREE_ENEMY_KILL","is_daily":false,"chose_seed":false,"campfire_upgraded":1,"win_rate":0.0,"timestamp":1610837807,"path_taken":["M","?","M","$","?","E","R","M","T","E","M","R","?","E","R","BOSS","M","?","$","?","?","E","R","E","T","?","?","R","M","M","R","BOSS","M","?","?","?","?","R","E","M","T","E"],"items_purchased_type":["Card","Card","Card"],"build_version":"2020-12-22","purchased_purges":2,"victory":false,"max_hp_per_floor":[75,75,76,76,77,78,78,79,79,80,81,81,81,82,82,83,83,89,89,89,89,89,90,90,91,91,91,92,92,93,94,94,95,95,96,97,97,98,98,98,99,100,100,100,100],"card_choices":[{"not_picked":["hermit:Midnight","hermit:TakeAim"],"picked":"hermit:Enervate","floor":1},{"not_picked":["hermit:Snipe","hermit:Headshot"],"picked":"hermit:Malice","floor":3},{"not_picked":["hermit:Misfire","hermit:Roulette","hermit:Desperado"],"picked":"SKIP","floor":5},{"not_picked":["hermit:Quickdraw","hermit:LoneWolf"],"picked":"hermit:Glare","floor":6},{"not_picked":["hermit:Vantage","hermit:Roulette","hermit:BodyArmor"],"picked":"SKIP","floor":8},{"not_picked":["hermit:Roulette","hermit:Vantage"],"picked":"hermit:Spite","floor":10},{"not_picked":["hermit:ItchyTrigger","hermit:Roulette","hermit:TakeAim"],"picked":"SKIP","floor":11},{"not_picked":["hermit:TakeCover","hermit:TrackingShot","hermit:RoundhouseKick"],"picked":"SKIP","floor":14},{"not_picked":["hermit:Dissolve","hermit:FromBeyond"],"picked":"hermit:EternalForm","floor":16},{"not_picked":["hermit:HoleUp","hermit:HighCaliber"],"picked":"hermit:Spite","floor":18},{"not_picked":["hermit:BigShot+1","hermit:Cheat","hermit:Coalescence"],"picked":"SKIP","floor":23},{"not_picked":["hermit:Coalescence","hermit:Grudge"],"picked":"hermit:Gestalt","floor":25},{"not_picked":["hermit:Malice","hermit:DeadOrAlive","hermit:CalledShot+1"],"picked":"SKIP","floor":28},{"not_picked":["hermit:Glare","hermit:SprayPray"],"picked":"hermit:Deadeye","floor":30},{"not_picked":["hermit:Gestalt","hermit:Midnight+1","hermit:HighCaliber"],"picked":"SKIP","floor":31},{"not_picked":["hermit:HighNoon","hermit:OverwhelmingPower"],"picked":"hermit:Roughhouse","floor":33},{"not_picked":["hermit:Virtue+1","hermit:TakeAim+1"],"picked":"hermit:GhostlyPresence+1","floor":35},{"not_picked":["hermit:Coalescence+1","hermit:HoleUp+1"],"picked":"hermit:ShadowCloak+1","floor":36},{"not_picked":["hermit:Quickdraw","hermit:Coalescence"],"picked":"hermit:TakeAim+1","floor":38},{"not_picked":["hermit:Maintenance+1","hermit:Snipe+1"],"picked":"hermit:Dive","floor":41},{"not_picked":["hermit:Vantage+1","hermit:Combo+1"],"picked":"hermit:Enervate+1","floor":42}],"player_experience":543177,"relics_obtained":[{"floor":6,"key":"Peace Pipe"},{"floor":9,"key":"Du-Vu Doll"},{"floor":10,"key":"hermit:CharredGlove"},{"floor":14,"key":"Gambling Chip"},{"floor":17,"key":"Smiling Mask"},{"floor":17,"key":"Kunai"},{"floor":17,"key":"Torii"},{"floor":23,"key":"Meat on the Bone"},{"floor":25,"key":"HornCleat"},{"floor":26,"key":"Omamori"},{"floor":27,"key":"Regal Pillow"},{"floor":36,"key":"Turnip"},{"floor":41,"key":"hermit:RyeStalk"},{"floor":41,"key":"Blue Candle"}],"event_choices":[{"damage_healed":0,"gold_gain":0,"player_choice":"Trade","damage_taken":0,"relics_obtained":["FaceOfCleric"],"max_hp_gain":0,"max_hp_loss":0,"event_name":"FaceTrader","floor":2,"gold_loss":0},{"damage_healed":0,"gold_gain":175,"player_choice":"AGREE","damage_taken":0,"max_hp_gain":0,"max_hp_loss":0,"event_name":"Liars Game","floor":13,"gold_loss":0,"cards_obtained":["Doubt"]},{"damage_healed":0,"gold_gain":0,"player_choice":"Ignored","damage_taken":0,"max_hp_gain":0,"max_hp_loss":0,"event_name":"Vampires","floor":19,"gold_loss":0},{"damage_healed":0,"gold_gain":0,"player_choice":"Read","damage_taken":0,"max_hp_gain":0,"max_hp_loss":0,"event_name":"The Library","floor":21,"gold_loss":0,"cards_obtained":["hermit:Manifest"]},{"damage_healed":0,"gold_gain":0,"player_choice":"Stole Relic","damage_taken":0,"relics_obtained":["Centennial Puzzle"],"max_hp_gain":0,"max_hp_loss":0,"event_name":"Addict","floor":22,"gold_loss":0,"cards_obtained":["Shame"]},{"damage_healed":0,"gold_gain":0,"player_choice":"Fight","damage_taken":0,"max_hp_gain":0,"max_hp_loss":0,"event_name":"Mysterious Sphere","floor":36,"gold_loss":0},{"damage_healed":0,"gold_gain":0,"player_choice":"Ignored","damage_taken":0,"max_hp_gain":0,"max_hp_loss":0,"event_name":"SecretPortal","floor":37,"gold_loss":0},{"damage_healed":0,"gold_gain":0,"player_choice":"Upgraded","damage_taken":0,"max_hp_gain":0,"max_hp_loss":0,"event_name":"Upgrade Shrine","floor":39,"gold_loss":0,"cards_upgraded":["hermit:EternalForm"]}],"is_beta":false,"boss_relics":[{"not_picked":["Runic Pyramid","Empty Cage"],"picked":"Calling Bell"},{"not_picked":["Tiny House","hermit:ClaspedLocket"],"picked":"Black Star"}],"items_purged_floors":[4,20],"is_endless":false,"potions_floor_spawned":[1,3,11,14,16,18,25,33,36,38,41],"killed_by":"Giant Head","ascension_level":8}}