{"host":"by3dnjj711vo194a","time":1610823066,"event":{"mods":["2.2 Compatiblity","AchievementEnabler","BaseMod","Colored Map","DeckTracker","KOR Keyword Fix","Keyboard Shortcuts","Minty Spire (QoL Compilation)","Permanent Neow","Quick Restart","StSLib","SuperFastMode","everything is the same but u backflip on backflip"],"gold_per_floor":[117,217,13,13,13,13,39,53,78,108,125,125,125,145,145,217,217,235,247,162,10,10,35,48,80,130,130,130,130,130,144,144,221,221,231,231,231,248,248,278,278,313,313,313,313,323,342,361,361,361],"floor_reached":51,"language":"KOR","playtime":703,"items_purged":[],"score":2017,"play_id":"c133fe2b-86ee-492a-b263-50d575234cf4","local_time":"20210117035106","is_ascension_mode":true,"campfire_choices":[{"floor":6.0,"key":"REST"},{"floor":15.0,"key":"RECALL"},{"floor":28,"key":"REST"},{"floor":32,"key":"REST"},{"floor":41,"key":"REST"},{"floor":44,"key":"REST"},{"floor":49,"key":"REST"}],"circlet_count":0,"master_deck":["Eruption+1","Vigilance+1","InnerPeace+1","Adaptation+1","Tantrum+1","CutThroughFate+1","EmptyMind+1","Adaptation+1","FearNoEvil+1","WheelKick+1","MentalFortress+1","Purity+1","MentalFortress+1"],"relics":["PureWater","Potion Belt","Melange","Tiny Chest","Art of War","Vajra","Peace Pipe","Membership Card","Juzu Bracelet","Shuriken","Bag of Marbles","Sundial","Lantern","VioletLotus","Mummified Hand","HandDrill","Bottled Lightning","Toxic Egg 2","Meat on the Bone","Orrery","Ancient Tea Set","MealTicket","SacredBark","TheAbacus","Oddly Smooth Stone","Orichalcum","Whetstone","Mercury Hourglass","PreservedInsect","MawBank","Toy Ornithopter","Omamori","ClockworkSouvenir","Centennial Puzzle","Art of War","FossilizedHelix","MawBank","Empty Cage","Bag of Marbles","Molten Egg 2","Prayer Wheel","MealTicket","Akabeko","Gremlin Horn","Strawberry","Ice Cream","Black Star","GoldenEye","Anchor","Darkstone Periapt","TeardropLocket","Yang","PreservedInsect","InkBottle","MealTicket","Singing Bowl","DollysMirror","Omamori","Ice Cream","PreservedInsect","Happy Flower","Damaru","Matryoshka","Potion Belt","Runic Pyramid","Ginger","Bag of Preparation","OrangePellets","Letter Opener","Yang","Whetstone","Bronze Scales","Lizard Tail","CaptainsWheel","Nunchaku","Centennial Puzzle","Sozu","Unceasing Top","HornCleat","Mummified Hand","Art of War","War Paint","Gremlin Horn"],"acts_visited":["Exordium","TheCity","TheBeyond"],"potions_floor_usage":[],"damage_taken":[{"damage":0.0,"enemies":"Cultist","floor":1.0,"turns":1.0},{"damage":0.0,"enemies":"3 Sentries","floor":7.0,"turns":1.0},{"damage":0.0,"enemies":"2 Louse","floor":8.0,"turns":1.0},{"damage":0.0,"enemies":"Gremlin Nob","floor":10.0,"turns":1.0},{"damage":0.0,"enemies":"Jaw Worm","floor":11.0,"turns":1.0},{"damage":0.0,"enemies":"Blue Slaver","floor":14.0,"turns":1.0},{"damage":0,"enemies":"Slime Boss","floor":16,"turns":1},{"damage":0,"enemies":"Spheric Guardian","floor":18,"turns":1},{"damage":0,"enemies":"3 Byrds","floor":19,"turns":1},{"damage":0,"enemies":"Slavers","floor":23,"turns":1},{"damage":0,"enemies":"Shelled Parasite and Fungi","floor":24,"turns":1},{"damage":0,"enemies":"Gremlin Leader","floor":25,"turns":1},{"damage":0,"enemies":"Snake Plant","floor":31,"turns":1},{"damage":0,"enemies":"Automaton","floor":33,"turns":1},{"damage":0,"enemies":"Orb Walker","floor":35,"turns":1},{"damage":0,"enemies":"3 Darklings","floor":38,"turns":1},{"damage":0,"enemies":"Nemesis","floor":40,"turns":1},{"damage":0,"enemies":"Giant Head","floor":42,"turns":1},{"damage":0,"enemies":"Writhing Mass","floor":46,"turns":1},{"damage":0,"enemies":"Maw","floor":47,"turns":1},{"damage":0,"enemies":"3 Darklings","floor":48,"turns":1},{"damage":0,"enemies":"Donu and Deca","floor":50,"turns":1}],"seed_played":"7990288061093357870","potions_obtained":[{"floor":1.0,"key":"EssenceOfSteel"},{"floor":11.0,"key":"Explosive Potion"},{"floor":14.0,"key":"Weak Potion"},{"floor":16,"key":"Ancient Potion"},{"floor":18,"key":"Explosive Potion"},{"floor":25,"key":"FairyPotion"},{"floor":31,"key":"SteroidPotion"}],"is_trial":false,"path_per_floor":["M","?","$","?","T","R","E","M","T","E","M","?","?","M","R","B",null,"M","M","?","$","T","E","M","E","T","?","R","?","?","M","R","B",null,"M","T","$","M","$","E","R","E","T","R","?","M","M","M","R","B",null],"character_chosen":"WATCHER","items_purchased":["Singing Bowl","DollysMirror","Bag of Preparation","OrangePellets"],"campfire_rested":6,"item_purchase_floors":[3,3,21,21],"current_hp_per_floor":[79,79,79,79,79,79,81,85,85,87,91,91,91,95,95,97,97,101,105,105,105,105,107,111,113,113,113,113,113,97,101,117,119,119,123,123,123,127,127,129,129,131,131,131,131,135,139,143,143,143],"gold":361,"neow_bonus":"RANDOM_COMMON_RELIC","is_daily":false,"chose_seed":false,"campfire_upgraded":0,"win_rate":0.0,"timestamp":1610823066,"path_taken":["M","?","?","?","?","R","E","M","T","E","M","?","?","M","R","BOSS","M","M","?","$","?","E","M","E","T","?","R","?","?","M","R","BOSS","M","?","$","M","$","E","R","E","T","R","?","M","M","M","R","BOSS"],"items_purchased_type":["Relic","Relic","Relic","Relic"],"build_version":"2020-12-22","purchased_purges":0,"victory":true,"max_hp_per_floor":[79,79,79,79,79,79,81,85,85,87,91,91,91,95,95,97,97,101,105,105,105,105,107,111,113,113,113,113,113,113,117,117,119,119,123,123,123,127,127,129,129,131,131,131,131,135,139,143,143,143],"card_choices":[{"not_picked":["EmptyFist+1","LessonLearned+1","CutThroughFate+1"],"picked":"SKIP","floor":1.0},{"not_picked":["InnerPeace+1","WaveOfTheHand+1","SandsOfTime+1"],"picked":"SKIP","floor":1.0},{"not_picked":["LikeWater","Halt+1","EmptyBody+1"],"picked":"Singing Bowl","floor":7.0},{"not_picked":["BowlingBash+1","FearNoEvil+1","TalkToTheHand+1"],"picked":"Singing Bowl","floor":8.0},{"not_picked":["CutThroughFate+1","Fasting2","Meditate+1"],"picked":"Singing Bowl","floor":8.0},{"not_picked":["EmptyFist+1","Crescendo+1","PathToVictory+1"],"picked":"Singing Bowl","floor":10.0},{"not_picked":["ForeignInfluence+1","LessonLearned+1","Prostrate+1"],"picked":"Singing Bowl","floor":11.0},{"not_picked":["Evaluate+1","WreathOfFlame+1","SandsOfTime+1"],"picked":"Singing Bowl","floor":11.0},{"not_picked":["ReachHeaven+1","Prostrate+1","WaveOfTheHand+1"],"picked":"Singing Bowl","floor":14.0},{"not_picked":["Swivel+1","JustLucky+1","Prostrate+1"],"picked":"Singing Bowl","floor":14.0},{"not_picked":["Brilliance+1","Ragnarok+1","DeusExMachina+1"],"picked":"Singing Bowl","floor":16},{"not_picked":["Protect+1","DeceiveReality+1","Adaptation"],"picked":"Singing Bowl","floor":18},{"not_picked":["ThirdEye+1","FlyingSleeves+1","Nirvana"],"picked":"Singing Bowl","floor":18},{"not_picked":["WreathOfFlame+1","Meditate+1","PathToVictory+1"],"picked":"Singing Bowl","floor":19},{"not_picked":["FearNoEvil+1","SashWhip+1","JustLucky+1"],"picked":"Singing Bowl","floor":19},{"not_picked":["PathToVictory+1","ClearTheMind+1","Evaluate+1"],"picked":"Singing Bowl","floor":23},{"not_picked":["BattleHymn","ClearTheMind+1","Meditate+1"],"picked":"Singing Bowl","floor":24},{"not_picked":["PathToVictory+1","CrushJoints+1","FollowUp+1"],"picked":"Singing Bowl","floor":24},{"not_picked":["ThirdEye+1","EmptyFist+1","Protect+1"],"picked":"Singing Bowl","floor":25},{"not_picked":["FlurryOfBlows+1","Halt+1","Wallop+1"],"picked":"Singing Bowl","floor":31},{"not_picked":["Crescendo+1","Sanctity+1","BattleHymn"],"picked":"Singing Bowl","floor":31},{"not_picked":["Wish+1","LessonLearned+1","Brilliance+1"],"picked":"Singing Bowl","floor":33},{"not_picked":["JustLucky+1","Protect+1","Evaluate+1"],"picked":"Singing Bowl","floor":35},{"not_picked":["Wireheading","FlyingSleeves+1","TalkToTheHand+1"],"picked":"Singing Bowl","floor":35},{"not_picked":["Halt+1","FlurryOfBlows+1","FlyingSleeves+1"],"picked":"Singing Bowl","floor":38},{"not_picked":["FollowUp+1","WaveOfTheHand+1","Crescendo+1"],"picked":"Singing Bowl","floor":38},{"not_picked":["BattleHymn","FollowUp+1","JustLucky+1"],"picked":"Singing Bowl","floor":40},{"not_picked":["JustLucky+1","Nirvana","Consecrate+1"],"picked":"Singing Bowl","floor":42},{"not_picked":["EmptyFist+1","FollowUp+1","SashWhip+1"],"picked":"Singing Bowl","floor":46},{"not_picked":["Fasting2+1","Wish+1","FlurryOfBlows+1"],"picked":"Singing Bowl","floor":46},{"not_picked":["ClearTheMind+1","FollowUp+1","FlurryOfBlows+1"],"picked":"Singing Bowl","floor":47},{"not_picked":["Pray+1","Adaptation","Protect+1"],"picked":"Singing Bowl","floor":47},{"not_picked":["SashWhip+1","DeceiveReality+1","Pray+1"],"picked":"Singing Bowl","floor":48},{"not_picked":["BattleHymn","ClearTheMind+1","JustLucky+1"],"picked":"Singing Bowl","floor":48}],"player_experience":178461,"relics_obtained":[{"floor":5.0,"key":"Ice Cream"},{"floor":7.0,"key":"PreservedInsect"},{"floor":7.0,"key":"Happy Flower"},{"floor":9.0,"key":"Damaru"},{"floor":10.0,"key":"Matryoshka"},{"floor":10.0,"key":"Potion Belt"},{"floor":22,"key":"Letter Opener"},{"floor":22,"key":"Yang"},{"floor":23,"key":"Whetstone"},{"floor":23,"key":"Bronze Scales"},{"floor":25,"key":"Lizard Tail"},{"floor":25,"key":"CaptainsWheel"},{"floor":26,"key":"Nunchaku"},{"floor":26,"key":"Centennial Puzzle"},{"floor":36,"key":"Unceasing Top"},{"floor":40,"key":"HornCleat"},{"floor":40,"key":"Mummified Hand"},{"floor":42,"key":"Art of War"},{"floor":42,"key":"War Paint"},{"floor":43,"key":"Gremlin Horn"}],"event_choices":[{"damage_healed":0.0,"max_hp_gain":0.0,"max_hp_loss":0.0,"gold_gain":100.0,"event_name":"Golden Shrine","player_choice":"Pray","floor":2.0,"gold_loss":0.0,"damage_taken":0.0},{"damage_healed":0.0,"max_hp_gain":0.0,"max_hp_loss":0.0,"gold_gain":0.0,"event_name":"WeMeetAgain","player_choice":"Gave Potion","floor":4.0,"gold_loss":0.0,"damage_taken":0.0,"relics_obtained":["Omamori"]},{"damage_healed":0.0,"max_hp_gain":0.0,"max_hp_loss":0.0,"gold_gain":0.0,"event_name":"Dead Adventurer","player_choice":"Searched \u00270\u0027 times","floor":12.0,"gold_loss":0.0,"damage_taken":0.0},{"damage_healed":0.0,"max_hp_gain":0.0,"max_hp_loss":0.0,"gold_gain":0.0,"event_name":"Liars Game","player_choice":"Ignored","floor":13.0,"gold_loss":0.0,"damage_taken":0.0},{"damage_healed":0,"gold_gain":0,"player_choice":"Obtained Relic","damage_taken":0,"relics_obtained":["Ginger"],"max_hp_gain":0,"max_hp_loss":0,"event_name":"Addict","floor":20,"gold_loss":85},{"damage_healed":0,"gold_gain":0,"player_choice":"Simplicity","damage_taken":0,"max_hp_gain":0,"max_hp_loss":0,"event_name":"Back to Basics","floor":27,"gold_loss":0,"cards_upgraded":[]},{"damage_healed":0,"gold_gain":0,"player_choice":"Ignored","damage_taken":0,"max_hp_gain":0,"max_hp_loss":0,"event_name":"Upgrade Shrine","floor":29,"gold_loss":0},{"damage_healed":0,"gold_gain":0,"player_choice":"Obtained Book","damage_taken":16,"max_hp_gain":0,"max_hp_loss":0,"event_name":"Cursed Tome","floor":30,"gold_loss":0},{"damage_healed":0,"gold_gain":0,"player_choice":"0 cards matched","damage_taken":0,"max_hp_gain":0,"max_hp_loss":0,"event_name":"Match and Keep!","floor":45,"gold_loss":0,"cards_obtained":[]}],"is_beta":false,"boss_relics":[{"not_picked":["Philosopher\u0027s Stone","Coffee Dripper"],"picked":"Runic Pyramid"},{"not_picked":["SlaversCollar","Velvet Choker"],"picked":"Sozu"}],"items_purged_floors":[],"is_endless":false,"potions_floor_spawned":[1,11,14,16,18,25,31,35,38,40,48],"ascension_level":13}}