{"host":"bf9sa99gaumonoeu","time":1610834553,"event":{"mods":["AchievementEnabler","Act Like it!","BaseMod","Better Note","Better Sensory Stone","Colored Map","Colored Powertips","Fox Events","Friendly Minions","Gensokyo","GifTheSpireLib","Googly Eyes","Hallownest","Hermit","Highlight Path","Hubris","Jorbs\u0027s Wanderer Trilogy","KinomotoSakuraMod(????)","Koishi","Lobotomy","Marisa????????","Minty Spire (QoL Compilation)","Rare Cards Sparkle","Reimu??????","Relic Stats","Remilia??????","Replay The Spire","StSLib","The Administrix","The Animator","The Bug Knight","The Construct","The Cursed","The Disciple","The Hierophant","The Mystic","The Necromancer","The Poker Player","The Runesmith","The Senshi","The Servant 0.9.4"],"gold_per_floor":[111,111,137,160,186,186,202,202,226,251,251,251,292,292,292,365,365,375,375,414,426,426,426],"floor_reached":22,"language":"ENG","playtime":1820,"items_purged":[],"score":333,"play_id":"d53a861f-d941-4c6d-9949-fe942779e679","local_time":"20210116200233","is_ascension_mode":true,"campfire_choices":[{"data":"animator:RundelhausCode","floor":6.0,"key":"SMITH"},{"floor":8.0,"key":"REST"},{"floor":12,"key":"REST"},{"data":"animator:SuzuneAmano","floor":15,"key":"SMITH"}],"circlet_count":0,"master_deck":["AscendersBane","animator:Strike_LogHorizon","animator:Defend_LogHorizon","animator:Strike","animator:Strike","animator:Strike","animator:Defend","animator:Defend","animator:Tohya","animator:Minori","animator:FeridBathory","animator:Shinoa","animator:DwarfShaman","animator:Spearman","animator:SuzuneAmano+1","animator:RundelhausCode+1","animator:Mitsuba","animator:KyokoSakura","animator:SayakaMiki","animator:MadokaKaname","animator:Shinoa","animator:HomuraAkemi","animator:LizardPriest"],"relics":["animator:LivingPicture","animator:TheMissingPiece","Ancient Tea Set","Paper Frog","hubris:Towel","Eternal Feather","animator:CursedBlade","GremlinMask"],"acts_visited":["Exordium","TheCity"],"potions_floor_usage":[10,16],"damage_taken":[{"damage":1.0,"enemies":"Small Slimes","floor":1.0,"turns":5.0},{"damage":0.0,"enemies":"Cultist","floor":3.0,"turns":4.0},{"damage":12.0,"enemies":"Jaw Worm","floor":4.0,"turns":4.0},{"damage":8.0,"enemies":"Looter","floor":5.0,"turns":5.0},{"damage":18.0,"enemies":"Large Slime","floor":7.0,"turns":6.0},{"damage":8,"enemies":"3 Sentries","floor":10,"turns":7},{"damage":16,"enemies":"Gremlin Nob","floor":13,"turns":4},{"damage":23,"enemies":"Hexaghost","floor":16,"turns":9},{"damage":0,"enemies":"Spheric Guardian","floor":18,"turns":2},{"damage":9,"enemies":"Shell Parasite","floor":20,"turns":9},{"damage":32,"enemies":"Centurion and Healer","floor":21,"turns":11},{"damage":24,"enemies":"Snecko","floor":22,"turns":5}],"seed_played":"50549654608472481","potions_obtained":[{"floor":5.0,"key":"AttackPotion"},{"floor":7.0,"key":"AttackPotion"},{"floor":13,"key":"AttackPotion"},{"floor":21,"key":"SteroidPotion"}],"is_trial":false,"path_per_floor":["M","?","M","M","M","R","M","R","T","E","?","R","E","?","R","B",null,"M","?","M","M","M"],"character_chosen":"THE_ANIMATOR","items_purchased":[],"campfire_rested":2,"item_purchase_floors":[],"current_hp_per_floor":[53,53,53,41,33,33,15,33,33,26,26,44,28,33,42,20,55,55,55,46,21,0,0],"gold":426,"neow_bonus":"ONE_RANDOM_RARE_CARD","is_daily":false,"chose_seed":true,"campfire_upgraded":2,"win_rate":0.0,"timestamp":1610834553,"path_taken":["M","?","M","M","M","R","?","R","T","E","?","R","E","?","R","BOSS","M","?","M","?","?"],"items_purchased_type":[],"build_version":"2020-12-22","purchased_purges":0,"victory":false,"max_hp_per_floor":[60,60,60,60,60,60,60,60,60,61,61,61,61,66,66,67,67,67,67,67,68,68,68],"relic_stats":{"counters":[12,69],"Eternal Feather":9,"obtain_stats":[{"animator:CursedBlade":17,"animator:TheMissingPiece":0,"Eternal Feather":13,"GremlinMask":19,"animator:LivingPicture":0,"hubris:Towel":11,"Ancient Tea Set":9,"Paper Frog":10},{"animator:CursedBlade":8,"animator:TheMissingPiece":0,"Eternal Feather":7,"GremlinMask":9,"animator:LivingPicture":0,"hubris:Towel":6,"Ancient Tea Set":5,"Paper Frog":6},{"animator:CursedBlade":42,"animator:TheMissingPiece":0,"Eternal Feather":33,"GremlinMask":44,"animator:LivingPicture":0,"hubris:Towel":29,"Ancient Tea Set":22,"Paper Frog":29}]},"card_choices":[{"not_picked":["animator:Suiseiseki","animator:NagisaMomoe"],"picked":"animator:Shinoa","floor":1.0},{"not_picked":["animator:Isuzu","animator:Priestess"],"picked":"animator:Spearman","floor":3.0},{"not_picked":["animator:Shigure","animator:LeleiLaLalena"],"picked":"animator:SuzuneAmano","floor":4.0},{"not_picked":["animator:Serara","animator:Isuzu"],"picked":"animator:RundelhausCode","floor":5.0},{"not_picked":["animator:Souseiseki","animator:Yoichi"],"picked":"animator:Mitsuba","floor":7.0},{"not_picked":["animator:Ainz","animator:TomoeKashiwaba"],"picked":"animator:KyokoSakura","floor":10},{"not_picked":["animator:LeleiLaLalena","animator:Shirosaki"],"picked":"animator:SayakaMiki","floor":13},{"not_picked":["animator:Guren","animator:PinaCoLada"],"picked":"animator:MadokaKaname","floor":16},{"not_picked":["animator:YaoHaDucy","animator:Yoichi"],"picked":"animator:Shinoa","floor":18},{"not_picked":["animator:Shinoa","animator:YuiTsuruno"],"picked":"animator:HomuraAkemi","floor":20},{"not_picked":["animator:Evileye","animator:NarberalGamma"],"picked":"animator:LizardPriest","floor":21}],"player_experience":938150,"relics_obtained":[{"floor":9.0,"key":"Ancient Tea Set"},{"floor":10,"key":"Paper Frog"},{"floor":13,"key":"Eternal Feather"}],"event_choices":[{"damage_healed":0.0,"max_hp_gain":0.0,"max_hp_loss":0.0,"gold_gain":0.0,"cards_transformed":["animator:Defend"],"event_name":"Transmorgrifier","player_choice":"Transformed","floor":2.0,"gold_loss":0.0,"damage_taken":0.0,"cards_obtained":["animator:DwarfShaman"]},{"damage_healed":0,"gold_gain":0,"player_choice":"Donut","damage_taken":0,"max_hp_gain":5,"max_hp_loss":0,"event_name":"Big Fish","floor":14,"gold_loss":0},{"damage_healed":0,"gold_gain":0,"player_choice":"Trade","damage_taken":0,"relics_obtained":["GremlinMask"],"max_hp_gain":0,"max_hp_loss":0,"event_name":"FaceTrader","floor":19,"gold_loss":0}],"is_beta":false,"boss_relics":[{"not_picked":["Mark of Pain","hubris:BlackHole"],"picked":"animator:CursedBlade"}],"items_purged_floors":[],"is_endless":false,"potions_floor_spawned":[5,7,13,21],"killed_by":"Snecko","ascension_level":14}}