{"host":"0ulgfg5uyx5zlmwg","time":1610786070,"event":{"mods":["Act Like it!","BaseMod","BetterRewards","Challenge The Spire","Custom Start","Grow up Mod","Marked Mod","Minty Spire (QoL Compilation)","RumiaBox-露米娅的神秘盒子","Spicy Shops","StSLib","TestMod","vexMod","【功能Mod】混沌之环修复补丁","【遗物卡牌】REMEMod","篝火指南"],"gold_per_floor":[117,117,133,83,93,93,93,93,93,112,86,104,104,31,31,135,135,148,163,182,201,201,235,235,235,235,252,285,285,285],"floor_reached":29,"language":"ZHS","playtime":1592,"items_purged":[],"score":376,"play_id":"608fcbb6-12ad-47a2-8c8c-d4eee6fa97a7","local_time":"20210116163430","is_ascension_mode":true,"campfire_choices":[{"data":"Poisoned Stab","floor":6,"key":"SMITH"},{"data":"Infinite Blades","floor":13,"key":"SMITH"},{"data":"Backflip","floor":15,"key":"SMITH"},{"data":"Adrenaline","floor":24,"key":"SMITH"}],"circlet_count":0,"master_deck":["Strike_G","Strike_G","Strike_G","Strike_G","Defend_G","Defend_G","Defend_G","Defend_G","Defend_G","Survivor","Neutralize","A Thousand Cuts+1","Dagger Spray+1","Poisoned Stab+1","Backflip+1","Backflip","Infinite Blades+1","Caltrops","Adrenaline+1","Flying Knee","Dodge and Roll","Cloak And Dagger","Backstab","PiercingWail+1","Slice+1"],"relics":["Ring of the Snake","testmod-TestBox","REME_ComplimentaryCards","testmod-CrystalShield","AddBug","SecretRecord","SecretRecord","SecretRecord"],"acts_visited":["Exordium","TheCity"],"potions_floor_usage":[16,19,19,19,20,20,23,28,28,28],"damage_taken":[{"damage":0,"enemies":"2 Louse","floor":1,"turns":3},{"damage":0,"enemies":"Cultist","floor":3,"turns":3},{"damage":0,"enemies":"Small Slimes","floor":5,"turns":3},{"damage":0,"enemies":"Exordium Wildlife","floor":10,"turns":3},{"damage":0,"enemies":"2 Fungi Beasts","floor":12,"turns":3},{"damage":0,"enemies":"Slime Boss","floor":16,"turns":4},{"damage":0,"enemies":"3 Byrds","floor":18,"turns":2},{"damage":0,"enemies":"2 Thieves","floor":19,"turns":2},{"damage":0,"enemies":"3 Cultists","floor":20,"turns":2},{"damage":0,"enemies":"Cultist and Chosen","floor":21,"turns":3},{"damage":0,"enemies":"Slavers","floor":23,"turns":1},{"damage":0,"enemies":"Centurion and Healer","floor":27,"turns":2},{"damage":4,"enemies":"Masked Bandits","floor":28,"turns":3}],"seed_played":"4800716072833353954","potions_obtained":[{"floor":1,"key":"SkillPotion"},{"floor":10,"key":"EntropicBrew"},{"floor":16,"key":"testmod-SpacePotion"},{"floor":19,"key":"Strength Potion"},{"floor":23,"key":"Fire Potion"},{"floor":27,"key":"Poison Potion"}],"is_trial":false,"path_per_floor":["M","?","M","?","M","R","T","?","T","M","$","M","R","$","R","B",null,"M","M","M","M","?","E","R","?","T","M","?","R"],"character_chosen":"THE_SILENT","items_purchased":["Backflip","Caltrops"],"campfire_rested":0,"item_purchase_floors":[11,14],"current_hp_per_floor":[90,100,110,120,130,140,150,160,170,180,190,200,210,220,230,240,250,260,270,280,290,300,310,320,330,340,350,356,356,356],"gold":285,"neow_bonus":"UPGRADE_CARD","is_daily":false,"chose_seed":false,"campfire_upgraded":4,"win_rate":0.0,"timestamp":1610786070,"path_taken":["M","?","?","?","M","R","?","?","T","?","?","M","R","$","R","BOSS","M","M","?","M","?","E","R","?","T","M","?","R"],"items_purchased_type":["Card","Card"],"build_version":"2020-12-22","purchased_purges":0,"victory":false,"max_hp_per_floor":[90,100,110,120,130,140,150,160,170,180,190,200,210,220,230,240,250,260,270,280,290,300,310,320,330,340,350,360,360,360],"card_choices":[{"not_picked":["Dagger Throw","Deflect"],"picked":"Dagger Spray","floor":1},{"not_picked":["Prepared","Finisher"],"picked":"Poisoned Stab","floor":3},{"not_picked":["Tactician","Bouncing Flask","Dagger Throw"],"picked":"SKIP","floor":5},{"not_picked":["Predator","Slice"],"picked":"Backflip","floor":10},{"not_picked":["Acrobatics","Bane"],"picked":"Infinite Blades","floor":12},{"not_picked":["Burst","Doppelganger"],"picked":"Adrenaline","floor":16},{"not_picked":["Distraction","Deadly Poison"],"picked":"Flying Knee","floor":18},{"not_picked":["Predator","Outmaneuver"],"picked":"Dodge and Roll","floor":19},{"not_picked":["Dagger Throw+1","Outmaneuver+1"],"picked":"Cloak And Dagger","floor":20},{"not_picked":["Blur","Deflect"],"picked":"Backstab","floor":21},{"not_picked":["Caltrops","Flying Knee"],"picked":"PiercingWail+1","floor":23},{"not_picked":["Deflect","Underhanded Strike"],"picked":"Slice+1","floor":27}],"player_experience":499506,"relics_obtained":[{"floor":1,"key":"AddBug"},{"floor":9,"key":"StrikeDummy"},{"floor":12,"key":"SecretRecord"},{"floor":20,"key":"SecretRecord"},{"floor":23,"key":"Ornamental Fan"},{"floor":26,"key":"Dead Branch"},{"floor":28,"key":"Red Mask"}],"event_choices":[{"damage_healed":0,"gold_gain":0,"player_choice":"Forge","damage_taken":0,"max_hp_gain":0,"max_hp_loss":0,"event_name":"Accursed Blacksmith","floor":2,"gold_loss":0,"cards_upgraded":["Dagger Spray"]},{"cards_removed":["Strike_G"],"damage_healed":0,"gold_gain":0,"player_choice":"Card Removal","damage_taken":0,"max_hp_gain":0,"max_hp_loss":0,"event_name":"The Cleric","floor":4,"gold_loss":50},{"damage_healed":0,"gold_gain":0,"player_choice":"Trade","damage_taken":0,"relics_obtained":["SsserpentHead"],"max_hp_gain":0,"max_hp_loss":0,"event_name":"FaceTrader","floor":8,"gold_loss":0},{"damage_healed":0,"gold_gain":0,"player_choice":"Ignored","damage_taken":0,"max_hp_gain":0,"max_hp_loss":0,"event_name":"The Mausoleum","floor":22,"gold_loss":0},{"damage_healed":0,"gold_gain":0,"player_choice":"Ignored","damage_taken":0,"max_hp_gain":0,"max_hp_loss":0,"event_name":"Ghosts","floor":25,"gold_loss":0},{"damage_healed":0,"gold_gain":0,"player_choice":"Fought Bandits","damage_taken":0,"max_hp_gain":0,"max_hp_loss":0,"event_name":"Masked Bandits","floor":28,"gold_loss":0}],"is_beta":false,"boss_relics":[{"not_picked":["Philosopher\u0027s Stone","REME_DuelDisc"],"picked":"WristBlade"}],"items_purged_floors":[],"is_endless":false,"potions_floor_spawned":[1,10,16,19,23,27],"ascension_level":1}}