{"host":"5p9hybygolzp0efr","time":1610796807,"event":{"mods":["AchievementEnabler","BaseMod","Bestiary","Colored Map","Minty Spire (QoL Compilation)","Relic Stats"],"gold_per_floor":[116,134,134,151,151,151,151],"floor_reached":6,"language":"ENG","playtime":334,"items_purged":[],"score":41,"play_id":"39561a53-2dd0-41ee-8693-75a09eaa67c9","local_time":"20210116193327","is_ascension_mode":true,"campfire_choices":[],"circlet_count":0,"master_deck":["Strike_P","Strike_P","Strike_P","Strike_P","Defend_P","Defend_P","Defend_P","Defend_P","Eruption","Vigilance","Weave","Meditate","ThirdEye"],"relics":["PureWater","Dream Catcher"],"acts_visited":["Exordium"],"potions_floor_usage":[6],"damage_taken":[{"damage":2,"enemies":"2 Louse","floor":1,"turns":2},{"damage":16,"enemies":"Small Slimes","floor":2,"turns":4},{"damage":6,"enemies":"Jaw Worm","floor":4,"turns":5},{"damage":50,"enemies":"Gremlin Nob","floor":6,"turns":4}],"seed_played":"2397200076234497867","potions_obtained":[{"floor":2,"key":"GamblersBrew"},{"floor":4,"key":"Weak Potion"}],"is_trial":false,"path_per_floor":["M","M","?","M","?","E"],"character_chosen":"WATCHER","items_purchased":[],"campfire_rested":0,"item_purchase_floors":[],"current_hp_per_floor":[77,61,61,55,48,0,0],"gold":151,"neow_bonus":"TEN_PERCENT_HP_BONUS","is_daily":false,"chose_seed":false,"campfire_upgraded":0,"win_rate":0.0,"timestamp":1610796807,"path_taken":["M","M","?","M","?","E"],"items_purchased_type":[],"build_version":"2020-12-22","purchased_purges":0,"victory":false,"max_hp_per_floor":[79,79,79,79,79,79,79],"relic_stats":{"Dream Catcher":0,"counters":[4,15],"obtain_stats":[{"Dream Catcher":5,"PureWater":0},{"Dream Catcher":3,"PureWater":0},{"Dream Catcher":11,"PureWater":0}]},"card_choices":[{"not_picked":["FollowUp","SashWhip"],"picked":"Weave","floor":1},{"not_picked":["Protect","Evaluate"],"picked":"Meditate","floor":2},{"not_picked":["ClearTheMind","FlurryOfBlows"],"picked":"ThirdEye","floor":4}],"player_experience":474058,"relics_obtained":[],"event_choices":[{"damage_healed":0,"gold_gain":0,"player_choice":"Ignored","damage_taken":0,"max_hp_gain":0,"max_hp_loss":0,"event_name":"Liars Game","floor":3,"gold_loss":0},{"damage_healed":0,"gold_gain":0,"player_choice":"Success","damage_taken":7,"relics_obtained":["Dream Catcher"],"max_hp_gain":0,"max_hp_loss":0,"event_name":"Scrap Ooze","floor":5,"gold_loss":0}],"is_beta":false,"boss_relics":[],"items_purged_floors":[],"is_endless":false,"potions_floor_spawned":[2,4],"killed_by":"Gremlin Nob","ascension_level":3}}