{"host":"d66n7ln59ex8canu","time":1610829935,"event":{"mods":["AchievementEnabler","BaseMod","Colored Map","Minty Spire (QoL Compilation)","Quick Restart","StSLib"],"gold_per_floor":[112,112,130,205,205,205,238,238,238,238,272,25,52,52,52,172,172,188,204,130,153,174,174,174,207,207,207,223,423,115,115,115,115,115],"floor_reached":33,"language":"ENG","playtime":919,"items_purged":[],"score":444,"play_id":"bcc559fa-e969-48f6-ba2b-577b4e381c7d","local_time":"20210116154535","is_ascension_mode":true,"campfire_choices":[{"data":"Hello World","floor":6,"key":"SMITH"},{"data":"Electrodynamics","floor":10,"key":"SMITH"},{"floor":15,"key":"REST"},{"floor":23,"key":"REST"},{"data":"Fission","floor":27,"key":"SMITH"},{"floor":32,"key":"REST"}],"circlet_count":0,"master_deck":["Strike_B","Strike_B","Strike_B","Strike_B","Defend_B","Defend_B","Defend_B","Zap","Dualcast","Hello World+1","Defragment+1","Electrodynamics+1","Biased Cognition","Auto Shields","Fission+1","Consume","Storm","Static Discharge","Necronomicurse"],"relics":["Cracked Core","NeowsBlessing","Ancient Tea Set","Calipers","Juzu Bracelet","Mummified Hand","Cables","Golden Idol","SlaversCollar","Necronomicon","Nunchaku","CaptainsWheel"],"acts_visited":["Exordium","TheCity"],"potions_floor_usage":[13,16,25,25],"damage_taken":[{"damage":0,"enemies":"Jaw Worm","floor":1,"turns":1},{"damage":0,"enemies":"Small Slimes","floor":3,"turns":1},{"damage":0,"enemies":"Gremlin Nob","floor":7,"turns":1},{"damage":15,"enemies":"Lagavulin","floor":11,"turns":4},{"damage":18,"enemies":"Gremlin Nob","floor":13,"turns":3},{"damage":32,"enemies":"The Guardian","floor":16,"turns":8},{"damage":1,"enemies":"Chosen","floor":18,"turns":3},{"damage":0,"enemies":"Spheric Guardian","floor":19,"turns":3},{"damage":21,"enemies":"Snake Plant","floor":21,"turns":3},{"damage":9,"enemies":"Snecko","floor":22,"turns":4},{"damage":0,"enemies":"Slavers","floor":25,"turns":2},{"damage":15,"enemies":"Chosen and Byrds","floor":28,"turns":4},{"damage":53,"enemies":"Champ","floor":33,"turns":8}],"seed_played":"6584100467011510174","potions_obtained":[{"floor":1,"key":"Ancient Potion"},{"floor":11,"key":"PotionOfCapacity"},{"floor":18,"key":"Explosive Potion"},{"floor":22,"key":"SkillPotion"},{"floor":28,"key":"SteroidPotion"}],"is_trial":false,"path_per_floor":["M","?","M","?","?","R","E","?","T","R","E","$","E","?","R","B",null,"M","M","$","M","M","R","?","E","T","R","M","?","$","?","R","B"],"character_chosen":"DEFECT","items_purchased":["Mummified Hand","Storm","CaptainsWheel"],"campfire_rested":3,"item_purchase_floors":[12,20,30],"current_hp_per_floor":[68,73,73,62,62,62,62,55,55,55,40,40,22,22,44,12,59,58,58,58,37,28,50,34,34,34,34,19,19,19,19,41,0,0],"gold":115,"neow_bonus":"THREE_ENEMY_KILL","is_daily":false,"chose_seed":false,"campfire_upgraded":3,"win_rate":0.0,"timestamp":1610829935,"path_taken":["M","?","M","?","?","R","E","?","T","R","E","$","E","?","R","BOSS","M","M","$","M","M","R","?","E","T","R","M","?","$","?","R","BOSS"],"items_purchased_type":["Relic","Card","Relic"],"build_version":"2020-12-22","purchased_purges":0,"victory":false,"max_hp_per_floor":[75,80,80,80,80,80,80,80,80,80,80,80,80,74,74,74,74,74,74,74,74,74,74,74,74,74,74,74,74,74,74,74,74,74],"card_choices":[{"not_picked":["Coolheaded","Barrage"],"picked":"Hello World","floor":1},{"not_picked":["Hologram","Turbo"],"picked":"Defragment","floor":3},{"not_picked":["Beam Cell","Capacitor"],"picked":"Electrodynamics","floor":7},{"not_picked":["Streamline","Turbo"],"picked":"Biased Cognition","floor":11},{"not_picked":["Reinforced Body","Conserve Battery"],"picked":"Auto Shields","floor":13},{"not_picked":["Reboot","Echo Form"],"picked":"Fission","floor":16},{"not_picked":["Streamline","Barrage"],"picked":"Consume","floor":18},{"not_picked":["Doom and Gloom","Rebound","All For One"],"picked":"SKIP","floor":19},{"not_picked":["Barrage","Tempest+1","Compile Driver"],"picked":"SKIP","floor":21},{"not_picked":["Steam+1","Go for the Eyes"],"picked":"Static Discharge","floor":22},{"not_picked":["FTL","Streamline","Darkness"],"picked":"SKIP","floor":25},{"not_picked":["Go for the Eyes","Sunder","Steam"],"picked":"SKIP","floor":28}],"player_experience":322169,"relics_obtained":[{"floor":7,"key":"Ancient Tea Set"},{"floor":9,"key":"Calipers"},{"floor":11,"key":"Juzu Bracelet"},{"floor":13,"key":"Cables"},{"floor":24,"key":"Necronomicon"},{"floor":25,"key":"Nunchaku"}],"event_choices":[{"damage_healed":0,"gold_gain":0,"player_choice":"Donut","damage_taken":0,"max_hp_gain":5,"max_hp_loss":0,"event_name":"Big Fish","floor":2,"gold_loss":0},{"damage_healed":0,"gold_gain":75,"player_choice":"Gather Gold","damage_taken":11,"max_hp_gain":0,"max_hp_loss":0,"event_name":"World of Goop","floor":4,"gold_loss":0},{"damage_healed":0,"gold_gain":0,"player_choice":"Grow","damage_taken":0,"max_hp_gain":0,"max_hp_loss":0,"event_name":"Living Wall","floor":5,"gold_loss":0,"cards_upgraded":["Defragment"]},{"cards_removed":["Defend_B"],"damage_healed":0,"gold_gain":0,"player_choice":"Card Removal","damage_taken":7,"max_hp_gain":0,"max_hp_loss":0,"event_name":"Golden Wing","floor":8,"gold_loss":0},{"damage_healed":0,"gold_gain":0,"player_choice":"Lose Max HP","damage_taken":0,"relics_obtained":["Golden Idol"],"max_hp_gain":0,"max_hp_loss":6,"event_name":"Golden Idol","floor":14,"gold_loss":0},{"damage_healed":0,"gold_gain":0,"player_choice":"Obtained Book","damage_taken":16,"max_hp_gain":0,"max_hp_loss":0,"event_name":"Cursed Tome","floor":24,"gold_loss":0},{"damage_healed":0,"gold_gain":250,"player_choice":"Bet on Owner","damage_taken":0,"max_hp_gain":0,"max_hp_loss":0,"event_name":"The Joust","floor":29,"gold_loss":50},{"damage_healed":0,"gold_gain":0,"player_choice":"Ignored","damage_taken":0,"max_hp_gain":0,"max_hp_loss":0,"event_name":"Ghosts","floor":31,"gold_loss":0}],"is_beta":false,"boss_relics":[{"not_picked":["Velvet Choker","Snecko Eye"],"picked":"SlaversCollar"}],"items_purged_floors":[],"is_endless":false,"potions_floor_spawned":[1,11,18,22,28],"killed_by":"Champ","ascension_level":7}}