{"host":"1dny1q6uquk6isnr","time":1610774127,"event":{"mods":["BaseMod","Curses Come First","Minty Spire (QoL Compilation)","Relic Stats","StSLib"],"gold_per_floor":[165,9,27,45,55,83,83,83,108,119,119,148,167,12,12,107,107,126,25,39,17,17,17,50,50,50,67,67,79,92,92,92],"floor_reached":31,"language":"ENG","playtime":1595,"items_purged":[],"score":374,"play_id":"b876e36d-8e7b-42b0-ad23-7dde96abaedf","local_time":"20210115211527","is_ascension_mode":true,"campfire_choices":[{"data":"Alpha","floor":7,"key":"SMITH"},{"floor":11,"key":"REST"},{"floor":15,"key":"REST"},{"data":"LikeWater","floor":23,"key":"SMITH"},{"floor":25,"key":"REST"},{"data":"Vault","floor":28,"key":"SMITH"}],"circlet_count":0,"master_deck":["Strike_P+1","Defend_P","Defend_P","Defend_P","Defend_P","Eruption","Vigilance","CrushJoints","CutThroughFate","Protect","Alpha+1","Perseverance","ClearTheMind","LikeWater","Evaluate","Perseverance","LikeWater+1","DevaForm","Weave+1","InnerPeace+1","CarveReality+1","LikeWater","ThirdEye","Nirvana","Evaluate","Vault+1","Nirvana","JustLucky+1","ThirdEye"],"relics":["Tiny House","Orrery","Bronze Scales","Boot","Juzu Bracelet","Frozen Eye","Astrolabe","Prayer Wheel","Centennial Puzzle","Sundial"],"acts_visited":["Exordium","TheCity"],"potions_floor_usage":[5,12,24,27,30],"damage_taken":[{"damage":0,"enemies":"Cultist","floor":1,"turns":2},{"damage":7,"enemies":"2 Louse","floor":3,"turns":4},{"damage":4,"enemies":"Jaw Worm","floor":4,"turns":4},{"damage":5,"enemies":"Red Slaver","floor":5,"turns":4},{"damage":24,"enemies":"Lagavulin","floor":6,"turns":9},{"damage":28,"enemies":"Exordium Thugs","floor":10,"turns":4},{"damage":19,"enemies":"3 Sentries","floor":12,"turns":7},{"damage":6,"enemies":"Blue Slaver","floor":13,"turns":6},{"damage":24,"enemies":"Hexaghost","floor":16,"turns":8},{"damage":27,"enemies":"3 Byrds","floor":18,"turns":4},{"damage":8,"enemies":"Chosen","floor":20,"turns":6},{"damage":30,"enemies":"Book of Stabbing","floor":24,"turns":7},{"damage":11,"enemies":"Snake Plant","floor":27,"turns":6},{"damage":1,"enemies":"Snecko","floor":29,"turns":6},{"damage":14,"enemies":"Cultist and Chosen","floor":30,"turns":6},{"damage":20,"enemies":"Centurion and Healer","floor":31,"turns":2}],"seed_played":"5339570000997813674","potions_obtained":[{"floor":0,"key":"FairyPotion"},{"floor":4,"key":"GamblersBrew"},{"floor":5,"key":"Strength Potion"},{"floor":12,"key":"AttackPotion"},{"floor":13,"key":"Swift Potion"},{"floor":27,"key":"StancePotion"}],"is_trial":false,"path_per_floor":["M","$","M","M","M","E","R","?","T","M","R","E","M","$","R","B",null,"M","?","M","$","?","R","E","R","T","M","R","M","M","M"],"character_chosen":"WATCHER","items_purchased":["Orrery","Frozen Eye","Evaluate"],"campfire_rested":3,"item_purchase_floors":[2,14,21],"current_hp_per_floor":[70,70,63,59,54,30,30,55,55,27,50,31,25,25,48,24,64,37,37,29,29,22,22,16,39,39,28,28,27,13,0,0],"gold":92,"neow_bonus":"BOSS_RELIC","is_daily":false,"chose_seed":false,"campfire_upgraded":3,"win_rate":0.0,"timestamp":1610774127,"path_taken":["M","?","M","M","M","E","R","?","T","?","R","E","M","$","R","BOSS","M","?","M","?","?","R","E","R","T","M","R","M","M","M"],"items_purchased_type":["Relic","Relic","Card"],"build_version":"2020-12-22","purchased_purges":0,"victory":false,"max_hp_per_floor":[77,77,77,77,77,77,77,77,77,77,77,77,77,77,77,77,77,77,77,77,77,77,77,77,77,77,77,77,77,77,77,77],"relic_stats":{"Centennial Puzzle":[12],"counters":[16,85],"Sundial":[2],"Bronze Scales":[273],"Astrolabe":["Weave","InnerPeace","CarveReality"],"Prayer Wheel":4,"Juzu Bracelet":0,"Boot":[9],"obtain_stats":[{"Frozen Eye":14,"Centennial Puzzle":24,"Tiny House":0,"Sundial":26,"Bronze Scales":6,"Astrolabe":17,"Orrery":2,"Prayer Wheel":19,"Juzu Bracelet":12,"PureWater":0,"Boot":9},{"Frozen Eye":8,"Centennial Puzzle":12,"Tiny House":0,"Sundial":12,"Bronze Scales":5,"Astrolabe":9,"Orrery":1,"Prayer Wheel":10,"Juzu Bracelet":7,"PureWater":0,"Boot":5},{"Frozen Eye":40,"Centennial Puzzle":65,"Tiny House":0,"Sundial":65,"Bronze Scales":23,"Astrolabe":48,"Orrery":2,"Prayer Wheel":52,"Juzu Bracelet":34,"PureWater":0,"Boot":23}]},"card_choices":[{"not_picked":["FollowUp","Worship"],"picked":"CrushJoints","floor":0},{"not_picked":["Perseverance","Evaluate"],"picked":"CutThroughFate","floor":1},{"not_picked":["Indignation","ThirdEye"],"picked":"Protect","floor":2},{"not_picked":["JustLucky","InnerPeace"],"picked":"Alpha","floor":2},{"not_picked":["Prostrate","ReachHeaven"],"picked":"Perseverance","floor":2},{"not_picked":["JustLucky","SashWhip"],"picked":"ClearTheMind","floor":3},{"not_picked":["FollowUp","Collect"],"picked":"LikeWater","floor":4},{"not_picked":["FollowUp","CrushJoints"],"picked":"Evaluate","floor":5},{"not_picked":["PathToVictory","CrushJoints","ClearTheMind"],"picked":"SKIP","floor":6},{"not_picked":["Pray","SignatureMove","FlyingSleeves"],"picked":"SKIP","floor":10},{"not_picked":["EmptyFist","Tantrum"],"picked":"Perseverance","floor":12},{"not_picked":["TalkToTheHand","Protect"],"picked":"LikeWater","floor":13},{"not_picked":["Alpha","SpiritShield"],"picked":"DevaForm","floor":16},{"not_picked":["CutThroughFate","JustLucky+1"],"picked":"LikeWater","floor":18},{"not_picked":["CutThroughFate","WaveOfTheHand+1"],"picked":"ThirdEye","floor":20},{"not_picked":["Perseverance","FlurryOfBlows+1"],"picked":"Nirvana","floor":20},{"not_picked":["CrushJoints","PathToVictory","MentalFortress"],"picked":"SKIP","floor":24},{"not_picked":["Protect","Prostrate"],"picked":"Vault","floor":27},{"not_picked":["Swivel+1","CutThroughFate","Indignation"],"picked":"SKIP","floor":27},{"not_picked":["Brilliance","Crescendo"],"picked":"Nirvana","floor":29},{"not_picked":["Collect","FlyingSleeves","Consecrate+1"],"picked":"SKIP","floor":29},{"not_picked":["EmptyMind","EmptyBody"],"picked":"JustLucky+1","floor":30},{"not_picked":["FlyingSleeves","Crescendo"],"picked":"ThirdEye","floor":30}],"player_experience":331315,"relics_obtained":[{"floor":6,"key":"Bronze Scales"},{"floor":9,"key":"Boot"},{"floor":12,"key":"Juzu Bracelet"},{"floor":24,"key":"Centennial Puzzle"},{"floor":26,"key":"Sundial"}],"event_choices":[{"damage_healed":25,"gold_gain":0,"player_choice":"Banana","damage_taken":0,"max_hp_gain":0,"max_hp_loss":0,"event_name":"Big Fish","floor":8,"gold_loss":0},{"damage_healed":0,"gold_gain":0,"player_choice":"Paid Gold","damage_taken":0,"relics_obtained":["Prayer Wheel"],"max_hp_gain":0,"max_hp_loss":0,"event_name":"WeMeetAgain","floor":19,"gold_loss":101},{"damage_healed":0,"gold_gain":0,"player_choice":"Damaged","damage_taken":7,"max_hp_gain":0,"max_hp_loss":0,"event_name":"Wheel of Change","floor":22,"gold_loss":0}],"is_beta":false,"boss_relics":[{"not_picked":["Runic Dome","Runic Pyramid"],"picked":"Astrolabe"}],"items_purged_floors":[],"is_endless":false,"potions_floor_spawned":[4,5,12,13,16,20,27],"killed_by":"Centurion and Healer","ascension_level":8}}