{"host":"4ag909k4xupnj24b","time":1610780845,"event":{"mods":["BaseMod","Minty Spire (QoL Compilation)","StSLib"],"gold_per_floor":[118,118,10,10,33,74,144,157,157,190,190,205,205,229,229,359,359,380,403,403,424,349,349,42,42,42,55,55,68,68,19,19,19,19],"floor_reached":33,"language":"ENG","playtime":1276,"items_purged":[],"score":420,"play_id":"3047833d-0049-4596-8f9c-75921d962b66","local_time":"20210115230725","is_ascension_mode":true,"campfire_choices":[{"floor":11,"key":"REST"},{"data":"Vault","floor":13,"key":"SMITH"},{"floor":15,"key":"REST"},{"data":"Judgement","floor":23,"key":"SMITH"},{"data":"Adaptation","floor":28,"key":"SMITH"},{"data":"Evaluate","floor":30,"key":"SMITH"},{"data":"BowlingBash","floor":32,"key":"SMITH"}],"circlet_count":0,"master_deck":["AscendersBane","Strike_P","Strike_P","Strike_P","Defend_P","Defend_P","Defend_P","Defend_P","Eruption","Vigilance","EmptyBody","Conclude","JustLucky","BowlingBash+1","Evaluate+1","FlurryOfBlows","FollowUp","Conclude+1","Vault+1","Vengeance","Judgement+1","CutThroughFate+1","Consecrate+1","WheelKick+1","Adaptation+1","Wallop+1","Protect"],"relics":["HolyWater","NeowsBlessing","Golden Idol","HornCleat","Boot","StrikeDummy","Molten Egg 2","Letter Opener","Lee\u0027s Waffle","Darkstone Periapt"],"acts_visited":["Exordium","TheCity"],"potions_floor_usage":[7,7,27,33],"damage_taken":[{"damage":0,"enemies":"Small Slimes","floor":1,"turns":1},{"damage":0,"enemies":"Jaw Worm","floor":5,"turns":1},{"damage":0,"enemies":"Gremlin Nob","floor":6,"turns":1},{"damage":20,"enemies":"Lagavulin Event","floor":7,"turns":5},{"damage":1,"enemies":"2 Louse","floor":8,"turns":3},{"damage":25,"enemies":"Lagavulin","floor":10,"turns":4},{"damage":0,"enemies":"2 Fungi Beasts","floor":12,"turns":2},{"damage":0,"enemies":"Lots of Slimes","floor":14,"turns":1},{"damage":40,"enemies":"Hexaghost","floor":16,"turns":12},{"damage":0,"enemies":"Spheric Guardian","floor":18,"turns":4},{"damage":0,"enemies":"Chosen","floor":19,"turns":3},{"damage":19,"enemies":"Snake Plant","floor":21,"turns":2},{"damage":0,"enemies":"Snecko","floor":27,"turns":3},{"damage":0,"enemies":"Chosen and Byrds","floor":29,"turns":4},{"damage":79,"enemies":"Automaton","floor":33,"turns":9}],"seed_played":"3163906154596632761","potions_obtained":[{"floor":1,"key":"Strength Potion"},{"floor":5,"key":"Fire Potion"},{"floor":16,"key":"Fire Potion"},{"floor":21,"key":"Strength Potion"}],"is_trial":false,"path_per_floor":["M","?","$","?","M","E","?","M","T","E","R","M","R","M","R","B",null,"M","M","?","M","?","R","$","?","T","M","R","M","R","$","R","B"],"character_chosen":"WATCHER","items_purchased":["Conclude","JustLucky","Lee\u0027s Waffle","Adaptation","Wallop+1","Block Potion"],"campfire_rested":2,"item_purchase_floors":[3,3,24,24,24,31],"current_hp_per_floor":[65,65,65,53,53,53,33,32,32,7,27,27,27,27,47,7,52,52,52,52,33,33,33,74,62,62,62,62,62,62,62,62,0,0],"gold":19,"neow_bonus":"THREE_ENEMY_KILL","is_daily":false,"chose_seed":false,"campfire_upgraded":5,"win_rate":0.0,"timestamp":1610780845,"path_taken":["M","?","$","?","?","E","?","M","T","E","R","M","R","M","R","BOSS","M","M","?","M","?","R","$","?","T","M","R","?","R","?","R","BOSS"],"items_purchased_type":["Card","Card","Relic","Card","Card","Potion"],"build_version":"2020-12-22","purchased_purges":0,"victory":false,"max_hp_per_floor":[72,67,67,67,67,67,67,67,67,67,67,67,67,67,67,67,67,67,67,67,67,67,67,74,74,74,74,74,74,74,74,74,74,74],"card_choices":[{"not_picked":["Vengeance","Prostrate"],"picked":"EmptyBody","floor":1},{"not_picked":["Prostrate","SignatureMove"],"picked":"BowlingBash","floor":5},{"not_picked":["Evaluate","Worship","Collect"],"picked":"SKIP","floor":6},{"not_picked":["Worship","Collect"],"picked":"Evaluate","floor":6},{"not_picked":["Prostrate","EmptyMind"],"picked":"FlurryOfBlows","floor":7},{"not_picked":["Crescendo","EmptyBody"],"picked":"FollowUp","floor":8},{"not_picked":["WreathOfFlame","SandsOfTime+1"],"picked":"Conclude+1","floor":10},{"not_picked":["WreathOfFlame","Halt"],"picked":"Vault","floor":12},{"not_picked":["Halt","EmptyFist+1"],"picked":"Vengeance","floor":14},{"not_picked":["Alpha","DeusExMachina"],"picked":"Judgement","floor":16},{"not_picked":["CrushJoints+1","FlyingSleeves+1"],"picked":"CutThroughFate+1","floor":18},{"not_picked":["ClearTheMind","Crescendo"],"picked":"Consecrate+1","floor":19},{"not_picked":["CrushJoints+1","JustLucky+1"],"picked":"WheelKick+1","floor":21},{"not_picked":["Brilliance+1","FollowUp+1"],"picked":"Protect","floor":27},{"not_picked":["Collect","Wallop+1","ReachHeaven+1"],"picked":"SKIP","floor":29}],"player_experience":838984,"relics_obtained":[{"floor":6,"key":"Boot"},{"floor":7,"key":"StrikeDummy"},{"floor":9,"key":"Molten Egg 2"},{"floor":10,"key":"Letter Opener"},{"floor":26,"key":"Darkstone Periapt"}],"event_choices":[{"damage_healed":0,"gold_gain":0,"player_choice":"Lose Max HP","damage_taken":0,"relics_obtained":["Golden Idol"],"max_hp_gain":0,"max_hp_loss":5,"event_name":"Golden Idol","floor":2,"gold_loss":0},{"damage_healed":0,"gold_gain":0,"player_choice":"Success","damage_taken":12,"relics_obtained":["HornCleat"],"max_hp_gain":0,"max_hp_loss":0,"event_name":"Scrap Ooze","floor":4,"gold_loss":0},{"damage_healed":0,"gold_gain":30,"player_choice":"Searched \u00273\u0027 times","damage_taken":0,"max_hp_gain":0,"max_hp_loss":0,"event_name":"Dead Adventurer","floor":7,"gold_loss":0},{"damage_healed":0,"gold_gain":0,"player_choice":"Ignored","damage_taken":0,"max_hp_gain":0,"max_hp_loss":0,"event_name":"Vampires","floor":20,"gold_loss":0},{"cards_removed":["Strike_P"],"damage_healed":0,"gold_gain":0,"player_choice":"Gave Gold","damage_taken":0,"max_hp_gain":0,"max_hp_loss":0,"event_name":"Beggar","floor":22,"gold_loss":75},{"damage_healed":0,"gold_gain":0,"player_choice":"POTION ","damage_taken":12,"max_hp_gain":0,"max_hp_loss":0,"event_name":"Knowing Skull","floor":25,"potions_obtained":["SteroidPotion"],"gold_loss":0,"cards_obtained":[]}],"is_beta":false,"boss_relics":[{"not_picked":["Astrolabe","Sozu"],"picked":"HolyWater"}],"items_purged_floors":[],"is_endless":false,"potions_floor_spawned":[1,5,16,21],"killed_by":"Automaton","ascension_level":10}}