{"host":"h7v50ofoukcy1stu","time":1610807682,"event":{"mods":["2.2 Compatiblity","BaseMod","Beaked The Cultist","Better Note","Better Vampires","Downfall","Duelist Mod","Hermit","Jorbs\u0027s Wanderer Trilogy","Minty Spire (QoL Compilation)","Potionbrewer","QueenMod","StSLib","The Blackbeard","The Bladedancer","The Dragon Tamer","The Kombatant","The Runesmith"],"gold_per_floor":[111,186,206,171,188,188,223,223,296,322,335,335,349,380,380,480,480,499,25,39,52,70,70,97,97,97,130,26,26,26],"floor_reached":29,"language":"ENG","playtime":2129,"items_purged":[],"score":358,"play_id":"cfa6e234-01e1-4eeb-9ad9-e4759ccc236a","local_time":"20210116153442","is_ascension_mode":false,"metric_token":1171,"campfire_choices":[{"data":"DTMod:Dissolve","floor":6,"key":"SMITH"},{"floor":8,"key":"REST"},{"floor":15,"key":"REST"},{"floor":23,"key":"REST"},{"data":"DTMod:SealedStrike","floor":25,"key":"SMITH"}],"dtmod_dragon_data":[4,50,3,-1,14,0],"circlet_count":0,"master_deck":["DTMod:Strike","DTMod:Strike","DTMod:Strike","DTMod:Strike","DTMod:DoubleHit","DTMod:TargetDefense","DTMod:TargetDefense","DTMod:TargetDefense","DTMod:TargetDefense","DTMod:SwitchingTactic","DTMod:Threaten","DTMod:Dissolve+1","DTMod:ComboAttack","DTMod:Training","DTMod:MagiciansMark","DTMod:DragonDance","Parasite","DTMod:Cover","DTMod:Safeguard","DTMod:SealedStrike+1","DTMod:QuickFly","DTMod:CrossStep","DTMod:MagicField","DTMod:ShieldDrain","DTMod:MaximumCharge","DTMod:ShadowImage","DTMod:Coolant","DTMod:EchoTactic+1","downfall:Icky","DTMod:HeatWave"],"relics":["DTMod:PactStone","DTMod:BasicTextbook","White Beast Statue","potionbrewer:MortarAndPestle","Dead Branch","Cursed Key","Sling","Art of War","Toxic Egg 2","Bottled Lightning","Vajra","Lantern"],"acts_visited":["Exordium","TheCity"],"potions_floor_usage":[27],"damage_taken":[{"damage":0,"enemies":"Cultist","floor":1,"turns":4},{"damage":0,"enemies":"Jaw Worm","floor":3,"turns":4},{"damage":0,"enemies":"2 Louse","floor":5,"turns":2},{"damage":29,"enemies":"3 Sentries","floor":7,"turns":11},{"damage":1,"enemies":"Lagavulin","floor":10,"turns":10},{"damage":18,"enemies":"Exordium Thugs","floor":11,"turns":4},{"damage":0,"enemies":"2 Fungi Beasts","floor":13,"turns":3},{"damage":0,"enemies":"Gremlin Nob","floor":14,"turns":5},{"damage":10,"enemies":"Slime Boss","floor":16,"turns":10},{"damage":8,"enemies":"Chosen","floor":18,"turns":5},{"damage":0,"enemies":"Spheric Guardian","floor":20,"turns":1},{"damage":0,"enemies":"Centurion and Healer","floor":21,"turns":6},{"damage":0,"enemies":"Snecko","floor":22,"turns":4},{"damage":0,"enemies":"theDuelist:KaibaA2","floor":24,"turns":3},{"damage":0,"enemies":"Book of Stabbing","floor":27,"turns":4},{"damage":0,"enemies":"Snake Plant","floor":29,"turns":1}],"seed_played":"-1310888081107356649","potions_obtained":[{"floor":3,"key":"SmokeBomb"},{"floor":5,"key":"Energy Potion"},{"floor":10,"key":"FearPotion"},{"floor":11,"key":"SpeedPotion"},{"floor":13,"key":"Weak Potion"},{"floor":14,"key":"bronze:BurnAndBuffPotion"},{"floor":16,"key":"Energy Potion"},{"floor":18,"key":"PowerPotion"},{"floor":20,"key":"SteroidPotion"},{"floor":21,"key":"Block Potion"},{"floor":22,"key":"potionbrewer:HastePotion"},{"floor":24,"key":"potionbrewer:SplittingPotion"},{"floor":27,"key":"Swift Potion"}],"is_trial":false,"path_per_floor":["M","?","M","?","M","R","E","R","T","E","M","?","M","E","R","B",null,"M","$","M","M","M","R","E","R","T","E","?","M"],"character_chosen":"THE_DT","items_purchased":["DTMod:CrossStep","DTMod:MagicField","Sling","Art of War","DTMod:ShieldDrain"],"campfire_rested":3,"item_purchase_floors":[19,19,19,19,19],"current_hp_per_floor":[49,38,38,49,49,49,20,34,34,38,30,42,42,49,49,39,49,46,46,49,49,49,49,49,49,49,49,49,49,49],"gold":26,"neow_bonus":"TEN_PERCENT_HP_BONUS","is_daily":false,"chose_seed":false,"campfire_upgraded":2,"win_rate":0.0,"timestamp":1610807682,"path_taken":["M","?","M","?","M","R","E","R","T","E","M","?","M","E","R","BOSS","M","$","M","M","M","R","E","R","T","E","?","M"],"items_purchased_type":["Card","Card","Relic","Relic","Card"],"build_version":"2020-12-22","purchased_purges":0,"victory":false,"max_hp_per_floor":[49,49,49,49,49,49,49,49,49,49,49,49,49,49,49,49,49,49,49,49,49,49,49,49,49,49,49,49,49,49],"card_choices":[{"not_picked":["DTMod:BreakAttack","DTMod:Training"],"picked":"DTMod:Threaten","floor":1},{"not_picked":["DTMod:Astonish","DTMod:Threaten"],"picked":"DTMod:Dissolve","floor":3},{"not_picked":["DTMod:Hide","DTMod:Shift"],"picked":"DTMod:ComboAttack","floor":5},{"not_picked":["DTMod:TagTeam","DTMod:BlazingStrike"],"picked":"DTMod:Training","floor":7},{"not_picked":["DTMod:GearUp","DTMod:Punisher"],"picked":"DTMod:MagiciansMark","floor":10},{"not_picked":["DTMod:Weaken","DTMod:Shift"],"picked":"DTMod:DragonDance","floor":11},{"not_picked":["DTMod:Punisher","DTMod:HeatWave"],"picked":"DTMod:Cover","floor":13},{"not_picked":["DTMod:LastStand","DTMod:Training"],"picked":"DTMod:Safeguard","floor":14},{"not_picked":["DTMod:Inferno","DTMod:TriAttack"],"picked":"DTMod:SealedStrike","floor":16},{"not_picked":["DTMod:DragonDance","DTMod:TauntingStrike"],"picked":"DTMod:QuickFly","floor":18},{"not_picked":["DTMod:CalculatedDefense","DTMod:ComboAttack+1"],"picked":"DTMod:MaximumCharge","floor":20},{"not_picked":["DTMod:QuickFly","DTMod:Adaptation+1"],"picked":"DTMod:ShadowImage","floor":21},{"not_picked":["DTMod:MagicField","DTMod:FlameSlash"],"picked":"DTMod:Coolant","floor":22},{"not_picked":["DTMod:BuildUp","DTMod:CleansingStrike"],"picked":"DTMod:EchoTactic+1","floor":24},{"not_picked":["DTMod:ComboAttack","DTMod:BuildUp"],"picked":"DTMod:HeatWave","floor":27}],"player_experience":189008,"relics_obtained":[{"floor":7,"key":"DTMod:BasicTextbook"},{"floor":9,"key":"White Beast Statue"},{"floor":10,"key":"potionbrewer:MortarAndPestle"},{"floor":14,"key":"Dead Branch"},{"floor":24,"key":"Toxic Egg 2"},{"floor":26,"key":"Bottled Lightning"},{"floor":27,"key":"Vajra"}],"event_choices":[{"damage_healed":0,"gold_gain":75,"player_choice":"Gather Gold","damage_taken":11,"max_hp_gain":0,"max_hp_loss":0,"event_name":"World of Goop","floor":2,"gold_loss":0},{"damage_healed":12,"gold_gain":0,"player_choice":"Healed","damage_taken":0,"max_hp_gain":0,"max_hp_loss":0,"event_name":"The Cleric","floor":4,"gold_loss":35},{"damage_healed":12,"gold_gain":0,"player_choice":"Healed and dodged fight","damage_taken":0,"max_hp_gain":0,"max_hp_loss":0,"event_name":"Mushrooms","floor":12,"gold_loss":0,"cards_obtained":["Parasite"]},{"damage_healed":0,"gold_gain":0,"player_choice":"Paid Gold","damage_taken":0,"relics_obtained":["Lantern"],"max_hp_gain":0,"max_hp_loss":0,"event_name":"WeMeetAgain","floor":28,"gold_loss":104}],"is_beta":false,"boss_relics":[{"not_picked":["Empty Cage","Tiny House"],"picked":"Cursed Key"}],"items_purged_floors":[],"is_endless":false,"potions_floor_spawned":[3,5,10,11,13,14,16,18,20,21,22,24,27],"killed_by":"Snake Plant","ascension_level":0}}