{"host":"oeotdbd679q6m6vu","time":1610766303,"event":{"mods":["Act Like it!","BaseMod","Colored Map","Decade(Õı–°√˜)","Downfall","Friendly Minions","Gensokyo","GifTheSpireLib","Highlight Path","Marisa£®ÏF”Í°°ƒß¿Ì…≥£©","Minty Spire (QoL Compilation)","Rare Cards Sparkle","Reimu£®≤©¿ˆ¡È√Œ£©","StSLib","The Animator","Youmu£®ªÍ∆«—˝√Œ£©"],"gold_per_floor":[99,116,131,131,157,157,209,209,49,86,111,127,151,173,195,298,298,298,323,349,309,334,334,334,361,371,264,297,321,347,381,393,393,393,393],"floor_reached":33,"language":"ZHS","playtime":2357,"items_purged":["Shame","hexamod:PowerFromBeyond"],"score":322,"play_id":"437612ac-99a6-42b0-b2de-e156886e5e14","local_time":"20210115220503","is_ascension_mode":false,"campfire_choices":[{"data":"hexamod:SearingWound","floor":1,"key":"SMITH"},{"floor":8,"key":"RECALL"},{"data":"hexamod:ChargedBarrage","floor":18,"key":"SMITH"}],"circlet_count":0,"master_deck":["hexamod:Strike+1","hexamod:Strike+1","hexamod:Strike","hexamod:Strike+1","hexamod:Defend+1","hexamod:Defend+1","hexamod:Sear","hexamod:Float+1","hexamod:SearingWound+1","hexamod:FirstSeal","hexamod:SecondSeal","hexamod:Rewind","hexamod:ThirdSeal","hexamod:FourthSeal","hexamod:RainOfEmbers+1","hexamod:FastForward","hexamod:Hexaguard+1","hexamod:FastForward+1","hexamod:ChargedBarrage+1","hexamod:SixthSeal","hexamod:TimeWarp","CurseOfTheBell","hexamod:StepThrough+1","hexamod:ExtraCrispy","hexamod:FastForward","hexamod:WildfireWeapon","hexamod:RadiantFlame","hexamod:FastForward+1","hexamod:NecessarySacrifice+1","hexamod:SoulSteal","hexamod:SpectralSpark","hexamod:NecessarySacrifice","hexamod:SpectralSpark"],"relics":["hexamod:SpiritBrand","Oddly Smooth Stone","Blood Vial","Calling Bell","Pen Nib","Letter Opener","Dead Branch","ZunR:ReiMu","Unceasing Top","White Beast Statue","InkBottle"],"acts_visited":["Exordium","TheCity"],"potions_floor_usage":[11,11,14,15,16,16,20,22,26,27,28,31,31,31,33,33,33],"damage_taken":[{"damage":0,"enemies":"Small Slimes","floor":2,"turns":3},{"damage":2,"enemies":"2 Louse","floor":3,"turns":2},{"damage":0,"enemies":"Cultist","floor":5,"turns":5},{"damage":5,"enemies":"downfall:FleeingMerchant","floor":9,"turns":4},{"damage":17,"enemies":"3 Sentries","floor":10,"turns":10},{"damage":24,"enemies":"Gremlin Gang","floor":11,"turns":4},{"damage":0,"enemies":"2 Fungi Beasts","floor":12,"turns":2},{"damage":0,"enemies":"Large Slime","floor":13,"turns":4},{"damage":7,"enemies":"Gremlin Gang","floor":14,"turns":4},{"damage":21,"enemies":"Lots of Slimes","floor":15,"turns":5},{"damage":10,"enemies":"IC_STATUS_ARCHETYPE","floor":16,"turns":6},{"damage":9,"enemies":"3 Byrds","floor":19,"turns":5},{"damage":17,"enemies":"Shell Parasite","floor":20,"turns":5},{"damage":6,"enemies":"Snecko","floor":22,"turns":5},{"damage":1,"enemies":"Snake Plant","floor":25,"turns":3},{"damage":7,"enemies":"3 Cultists","floor":26,"turns":4},{"damage":0,"enemies":"downfall:FleeingMerchant","floor":27,"turns":4},{"damage":40,"enemies":"Slavers","floor":28,"turns":5},{"damage":7,"enemies":"Centurion and Healer","floor":29,"turns":4},{"damage":5,"enemies":"Cultist and Chosen","floor":30,"turns":4},{"damage":39,"enemies":"Book of Stabbing","floor":31,"turns":5},{"damage":5,"enemies":"Shelled Parasite and Fungi","floor":32,"turns":3},{"damage":24,"enemies":"DF_ARCHETYPE_CLAW","floor":33,"turns":4}],"seed_played":"5336855433123851907","potions_obtained":[{"floor":2,"key":"DistilledChaos"},{"floor":3,"key":"BlessingOfTheForge"},{"floor":10,"key":"ZuzhouPotion:ReiMu"},{"floor":11,"key":"Fruit Juice"},{"floor":13,"key":"LiquidMemories"},{"floor":14,"key":"GrandPatriotsElixir:ReiMu"},{"floor":15,"key":"Block Potion"},{"floor":16,"key":"EssenceOfSteel"},{"floor":16,"key":"CultistPotion"},{"floor":19,"key":"SteroidPotion"},{"floor":19,"key":"ColorlessPotion"},{"floor":20,"key":"BlessingOfTheForge"},{"floor":22,"key":"DistilledChaos"},{"floor":25,"key":"Regen Potion"},{"floor":26,"key":"bronze:BurnAndBuffPotion"},{"floor":28,"key":"Dexterity Potion"},{"floor":28,"key":"ColorlessPotion"},{"floor":31,"key":"SteroidPotion"},{"floor":31,"key":"Fruit Juice"},{"floor":32,"key":"Weak Potion"}],"is_trial":false,"path_per_floor":["R","M","M","?","M","?","T","R","$","E","M","M","M","M","M","B",null,"R","M","M","?","M","?","T","M","M","$","E","M","M","E","M","B"],"character_chosen":"THE_SPIRIT","items_purchased":["hexamod:FourthSeal"],"campfire_rested":0,"item_purchase_floors":[9],"current_hp_per_floor":[49,49,54,54,61,61,61,61,63,46,36,45,54,56,44,36,75,75,73,58,58,61,61,61,62,64,66,35,37,34,23,20,0,0,0],"gold":393,"neow_bonus":"THREE_RARE_CARDS","is_daily":false,"chose_seed":false,"campfire_upgraded":2,"win_rate":0.0,"timestamp":1610766303,"path_taken":["R","M","M","?","M","?","T","R","$","E","M","?","?","M","M","BOSS","R","M","M","?","M","?","T","M","?","$","E","?","M","E","M","BOSS"],"items_purchased_type":["Card"],"build_version":"2020-12-22","purchased_purges":2,"victory":false,"max_hp_per_floor":[70,70,70,70,70,70,70,70,70,70,75,75,75,75,75,75,75,75,75,75,75,75,75,75,75,75,75,75,75,75,80,80,80,80,80],"card_choices":[{"not_picked":["hexamod:UnleashSpirits","hexamod:HexaLevel"],"picked":"hexamod:SearingWound","floor":0},{"not_picked":["hexamod:FastForward","hexamod:Incineration"],"picked":"hexamod:FirstSeal","floor":2},{"not_picked":["hexamod:Hexaguard","hexamod:AdvancingGuard"],"picked":"hexamod:SecondSeal","floor":3},{"not_picked":["hexamod:ShieldOfDarkness","hexamod:HauntingEcho"],"picked":"hexamod:Rewind","floor":5},{"not_picked":["hexamod:FourthSeal","hexamod:PhantomCloak"],"picked":"hexamod:ThirdSeal","floor":9},{"not_picked":["hexamod:PowerFromBeyond","hexamod:GhostShield"],"picked":"hexamod:RainOfEmbers","floor":10},{"not_picked":["hexamod:NightmareStrike","hexamod:SwordOfDarkness","hexamod:HeatMetal"],"picked":"SKIP","floor":10},{"not_picked":["hexamod:BurningTouch","hexamod:SwordOfDarkness","hexamod:ThermalTransfer"],"picked":"SKIP","floor":11},{"not_picked":["hexamod:NightmareStrike","hexamod:RecurringNightmare","hexamod:SecondSeal"],"picked":"SKIP","floor":11},{"not_picked":["hexamod:HauntingEcho","hexamod:FlameSwitch"],"picked":"hexamod:FastForward","floor":12},{"not_picked":["hexamod:Again","hexamod:HeatMetal"],"picked":"hexamod:Hexaguard","floor":13},{"not_picked":["hexamod:InspiringFlames","hexamod:HeatMetal"],"picked":"hexamod:PowerFromBeyond","floor":13},{"not_picked":["hexamod:NightmareStrike","hexamod:GhostLash"],"picked":"hexamod:FastForward","floor":14},{"not_picked":["hexamod:FlamesFromBeyond","hexamod:AdvancingGuard"],"picked":"hexamod:ChargedBarrage","floor":14},{"not_picked":["hexamod:GhostLash","hexamod:BurningTouch","hexamod:SecondSeal"],"picked":"SKIP","floor":15},{"not_picked":["hexamod:BurningTouch","hexamod:Hexaguard","hexamod:PhantomFireball"],"picked":"SKIP","floor":15},{"not_picked":["hexamod:ForkedFlame","hexamod:GiftsFromTheDead"],"picked":"hexamod:SixthSeal","floor":16},{"not_picked":["hexamod:GhostOfSpirePresent","hexamod:GiftsFromTheDead"],"picked":"hexamod:TimeWarp","floor":16},{"not_picked":["hexamod:ShieldOfDarkness","hexamod:RetreatToShadows","hexamod:FourthSeal"],"picked":"SKIP","floor":19},{"not_picked":["hexamod:SpectralSpark+1","hexamod:NightmareStrike","hexamod:HeatMetal"],"picked":"SKIP","floor":19},{"not_picked":["hexamod:ShieldOfDarkness","hexamod:HeatMetal"],"picked":"hexamod:StepThrough+1","floor":20},{"not_picked":["hexamod:AdvancingGuard","hexamod:PhantomCloak"],"picked":"hexamod:ExtraCrispy","floor":20},{"not_picked":["hexamod:BacktrackSmack+1","hexamod:Firestarter"],"picked":"hexamod:FastForward","floor":22},{"not_picked":["hexamod:GhostflameBarrier","hexamod:SpectralSpark"],"picked":"hexamod:WildfireWeapon","floor":22},{"not_picked":["hexamod:GhostShield+1","hexamod:FastForward"],"picked":"hexamod:RadiantFlame","floor":25},{"not_picked":["hexamod:BacktrackSmack","hexamod:NightmareStrike"],"picked":"hexamod:FastForward+1","floor":26},{"not_picked":["hexamod:FlameSwitch","hexamod:NightmareStrike","hexamod:NightmareGuise"],"picked":"SKIP","floor":26},{"not_picked":["hexamod:SpectersWail","hexamod:TimeOfNeed"],"picked":"hexamod:NecessarySacrifice+1","floor":27},{"not_picked":["hexamod:PhantomCloak","hexamod:HeatMetal+1","hexamod:ThermalTransfer"],"picked":"SKIP","floor":27},{"not_picked":["hexamod:PhantomCloak","hexamod:VolcanoVisage"],"picked":"hexamod:SoulSteal","floor":28},{"not_picked":["hexamod:BurningTouch","hexamod:GhostOfSpireFuture","hexamod:GhostShield"],"picked":"SKIP","floor":28},{"not_picked":["hexamod:FastForward","hexamod:BurningTouch","hexamod:GhostLash+1"],"picked":"SKIP","floor":29},{"not_picked":["hexamod:SpectersWail+1","hexamod:BacktrackSmack","hexamod:BurningTouch"],"picked":"SKIP","floor":29},{"not_picked":["hexamod:FastForward","hexamod:HeatShield"],"picked":"hexamod:SpectralSpark","floor":30},{"not_picked":["hexamod:ShieldOfDarkness","hexamod:Firestarter+1","hexamod:AdvancingGuard"],"picked":"SKIP","floor":30},{"not_picked":["hexamod:GhostOfSpirePast","hexamod:RainOfEmbers+1"],"picked":"hexamod:NecessarySacrifice","floor":31},{"not_picked":["hexamod:SuperheatedStrike+1","hexamod:BacktrackSmack","hexamod:ParanormalForm"],"picked":"SKIP","floor":31},{"not_picked":["hexamod:NightmareStrike","hexamod:StepThrough"],"picked":"hexamod:SpectralSpark","floor":32},{"not_picked":["hexamod:FourthSeal","hexamod:ShieldOfDarkness","hexamod:SpectersWail"],"picked":"SKIP","floor":32}],"player_experience":331095,"relics_obtained":[{"floor":7,"key":"Oddly Smooth Stone"},{"floor":10,"key":"Blood Vial"},{"floor":17,"key":"Pen Nib"},{"floor":17,"key":"Letter Opener"},{"floor":17,"key":"Dead Branch"},{"floor":24,"key":"Unceasing Top"},{"floor":28,"key":"White Beast Statue"},{"floor":31,"key":"InkBottle"}],"event_choices":[{"damage_healed":0,"gold_gain":0,"player_choice":"π∫¬Ú…Òæ∆","damage_taken":0,"relics_obtained":["ZunR:ReiMu"],"max_hp_gain":0,"max_hp_loss":0,"event_name":"ZunEvent","floor":21,"gold_loss":40},{"damage_healed":0,"gold_gain":0,"player_choice":"Got Potions","damage_taken":0,"max_hp_gain":0,"max_hp_loss":0,"event_name":"Lab","floor":23,"gold_loss":0}],"is_beta":false,"boss_relics":[{"not_picked":["Fusion Hammer","RedLine:ReiMu"],"picked":"Calling Bell"}],"items_purged_floors":[9,27],"is_endless":false,"potions_floor_spawned":[2,3,10,13,16,19,26,28,29,30,31,32],"killed_by":"DF_ARCHETYPE_CLAW","ascension_level":0}}