{"host":"8fup84v061vi31le","time":1610779717,"event":{"mods":["Aspiration","BaseMod","Better Match","Better Third Choice","Minty Spire (QoL Compilation)","Replay The Spire","StSLib"],"gold_per_floor":[368,213,213,213,56,56,89,101,155,174,221,221,233,148,148,248,248,261,261,311,324,335,335,369,244,244,244,259,269,288,299,299,399,399,417,465,465,169,189,189,224,224,297,322,322,353,353,367,367,367],"floor_reached":51,"language":"ZHS","playtime":3244,"items_purged":["Defend_R","Delirium","Strike_R","Defend_R+1"],"score":1281,"play_id":"2ce86291-8d8b-4e18-baff-ffca8db8946e","local_time":"20210116144837","is_ascension_mode":true,"campfire_choices":[{"floor":6.0,"key":"REST"},{"floor":12.0,"key":"REST"},{"floor":15.0,"key":"REST"},{"floor":23.0,"key":"REST"},{"data":"Armaments","floor":32.0,"key":"SMITH"},{"floor":40.0,"key":"REST"},{"data":"Strike_R+1","floor":42.0,"key":"SMITH"},{"floor":49,"key":"REST"}],"circlet_count":0,"master_deck":["Strike_R+1","Defend_R+1","Bash+1","Anger+1","Berserk+1","Armaments+1","Pot Of Greed","Dual Wield+1","Flex","Body Slam+1"],"relics":["Burning Blood","Replay:Wax Seal","Ring of Peace","Ring of Searing","Gremlin Food","InkBottle","Simple Rune","Mercury Hourglass","Replay:Drink Me","PreservedInsect","Iron Hammer","Grinning Jar","aspiration:SecretTechniqueScroll","Charon\u0027s Ashes","Whetstone","Oddly Smooth Stone","Snack Pack","Chameleon Ring","Blood Vial","aspiration:HummingbirdHeart"],"acts_visited":["Exordium","TheCity","TheBeyond"],"potions_floor_usage":[48,50,50],"damage_taken":[{"damage":0.0,"enemies":"Small Slimes","floor":1.0,"turns":3.0},{"damage":40.0,"enemies":"Lagavulin","floor":7.0,"turns":6.0},{"damage":2.0,"enemies":"Jaw Worm","floor":8.0,"turns":4.0},{"damage":0.0,"enemies":"Cultist","floor":10.0,"turns":4.0},{"damage":0.0,"enemies":"3 Louse","floor":13.0,"turns":3.0},{"damage":8.0,"enemies":"Lots of Slimes","floor":14.0,"turns":3.0},{"damage":27.0,"enemies":"Fading Forest","floor":16.0,"turns":11.0},{"damage":21.0,"enemies":"Spheric Guardian","floor":18.0,"turns":4.0},{"damage":0.0,"enemies":"2 Thieves","floor":21.0,"turns":4.0},{"damage":0.0,"enemies":"Centurion and Healer","floor":22.0,"turns":4.0},{"damage":20.0,"enemies":"Gremlin Leader","floor":24.0,"turns":5.0},{"damage":5.0,"enemies":"Snecko","floor":28.0,"turns":4.0},{"damage":5.0,"enemies":"Snake Plant","floor":29.0,"turns":4.0},{"damage":5.0,"enemies":"3 Cultists","floor":30.0,"turns":3.0},{"damage":10.0,"enemies":"Cultist and Chosen","floor":31.0,"turns":4.0},{"damage":13.0,"enemies":"Collector","floor":33.0,"turns":6.0},{"damage":5.0,"enemies":"3 Shapes","floor":35.0,"turns":2.0},{"damage":10.0,"enemies":"2 Orb Walkers","floor":36.0,"turns":4.0},{"damage":5.0,"enemies":"Orb Walker","floor":39.0,"turns":2.0},{"damage":6.0,"enemies":"Reptomancer","floor":41.0,"turns":3.0},{"damage":16.0,"enemies":"Giant Head","floor":44.0,"turns":4.0},{"damage":49.0,"enemies":"R_Hoarder","floor":46.0,"turns":4.0},{"damage":0,"enemies":"Spire Growth","floor":48,"turns":2},{"damage":56,"enemies":"Awakened One","floor":50,"turns":7}],"seed_played":"-6793829534834483809","potions_obtained":[{"floor":8.0,"key":"Elixir"},{"floor":14.0,"key":"Reflective Coating"},{"floor":16.0,"key":"SpeedPotion"},{"floor":22.0,"key":"EssenceOfSteel"},{"floor":30.0,"key":"Adrenaline Potion"}],"is_trial":false,"path_per_floor":["M","$","?","?","$","R","E","M","T","M","?","R","M","M","R","B",null,"M","?","?","M","M","R","E","$","T","?","M","M","M","M","R","B",null,"M","?","?","$","M","R","E","R","T","E","?","E","T","M","R","B",null],"character_chosen":"IRONCLAD","items_purchased":["Replay:Wax Seal","Gremlin Food","Whetstone"],"campfire_rested":6,"item_purchase_floors":[2,5,38],"current_hp_per_floor":[57,57,57,57,57,80,46,50,50,56,36,60,66,64,80,59,60,45,35,35,41,47,65,51,51,51,51,52,53,54,50,50,43,60,61,57,57,57,58,65,65,65,65,65,65,26,26,42,61,34],"gold":367,"neow_bonus":"TWO_FIFTY_GOLD","is_daily":false,"chose_seed":false,"campfire_upgraded":2,"win_rate":0.0,"timestamp":1610779717,"path_taken":["M","$","?","?","$","R","E","M","T","M","?","R","?","M","R","BOSS","M","?","?","?","M","R","E","$","T","?","M","M","?","M","R","BOSS","M","?","?","$","M","R","E","R","T","E","?","E","?","?","R","BOSS"],"items_purchased_type":["Relic","Relic","Relic"],"build_version":"2020-12-22","purchased_purges":4,"victory":true,"max_hp_per_floor":[80,80,80,80,80,80,80,80,80,80,80,80,80,80,80,80,60,60,65,65,65,65,65,65,65,65,65,65,65,65,65,65,65,65,65,65,65,65,65,65,65,65,65,65,65,65,65,65,65,65],"card_choices":[{"not_picked":["Thunderclap","Body Slam"],"picked":"Anger","floor":1.0},{"not_picked":["Reaper","Power Through","Sentinel"],"picked":"SKIP","floor":7.0},{"not_picked":["Body Slam","Twin Strike","Heavy Blade"],"picked":"SKIP","floor":8.0},{"not_picked":["Heavy Blade","Warcry"],"picked":"Berserk","floor":10.0},{"not_picked":["Heavy Blade","Dropkick","Shrug It Off"],"picked":"SKIP","floor":13.0},{"not_picked":["Replay:Undeath\u0027s Touch","ReplayTheSpireMod:LeadingStrike"],"picked":"Armaments","floor":14.0},{"not_picked":["Evolve","Armaments","Cleave"],"picked":"SKIP","floor":18.0},{"not_picked":["Wild Strike","Flex","Warcry"],"picked":"SKIP","floor":21.0},{"not_picked":["Rupture","ReplayTheSpireMod:Strike From Hell+1","Intimidate"],"picked":"SKIP","floor":22.0},{"not_picked":["Flame Barrier","Clash","Twin Strike"],"picked":"SKIP","floor":24.0},{"not_picked":["Entrench","Dark Embrace","Flex"],"picked":"SKIP","floor":28.0},{"not_picked":["Warcry","Massacre+1"],"picked":"Dual Wield+1","floor":29.0},{"not_picked":["Hemokinesis","Rampage","Eclipse"],"picked":"SKIP","floor":30.0},{"not_picked":["Clothesline","True Grit","Anger"],"picked":"SKIP","floor":31.0},{"not_picked":["Power Through+1","Heavy Blade+1"],"picked":"Flex","floor":35.0},{"not_picked":["Clothesline+1","Double Tap"],"picked":"Body Slam+1","floor":39.0},{"not_picked":["Havoc+1","Defy Death","ReplayTheSpireMod:Stacked+1"],"picked":"SKIP","floor":41.0},{"not_picked":["Flame Barrier","Heavy Blade","Combust+1"],"picked":"SKIP","floor":44.0},{"not_picked":["Sword Boomerang+1","Intimidate+1","ReplayTheSpireMod:Stacked"],"picked":"SKIP","floor":46.0},{"not_picked":["Power Through+1","Defy Death+1","Pommel Strike"],"picked":"SKIP","floor":48}],"player_experience":161609,"relics_obtained":[{"floor":4.0,"key":"Ring of Peace"},{"floor":4.0,"key":"Ring of Searing"},{"floor":7.0,"key":"InkBottle"},{"floor":9.0,"key":"Simple Rune"},{"floor":11.0,"key":"Mercury Hourglass"},{"floor":24.0,"key":"PreservedInsect"},{"floor":26.0,"key":"Iron Hammer"},{"floor":36.0,"key":"Charon\u0027s Ashes"},{"floor":41.0,"key":"Oddly Smooth Stone"},{"floor":43.0,"key":"Snack Pack"},{"floor":44.0,"key":"Chameleon Ring"},{"floor":46.0,"key":"Blood Vial"},{"floor":47.0,"key":"aspiration:HummingbirdHeart"}],"event_choices":[{"cards_removed":["Strike_R"],"damage_healed":0.0,"max_hp_gain":0.0,"max_hp_loss":0.0,"gold_gain":0.0,"event_name":"Living Wall","player_choice":"Forget","floor":3.0,"gold_loss":0.0,"damage_taken":0.0},{"damage_healed":0.0,"max_hp_gain":5.0,"max_hp_loss":0.0,"gold_gain":0.0,"event_name":"Forgotten Altar","player_choice":"Shed Blood","floor":19.0,"gold_loss":0.0,"damage_taken":15.0},{"damage_healed":0.0,"max_hp_gain":0.0,"max_hp_loss":0.0,"gold_gain":100.0,"event_name":"The Joust","player_choice":"Bet on Murderer","floor":20.0,"gold_loss":50.0,"damage_taken":0.0},{"damage_healed":0.0,"max_hp_gain":0.0,"max_hp_loss":0.0,"gold_gain":0.0,"event_name":"WeMeetAgain","player_choice":"Gave Potion","floor":27.0,"gold_loss":0.0,"damage_taken":0.0,"relics_obtained":["Grinning Jar"]},{"damage_healed":0.0,"max_hp_gain":0.0,"max_hp_loss":0.0,"gold_gain":0.0,"event_name":"Mysterious Sphere","player_choice":"Fight","floor":36.0,"gold_loss":0.0,"damage_taken":0.0},{"damage_healed":0.0,"max_hp_gain":0.0,"max_hp_loss":0.0,"gold_gain":0.0,"event_name":"Tomb of Lord Red Mask","player_choice":"Ignored","floor":37.0,"gold_loss":0.0,"damage_taken":0.0}],"is_beta":false,"boss_relics":[{"not_picked":["Snecko Eye","aspiration:FutureDiary"],"picked":"Replay:Drink Me"},{"not_picked":["Honey Jar","Ring of Chaos"],"picked":"aspiration:SecretTechniqueScroll"}],"items_purged_floors":[2,5,25,38],"is_endless":false,"potions_floor_spawned":[8,14,16,22,24,30,31,33,39,44,46],"ascension_level":9}}