{"host":"7rmsgc3rayi00cdt","time":1610800144,"event":{"mods":["BaseMod","Minty Spire (QoL Compilation)"],"gold_per_floor":[114,114,114,114,114,114,138,138,164,177,177,216,103,144,144,240,240,255,278,278,278],"floor_reached":20,"language":"ENG","playtime":799,"items_purged":[],"score":333,"play_id":"05f38bb1-c722-49c4-84be-14fb865bd42d","local_time":"20210116122904","is_ascension_mode":true,"campfire_choices":[{"floor":6,"key":"REST"},{"data":"Zap","floor":8,"key":"SMITH"},{"floor":11,"key":"REST"},{"data":"Leap","floor":15,"key":"SMITH"}],"circlet_count":0,"master_deck":["AscendersBane","Strike_B","Strike_B","Strike_B","Defend_B","Defend_B","Defend_B","Defend_B","Zap+1","Dualcast","Madness","Coolheaded","Auto Shields","Leap+1","Beam Cell","Fission","Gash+1","Go for the Eyes"],"relics":["Cracked Core","Golden Idol","InkBottle","Bronze Scales","Question Card","Boot","Eternal Feather","Fusion Hammer"],"acts_visited":["Exordium","TheCity"],"potions_floor_usage":[12,19],"damage_taken":[{"damage":1,"enemies":"2 Louse","floor":1,"turns":3},{"damage":4,"enemies":"Small Slimes","floor":7,"turns":3},{"damage":0,"enemies":"Cultist","floor":10,"turns":4},{"damage":22,"enemies":"Lagavulin","floor":12,"turns":7},{"damage":11,"enemies":"3 Sentries","floor":14,"turns":10},{"damage":32,"enemies":"The Guardian","floor":16,"turns":13},{"damage":15,"enemies":"Spheric Guardian","floor":18,"turns":6},{"damage":18,"enemies":"Shell Parasite","floor":19,"turns":8},{"damage":35,"enemies":"Masked Bandits","floor":20,"turns":3}],"seed_played":"-2109901049282995718","potions_obtained":[{"floor":10,"key":"BlessingOfTheForge"},{"floor":16,"key":"SpeedPotion"},{"floor":18,"key":"EntropicBrew"}],"is_trial":false,"path_per_floor":["M","?","?","?","?","R","M","R","T","M","R","E","?","E","R","B",null,"M","M","?"],"character_chosen":"DEFECT","items_purchased":[],"campfire_rested":2,"item_purchase_floors":[],"current_hp_per_floor":[63,39,39,39,32,53,49,49,49,49,70,48,48,37,46,14,57,42,24,0,0],"gold":278,"neow_bonus":"RANDOM_COLORLESS","is_daily":false,"chose_seed":false,"campfire_upgraded":2,"win_rate":0.0,"timestamp":1610800144,"path_taken":["M","?","?","?","?","R","M","R","T","M","R","E","?","E","R","BOSS","M","?","?"],"items_purchased_type":[],"build_version":"2020-12-22","purchased_purges":0,"victory":false,"max_hp_per_floor":[71,71,71,71,71,71,71,71,71,71,71,71,71,71,71,71,71,71,71,71,71],"card_choices":[{"not_picked":["Deep Breath","Blind"],"picked":"Madness","floor":0},{"not_picked":["Conserve Battery","Turbo","Skim"],"picked":"SKIP","floor":1},{"not_picked":["Cold Snap","Sweeping Beam"],"picked":"Coolheaded","floor":7},{"not_picked":["Doom and Gloom","Go for the Eyes"],"picked":"Auto Shields","floor":10},{"not_picked":["Glacier","Force Field"],"picked":"Leap","floor":12},{"not_picked":["Hologram","Leap","Redo"],"picked":"Beam Cell","floor":14},{"not_picked":["Amplify","Hyperbeam","Core Surge"],"picked":"Fission","floor":16},{"not_picked":["Chaos","Reinforced Body","Auto Shields"],"picked":"Gash+1","floor":18},{"not_picked":["Lockon+1","Ball Lightning","Compile Driver"],"picked":"Go for the Eyes","floor":19}],"player_experience":770804,"relics_obtained":[{"floor":9,"key":"Bronze Scales"},{"floor":12,"key":"Question Card"},{"floor":14,"key":"Eternal Feather"}],"event_choices":[{"damage_healed":0,"gold_gain":0,"player_choice":"Take Damage","damage_taken":24,"relics_obtained":["Golden Idol"],"max_hp_gain":0,"max_hp_loss":0,"event_name":"Golden Idol","floor":2,"gold_loss":0},{"damage_healed":0,"gold_gain":0,"player_choice":"Box","damage_taken":0,"relics_obtained":["InkBottle"],"max_hp_gain":0,"max_hp_loss":0,"event_name":"Big Fish","floor":3,"gold_loss":0,"cards_obtained":["Regret"]},{"cards_removed":["Regret"],"damage_healed":0,"gold_gain":0,"player_choice":"Forget","damage_taken":0,"max_hp_gain":0,"max_hp_loss":0,"event_name":"Living Wall","floor":4,"gold_loss":0},{"cards_removed":["Strike_B"],"damage_healed":0,"gold_gain":0,"player_choice":"Card Removal","damage_taken":7,"max_hp_gain":0,"max_hp_loss":0,"event_name":"Golden Wing","floor":5,"gold_loss":0},{"damage_healed":0,"gold_gain":0,"player_choice":"Paid Gold","damage_taken":0,"relics_obtained":["Boot"],"max_hp_gain":0,"max_hp_loss":0,"event_name":"WeMeetAgain","floor":13,"gold_loss":113},{"damage_healed":0,"gold_gain":0,"player_choice":"Fought Bandits","damage_taken":0,"max_hp_gain":0,"max_hp_loss":0,"event_name":"Masked Bandits","floor":20,"gold_loss":0}],"is_beta":false,"boss_relics":[{"not_picked":["Runic Dome","Runic Pyramid"],"picked":"Fusion Hammer"}],"items_purged_floors":[],"is_endless":false,"potions_floor_spawned":[10,16,18],"killed_by":"Masked Bandits","ascension_level":17}}