{"host":"px2oznrenyeljk7o","time":1610824198,"event":{"mods":["100% Spire Juice","A Magickal Journey","AchievementEnabler","Arknights The Spire","BaseMod","Better Altar","Better Match","Better Note","Better Sensory Stone","Better Third Choice","ChefMod","Colored Map","Conspire","Curses Come First","Evolution","GifTheSpireLib","GungeonMod","Hermit","KinomotoSakuraMod(????)","Koishi","Lobotomy","LobotomyExtend","Marisa????????","Minty Spire (QoL Compilation)","Nova Terra(??·??)","Poor People Problems","Potionbrewer","Random Character Button","Rare Cards Sparkle","Reimu??????","Replay The Spire","Robot Space Explorer","Small Relic Pack","Somnambulant","Spicy Shops","StSLib","Stuff the Spire","The Administrix","The Alterego","The Blackbeard","The Blue Laboratory","The Bug Knight","The Construct","The Cursed","The Disciple","The Gatherer","The Hayseed","The Hierophant","The Jungle","The Marked","The Runesmith","TheWitcher","Yakumo Yukari mod","Yuri Mod","everything is the same but u backflip on backflip","slay the spire mod where everything is the same but ironclad has a cowboy hat","??????REMEMod"],"gold_per_floor":[116,11,28,28,41,70,70,88,88,88,88,17,17,36,36,138,138,148,148,163,163,163],"floor_reached":21,"language":"ENG","playtime":2451,"items_purged":[],"score":179,"play_id":"08a4df5b-5dce-46e2-8e6c-3b6ee1a994bd","local_time":"20210116200958","is_ascension_mode":false,"campfire_choices":[{"floor":7,"key":"REST"},{"data":"REME_WheelOfFate","floor":10,"key":"SMITH"},{"data":"Stack","floor":15,"key":"SMITH"}],"circlet_count":0,"master_deck":["Strike_B","Strike_B","Strike_B","Strike_B","Defend_B","Defend_B","Defend_B","Defend_B","Zap","Dualcast","Finesse","REME_WheelOfFate+1","Ball Lightning","Gash","Rebound","Cold Snap","Stack+1","Storm","Chill","Capacitor","Thunder Strike","Ball Lightning+1","Moonworks:CloudOfSeagulls","Barrage+1"],"relics":["Cracked Core","EVO:Axolotl","REME_ComplimentaryCards","LetterFromLob","Oddly Smooth Stone","ReplayTheSpireMod:Ninjato","Snack Pack","construct:WeddingRing","StuffTheSpire:HeavyRock"],"acts_visited":["Exordium","TheCity"],"potions_floor_usage":[5,14,16,20,21],"damage_taken":[{"damage":3,"enemies":"2 Louse","floor":1,"turns":3},{"damage":0,"enemies":"Small Slimes","floor":3,"turns":3},{"damage":5,"enemies":"Jaw Worm","floor":5,"turns":2},{"damage":3,"enemies":"Replay:BlueRogue","floor":6,"turns":5},{"damage":7,"enemies":"Blue Slaver","floor":8,"turns":3},{"damage":2,"enemies":"Exordium Wildlife","floor":14,"turns":4},{"damage":43,"enemies":"Fading Forest","floor":16,"turns":12},{"damage":9,"enemies":"Chosen","floor":18,"turns":4},{"damage":10,"enemies":"2 Thieves","floor":20,"turns":4},{"damage":65,"enemies":"3 Cultists","floor":21,"turns":5}],"seed_played":"-8845551766667131247","potions_obtained":[{"floor":3,"key":"Energy Potion"},{"floor":8,"key":"blueLaboratory:HorrorPotion"},{"floor":16,"key":"blueLaboratory:SystemWipe"},{"floor":20,"key":"Block Potion"}],"is_trial":false,"path_per_floor":["M","$","M","?","M","E","R","M","T","R","?","$","?","M","R_BF","B",null,"M","?","M","M"],"character_chosen":"DEFECT","items_purchased":["Gash","Rebound","LifebloodPotion"],"campfire_rested":1,"item_purchase_floors":[2,2,12],"current_hp_per_floor":[72,72,72,75,70,67,75,68,68,68,68,68,68,70,70,32,75,68,68,60,0,0],"gold":163,"neow_bonus":"RANDOM_COLORLESS","is_daily":false,"chose_seed":false,"campfire_upgraded":2,"win_rate":0.0,"timestamp":1610824198,"path_taken":["M","$","M","?","M","E","R","M","T","R","?","$","?","M","R_BF","BOSS","M","?","M","M"],"items_purchased_type":["Card","Card","Potion"],"build_version":"2020-12-22","purchased_purges":0,"victory":false,"max_hp_per_floor":[75,75,75,75,75,75,75,75,75,75,75,75,75,75,75,75,75,75,75,75,75,75],"card_choices":[{"not_picked":["REME_FirmDetermination","Deep Breath"],"picked":"Finesse","floor":0},{"not_picked":["BasicCrystalCard","Turbo"],"picked":"Ball Lightning","floor":1},{"not_picked":["ReplayRNGCard","BasicCrystalCard"],"picked":"Cold Snap","floor":3},{"not_picked":["Lockon","Barrage"],"picked":"Stack","floor":5},{"not_picked":["StuffTheSpire:EventHorizon","Compile Driver"],"picked":"Storm","floor":6},{"not_picked":["Turbo","ReplayTheSpireMod:GoodbyeWorld"],"picked":"Chill","floor":8},{"not_picked":["Storm","StuffTheSpire:CleanHardDrive"],"picked":"Capacitor","floor":14},{"not_picked":["Hyperbeam","Biased Cognition"],"picked":"Thunder Strike","floor":16},{"not_picked":["StuffTheSpire:LoadUp","StuffTheSpire:Rend"],"picked":"Ball Lightning+1","floor":18},{"not_picked":["Coolheaded","StuffTheSpire:LoadUp"],"picked":"Barrage+1","floor":20}],"player_experience":484036,"relics_obtained":[{"floor":1,"key":"LetterFromLob"},{"floor":6,"key":"ReplayTheSpireMod:Ninjato"},{"floor":9,"key":"Snack Pack"}],"event_choices":[{"cards_removed":["REME_WheelOfFate"],"damage_healed":0,"gold_gain":0,"player_choice":"Take \u0026 Give","damage_taken":0,"max_hp_gain":0,"max_hp_loss":0,"event_name":"betterNote:BetterNote","floor":19,"gold_loss":0,"cards_obtained":["Moonworks:CloudOfSeagulls"]}],"is_beta":false,"boss_relics":[{"not_picked":["StuffTheSpire:ModemDavis","relicPack:ShieldShield"],"picked":"construct:WeddingRing"}],"items_purged_floors":[],"is_endless":false,"potions_floor_spawned":[3,8,16,20],"killed_by":"3 Cultists","ascension_level":0}}