{"host":"qqgw5gp46oujbhdl","time":1610761605,"event":{"mods":["Aspiration","BaseMod","BetterRewards","Downfall","Hermit","Infinite Spire","Minty Spire (QoL Compilation)","StSLib","The Death Knight","The Disciple","The Forsaken","The Hierophant","The Servant 0.9.4","The Spell Scribe","The Valiant","TheBandit","TheFirefly","Wandering Minibosses"],"gold_per_floor":[99,111,411,427,75,93,120,154,171,271,281,281,281,292,306,409,409,409,509,521,533,533,548,548,548,559,578,503,503,428,444,462,559,559,559,571,571,571,587,635,662,662,662,662,662],"floor_reached":43,"language":"POL","playtime":4241,"items_purged":["Slimebound:Icky"],"score":507,"play_id":"62ef5f10-a333-427c-a013-9be00bb19207","local_time":"20210116024645","is_ascension_mode":false,"campfire_choices":[{"data":"champ:Taunt","floor":1,"key":"SMITH"},{"floor":13,"key":"REST"},{"data":"champ:MurderStrike","floor":18,"key":"SMITH"},{"floor":25,"key":"RECALL"},{"data":"champ:TornadoPunch","floor":28,"key":"SMITH"},{"data":"champ:RecklessLeap","floor":30,"key":"SMITH"},{"data":"champ:Improvising","floor":35,"key":"SMITH"}],"circlet_count":0,"master_deck":["champ:Strike","champ:Strike","champ:Strike","champ:Defend","champ:Defend+1","champ:Defend","champ:Defend","champ:Execute","champ:Taunt+1","champ:RecklessLeap","Slimebound:Icky","champ:Encircle","champ:Backstep","champ:GutPunch","champ:FightOn","champ:AdrenalArmor","champ:TornadoPunch+1","champ:RecklessLeap+1","champ:BringItOn","champ:MurderStrike+1","theScribe:MirrorImage+1","theScribe:Thunder","theForsaken:PlagueCurse","champ:BringItOn+1","champ:ArenaPreparation+1"],"relics":["champ:ChampionCrown","Matryoshka","theForsaken:Gavel","Pen Nib","Shuriken","Champion Belt","champ:LiftRelic","aspiration:ScribeSkillbook","Potion Belt","Juzu Bracelet","wanderingMiniBosses:OtherGremlinHorn","downfall:HeartBlessingRed","theForsaken:PlagueMask","downfall:HeartBlessingBlue","theForsaken:PaleLantern","champ:GladiatorsBookOfMartialProwess","Strawberry"],"acts_visited":["Exordium","TheCity","TheBeyond"],"potions_floor_usage":[10,15,16,16,19,20,21,23,26,26,26,26,26,33,33,40,43],"damage_taken":[{"damage":25,"enemies":"Jaw Worm","floor":2,"turns":5},{"damage":15,"enemies":"Small Slimes","floor":4,"turns":3},{"damage":20,"enemies":"downfall:FleeingMerchant","floor":5,"turns":4},{"damage":30,"enemies":"2 Louse","floor":6,"turns":5},{"damage":52,"enemies":"Gremlin Nob","floor":8,"turns":4},{"damage":20,"enemies":"Gremlin Gang","floor":9,"turns":4},{"damage":39,"enemies":"Gremlin Gang","floor":10,"turns":4},{"damage":2,"enemies":"3 Louse","floor":11,"turns":2},{"damage":31,"enemies":"Lots of Slimes","floor":14,"turns":4},{"damage":49,"enemies":"Blue Slaver","floor":15,"turns":5},{"damage":63,"enemies":"downfall:Ironclad","floor":16,"turns":6},{"damage":62,"enemies":"downfall:LadyInBlue","floor":19,"turns":6},{"damage":32,"enemies":"Spheric Guardian","floor":20,"turns":3},{"damage":5,"enemies":"Shelled Parasite and Fungi","floor":21,"turns":3},{"damage":45,"enemies":"3 Cultists","floor":23,"turns":4},{"damage":42,"enemies":"Snecko","floor":26,"turns":5},{"damage":16,"enemies":"Centurion and Healer","floor":27,"turns":4},{"damage":22,"enemies":"Snake Plant","floor":31,"turns":2},{"damage":20,"enemies":"3 Cultists","floor":32,"turns":3},{"damage":67,"enemies":"downfall:Watcher","floor":33,"turns":4},{"damage":34,"enemies":"3 Shapes","floor":36,"turns":2},{"damage":62,"enemies":"3 Darklings","floor":39,"turns":4},{"damage":65,"enemies":"2 Orb Walkers","floor":40,"turns":4},{"damage":35,"enemies":"Transient","floor":43,"turns":4}],"seed_played":"-4978762827234552216","potions_obtained":[{"floor":6,"key":"GamblersBrew"},{"floor":9,"key":"DeathKnight:RimePotion"},{"floor":10,"key":"SpeedPotion"},{"floor":11,"key":"champ:OpenerPotion"},{"floor":15,"key":"Fire Potion"},{"floor":19,"key":"Fruit Juice"},{"floor":19,"key":"EntropicBrew"},{"floor":19,"key":"Dexterity Potion"},{"floor":19,"key":"SpeedPotion"},{"floor":20,"key":"SpeedPotion"},{"floor":23,"key":"Dexterity Potion"},{"floor":31,"key":"DistilledChaos"},{"floor":39,"key":"hexamod:EctoCoolerPotion"}],"is_trial":false,"path_per_floor":["R","M","?","M","$","M","T","E","M","?","M","?","R","M","M","B",null,"R","?","M","M","?","M","T","R","M","M","R","?","R","M","M","B",null,"R","M","?","?","M","?","T","?","M"],"character_chosen":"THE_CHAMP","items_purchased":["Matryoshka"],"campfire_rested":1,"item_purchase_floors":[5],"current_hp_per_floor":[99,84,84,84,84,77,77,54,45,22,22,22,51,49,49,15,99,99,87,92,91,83,80,80,80,67,67,67,67,77,77,77,66,114,114,98,63,63,41,13,20,20,0,0,0],"gold":662,"neow_bonus":"TEN_PERCENT_HP_BONUS","is_daily":false,"chose_seed":false,"campfire_upgraded":5,"win_rate":0.0,"timestamp":1610761605,"path_taken":["R","M","?","M","$","M","T","E","M","?","M","?","R","M","M","BOSS","R","?","M","?","?","?","T","R","M","M","R","?","R","M","M","BOSS","R","M","?","?","M","?","T","?","M"],"items_purchased_type":["Relic"],"build_version":"2020-12-22","purchased_purges":1,"victory":false,"max_hp_per_floor":[99,99,99,99,99,99,99,99,99,99,99,99,99,99,99,99,99,99,99,104,104,104,104,104,104,104,104,104,104,114,114,114,114,114,114,114,114,114,114,114,121,121,121,121,121],"card_choices":[{"not_picked":["champ:CalledShot","champ:BladeFlurry"],"picked":"champ:RecklessLeap","floor":2},{"not_picked":["champ:FocusedGladiator","champ:ShieldWall"],"picked":"champ:Encircle","floor":4},{"not_picked":["champ:Shatter","champ:TornadoPunch"],"picked":"champ:Backstep","floor":5},{"not_picked":["champ:StanceDance","champ:ViciousMockery"],"picked":"champ:GutPunch","floor":6},{"not_picked":["champ:FalseCounter","champ:BladeFlurry"],"picked":"champ:FightOn","floor":8},{"not_picked":["champ:CalledShot","champ:EnGarde"],"picked":"champ:AdrenalArmor","floor":9},{"not_picked":["champ:AdrenalArmor","champ:GladiatorsShout"],"picked":"champ:TornadoPunch","floor":10},{"not_picked":["champ:DefensiveStyle","champ:Devastate"],"picked":"champ:RecklessLeap","floor":11},{"not_picked":["champ:GutPunch","champ:StanceDance"],"picked":"champ:BringItOn","floor":14},{"not_picked":["champ:TornadoPunch","champ:FaceSlap","champ:FocusedGladiator"],"picked":"SKIP","floor":15},{"not_picked":["champ:ShieldSlam","champ:Devastate"],"picked":"champ:MurderStrike","floor":16},{"not_picked":["champ:AdrenalArmor","theScribe:WeirdBlast","theScribe:ArcaneArcing"],"picked":"theScribe:MirrorImage+1","floor":19},{"not_picked":["champ:FlashCut+1","champ:Duel","champ:FocusedDefense"],"picked":"theScribe:Thunder","floor":20},{"not_picked":["theScribe:MirrorImage","champ:EndlessRage","theScribe:GlaciesSpellstone","theScribe:FalseLife"],"picked":"SKIP","floor":21},{"not_picked":["theScribe:MirrorImage","theScribe:FocusingBlow","champ:FlashCut","champ:BringItOn"],"picked":"SKIP","floor":23},{"not_picked":["champ:GutPunch","theScribe:BlankScroll+1","theScribe:SacrificeRitual","champ:Haymaker"],"picked":"SKIP","floor":26},{"not_picked":["champ:ShieldWall","champ:StanceDance","champ:GutPunch","theScribe:Frost"],"picked":"SKIP","floor":27},{"not_picked":["theScribe:BluntWeapons","champ:FlashCut+1","champ:CrownThrow"],"picked":"champ:BringItOn+1","floor":31},{"not_picked":["champ:GutPunch","theScribe:ArcaneArcing","theScribe:AmplifyingSpellstone","theScribe:Conflagrate"],"picked":"SKIP","floor":32},{"not_picked":["champ:LastStand","theScribe:Ghost_Realm","theScribe:GlacialGuard"],"picked":"champ:Improvising","floor":33},{"not_picked":["theScribe:TelumSpellstone+1","theScribe:Thunder+1","theScribe:LightningBolt+1"],"picked":"champ:ArenaPreparation+1","floor":36},{"not_picked":["theScribe:Divination+1","champ:AdrenalArmor+1","theScribe:WeirdToxin","theScribe:Insight+1"],"picked":"SKIP","floor":39}],"player_experience":350536,"relics_obtained":[{"floor":7,"key":"theForsaken:Gavel"},{"floor":7,"key":"Pen Nib"},{"floor":8,"key":"Shuriken"},{"floor":10,"key":"Champion Belt"},{"floor":19,"key":"Potion Belt"},{"floor":24,"key":"Juzu Bracelet"},{"floor":26,"key":"wanderingMiniBosses:OtherGremlinHorn"},{"floor":40,"key":"champ:GladiatorsBookOfMartialProwess"},{"floor":41,"key":"Strawberry"}],"event_choices":[{"damage_healed":0,"gold_gain":0,"player_choice":"Obtain Plague Curse","damage_taken":0,"max_hp_gain":0,"max_hp_loss":0,"event_name":"Plague Doctor","floor":29,"gold_loss":0,"cards_obtained":["theForsaken:PlagueCurse"]},{"damage_healed":0,"gold_gain":0,"player_choice":"Fight","damage_taken":0,"max_hp_gain":0,"max_hp_loss":0,"event_name":"Mysterious Sphere","floor":40,"gold_loss":0},{"cards_removed":["champ:Improvising"],"damage_healed":0,"gold_gain":0,"player_choice":"Removed Power","damage_taken":0,"max_hp_gain":0,"max_hp_loss":0,"event_name":"Falling","floor":42,"gold_loss":0}],"is_beta":false,"boss_relics":[{"not_picked":["Coffee Dripper","Pandora\u0027s Box"],"picked":"aspiration:ScribeSkillbook"},{"not_picked":["infinitespire:Cupcake","Tiny House"],"picked":"theForsaken:PaleLantern"}],"items_purged_floors":[5],"is_endless":false,"potions_floor_spawned":[6,9,10,11,15,19,20,23,31,39],"killed_by":"Transient","ascension_level":0}}