{"host":"y1oqg7uy0jc6f5mb","time":1610801470,"event":{"mods":["BaseMod","Block Reminder","Colored Map","Colored Powertips","Custom Start","DeckTracker","Highlight Path","Minty Spire (QoL Compilation)","Permanent Neow","Quick Restart","Relic Sorter","Relic Stats","StSLib"],"gold_per_floor":[111,61,79,91,105,105,131,131,199,199,199,211,246,265,265,360,360,372,372,387,405,417,417,431,460,460,495,495,495,507,523,523,626,626,646,646,646,238,238,238,270,290,290,290,322,341,355,372,372,372],"floor_reached":51,"language":"ENG","playtime":5981,"items_purged":["Strike_R+1"],"score":846,"play_id":"6795263f-bf91-4fd0-ba75-c356ccc7ca9d","local_time":"20210116205110","is_ascension_mode":true,"campfire_choices":[{"data":"Disarm","floor":6.0,"key":"SMITH"},{"data":"True Grit","floor":8.0,"key":"SMITH"},{"data":"Heavy Blade","floor":11.0,"key":"SMITH"},{"data":"Bash","floor":15.0,"key":"SMITH"},{"floor":23.0,"key":"REST"},{"floor":28.0,"key":"REST"},{"floor":32.0,"key":"REST"},{"data":"Double Tap","floor":40.0,"key":"SMITH"},{"data":"Armaments","floor":44.0,"key":"SMITH"},{"data":"J.A.X.","floor":49.0,"key":"SMITH"}],"circlet_count":0,"master_deck":["Strike_R+1","Strike_R+1","Defend_R+1","Defend_R+1","Defend_R+1","Defend_R+1","Bash+1","Limit Break+1","Blood for Blood","Heavy Blade+1","Headbutt","Disarm+1","True Grit+1","Shrug It Off","Shrug It Off","Feed","Armaments+1","Bloodletting","J.A.X.+1","Heavy Blade+1","Sword Boomerang","Flex","Cleave","Sword Boomerang+1","Double Tap+1","Shockwave+1","Purity","Mind Blast","The Bomb","True Grit","Mind Blast","Carnage+1","Headbutt","Shrug It Off+1"],"relics":["Burning Blood","Pocketwatch","Shuriken","Toy Ornithopter","Mark of Pain","Pantograph","Vajra","Regal Pillow","Runic Pyramid","StoneCalendar","Bag of Marbles","InkBottle","FossilizedHelix"],"acts_visited":["Exordium","TheCity","TheBeyond"],"potions_floor_usage":[50],"damage_taken":[{"damage":6.0,"enemies":"2 Louse","floor":1.0,"turns":4.0},{"damage":10.0,"enemies":"Jaw Worm","floor":3.0,"turns":5.0},{"damage":1.0,"enemies":"Cultist","floor":4.0,"turns":4.0},{"damage":12.0,"enemies":"3 Louse","floor":5.0,"turns":4.0},{"damage":19.0,"enemies":"Lagavulin","floor":7.0,"turns":8.0},{"damage":2.0,"enemies":"Looter","floor":12.0,"turns":4.0},{"damage":13.0,"enemies":"3 Sentries","floor":13.0,"turns":9.0},{"damage":7.0,"enemies":"Blue Slaver","floor":14.0,"turns":5.0},{"damage":38.0,"enemies":"Slime Boss","floor":16.0,"turns":13.0},{"damage":10.0,"enemies":"Chosen","floor":18.0,"turns":7.0},{"damage":18.0,"enemies":"Spheric Guardian","floor":20.0,"turns":5.0},{"damage":34.0,"enemies":"Cultist and Chosen","floor":21.0,"turns":7.0},{"damage":22.0,"enemies":"Shelled Parasite and Fungi","floor":22.0,"turns":5.0},{"damage":12.0,"enemies":"Snake Plant","floor":24.0,"turns":5.0},{"damage":31.0,"enemies":"Slavers","floor":25.0,"turns":6.0},{"damage":41.0,"enemies":"Gremlin Leader","floor":27.0,"turns":6.0},{"damage":15.0,"enemies":"Cultist and Chosen","floor":30.0,"turns":4.0},{"damage":12.0,"enemies":"Centurion and Healer","floor":31.0,"turns":4.0},{"damage":26.0,"enemies":"Champ","floor":33.0,"turns":7.0},{"damage":19.0,"enemies":"3 Shapes","floor":35.0,"turns":5.0},{"damage":17.0,"enemies":"Nemesis","floor":41.0,"turns":5.0},{"damage":4.0,"enemies":"3 Darklings","floor":42.0,"turns":3.0},{"damage":34.0,"enemies":"Giant Head","floor":45.0,"turns":8.0},{"damage":24.0,"enemies":"4 Shapes","floor":46.0,"turns":4.0},{"damage":0.0,"enemies":"Transient","floor":47.0,"turns":5.0},{"damage":31.0,"enemies":"Maw","floor":48.0,"turns":6.0},{"damage":34,"enemies":"Awakened One","floor":50,"turns":9}],"seed_played":"3884478860043982240","potions_obtained":[{"floor":3.0,"key":"Dexterity Potion"},{"floor":4.0,"key":"EntropicBrew"},{"floor":7.0,"key":"ElixirPotion"},{"floor":16.0,"key":"PowerPotion"},{"floor":18.0,"key":"Regen Potion"},{"floor":22.0,"key":"FearPotion"},{"floor":27.0,"key":"SpeedPotion"},{"floor":41.0,"key":"Regen Potion"},{"floor":46.0,"key":"ColorlessPotion"}],"is_trial":false,"path_per_floor":["M","?","M","M","M","R","E","R","T","?","R","M","E","M","R","B",null,"M","?","M","M","M","R","M","E","T","E","R","?","M","M","R","B",null,"M","?","?","$","?","R","E","M","T","R","E","M","M","M","R","B",null],"character_chosen":"IRONCLAD","items_purchased":["StoneCalendar","True Grit"],"campfire_rested":3,"item_purchase_floors":[38,38],"current_hp_per_floor":[80,80,76,80,74,74,61,61,61,61,61,65,58,57,57,30,80,76,76,64,40,46,72,66,46,46,14,56,56,47,41,83,75,90,80,70,70,70,70,70,64,66,66,66,58,40,46,71,71,70],"gold":372,"neow_bonus":"TRANSFORM_TWO_CARDS","is_daily":false,"chose_seed":false,"campfire_upgraded":7,"win_rate":0.0,"timestamp":1610801470,"path_taken":["M","?","M","M","M","R","E","R","T","?","R","M","E","M","R","BOSS","M","?","M","M","M","R","M","E","T","E","R","?","M","M","R","BOSS","M","?","?","$","?","R","E","M","T","R","E","M","?","M","R","BOSS"],"items_purchased_type":["Relic","Card"],"build_version":"2020-12-22","purchased_purges":1,"victory":true,"max_hp_per_floor":[80,80,80,80,80,80,80,80,80,80,80,80,80,80,80,80,80,80,80,80,84,87,87,87,87,87,90,90,90,90,90,90,90,90,93,93,93,93,93,93,93,93,93,93,93,93,93,93,93,93],"relic_stats":{"Regal Pillow":30,"counters":[27,157],"Shuriken":[14],"Pantograph":29,"StoneCalendar":[63],"obtain_stats":[{"Regal Pillow":27,"Vajra":26,"StoneCalendar":38,"Burning Blood":0,"Shuriken":9,"MutagenicStrength":19,"Pantograph":25,"Mark of Pain":17,"Bag of Marbles":41,"Toy Ornithopter":13,"InkBottle":43,"FossilizedHelix":45,"Pocketwatch":7,"Runic Pyramid":34},{"Regal Pillow":16,"Vajra":15,"StoneCalendar":20,"Burning Blood":0,"Shuriken":5,"MutagenicStrength":10,"Pantograph":15,"Mark of Pain":9,"Bag of Marbles":21,"Toy Ornithopter":7,"InkBottle":22,"FossilizedHelix":23,"Pocketwatch":5,"Runic Pyramid":19},{"Regal Pillow":97,"Vajra":91,"StoneCalendar":117,"Burning Blood":0,"Shuriken":25,"MutagenicStrength":63,"Pantograph":91,"Mark of Pain":56,"Bag of Marbles":122,"Toy Ornithopter":38,"InkBottle":125,"FossilizedHelix":133,"Pocketwatch":25,"Runic Pyramid":112}],"Burning Blood":161,"Toy Ornithopter":35,"InkBottle":[12],"Pocketwatch":[158]},"card_choices":[{"not_picked":["Power Through","Twin Strike"],"picked":"Heavy Blade","floor":1.0},{"not_picked":["Wild Strike","Dual Wield"],"picked":"Headbutt","floor":3.0},{"not_picked":["Body Slam","Anger"],"picked":"Disarm","floor":4.0},{"not_picked":["Twin Strike","Thunderclap"],"picked":"True Grit","floor":5.0},{"not_picked":["Carnage","Ghostly Armor"],"picked":"Shrug It Off","floor":7.0},{"not_picked":["Clash","Body Slam","Heavy Blade"],"picked":"SKIP","floor":12.0},{"not_picked":["Corruption","Intimidate"],"picked":"Shrug It Off","floor":13.0},{"not_picked":["Dual Wield","Anger","Hemokinesis"],"picked":"SKIP","floor":14.0},{"not_picked":["Barricade","Brutality"],"picked":"Feed","floor":16.0},{"not_picked":["Sword Boomerang","Wild Strike"],"picked":"Armaments","floor":18.0},{"not_picked":["Reckless Charge","Sword Boomerang"],"picked":"Bloodletting","floor":20.0},{"not_picked":["Clash","Body Slam+1"],"picked":"Heavy Blade+1","floor":21.0},{"not_picked":["Metallicize","Sword Boomerang"],"picked":"Seeing Red","floor":22.0},{"not_picked":["Heavy Blade","Uppercut"],"picked":"Flex","floor":24.0},{"not_picked":["Anger","Power Through+1","Evolve"],"picked":"SKIP","floor":25.0},{"not_picked":["Corruption","True Grit+1"],"picked":"Cleave","floor":27.0},{"not_picked":["Flex","Shrug It Off+1","Warcry"],"picked":"SKIP","floor":30.0},{"not_picked":["Cleave","Burning Pact"],"picked":"Sword Boomerang+1","floor":31.0},{"not_picked":["Offering","Juggernaut"],"picked":"Double Tap","floor":33.0},{"not_picked":["Hemokinesis+1","Dark Embrace"],"picked":"Shockwave+1","floor":35.0},{"not_picked":["HandOfGreed","Metamorphosis"],"picked":"Purity","floor":36.0},{"not_picked":["Finesse","The Bomb"],"picked":"Mind Blast","floor":36.0},{"not_picked":["Forethought","Dark Shackles"],"picked":"The Bomb","floor":36.0},{"not_picked":["True Grit","Rampage"],"picked":"Carnage+1","floor":41.0},{"not_picked":["Clothesline","Burning Pact"],"picked":"Headbutt","floor":42.0},{"not_picked":["Warcry","Armaments"],"picked":"Shrug It Off+1","floor":45.0},{"not_picked":["Warcry","Twin Strike","Armaments"],"picked":"SKIP","floor":46.0},{"not_picked":["Second Wind","Wild Strike","Body Slam+1"],"picked":"SKIP","floor":47.0},{"not_picked":["Heavy Blade","Shrug It Off","Perfected Strike"],"picked":"SKIP","floor":48.0}],"player_experience":19233,"relics_obtained":[{"floor":7.0,"key":"Pocketwatch"},{"floor":9.0,"key":"Shuriken"},{"floor":13.0,"key":"Toy Ornithopter"},{"floor":25.0,"key":"Pantograph"},{"floor":26.0,"key":"Vajra"},{"floor":27.0,"key":"Regal Pillow"},{"floor":41.0,"key":"Bag of Marbles"},{"floor":43.0,"key":"InkBottle"},{"floor":45.0,"key":"FossilizedHelix"}],"event_choices":[{"cards_removed":["Writhe"],"damage_healed":0.0,"max_hp_gain":0.0,"max_hp_loss":0.0,"gold_gain":0.0,"event_name":"The Cleric","player_choice":"Card Removal","floor":2.0,"gold_loss":50.0,"damage_taken":0.0},{"damage_healed":0.0,"max_hp_gain":0.0,"max_hp_loss":0.0,"gold_gain":0.0,"event_name":"Upgrade Shrine","player_choice":"Upgraded","floor":10.0,"gold_loss":0.0,"damage_taken":0.0,"cards_upgraded":["Limit Break"]},{"damage_healed":0.0,"max_hp_gain":0.0,"max_hp_loss":0.0,"gold_gain":0.0,"event_name":"Drug Dealer","player_choice":"Inject Mutagens","floor":19.0,"gold_loss":0.0,"damage_taken":0.0,"relics_obtained":["MutagenicStrength"]},{"damage_healed":0.0,"max_hp_gain":0.0,"max_hp_loss":0.0,"gold_gain":0.0,"event_name":"Back to Basics","player_choice":"Simplicity","floor":29.0,"gold_loss":0.0,"damage_taken":0.0,"cards_upgraded":["Strike_R","Strike_R","Strike_R","Defend_R","Defend_R","Defend_R","Defend_R"]},{"damage_healed":0.0,"max_hp_gain":0.0,"max_hp_loss":0.0,"gold_gain":0.0,"event_name":"SensoryStone","player_choice":"Memory 3","floor":36.0,"gold_loss":0.0,"damage_taken":10.0},{"damage_healed":0.0,"max_hp_gain":0.0,"max_hp_loss":0.0,"gold_gain":0.0,"event_name":"Tomb of Lord Red Mask","player_choice":"Ignored","floor":37.0,"gold_loss":0.0,"damage_taken":0.0},{"damage_healed":0.0,"max_hp_gain":0.0,"max_hp_loss":0.0,"gold_gain":0.0,"event_name":"Duplicator","player_choice":"Copied","floor":39.0,"gold_loss":0.0,"damage_taken":0.0,"cards_obtained":["Mind Blast"]}],"is_beta":false,"boss_relics":[{"not_picked":["Runic Dome","SacredBark"],"picked":"Mark of Pain"},{"not_picked":["Coffee Dripper","Tiny House"],"picked":"Runic Pyramid"}],"items_purged_floors":[38],"is_endless":false,"potions_floor_spawned":[3,4,7,16,18,22,24,27,30,41,46],"ascension_level":3}}