{"host":"drrjwv4o5ms3zsrm","time":1610771364,"event":{"mods":["100% Spire Juice","ATMod(°¢èªMod)","Act Like it!","Aspiration","BaseMod","CapriCore","Colored Powertips","Conspire","Friendly Minions","Gensokyo","Jedi Mod","Lobotomy","LobotomyExtend","Marisa£¨ìFÓê¡¡Ä§ÀíÉ³£©","Minty Spire (QoL Compilation)","MostiFishMod","Reimu£¨²©ÀöÁéÃÎ£©","Replay The Spire","RumiaBox-Â¶Ã×æ«µÄÉñÃØºÐ×Ó","StSLib","TestMod","The Alterego","The Gatherer","The Immortal","The Jungle","Waifu the Spire","WarShipGirlsR/Õ½½¢ÉÙÅ®R mod","[IsaacMod]ÒÔÈö¼âËþ","vexMod","¡¾ÒÅÎï¿¨ÅÆ¡¿REMEMod","óô»ðÖ¸ÄÏ"],"gold_per_floor":[819,925,785,799,819,847,847,858,883,931,931,207,233,249,249,321,321,331,331,347,556,568,597,622,651,724,754,2,28,28,41,41,113,113,125,125,125,142,142,42,71,87,109,180,180,222,222],"floor_reached":46,"language":"ZHS","playtime":1955,"items_purged":["Strike_Lin:ReiMu+1","Strike_Lin:ReiMu+1","Defend_Lin:ReiMu+1"],"score":1440,"play_id":"59ccab70-c40f-4046-b60f-b6686867f7c9","local_time":"20210116122924","is_ascension_mode":true,"campfire_choices":[{"data":"AT_FamilyPortrait","floor":7,"key":"SMITH"},{"floor":15,"key":"REST"},{"floor":32,"key":"RECALL"}],"circlet_count":0,"master_deck":["AscendersBane","Defend_Lin:ReiMu+1","Defend_Lin:ReiMu+1","Defend_Lin:ReiMu+1","NB:ReiMu+1","Stagnation:ReiMu+1","AT_FamilyPortrait+1","CleanRite:ReiMu+1","DoubleButterfly:ReiMu+1","EmergencyTakeOff:ReiMu+1","Revelation:ReiMu+1","EmergencyTakeOff:ReiMu+1","FantasyMoon:ReiMu+1","Gensokyo:LockedMedkit","Gensokyo:SummonFieryMouse","KamiRite:ReiMu+1","BlastKick2:ReiMu+1","AT_EmpoweredMortalDraw+1","RainPray2:ReiMu+1","Gensokyo:SummonPsychicCat","SubAcupoint:ReiMu+1","Revelation:ReiMu+1","Revelation:ReiMu+1","BlastKick2:ReiMu+1","SpreadBorder2:ReiMu+1","RainPray2:ReiMu+1","RainPray2:ReiMu+1","Revelation:ReiMu+1","SubAcupoint:ReiMu+1","OctopathBindingBorder2:ReiMu+1","YinYang:ReiMu+1","AT_TearsDenial+1","SubAcupoint:ReiMu+1","EmergencyTakeOff:ReiMu+1","YinYang:ReiMu+1","SealNeedle:ReiMu+1"],"relics":["FlyPower:ReiMu","testmod-TestBox","DaveBox","HushsDoor","AT_ATBox","REME_ComplimentaryCards","DSteel32","GuppysHead","testmod-TheFather","SynthV:TestCard","AT_ArcaneBoots","Du-Vu Doll","Toxic Egg 2","Regal Pillow","Replay:Wax Seal","testmod-Charity","TheAbacus","MetatronsCube","ImprovedEquipment","Gensokyo:Companionship","AT_MortalBlade","Potion Belt","TuHaoJin","Whetstone","Pantograph","BlankCard","testmod-RainbowHikingShoes","Juzu Bracelet","Sozu","Damocles","AT_BladeRuinedKing","Replay:Mystery Machine","Ring of Peace","ReplayTheSpireMod:Ring of Collecting","aspiration:Nostalgia","Moonworks:BrokenBomb","jedi:shrinkray","Strawberry","ReplayTheSpireMod:Ring of Challenge","Smiling Mask","conspire:TopHat","testmod-Fortitude","Gensokyo:DualWield"],"acts_visited":["Gensokyo:Gensokyo","Gensokyo:Gensokyoer","Gensokyo:Gensokyoest"],"potions_floor_usage":[6,6],"damage_taken":[{"damage":3,"enemies":"Gensokyo:Gryphon","floor":1,"turns":3},{"damage":0,"enemies":"Gensokyo:2_Kodama","floor":4,"turns":4},{"damage":0,"enemies":"Gensokyo:3_Fairies","floor":5,"turns":4},{"damage":12,"enemies":"Gensokyo:Aya","floor":6,"turns":3},{"damage":2,"enemies":"Gensokyo:Kitsune","floor":8,"turns":4},{"damage":14,"enemies":"Gensokyo:Cirno","floor":10,"turns":6},{"damage":0,"enemies":"Gensokyo:Mamizou","floor":13,"turns":4},{"damage":0,"enemies":"Gensokyo:VengefulSpirit","floor":14,"turns":2},{"damage":1,"enemies":"Gensokyo:Kokoro","floor":16,"turns":6},{"damage":0,"enemies":"Gensokyo:3_Dogs","floor":18,"turns":1},{"damage":0,"enemies":"Gensokyo:2_Gloops","floor":20,"turns":2},{"damage":0,"enemies":"Gensokyo:Swordslinger","floor":21,"turns":3},{"damage":0,"enemies":"Gensokyo:Slime_Group","floor":22,"turns":3},{"damage":0,"enemies":"Gensokyo:Koishi","floor":23,"turns":5},{"damage":0,"enemies":"Gensokyo:Tenshi","floor":25,"turns":3},{"damage":0,"enemies":"Gensokyo:Koishi","floor":27,"turns":3},{"damage":0,"enemies":"conspire:MimicChest","floor":29,"turns":3},{"damage":0,"enemies":"Gensokyo:Monolith_and_Dog","floor":31,"turns":1},{"damage":0,"enemies":"Gensokyo:Eternal_Rivals","floor":33,"turns":4},{"damage":0,"enemies":"Gensokyo:3_Boulders","floor":35,"turns":1},{"damage":0,"enemies":"Gensokyo:3_Bats","floor":38,"turns":1},{"damage":0,"enemies":"Gensokyo:Doremy","floor":41,"turns":2},{"damage":0,"enemies":"Gensokyo:Rafflesia","floor":42,"turns":2},{"damage":0,"enemies":"Gensokyo:Kasen","floor":44,"turns":2},{"damage":0,"enemies":"Gensokyo:Doremy","floor":46,"turns":1}],"seed_played":"-1551133138835941726","potions_obtained":[{"floor":1,"key":"Death Potion"},{"floor":4,"key":"Regen Potion"},{"floor":10,"key":"Swift Potion"},{"floor":13,"key":"Languid Potion"},{"floor":20,"key":"AttackPotion"},{"floor":27,"key":"jedi:tentaclejuice"},{"floor":31,"key":"BlessingOfTheForge"},{"floor":33,"key":"EssenceOfSteel"}],"is_trial":false,"path_per_floor":["M","?","?","M","M","E","R","M","T","E","?","COS","E","M","R","B",null,"M","?","M","M","M","E","T","E","T","E","R","?","$","M","R","B",null,"M","?","?","M","?","R","E","M","T","E","?","E"],"character_chosen":"REIMU","items_purchased":["testmod-RainbowHikingShoes","RainPray2:ReiMu+1","Revelation:ReiMu+1","SubAcupoint:ReiMu","OctopathBindingBorder2:ReiMu","Juzu Bracelet","Damocles","AT_TearsDenial+1"],"campfire_rested":1,"item_purchase_floors":[28,28,28,28,28,28,34,34],"current_hp_per_floor":[51,36,36,36,36,33,33,31,31,17,17,17,20,21,55,56,64,65,65,67,71,76,68,69,71,72,78,78,82,82,86,86,108,88,91,91,91,92,92,92,98,106,107,126,126,0,0],"gold":222,"neow_bonus":"HUNDRED_GOLD","is_daily":false,"chose_seed":false,"campfire_upgraded":1,"win_rate":0.0,"timestamp":1610771364,"path_taken":["M","?","?","M","M","E","R","M","T","E","?","COS","E","M","R","BOSS","M","?","M","?","M","E","?","E","T","E","R","?","?","M","R","BOSS","M","?","?","M","?","R","E","M","T","E","?","E"],"items_purchased_type":["Relic","Card","Card","Card","Card","Relic","Relic","Card"],"build_version":"2020-12-22","purchased_purges":3,"victory":false,"max_hp_per_floor":[60,60,60,60,60,60,60,60,60,60,60,60,63,64,64,66,66,67,67,69,73,78,82,83,85,86,89,89,93,93,94,94,108,88,91,91,91,92,92,92,98,106,107,126,126,129,129],"card_choices":[{"not_picked":["InherentArray:ReiMu","Gathering:ReiMu","TightArray:ReiMu"],"picked":"SKIP","floor":1},{"not_picked":["SpringWay:ReiMu","OrbThrow:ReiMu","Dreaming2:ReiMu","LovePray:ReiMu"],"picked":"CleanRite:ReiMu","floor":2},{"not_picked":["YinYangSange:ReiMu","YinYangSign:ReiMu","Crusade:ReiMu","PhosphorusFlame:ReiMu"],"picked":"DoubleButterfly:ReiMu","floor":2},{"not_picked":["TightArray:ReiMu","ShadowOfCrow2:ReiMu","WonderfulDomain:ReiMu","FantasyBorder:ReiMu","SafetyPray:ReiMu"],"picked":"SKIP","floor":4},{"not_picked":["SpringWay:ReiMu","AirManeuver:ReiMu","AlertArray:ReiMu","Conquer:ReiMu"],"picked":"EmergencyTakeOff:ReiMu","floor":5},{"not_picked":["Enchanting:ReiMu+1","YinYangSange:ReiMu","MountainWay:ReiMu+1","FineLineFantasy:ReiMu"],"picked":"Revelation:ReiMu+1","floor":6},{"not_picked":["SpringWay:ReiMu+1","WonderfulDomain:ReiMu+1","Enchanting:ReiMu+1","MikOfLucky:ReiMu"],"picked":"EmergencyTakeOff:ReiMu+1","floor":8},{"not_picked":["SpreadBorder2:ReiMu+1","AlertArray:ReiMu+1","SpiritualOutbreak2:ReiMu","FantasyBorder:ReiMu+1"],"picked":"FantasyMoon:ReiMu+1","floor":10},{"not_picked":["Determination:ReiMu","Intuition:ReiMu+1","Enchanting:ReiMu+1","ShadowOfCrow2:ReiMu+1"],"picked":"RainPray2:ReiMu+1","floor":13},{"not_picked":["PrepareRite:ReiMu+1","CareerPray:ReiMu+1","FantasyBorder:ReiMu+1","Conquer:ReiMu","AlertArray:ReiMu+1"],"picked":"SKIP","floor":14},{"not_picked":["RunawayExorcism:ReiMu","HakureiPhantom:ReiMu","Dreaming:ReiMu","CleanRite:ReiMu"],"picked":"KamiRite:ReiMu","floor":16},{"not_picked":["CardOfSanctity:ReiMu+1","SubcavityFantasy:ReiMu+1","RunawayExorcism:ReiMu+1","Dreaming:ReiMu"],"picked":"BlastKick2:ReiMu","floor":16},{"not_picked":["SubcavityInstant:ReiMu+1","MikOfLucky:ReiMu","Amulet:ReiMu+1","SpreadBorder2:ReiMu+1"],"picked":"RainPray2:ReiMu+1","floor":18},{"not_picked":["WonderfulDomain:ReiMu+1","SubcavityInstant:ReiMu+1","EmergencyTakeOff:ReiMu+1","Free:ReiMu+1"],"picked":"SubAcupoint:ReiMu","floor":20},{"not_picked":["AirStrike:ReiMu+1","CareerPray:ReiMu+1","Amulet:ReiMu+1","Conquer:ReiMu"],"picked":"Revelation:ReiMu+1","floor":21},{"not_picked":["OrbThrow:ReiMu","SpiritualOutbreak2:ReiMu","ForcedLanding:ReiMu","KamiSacrifice:ReiMu+1"],"picked":"Revelation:ReiMu+1","floor":22},{"not_picked":["InherentArray:ReiMu","NineCharacters:ReiMu","CareerPray:ReiMu+1","AirStrike:ReiMu"],"picked":"BlastKick2:ReiMu","floor":23},{"not_picked":["NineCharacters:ReiMu","ForcedLanding:ReiMu","AlertArray:ReiMu+1","SpringWay:ReiMu+1"],"picked":"SpreadBorder2:ReiMu+1","floor":25},{"not_picked":["LovePray:ReiMu+1","Dreaming2:ReiMu","YinYangSange:ReiMu","ShadowOfCrow2:ReiMu+1"],"picked":"RainPray2:ReiMu+1","floor":27},{"not_picked":["Gathering:ReiMu","Enchanting:ReiMu+1","Meditation:ReiMu+1","Intuition:ReiMu+1","Crusade:ReiMu"],"picked":"SKIP","floor":31},{"not_picked":["Determination:ReiMu","PrayRite:ReiMu+1","BlastKick2:ReiMu","CardOfSanctity:ReiMu+1"],"picked":"YinYang:ReiMu","floor":33},{"not_picked":["Amulet:ReiMu+1","Intuition:ReiMu+1","WonderfulDomain:ReiMu+1","AirManeuver:ReiMu+1"],"picked":"SubAcupoint:ReiMu","floor":35},{"not_picked":["SpreadBorder2:ReiMu+1","TightArray:ReiMu+1","Amulet:ReiMu+1","OrbThrow:ReiMu"],"picked":"EmergencyTakeOff:ReiMu+1","floor":38},{"not_picked":["TightArray:ReiMu","SubAcupoint:ReiMu","CardOfSanctity:ReiMu+1","LovePray:ReiMu+1"],"picked":"YinYang:ReiMu","floor":41},{"not_picked":["Crusade:ReiMu","Dreaming2:ReiMu","ForcedLanding:ReiMu","PayForSelf:ReiMu"],"picked":"SealNeedle:ReiMu","floor":42},{"not_picked":["ForcedLanding:ReiMu","ManaGlint:ReiMu+1","LearningPray:ReiMu+1","Intuition:ReiMu+1","OrbThrow:ReiMu"],"picked":"SKIP","floor":44}],"player_experience":412131,"relics_obtained":[{"floor":1,"key":"SynthV:TestCard"},{"floor":2,"key":"AT_SpeedBoots"},{"floor":6,"key":"Toxic Egg 2"},{"floor":9,"key":"Regal Pillow"},{"floor":10,"key":"Replay:Wax Seal"},{"floor":13,"key":"ImprovedEquipment"},{"floor":23,"key":"Potion Belt"},{"floor":24,"key":"TuHaoJin"},{"floor":25,"key":"Whetstone"},{"floor":26,"key":"Pantograph"},{"floor":27,"key":"BlankCard"},{"floor":35,"key":"AT_BladeRuinedKing"},{"floor":38,"key":"Replay:Mystery Machine"},{"floor":39,"key":"Ring of Peace"},{"floor":39,"key":"ReplayTheSpireMod:Ring of Collecting"},{"floor":41,"key":"aspiration:Nostalgia"},{"floor":41,"key":"jedi:shrinkray"},{"floor":42,"key":"Strawberry"},{"floor":43,"key":"ReplayTheSpireMod:Ring of Challenge"},{"floor":43,"key":"Smiling Mask"},{"floor":44,"key":"conspire:TopHat"},{"floor":44,"key":"testmod-Fortitude"}],"event_choices":[],"is_beta":false,"boss_relics":[{"not_picked":["Ectoplasm","REME_DuelDisc"],"picked":"AT_MortalBlade"},{"not_picked":[]},{"not_picked":["Replay:Ancient Bell","testmod-StringDisintegrator"],"picked":"Sozu"},{"not_picked":[]}],"items_purged_floors":[28,34,40],"is_endless":false,"potions_floor_spawned":[1,4,10,13,16,20,22,27,31,33,35,38,44],"killed_by":"Gensokyo:Doremy","ascension_level":14}}