{"host":"tx4sgohd7xgbb6c4","time":1610807588,"event":{"mods":["Always Whale","BaseMod","Minty Spire (QoL Compilation)","Permanent Neow","Quick Restart","SuperFastMode"],"gold_per_floor":[1117,204,204,646,658,658,686,686,686,710,727,756,9,38,38,139,139,154,154,172,187,438,452,452,462,488,940,966,966,966,996,996,1099,1099,1115,1128,1140,1151,1166,1166,442,468,468,356,390,404,436,0,0,0],"floor_reached":51,"language":"KOR","playtime":1692,"items_purged":["Strike_R","Defend_R","Strike_R","Defend_R","Strike_R","Strike_R+1","Defend_R+1"],"score":1475,"play_id":"4561e213-8e6a-4421-865f-e764fff38970","local_time":"20210116093308","is_ascension_mode":true,"campfire_choices":[{"data":"Apotheosis","floor":6.0,"key":"SMITH"},{"data":"Seeing Red","floor":8.0,"key":"SMITH"},{"data":"1","floor":15.0,"key":"LIFT"},{"data":"2","floor":24.0,"key":"LIFT"},{"data":"3","floor":30,"key":"LIFT"},{"data":"Whirlwind","floor":32,"key":"SMITH"},{"data":"Inflame","floor":40,"key":"SMITH"},{"floor":49,"key":"REST"}],"circlet_count":0,"master_deck":["Bash+1","Impervious+1","Shrug It Off","Pommel Strike","Apotheosis+1","Seeing Red+1","Offering","Feed","Inflame","Feed","Intimidate","Whirlwind+1","Spot Weakness","Flex","Inflame+1","Reaper","Seeing Red+1","Warcry+1","Dropkick","Burning Pact","Barricade","Impervious","Seeing Red+1","Demon Form"],"relics":["Burning Blood","Bird Faced Urn","OrangePellets","Whetstone","Pantograph","Oddly Smooth Stone","Red Skull","Matryoshka","Odd Mushroom","Girya","War Paint","Darkstone Periapt","Paper Frog","Sozu","Enchiridion","Incense Burner","Nunchaku","Chemical X","Potion Belt","PreservedInsect","Anchor","TheAbacus","Boot","Ancient Tea Set","Empty Cage","Blood Vial","MealTicket","Lee\u0027s Waffle","Thread and Needle","Bronze Scales","Lizard Tail","Gambling Chip","Happy Flower","ClockworkSouvenir","Toy Ornithopter","Juzu Bracelet","Red Mask"],"acts_visited":["Exordium","TheCity","TheBeyond"],"potions_floor_usage":[],"damage_taken":[{"damage":9.0,"enemies":"Jaw Worm","floor":1.0,"turns":4.0},{"damage":4.0,"enemies":"Small Slimes","floor":5.0,"turns":4.0},{"damage":46.0,"enemies":"3 Sentries","floor":7.0,"turns":12.0},{"damage":3.0,"enemies":"The Mushroom Lair","floor":10.0,"turns":4.0},{"damage":6.0,"enemies":"Cultist","floor":11.0,"turns":1.0},{"damage":14.0,"enemies":"Lagavulin","floor":12.0,"turns":3.0},{"damage":17.0,"enemies":"3 Sentries","floor":14.0,"turns":8.0},{"damage":15.0,"enemies":"Hexaghost","floor":16.0,"turns":5.0},{"damage":6.0,"enemies":"Spheric Guardian","floor":18.0,"turns":3.0},{"damage":18.0,"enemies":"3 Byrds","floor":20.0,"turns":6.0},{"damage":24.0,"enemies":"Shelled Parasite and Fungi","floor":21.0,"turns":7.0},{"damage":6.0,"enemies":"Centurion and Healer","floor":23.0,"turns":1.0},{"damage":15.0,"enemies":"Snake Plant","floor":25.0,"turns":6.0},{"damage":0.0,"enemies":"Slavers","floor":28.0,"turns":1.0},{"damage":6,"enemies":"Gremlin Leader","floor":31,"turns":3},{"damage":6,"enemies":"Collector","floor":33,"turns":4},{"damage":0,"enemies":"Orb Walker","floor":35,"turns":1},{"damage":18,"enemies":"3 Shapes","floor":36,"turns":1},{"damage":9,"enemies":"Maw","floor":37,"turns":3},{"damage":7,"enemies":"Writhing Mass","floor":38,"turns":4},{"damage":12,"enemies":"Transient","floor":39,"turns":5},{"damage":0,"enemies":"Nemesis","floor":42,"turns":1},{"damage":6,"enemies":"Giant Head","floor":45,"turns":4},{"damage":6,"enemies":"3 Darklings","floor":46,"turns":2},{"damage":38,"enemies":"Nemesis","floor":47,"turns":5},{"damage":20,"enemies":"Awakened One","floor":50,"turns":6}],"seed_played":"-2760621659545247576","potions_obtained":[{"floor":11.0,"key":"Fire Potion"},{"floor":12.0,"key":"Energy Potion"},{"floor":16.0,"key":"DistilledChaos"}],"is_trial":false,"path_per_floor":["M","$","?","$","M","R","E","R","T","?","M","E","$","E","R","B",null,"M","?","M","M","$","M","R","M","T","$","E","?","R","E","R","B",null,"M","M","M","M","M","R","$","E","T","$","E","M","E","?","R","B",null],"character_chosen":"IRONCLAD","items_purchased":["Bird Faced Urn","OrangePellets","Whetstone","Pommel Strike","Apotheosis","Pantograph","Oddly Smooth Stone","Energy Potion","Feed","War Paint","Darkstone Periapt","Fruit Juice","Strength Potion","Incense Burner","Nunchaku","Chemical X","Anchor","TheAbacus","Inflame","Blood Vial","MealTicket","Lee\u0027s Waffle","Burning Pact","Gambling Chip","Happy Flower","ClockworkSouvenir","Barricade","Impervious"],"campfire_rested":1,"item_purchase_floors":[2,2,2,2,2,4,4,4,13,13,13,13,13,22,22,22,27,27,27,41,41,41,41,44,44,44,44,44],"current_hp_per_floor":[69,69,74,74,76,76,36,36,36,39,39,31,36,29,29,47,76,82,66,62,55,55,57,57,56,56,56,64,64,64,68,68,97,105,107,95,107,107,105,105,114,114,114,114,118,118,94,94,122,110],"gold":0,"neow_bonus":"THREE_RARE_CARDS","is_daily":false,"chose_seed":false,"campfire_upgraded":4,"win_rate":0.0,"timestamp":1610807588,"path_taken":["M","$","?","$","M","R","E","R","T","?","M","E","?","E","R","BOSS","M","?","M","M","$","M","R","M","T","$","E","?","R","E","R","BOSS","M","M","M","?","M","R","$","E","T","$","E","M","E","?","R","BOSS"],"items_purchased_type":["Relic","Relic","Relic","Card","Card","Relic","Relic","Potion","Card","Relic","Relic","Potion","Potion","Relic","Relic","Relic","Relic","Relic","Card","Relic","Relic","Relic","Card","Relic","Relic","Relic","Card","Card"],"build_version":"2020-12-22","purchased_purges":7,"victory":true,"max_hp_per_floor":[72,72,77,77,77,77,77,77,77,77,77,77,82,86,86,86,86,90,90,96,103,103,103,103,107,107,107,107,107,107,107,107,107,107,107,107,107,107,107,107,114,114,114,114,118,118,122,122,122,122],"card_choices":[{"not_picked":["Double Tap","Offering"],"picked":"Impervious","floor":0.0},{"not_picked":["Heavy Blade","Sword Boomerang"],"picked":"Shrug It Off","floor":1.0},{"not_picked":["True Grit","Perfected Strike"],"picked":"Seeing Red","floor":5.0},{"not_picked":["Flex","Flame Barrier","Warcry"],"picked":"SKIP","floor":7.0},{"not_picked":["Clothesline","Wild Strike"],"picked":"Offering","floor":10.0},{"not_picked":["Twin Strike","Intimidate","Headbutt"],"picked":"SKIP","floor":11.0},{"not_picked":["Entrench","Headbutt","Pommel Strike"],"picked":"SKIP","floor":12.0},{"not_picked":["Clash","Pommel Strike"],"picked":"Inflame","floor":14.0},{"not_picked":["Impervious","Juggernaut"],"picked":"Feed","floor":16.0},{"not_picked":["Armaments+1","Iron Wave"],"picked":"Intimidate","floor":18.0},{"not_picked":["Twin Strike","Armaments"],"picked":"Whirlwind","floor":20.0},{"not_picked":["Sever Soul+1","Anger"],"picked":"Spot Weakness","floor":21.0},{"not_picked":["Dropkick","Headbutt"],"picked":"Flex","floor":23.0},{"not_picked":["Pommel Strike","Thunderclap","Clash"],"picked":"SKIP","floor":25.0},{"not_picked":["Headbutt","Fire Breathing","Bludgeon"],"picked":"SKIP","floor":28.0},{"not_picked":["Ghostly Armor","Heavy Blade","Uppercut"],"picked":"SKIP","floor":31},{"not_picked":["Sentinel+1","Metallicize","Thunderclap"],"picked":"SKIP","floor":35},{"not_picked":["Fire Breathing","Shrug It Off","Carnage+1"],"picked":"SKIP","floor":36},{"not_picked":["Warcry","Headbutt"],"picked":"Seeing Red+1","floor":37},{"not_picked":["Armaments+1","Uppercut"],"picked":"Warcry+1","floor":38},{"not_picked":["Cleave","Armaments+1"],"picked":"Dropkick","floor":39},{"not_picked":["Fiend Fire","Intimidate+1","Reckless Charge"],"picked":"SKIP","floor":42},{"not_picked":["True Grit","Clothesline+1"],"picked":"Seeing Red+1","floor":45},{"not_picked":["Perfected Strike","Entrench+1"],"picked":"Demon Form","floor":46},{"not_picked":["Wild Strike+1","Flex+1","Ghostly Armor+1"],"picked":"SKIP","floor":47}],"player_experience":95379,"relics_obtained":[{"floor":7.0,"key":"Red Skull"},{"floor":9.0,"key":"Matryoshka"},{"floor":10.0,"key":"Odd Mushroom"},{"floor":12.0,"key":"Girya"},{"floor":14.0,"key":"Paper Frog"},{"floor":19.0,"key":"Enchiridion"},{"floor":26.0,"key":"Potion Belt"},{"floor":26.0,"key":"PreservedInsect"},{"floor":28.0,"key":"Boot"},{"floor":31,"key":"Ancient Tea Set"},{"floor":42,"key":"Thread and Needle"},{"floor":43,"key":"Bronze Scales"},{"floor":43,"key":"Lizard Tail"},{"floor":45,"key":"Toy Ornithopter"},{"floor":47,"key":"Juzu Bracelet"}],"event_choices":[{"damage_healed":0.0,"max_hp_gain":5.0,"max_hp_loss":0.0,"gold_gain":0.0,"event_name":"Big Fish","player_choice":"Donut","floor":3.0,"gold_loss":0.0,"damage_taken":0.0},{"damage_healed":0.0,"max_hp_gain":0.0,"max_hp_loss":0.0,"gold_gain":0.0,"event_name":"Mushrooms","player_choice":"Fought Mushrooms","floor":10.0,"gold_loss":0.0,"damage_taken":0.0},{"damage_healed":0.0,"max_hp_gain":0.0,"max_hp_loss":0.0,"gold_gain":0.0,"event_name":"Cursed Tome","player_choice":"Obtained Book","floor":19.0,"gold_loss":0.0,"damage_taken":16.0},{"damage_healed":0,"gold_gain":0,"player_choice":"1 cards matched","damage_taken":0,"max_hp_gain":0,"max_hp_loss":0,"event_name":"Match and Keep!","floor":29,"gold_loss":0,"cards_obtained":["Reaper"]},{"damage_healed":0,"gold_gain":0,"player_choice":"Paid","damage_taken":0,"relics_obtained":["Red Mask"],"max_hp_gain":0,"max_hp_loss":0,"event_name":"Tomb of Lord Red Mask","floor":48,"gold_loss":436}],"is_beta":false,"boss_relics":[{"not_picked":["Busted Crown","Snecko Eye"],"picked":"Sozu"},{"not_picked":["Calling Bell","Coffee Dripper"],"picked":"Empty Cage"}],"items_purged_floors":[2,4,13,22,27,41,44],"is_endless":false,"potions_floor_spawned":[11,12,14,16,18,25,28,38,39,42,45,46],"ascension_level":8}}