{"host":"5p9hybygolzp0efr","time":1610805075,"event":{"mods":["AchievementEnabler","BaseMod","Bestiary","Colored Map","Minty Spire (QoL Compilation)","Permanent Neow","Relic Stats"],"gold_per_floor":[117,117,135,145,44,72,72,101,101,119,134,134,134,134,134,237,237,253,253,168,179,35,66,66,66,93,93,118,134,134,153,153,153,153],"floor_reached":33,"language":"ENG","playtime":1656,"items_purged":[],"score":377,"play_id":"ca7e6439-a71f-4761-ba59-9aa8e52561f0","local_time":"20210116215115","is_ascension_mode":true,"campfire_choices":[{"floor":7,"key":"REST"},{"data":"Protect","floor":12,"key":"SMITH"},{"data":"WheelKick","floor":15,"key":"SMITH"},{"floor":24,"key":"REST"},{"floor":27,"key":"REST"},{"floor":30,"key":"REST"},{"floor":32,"key":"REST"}],"circlet_count":0,"master_deck":["Defend_P","Defend_P+1","Eruption","Vigilance","FollowUp","WheelKick+1","CutThroughFate","MentalFortress","Protect+1","BattleHymn","WaveOfTheHand","Crescendo","Meditate","SashWhip+1","Wallop+1","WaveOfTheHand+1","Prostrate","Judgement","EmptyMind","Bite","Bite","Bite","Bite","Bite","FearNoEvil","WindmillStrike","Omniscience"],"relics":["Empty Cage","InkBottle","Oddly Smooth Stone","Shuriken","Question Card","Astrolabe","Strawberry","Nunchaku","Bag of Marbles","Ginger","Regal Pillow","Damaru"],"acts_visited":["Exordium","TheCity"],"potions_floor_usage":[16,16,31,33,33],"damage_taken":[{"damage":0.0,"enemies":"Jaw Worm","floor":1.0,"turns":3.0},{"damage":12.0,"enemies":"2 Louse","floor":3.0,"turns":2.0},{"damage":0.0,"enemies":"Small Slimes","floor":4.0,"turns":2.0},{"damage":28,"enemies":"Gremlin Nob","floor":6,"turns":4},{"damage":17,"enemies":"3 Sentries","floor":8,"turns":4},{"damage":2,"enemies":"Blue Slaver","floor":10,"turns":6},{"damage":2,"enemies":"2 Fungi Beasts","floor":11,"turns":3},{"damage":6,"enemies":"Hexaghost","floor":16,"turns":8},{"damage":13,"enemies":"Shell Parasite","floor":18,"turns":7},{"damage":12,"enemies":"Chosen","floor":21,"turns":5},{"damage":56,"enemies":"Gremlin Leader","floor":23,"turns":9},{"damage":71,"enemies":"Slavers","floor":28,"turns":12},{"damage":15,"enemies":"Centurion and Healer","floor":29,"turns":9},{"damage":34,"enemies":"Snake Plant","floor":31,"turns":4},{"damage":80,"enemies":"Automaton","floor":33,"turns":6}],"seed_played":"-5149918059977927716","potions_obtained":[{"floor":1.0,"key":"FearPotion"},{"floor":6,"key":"ColorlessPotion"},{"floor":8,"key":"Explosive Potion"},{"floor":21,"key":"Strength Potion"},{"floor":29,"key":"Swift Potion"},{"floor":31,"key":"Explosive Potion"}],"is_trial":false,"path_per_floor":["M","?","M","M","$","E","R","E","T","M","M","R","?","T","R","B",null,"M","?","?","M","$","E","R","?","T","R","E","M","R","M","R","B"],"character_chosen":"WATCHER","items_purchased":["MentalFortress","Protect","Bag of Marbles"],"campfire_rested":5,"item_purchase_floors":[5,5,22],"current_hp_per_floor":[72,58,46,46,46,18,39,22,22,20,18,18,18,18,18,14,72,59,66,66,56,56,2,25,25,25,63,10,11,49,23,61,0,0],"gold":153,"neow_bonus":"BOSS_RELIC","is_daily":false,"chose_seed":false,"campfire_upgraded":2,"win_rate":0.0,"timestamp":1610805075,"path_taken":["M","?","M","M","$","E","R","E","T","M","M","R","?","?","R","BOSS","M","?","?","M","?","E","R","?","T","R","E","?","R","M","R","BOSS"],"items_purchased_type":["Card","Card","Relic"],"build_version":"2020-12-22","purchased_purges":0,"victory":false,"max_hp_per_floor":[72,72,72,72,72,72,72,72,72,72,72,72,72,72,72,72,72,72,79,79,79,79,79,79,79,79,79,79,79,79,79,79,79,79],"relic_stats":{"Nunchaku":[6],"Regal Pillow":45,"counters":[15,84],"Shuriken":[10],"Astrolabe":["SashWhip","Wallop","WaveOfTheHand"],"Ginger":[4],"Question Card":7,"obtain_stats":[{"Regal Pillow":26,"Astrolabe":17,"Oddly Smooth Stone":8,"Damaru":28,"Ginger":23,"Empty Cage":0,"Question Card":14,"Blood Vial":13,"Nunchaku":20,"Shuriken":9,"Strawberry":19,"Bag of Marbles":22,"PureWater":0,"InkBottle":6},{"Regal Pillow":11,"Astrolabe":8,"Oddly Smooth Stone":5,"Damaru":12,"Ginger":11,"Empty Cage":0,"Question Card":7,"Blood Vial":7,"Nunchaku":9,"Shuriken":5,"Strawberry":9,"Bag of Marbles":10,"PureWater":0,"InkBottle":4},{"Regal Pillow":53,"Astrolabe":32,"Oddly Smooth Stone":15,"Damaru":65,"Ginger":53,"Empty Cage":0,"Question Card":24,"Blood Vial":24,"Nunchaku":39,"Shuriken":15,"Strawberry":39,"Bag of Marbles":44,"PureWater":0,"InkBottle":11}],"InkBottle":[20]},"card_choices":[{"not_picked":["SignatureMove","ClearTheMind"],"picked":"FollowUp","floor":1.0},{"not_picked":["Tantrum","ForeignInfluence"],"picked":"WheelKick","floor":3.0},{"not_picked":["FlyingSleeves","EmptyFist"],"picked":"CutThroughFate","floor":4.0},{"not_picked":["Crescendo","ConjureBlade"],"picked":"BattleHymn","floor":6},{"not_picked":["Perseverance","EmptyBody"],"picked":"WaveOfTheHand","floor":8},{"not_picked":["FollowUp","Collect"],"picked":"Crescendo","floor":10},{"not_picked":["Wireheading","SandsOfTime"],"picked":"Meditate","floor":11},{"not_picked":["Scrawl","DeusExMachina","MasterReality"],"picked":"ConjureBlade","floor":16},{"not_picked":["Consecrate+1","CrushJoints","CarveReality"],"picked":"Prostrate","floor":18},{"not_picked":["Evaluate+1","Protect+1","FearNoEvil"],"picked":"Judgement","floor":21},{"not_picked":["Evaluate+1","FlyingSleeves+1","ClearTheMind"],"picked":"EmptyMind","floor":23},{"not_picked":["BattleHymn","Evaluate","CutThroughFate"],"picked":"FearNoEvil","floor":28},{"not_picked":["SashWhip","FlurryOfBlows","FollowUp"],"picked":"WindmillStrike","floor":29},{"not_picked":["EmptyBody","Collect+1","EmptyMind"],"picked":"Omniscience","floor":31}],"player_experience":480325,"relics_obtained":[{"floor":6,"key":"InkBottle"},{"floor":8,"key":"Oddly Smooth Stone"},{"floor":9,"key":"Shuriken"},{"floor":14,"key":"Question Card"},{"floor":23,"key":"Ginger"},{"floor":26,"key":"Regal Pillow"},{"floor":28,"key":"Damaru"}],"event_choices":[{"damage_healed":0.0,"max_hp_gain":0.0,"max_hp_loss":0.0,"gold_gain":0.0,"event_name":"Shining Light","player_choice":"Entered Light","floor":2.0,"gold_loss":0.0,"damage_taken":14.0,"cards_upgraded":["Strike_P","Defend_P"]},{"damage_healed":0,"gold_gain":0,"player_choice":"Searched \u00272\u0027 times","damage_taken":0,"relics_obtained":["Blood Vial"],"max_hp_gain":0,"max_hp_loss":0,"event_name":"Dead Adventurer","floor":13,"gold_loss":0},{"damage_healed":0,"gold_gain":0,"player_choice":"Opened","damage_taken":0,"relics_obtained":["Strawberry"],"max_hp_gain":0,"max_hp_loss":0,"event_name":"The Mausoleum","floor":19,"gold_loss":0},{"damage_healed":0,"gold_gain":0,"player_choice":"Obtained Relic","damage_taken":0,"relics_obtained":["Nunchaku"],"max_hp_gain":0,"max_hp_loss":0,"event_name":"Addict","floor":20,"gold_loss":85},{"damage_healed":0,"gold_gain":0,"player_choice":"Became a vampire (Vial)","damage_taken":0,"max_hp_gain":0,"max_hp_loss":0,"event_name":"Vampires","floor":25,"relics_lost":["Blood Vial"],"gold_loss":0,"cards_obtained":["Bite","Bite","Bite","Bite","Bite"]}],"is_beta":false,"boss_relics":[{"not_picked":["Philosopher\u0027s Stone","Black Star"],"picked":"Astrolabe"}],"items_purged_floors":[],"is_endless":false,"potions_floor_spawned":[1,6,8,21,29,31],"killed_by":"Automaton","ascension_level":4}}