{"host":"2lo6hma6kymb0g9i","time":1610826374,"event":{"mods":["BaseMod","Colored Map","DeckTracker","Minty Spire (QoL Compilation)"],"gold_per_floor":[116,116,127,144,163,163,197,212,212,46,0,0,0,12,12,89,89,103,123,123,139,149,149,159,159,241,241,241,166,183,215,215,289,289,303,303,318,338,354,354,367,367,416,87,87,87,87,100,100,100,100,100],"floor_reached":51,"language":"JPN","playtime":3325,"items_purged":["Reprogram"],"score":1267,"play_id":"fffff654-76ea-4861-b095-d774cef21feb","local_time":"20210117044614","is_ascension_mode":true,"campfire_choices":[{"data":"Streamline","floor":6.0,"key":"SMITH"},{"floor":12.0,"key":"REST"},{"data":"Go for the Eyes","floor":15.0,"key":"SMITH"},{"data":"Cold Snap","floor":23.0,"key":"SMITH"},{"floor":25.0,"key":"REST"},{"data":"Scrape","floor":27.0,"key":"SMITH"},{"floor":32.0,"key":"REST"},{"floor":40.0,"key":"RECALL"},{"floor":42.0,"key":"REST"},{"floor":45.0,"key":"REST"},{"floor":49,"key":"REST"}],"circlet_count":0,"master_deck":["AscendersBane","Zap","Streamline+1","Leap","Go for the Eyes+1","Conserve Battery","FTL","Aggregate","Lockon","Turbo","Undo","Electrodynamics","Genetic Algorithm","Cold Snap+1","Scrape+1","Beam Cell","Core Surge","Cold Snap","White Noise+1","Leap","Madness","Madness","Hologram+1"],"relics":["Cracked Core","Ancient Tea Set","Letter Opener","DataDisk","Regal Pillow","Potion Belt","Pandora\u0027s Box","Shuriken","Kunai","Fusion Hammer","Incense Burner"],"acts_visited":["Exordium","TheCity","TheBeyond"],"potions_floor_usage":[51],"damage_taken":[{"damage":7.0,"enemies":"Jaw Worm","floor":1.0,"turns":3.0},{"damage":1.0,"enemies":"Cultist","floor":3.0,"turns":3.0},{"damage":7.0,"enemies":"2 Louse","floor":4.0,"turns":3.0},{"damage":11.0,"enemies":"2 Fungi Beasts","floor":5.0,"turns":4.0},{"damage":38.0,"enemies":"Lagavulin","floor":7.0,"turns":7.0},{"damage":4.0,"enemies":"Blue Slaver","floor":8.0,"turns":3.0},{"damage":0.0,"enemies":"Gremlin Gang","floor":14.0,"turns":3.0},{"damage":26.0,"enemies":"Slime Boss","floor":16.0,"turns":8.0},{"damage":6.0,"enemies":"3 Byrds","floor":18.0,"turns":2.0},{"damage":31.0,"enemies":"2 Thieves","floor":19.0,"turns":3.0},{"damage":41.0,"enemies":"Cultist and Chosen","floor":21.0,"turns":5.0},{"damage":11.0,"enemies":"Snecko","floor":22.0,"turns":5.0},{"damage":7.0,"enemies":"Centurion and Healer","floor":24.0,"turns":5.0},{"damage":0.0,"enemies":"Cultist and Chosen","floor":30.0,"turns":4.0},{"damage":12.0,"enemies":"Gremlin Leader","floor":31.0,"turns":6.0},{"damage":57.0,"enemies":"Automaton","floor":33.0,"turns":9.0},{"damage":9.0,"enemies":"Orb Walker","floor":35.0,"turns":2.0},{"damage":0.0,"enemies":"3 Shapes","floor":37.0,"turns":4.0},{"damage":0.0,"enemies":"3 Darklings","floor":38.0,"turns":3.0},{"damage":9.0,"enemies":"Spire Growth","floor":39.0,"turns":4.0},{"damage":8.0,"enemies":"Jaw Worm Horde","floor":41.0,"turns":3.0},{"damage":51,"enemies":"Writhing Mass","floor":48,"turns":7},{"damage":27,"enemies":"Awakened One","floor":50,"turns":13},{"damage":51,"enemies":"Donu and Deca","floor":51,"turns":7}],"seed_played":"7234807346495720776","potions_obtained":[{"floor":3.0,"key":"FearPotion"},{"floor":5.0,"key":"Fruit Juice"},{"floor":7.0,"key":"FearPotion"},{"floor":8.0,"key":"LiquidMemories"},{"floor":16.0,"key":"SkillPotion"},{"floor":21.0,"key":"AttackPotion"},{"floor":24.0,"key":"ColorlessPotion"},{"floor":30.0,"key":"Regen Potion"},{"floor":36.0,"key":"FearPotion"},{"floor":36.0,"key":"Block Potion"},{"floor":39.0,"key":"BlessingOfTheForge"},{"floor":41.0,"key":"BlessingOfTheForge"}],"is_trial":false,"path_per_floor":["M","?","M","M","M","R","E","M","T","$","?","R","?","M","R","B",null,"M","M","?","M","M","R","M","R","T","R","?","$","M","E","R","B",null,"M","?","M","M","M","R","M","R","T","$","R","?","?","M","R","B","B"],"character_chosen":"DEFECT","items_purchased":["Potion Belt","Incense Burner"],"campfire_rested":6,"item_purchase_floors":[10,44],"current_hp_per_floor":[57,57,56,49,43,43,5,1,1,1,1,38,38,38,38,12,60,54,23,86,45,34,34,27,67,67,67,42,42,42,30,72,30,76,67,67,67,67,58,58,50,91,91,91,91,75,75,24,66,39,0,0],"gold":100,"neow_bonus":"RANDOM_COMMON_RELIC","is_daily":false,"chose_seed":false,"campfire_upgraded":4,"win_rate":0.0,"timestamp":1610826374,"path_taken":["M","?","M","?","M","R","E","M","T","?","?","R","?","M","R","BOSS","M","M","?","M","?","R","M","R","T","R","?","$","M","E","R","BOSS","M","?","M","M","?","R","?","R","T","$","R","?","?","M","R","BOSS","BOSS"],"items_purchased_type":["Relic","Relic"],"build_version":"2020-12-22","purchased_purges":1,"victory":false,"max_hp_per_floor":[71,71,71,71,76,76,76,76,76,76,76,76,76,76,76,76,76,76,76,86,86,86,86,86,86,86,86,91,91,91,91,91,91,91,91,91,91,91,91,91,91,91,91,91,91,91,91,91,91,91,91,91],"card_choices":[{"not_picked":["Rebound","Coolheaded"],"picked":"Skim","floor":1.0},{"not_picked":["Redo","Ball Lightning","Steam Power"],"picked":"SKIP","floor":3.0},{"not_picked":["Gash","Conserve Battery"],"picked":"Streamline","floor":4.0},{"not_picked":["Hello World","Double Energy"],"picked":"Leap","floor":5.0},{"not_picked":["Turbo","Meteor Strike"],"picked":"Go for the Eyes","floor":7.0},{"not_picked":["Gash","Coolheaded"],"picked":"Conserve Battery","floor":8.0},{"not_picked":["Heatsinks","Hello World"],"picked":"FTL","floor":14.0},{"not_picked":["Multi-Cast","Core Surge"],"picked":"Electrodynamics","floor":16.0},{"not_picked":["Beam Cell","Barrage","Ball Lightning"],"picked":"SKIP","floor":18.0},{"not_picked":["Sweeping Beam","Sunder","Cold Snap"],"picked":"SKIP","floor":19.0},{"not_picked":["Sweeping Beam","Sunder"],"picked":"Cold Snap","floor":19.0},{"not_picked":["Coolheaded","Hologram","Sweeping Beam"],"picked":"SKIP","floor":21.0},{"not_picked":["Sweeping Beam","Go for the Eyes","Coolheaded"],"picked":"SKIP","floor":22.0},{"not_picked":["Gash+1","Hologram"],"picked":"Scrape","floor":24.0},{"not_picked":["Redo","Steam"],"picked":"Beam Cell","floor":30.0},{"not_picked":["Amplify","Doom and Gloom","Chaos+1"],"picked":"SKIP","floor":31.0},{"not_picked":["Meteor Strike","Amplify"],"picked":"Core Surge","floor":33.0},{"not_picked":["Hello World","Turbo"],"picked":"Cold Snap","floor":35.0},{"not_picked":["White Noise","Conserve Battery","Sunder+1"],"picked":"SKIP","floor":37.0},{"not_picked":["Streamline","Turbo","Rebound"],"picked":"SKIP","floor":38.0},{"not_picked":["Rebound","Steam+1"],"picked":"White Noise+1","floor":39.0},{"not_picked":["Conserve Battery","Gash"],"picked":"Leap","floor":41.0},{"not_picked":["Barrage","Steam"],"picked":"Hologram+1","floor":48}],"player_experience":1084840,"relics_obtained":[{"floor":7.0,"key":"DataDisk"},{"floor":9.0,"key":"Regal Pillow"},{"floor":26.0,"key":"Shuriken"},{"floor":31.0,"key":"Kunai"}],"event_choices":[{"cards_removed":["Skim"],"damage_healed":0.0,"max_hp_gain":0.0,"max_hp_loss":0.0,"gold_gain":0.0,"event_name":"WeMeetAgain","player_choice":"Gave Card","floor":2.0,"gold_loss":0.0,"damage_taken":0.0,"relics_obtained":["Letter Opener"]},{"damage_healed":0.0,"max_hp_gain":0.0,"max_hp_loss":0.0,"gold_gain":0.0,"event_name":"World of Goop","player_choice":"Left Gold","floor":11.0,"gold_loss":46.0,"damage_taken":0.0},{"cards_removed":["Strike_B"],"damage_healed":0.0,"max_hp_gain":0.0,"max_hp_loss":0.0,"gold_gain":0.0,"event_name":"Living Wall","player_choice":"Forget","floor":13.0,"gold_loss":0.0,"damage_taken":0.0},{"cards_removed":["Electrodynamics"],"damage_healed":53.0,"max_hp_gain":10.0,"max_hp_loss":0.0,"gold_gain":0.0,"event_name":"Bonfire Elementals","player_choice":"Offered Rare","floor":20.0,"gold_loss":0.0,"damage_taken":0.0},{"damage_healed":0.0,"max_hp_gain":5.0,"max_hp_loss":0.0,"gold_gain":0.0,"event_name":"Forgotten Altar","player_choice":"Shed Blood","floor":28.0,"gold_loss":0.0,"damage_taken":30.0},{"damage_healed":0.0,"max_hp_gain":0.0,"max_hp_loss":0.0,"gold_gain":0.0,"event_name":"Lab","player_choice":"Got Potions","floor":36.0,"gold_loss":0.0,"damage_taken":0.0},{"damage_healed":0.0,"max_hp_gain":0.0,"max_hp_loss":0.0,"gold_gain":0.0,"event_name":"Winding Halls","player_choice":"Embrace Madness","floor":46.0,"gold_loss":0.0,"damage_taken":16.0,"cards_obtained":["Madness","Madness"]},{"cards_removed":["Dualcast"],"damage_healed":0,"gold_gain":0,"player_choice":"Removed Skill","damage_taken":0,"max_hp_gain":0,"max_hp_loss":0,"event_name":"Falling","floor":47,"gold_loss":0}],"is_beta":false,"boss_relics":[{"not_picked":["Nuclear Battery","Snecko Eye"],"picked":"Pandora\u0027s Box"},{"not_picked":["Astrolabe","Runic Dome"],"picked":"Fusion Hammer"}],"items_purged_floors":[29],"is_endless":false,"potions_floor_spawned":[3,5,7,8,16,21,24,30,39,41],"killed_by":"Donu and Deca","ascension_level":20}}