{"host":"fiyb7gvx7tok3jeh","time":1610807198,"event":{"mods":["BaseMod","Colored Map","Colored Powertips","DeckTracker","Googly Eyes","Highlight Path","Minty Spire (QoL Compilation)"],"gold_per_floor":[114,134,147,20,20,20,35,69,117,117,133,159,159,172,172,172,172],"floor_reached":16,"language":"ENG","playtime":799,"items_purged":["Strike_R"],"score":133,"play_id":"43c7a172-b5ee-489b-b8d0-9f466b797c78","local_time":"20210116162638","is_ascension_mode":true,"campfire_choices":[{"data":"Entrench","floor":6,"key":"SMITH"},{"data":"Seeing Red","floor":15,"key":"SMITH"}],"circlet_count":0,"master_deck":["Strike_R+1","Strike_R","Strike_R+1","Strike_R+1","Defend_R","Defend_R","Defend_R","Defend_R","Bash","Barricade+1","Shrug It Off","Entrench+1","Seeing Red+1","Shrug It Off"],"relics":["Burning Blood","White Beast Statue","Whetstone","Golden Idol","Orichalcum"],"acts_visited":["Exordium"],"potions_floor_usage":[8,8,14,16,16],"damage_taken":[{"damage":0,"enemies":"Small Slimes","floor":1,"turns":3},{"damage":0,"enemies":"Jaw Worm","floor":2,"turns":6},{"damage":6,"enemies":"Cultist","floor":3,"turns":3},{"damage":6,"enemies":"Large Slime","floor":7,"turns":8},{"damage":31,"enemies":"Gremlin Nob","floor":8,"turns":5},{"damage":7,"enemies":"Exordium Wildlife","floor":11,"turns":7},{"damage":11,"enemies":"Exordium Thugs","floor":14,"turns":4},{"damage":69,"enemies":"Hexaghost","floor":16,"turns":35}],"seed_played":"-9046489798605989934","potions_obtained":[{"floor":2,"key":"SkillPotion"},{"floor":3,"key":"LiquidMemories"},{"floor":7,"key":"SteroidPotion"},{"floor":11,"key":"LiquidMemories"},{"floor":14,"key":"Weak Potion"}],"is_trial":false,"path_per_floor":["M","M","M","$","?","R","M","E","T","?","M","T","?","M","R","B"],"character_chosen":"IRONCLAD","items_purchased":["Fire Potion"],"campfire_rested":0,"item_purchase_floors":[4],"current_hp_per_floor":[57,63,63,63,47,47,47,22,22,22,21,21,74,69,69,0,0],"gold":172,"neow_bonus":"THREE_RARE_CARDS","is_daily":false,"chose_seed":false,"campfire_upgraded":2,"win_rate":0.0,"timestamp":1610807198,"path_taken":["M","M","M","$","?","R","M","E","T","?","M","?","?","?","R","BOSS"],"items_purchased_type":["Potion"],"build_version":"2020-12-22","purchased_purges":1,"victory":false,"max_hp_per_floor":[80,80,80,80,80,80,80,80,80,74,74,74,74,74,74,74,74],"card_choices":[{"not_picked":["Limit Break","Fiend Fire"],"picked":"Barricade","floor":0},{"not_picked":["Ghostly Armor","Thunderclap"],"picked":"Shrug It Off","floor":1},{"not_picked":["Combust","Second Wind","Perfected Strike"],"picked":"SKIP","floor":2},{"not_picked":["Armaments","Wild Strike"],"picked":"Entrench","floor":3},{"not_picked":["Perfected Strike","Wild Strike"],"picked":"Seeing Red","floor":7},{"not_picked":["Perfected Strike","Warcry","Flex"],"picked":"SKIP","floor":8},{"not_picked":["Pommel Strike","Headbutt"],"picked":"Shrug It Off","floor":11},{"not_picked":["Pommel Strike","Thunderclap","Blood for Blood"],"picked":"SKIP","floor":14}],"player_experience":266774,"relics_obtained":[{"floor":8,"key":"White Beast Statue"},{"floor":9,"key":"Whetstone"},{"floor":12,"key":"Orichalcum"}],"event_choices":[{"damage_healed":0,"gold_gain":0,"player_choice":"Entered Light","damage_taken":16,"max_hp_gain":0,"max_hp_loss":0,"event_name":"Shining Light","floor":5,"gold_loss":0,"cards_upgraded":["Strike_R","Barricade"]},{"damage_healed":0,"gold_gain":0,"player_choice":"Lose Max HP","damage_taken":0,"relics_obtained":["Golden Idol"],"max_hp_gain":0,"max_hp_loss":6,"event_name":"Golden Idol","floor":10,"gold_loss":0},{"damage_healed":53,"gold_gain":0,"player_choice":"Full Heal","damage_taken":0,"max_hp_gain":0,"max_hp_loss":0,"event_name":"Wheel of Change","floor":13,"gold_loss":0}],"is_beta":false,"boss_relics":[],"items_purged_floors":[4],"is_endless":false,"potions_floor_spawned":[2,3,7,11,14],"killed_by":"Hexaghost","ascension_level":6}}