{"host":"fjnjuohsz43l8o15","time":1610795156,"event":{"mods":["2.2 Compatiblity","Act Like it!","BaseMod","Friendly Minions","Gensokyo","KinomotoSakuraMod(????)","Marisa????????","Minty Spire (QoL Compilation)","StSLib"],"gold_per_floor":[12,12,12,38,73,115,115,115,115,115,146,186,218,262,262,377,377,411,411,438,438,438,483,483,131,131,131,131,166,196,224,224,339,339,359,359,79,79,10,10,24,24,50,50,50,50,81,95,95,95,95,95,45,71,71],"floor_reached":56,"language":"ENG","playtime":4233,"items_purged":["Gensokyo:TrainingManual"],"score":1304,"play_id":"3e89938a-f098-4360-a83b-a2450ad285e5","local_time":"20210116110556","is_ascension_mode":false,"campfire_choices":[{"floor":7.0,"key":"REST"},{"data":"FairyDestructionRay","floor":10.0,"key":"SMITH"},{"data":"PulseMagic","floor":15.0,"key":"SMITH"},{"floor":24.0,"key":"REST"},{"floor":27.0,"key":"REST"},{"floor":32.0,"key":"REST"},{"data":"CollectingQuirk","floor":40.0,"key":"SMITH"},{"floor":49,"key":"RECALL"},{"data":"ManaRampage","floor":52,"key":"SMITH"}],"circlet_count":0,"master_deck":["Strike_MRS","Strike_MRS","Strike_MRS","Strike_MRS","Defend_MRS+1","Defend_MRS+1","Defend_MRS","Defend_MRS","MasterSpark","UpSweep","FairyDestructionRay+1","EarthLightRay","Gensokyo:MarisaTwilightSpark","SuperNova","6A","PulseMagic+1","MaximisePower","ChargeUpSpray","SporeBomb+1","OortCloud","Gensokyo:GapWoman","Gensokyo:ReactiveArmor","ManaRampage+1","MysteriousBeam","BlazeAway+1","Gensokyo:SummonPsychicCat","CollectingQuirk+1","SuperPerseids+1","EnergyFlow","Acceleration+1","TreasureHunter","Gensokyo:Taser","Gensokyo:SalamanderShield","GravityBeat","Parasite","Parasite"],"relics":["MiniHakkero","Gensokyo:LunaticRedEyes","Matryoshka","Blood Vial","Pear","Regal Pillow","Nunchaku","Black Star","Gensokyo:ConquerorOfFear","HandmadeGrimoire","Gensokyo:DirgeOfMelancholy","Potion Belt","Bronze Scales","Juzu Bracelet","Boot","Ornamental Fan","Philosopher\u0027s Stone","HandDrill","PreservedInsect","Bag of Marbles","Torii","Smiling Mask","ShroomBag","Pantograph","War Paint","Gensokyo:Companionship"],"acts_visited":["Exordium","Gensokyo:Gensokyo","Gensokyo:Gensokyoer","TheEnding"],"potions_floor_usage":[55,55,55,55],"damage_taken":[{"damage":1.0,"enemies":"Gensokyo:Python","floor":1.0,"turns":3.0},{"damage":10.0,"enemies":"Gensokyo:2_Kodama","floor":4.0,"turns":4.0},{"damage":3.0,"enemies":"Gensokyo:3_Fairies","floor":5.0,"turns":4.0},{"damage":32.0,"enemies":"Gensokyo:Cirno","floor":6.0,"turns":7.0},{"damage":14.0,"enemies":"Gensokyo:CorruptedTreant","floor":11.0,"turns":4.0},{"damage":15.0,"enemies":"Gensokyo:Mamizou","floor":12.0,"turns":9.0},{"damage":3.0,"enemies":"Gensokyo:Kitsune","floor":13.0,"turns":3.0},{"damage":2.0,"enemies":"Gensokyo:Cirno","floor":14.0,"turns":4.0},{"damage":68.0,"enemies":"Gensokyo:Yukari","floor":16.0,"turns":14.0},{"damage":38.0,"enemies":"Gensokyo:Chomper","floor":18.0,"turns":6.0},{"damage":23.0,"enemies":"Gensokyo:AngelMirror","floor":20.0,"turns":5.0},{"damage":38.0,"enemies":"Gensokyo:Reisen","floor":23.0,"turns":8.0},{"damage":12.0,"enemies":"Gensokyo:Wraith","floor":29.0,"turns":6.0},{"damage":7.0,"enemies":"Gensokyo:Koishi","floor":30.0,"turns":8.0},{"damage":40.0,"enemies":"Gensokyo:3_Gloops","floor":31.0,"turns":6.0},{"damage":73.0,"enemies":"Gensokyo:Kaguya","floor":33.0,"turns":9.0},{"damage":0.0,"enemies":"Gensokyo:3_Bats","floor":35.0,"turns":2.0},{"damage":0,"enemies":"Gensokyo:AncientGuardian","floor":41,"turns":1},{"damage":0,"enemies":"Gensokyo:Marisa","floor":47,"turns":2},{"damage":0,"enemies":"Gensokyo:Dusk_and_Dawn","floor":48,"turns":2},{"damage":15,"enemies":"Gensokyo:Yuyuko","floor":50,"turns":6},{"damage":16,"enemies":"Shield and Spear","floor":54,"turns":4},{"damage":54,"enemies":"The Heart","floor":55,"turns":7}],"seed_played":"5396020917155979843","potions_obtained":[{"floor":1.0,"key":"EntropicBrew"},{"floor":4.0,"key":"CultistPotion"},{"floor":4.0,"key":"Energy Potion"},{"floor":11.0,"key":"DuplicationPotion"},{"floor":12.0,"key":"Weak Potion"},{"floor":16.0,"key":"ShroomBrew"},{"floor":18.0,"key":"AttackPotion"},{"floor":20.0,"key":"SkillPotion"},{"floor":23.0,"key":"LiquidBronze"},{"floor":23.0,"key":"ColorlessPotion"},{"floor":29.0,"key":"SkillPotion"},{"floor":31.0,"key":"ShroomBrew"},{"floor":33.0,"key":"PowerPotion"}],"is_trial":false,"path_per_floor":["M","?","$","M","M","E","R","?","T","R","M","E","M","E","R","B",null,"M","?","M","?","?","E","R","COS","T","R","?","M","E","M","R","B",null,"M","?","COS","?","$","R","M","?","T","?","?","T","E","M","R","B",null,"R","$","E","B",null],"character_chosen":"MARISA","items_purchased":["EnergyFlow"],"campfire_rested":4,"item_purchase_floors":[39],"current_hp_per_floor":[88,88,88,78,75,43,69,69,79,79,71,62,61,65,65,3,99,61,61,44,44,44,12,54,54,54,92,92,80,79,45,87,20,92,92,92,92,92,92,92,92,92,92,92,92,92,92,92,92,92,92,92,92,80,41],"gold":71,"neow_bonus":"TWENTY_PERCENT_HP_BONUS","is_daily":false,"chose_seed":false,"campfire_upgraded":4,"win_rate":0.0,"timestamp":1610795156,"path_taken":["M","?","?","M","M","E","R","?","T","R","M","E","M","E","R","BOSS","M","?","M","?","?","E","R","COS","T","R","?","M","E","M","R","BOSS","M","?","COS","?","?","R","M","?","T","?","?","?","E","M","R","BOSS","R","$","E","BOSS"],"items_purchased_type":["Card"],"build_version":"2020-12-22","purchased_purges":1,"victory":true,"max_hp_per_floor":[89,89,89,89,89,89,89,89,99,99,99,99,99,99,99,99,99,99,99,99,92,92,92,92,92,92,92,92,92,92,92,92,92,92,92,92,92,92,92,92,92,92,92,92,92,92,92,92,92,92,92,92,92,92,92],"card_choices":[{"not_picked":["6A","AlicesGift"],"picked":"WitchOfGreed","floor":1.0},{"not_picked":["OneTimeOff","DarkSpark","WitchOfGreed"],"picked":"SKIP","floor":4.0},{"not_picked":["OrrerysSun","DC"],"picked":"FairyDestructionRay","floor":5.0},{"not_picked":["DarkSpark","MeteoricShower"],"picked":"EarthLightRay","floor":6.0},{"not_picked":["AsteroidBelt","GravityBeat"],"picked":"SuperNova","floor":11.0},{"not_picked":["LuminesStrike","Acceleration"],"picked":"6A","floor":12.0},{"not_picked":["ShootingEcho","DoubleSpark"],"picked":"PulseMagic","floor":13.0},{"not_picked":["GrandCross","WitchLeyline","DC"],"picked":"SKIP","floor":14.0},{"not_picked":["TreasureHunter","AbsoluteMagnitude"],"picked":"MaximisePower","floor":16.0},{"not_picked":["OneTimeOff","6A"],"picked":"ChargeUpSpray","floor":18.0},{"not_picked":["DarkSpark","MilkyWay+1"],"picked":"SporeBomb+1","floor":20.0},{"not_picked":["AlicesGift","WitchLeyline"],"picked":"OortCloud","floor":23.0},{"not_picked":["GalacticHalo","SporeBomb+1","LuminesStrike"],"picked":"SKIP","floor":29.0},{"not_picked":["BlazingStar","StarDustReverie"],"picked":"ManaRampage","floor":30.0},{"not_picked":["StarBarrage","PowerUp"],"picked":"MysteriousBeam","floor":30.0},{"not_picked":["ShootTheMoon","PowerUp"],"picked":"BlazeAway+1","floor":31.0},{"not_picked":["EscapeVelocity","StarDustReverie"],"picked":"CollectingQuirk","floor":33.0},{"not_picked":["StarlightTyphoon","6A+1"],"picked":"SuperPerseids+1","floor":35.0},{"not_picked":["ShootingEcho+1","ShootTheMoon+1"],"picked":"Acceleration+1","floor":41},{"not_picked":["Gensokyo:NewMoon","Gensokyo:MorningStar"],"picked":"Gensokyo:SalamanderShield","floor":45},{"not_picked":["MeteoricShower+1","6A"],"picked":"GravityBeat","floor":47},{"not_picked":["SporeBomb","6A","WitchOfGreed"],"picked":"SKIP","floor":48},{"not_picked":["SporeBomb+1","IllusionStar+1","DC"],"picked":"SKIP","floor":54}],"player_experience":83681,"relics_obtained":[{"floor":6.0,"key":"Matryoshka"},{"floor":9.0,"key":"Blood Vial"},{"floor":9.0,"key":"Pear"},{"floor":12.0,"key":"Regal Pillow"},{"floor":14.0,"key":"Nunchaku"},{"floor":20.0,"key":"Gensokyo:ConquerorOfFear"},{"floor":23.0,"key":"Potion Belt"},{"floor":23.0,"key":"Bronze Scales"},{"floor":26.0,"key":"Juzu Bracelet"},{"floor":30.0,"key":"Boot"},{"floor":30.0,"key":"Ornamental Fan"},{"floor":43,"key":"PreservedInsect"},{"floor":46,"key":"Bag of Marbles"},{"floor":47,"key":"Torii"},{"floor":47,"key":"Smiling Mask"},{"floor":54,"key":"Pantograph"},{"floor":54,"key":"War Paint"}],"event_choices":[],"is_beta":false,"boss_relics":[{"not_picked":["Calling Bell","Empty Cage"],"picked":"Black Star"},{"not_picked":["Runic Pyramid","Cursed Key"],"picked":"Philosopher\u0027s Stone"}],"items_purged_floors":[53],"is_endless":false,"potions_floor_spawned":[1,4,11,12,23,30],"ascension_level":0}}