{"host":"if82ftfycgeplyd6","time":1610817170,"event":{"mods":["BaseMod","Block Reminder","Booster Modes","Hermit","Jorbs\u0027s Wanderer Trilogy","KinomotoSakuraMod(????)","Minty Spire (QoL Compilation)","Robot Space Explorer","Shade Mod","StSLib","The Cursed","The Gatherer","The Hierophant","The Necromancer","The Servant 0.9.4"],"gold_per_floor":[109,120,295,295,43,43,43],"floor_reached":6,"language":"ENG","playtime":319,"items_purged":["Strike_W"],"score":34,"play_id":"77d8b379-2e2f-48c1-9ad1-67d7c6596713","local_time":"20210116091250","is_ascension_mode":false,"campfire_choices":[],"circlet_count":0,"master_deck":["Strike_W","Strike_W","Strike_W","Defend_W","Defend_W","Defend_W","Defend_W","Negative_Energy_Arrows","Bone_Wall","Bone_Armory","Siphon_Strength","Doubt","Bone_Bullets"],"relics":["Vampire_Amulet","Golden Idol","Oddly Smooth Stone"],"acts_visited":["Exordium"],"potions_floor_usage":[],"damage_taken":[{"damage":3,"enemies":"Small Slimes","floor":1,"turns":4},{"damage":9,"enemies":"Jaw Worm","floor":2,"turns":7},{"damage":7,"enemies":"Lagavulin","floor":6,"turns":6}],"seed_played":"7642077110404953111","potions_obtained":[{"floor":2,"key":"Regen Potion"}],"is_trial":false,"path_per_floor":["M","M","?","?","$","E"],"character_chosen":"NECROMANCER","items_purchased":["Oddly Smooth Stone","Bone_Bullets"],"campfire_rested":0,"item_purchase_floors":[5,5],"current_hp_per_floor":[81,74,74,74,74,67,67],"gold":43,"neow_bonus":"TEN_PERCENT_HP_BONUS","is_daily":false,"chose_seed":false,"campfire_upgraded":0,"win_rate":0.0,"timestamp":1610817170,"path_taken":["M","M","?","?","$","E"],"items_purchased_type":["Relic","Card"],"build_version":"2020-12-22","purchased_purges":1,"victory":false,"max_hp_per_floor":[82,82,82,76,76,76,76],"card_choices":[{"not_picked":["Bone_Bullets","Bones_to_Steel"],"picked":"Bone_Armory","floor":1},{"not_picked":["Bone_Shift","Deaths_Shadow"],"picked":"Siphon_Strength","floor":2}],"player_experience":945452,"relics_obtained":[],"event_choices":[{"damage_healed":0,"gold_gain":175,"player_choice":"AGREE","damage_taken":0,"max_hp_gain":0,"max_hp_loss":0,"event_name":"Liars Game","floor":3,"gold_loss":0,"cards_obtained":["Doubt"]},{"damage_healed":0,"gold_gain":0,"player_choice":"Lose Max HP","damage_taken":0,"relics_obtained":["Golden Idol"],"max_hp_gain":0,"max_hp_loss":6,"event_name":"Golden Idol","floor":4,"gold_loss":0}],"is_beta":false,"boss_relics":[],"items_purged_floors":[5],"is_endless":false,"potions_floor_spawned":[2],"killed_by":"Lagavulin","ascension_level":0}}