{"host":"sav7uxregyirlf69","time":1610809944,"event":{"mods":["AchievementEnabler","BaseMod","Colored Map","DeckTracker","Keyboard Shortcuts","Minty Spire (QoL Compilation)","READ ME - Guardian Mod","StSLib","SuperFastMode"],"gold_per_floor":[114,189,189,199,215,247,247,278,278,278,278],"floor_reached":10,"language":"KOR","playtime":95,"items_purged":[],"score":152,"play_id":"b476979f-401d-4051-9c75-3112e469360d","local_time":"20210117001224","is_ascension_mode":true,"campfire_choices":[{"data":"Zap","floor":7,"key":"SMITH"}],"circlet_count":0,"master_deck":["AscendersBane","Strike_B","Strike_B","Strike_B","Defend_B","Defend_B","Defend_B","Defend_B","Zap+1","Dualcast","Cold Snap","Cold Snap","Beam Cell","Loop"],"relics":["Cracked Core","NeowsBlessing","Smiling Mask","Darkstone Periapt","Lantern"],"acts_visited":["Exordium"],"potions_floor_usage":[8],"damage_taken":[{"damage":0,"enemies":"Jaw Worm","floor":1,"turns":1},{"damage":0,"enemies":"2 Louse","floor":4,"turns":1},{"damage":0,"enemies":"Cultist","floor":5,"turns":1},{"damage":25,"enemies":"Lagavulin","floor":6,"turns":6},{"damage":20,"enemies":"Gremlin Nob","floor":8,"turns":4},{"damage":8,"enemies":"Lagavulin","floor":10,"turns":4}],"seed_played":"-1650044522110863901","potions_obtained":[{"floor":4,"key":"Fire Potion"},{"floor":6,"key":"AttackPotion"}],"is_trial":false,"path_per_floor":["M","?","?","M","M","E","R","E","T","E"],"character_chosen":"DEFECT","items_purchased":[],"campfire_rested":0,"item_purchase_floors":[],"current_hp_per_floor":[64,53,53,53,53,28,28,8,8,0,0],"gold":278,"neow_bonus":"THREE_ENEMY_KILL","is_daily":false,"chose_seed":false,"campfire_upgraded":1,"win_rate":0.0,"timestamp":1610809944,"path_taken":["M","?","?","?","M","E","R","E","T","E"],"items_purchased_type":[],"build_version":"2020-12-22","purchased_purges":0,"victory":false,"max_hp_per_floor":[71,71,71,71,71,71,71,71,71,71,71],"card_choices":[{"not_picked":["Skim","Ball Lightning"],"picked":"Cold Snap","floor":1},{"not_picked":["Double Energy","Static Discharge"],"picked":"Cold Snap","floor":4},{"not_picked":["Compile Driver","Stack"],"picked":"Beam Cell","floor":5},{"not_picked":["Stack","Beam Cell","Genetic Algorithm"],"picked":"SKIP","floor":6},{"not_picked":["Machine Learning","Static Discharge"],"picked":"Loop","floor":8}],"player_experience":1296181,"relics_obtained":[{"floor":6,"key":"Smiling Mask"},{"floor":8,"key":"Darkstone Periapt"},{"floor":9,"key":"Lantern"}],"event_choices":[{"damage_healed":0,"gold_gain":75,"player_choice":"Gather Gold","damage_taken":11,"max_hp_gain":0,"max_hp_loss":0,"event_name":"World of Goop","floor":2,"gold_loss":0},{"cards_removed":["Strike_B"],"damage_healed":0,"gold_gain":0,"player_choice":"Offered Basic","damage_taken":0,"max_hp_gain":0,"max_hp_loss":0,"event_name":"Bonfire Elementals","floor":3,"gold_loss":0}],"is_beta":false,"boss_relics":[],"items_purged_floors":[],"is_endless":false,"potions_floor_spawned":[4,6],"killed_by":"Lagavulin","ascension_level":20}}