{"host":"ocllwaoi18j60ltd","time":1610757744,"event":{"mods":["BaseMod","DeckTracker","Minty Spire (QoL Compilation)","Permanent Neow","Quick Restart","StSLib","SuperFastMode"],"gold_per_floor":[113,132,2,21,35,61,61,61,61],"floor_reached":8,"language":"KOR","playtime":197,"items_purged":["Strike_G"],"score":116,"play_id":"0119d9ae-5979-4a1c-b26f-7ca8e53eacae","local_time":"20210116094224","is_ascension_mode":true,"campfire_choices":[{"data":"Noxious Fumes","floor":7,"key":"SMITH"}],"circlet_count":0,"master_deck":["AscendersBane","Strike_G","Strike_G","Strike_G","Strike_G","Defend_G","Defend_G","Defend_G","Defend_G","Defend_G","Survivor","Neutralize+1","Quick Slash","Noxious Fumes+1","Deadly Poison","All Out Attack","Bullet Time"],"relics":["Ring of the Snake","Smiling Mask"],"acts_visited":["Exordium"],"potions_floor_usage":[6,8],"damage_taken":[{"damage":2.0,"enemies":"Jaw Worm","floor":1.0,"turns":7.0},{"damage":2.0,"enemies":"2 Louse","floor":2.0,"turns":3.0},{"damage":0.0,"enemies":"Cultist","floor":4.0,"turns":4.0},{"damage":21.0,"enemies":"Exordium Wildlife","floor":5.0,"turns":7.0},{"damage":28,"enemies":"Gremlin Nob","floor":6,"turns":4},{"damage":5,"enemies":"3 Sentries","floor":8,"turns":3}],"seed_played":"8871823822408396720","potions_obtained":[{"floor":1.0,"key":"ColorlessPotion"},{"floor":4.0,"key":"LiquidMemories"}],"is_trial":false,"path_per_floor":["M","M","$","M","M","E","R","E"],"character_chosen":"THE_SILENT","items_purchased":["Deadly Poison"],"campfire_rested":0,"item_purchase_floors":[3],"current_hp_per_floor":[57,55,55,55,34,6,6,1,1],"gold":61,"neow_bonus":"UPGRADE_CARD","is_daily":false,"chose_seed":false,"campfire_upgraded":1,"win_rate":0.0,"timestamp":1610757744,"path_taken":["M","M","$","M","M","E","R","E"],"items_purchased_type":["Card"],"build_version":"2020-12-22","purchased_purges":1,"victory":false,"max_hp_per_floor":[66,66,66,66,66,66,66,66,66],"card_choices":[{"not_picked":["Endless Agony","Flying Knee"],"picked":"Quick Slash","floor":1.0},{"not_picked":["Dash","Quick Slash"],"picked":"Noxious Fumes","floor":2.0},{"not_picked":["Sucker Punch","Slice"],"picked":"All Out Attack","floor":4.0},{"not_picked":["Bane","Slice"],"picked":"Bullet Time","floor":5.0},{"not_picked":["Cloak And Dagger","Concentrate","Skewer"],"picked":"SKIP","floor":6}],"player_experience":839180,"relics_obtained":[{"floor":6,"key":"Smiling Mask"}],"event_choices":[],"is_beta":false,"boss_relics":[],"items_purged_floors":[3],"is_endless":false,"potions_floor_spawned":[1,4],"killed_by":"3 Sentries","ascension_level":20}}