{"host":"56d873i5r3uhle0q","time":1610765571,"event":{"mods":["100% Spire Juice","Act Like it!","BaseMod","Block Reminder","Conspire","Gensokyo","Hermit","Marisa????????","Marked Mod","Minty Spire (QoL Compilation)","Replay The Spire","StSLib","The Animator","The Bug Knight","The Cursed","The Jungle","The Marked","The Servant 0.9.4","everything is the same but u backflip on backflip","vexMod"],"gold_per_floor":[214,214,234,164,180,180,33,33,33,33,33,33,44,361,379,394,394,491,491,505,518,146,146,165,165,165,165],"floor_reached":26,"language":"ENG","playtime":1106,"items_purged":["Eruption"],"score":200,"play_id":"673a3fbb-fb85-43cb-9a31-3dd828249cb4","local_time":"20210115195251","is_ascension_mode":false,"campfire_choices":[{"data":"MarkedMod:PinPointDefense","floor":6.0,"key":"SMITH"},{"data":"Replay:DivineShield","floor":8.0,"key":"SMITH"},{"floor":12.0,"key":"RECALL"},{"floor":17.0,"key":"REST"},{"floor":25,"key":"REST"}],"circlet_count":0,"master_deck":["Strike_P","Strike_P","Strike_P","Strike_P+1","Defend_P","Defend_P+1","Defend_P","Defend_P","Vigilance","Replay:DivineShield+1","MarkedMod:PinPointDefense+1","PathToVictory","Replay:ManipulateFuture+1","Nirvana+1"],"relics":["PureWater","Garlic","Incense Burner","Prayer Wheel","conspire:SlowCooker","Replay:Kaleidoscope"],"acts_visited":["Gensokyo:Gensokyo","Gensokyo:Gensokyoer"],"potions_floor_usage":[26],"damage_taken":[{"damage":3.0,"enemies":"Gensokyo:Python","floor":1.0,"turns":3.0},{"damage":0.0,"enemies":"Gensokyo:2_Kodama","floor":3.0,"turns":2.0},{"damage":4.0,"enemies":"Gensokyo:Gryphon","floor":5.0,"turns":5.0},{"damage":16.0,"enemies":"Gensokyo:LivingMonolith","floor":13.0,"turns":9.0},{"damage":24.0,"enemies":"Gensokyo:5_Fairies","floor":14.0,"turns":10.0},{"damage":4.0,"enemies":"Gensokyo:2_Rabbits","floor":15.0,"turns":5.0},{"damage":0.0,"enemies":"Gensokyo:LivingMonolith","floor":16.0,"turns":4.0},{"damage":41.0,"enemies":"Gensokyo:Reimu","floor":18.0,"turns":14.0},{"damage":8.0,"enemies":"Gensokyo:AngelMirror","floor":20.0,"turns":9.0},{"damage":7.0,"enemies":"Gensokyo:Chomper","floor":21.0,"turns":6.0},{"damage":45,"enemies":"Gensokyo:Swordslinger","floor":24,"turns":6},{"damage":53,"enemies":"Gensokyo:3_Gloops","floor":26,"turns":4}],"seed_played":"-4139857094526295305","potions_obtained":[{"floor":5.0,"key":"Energy Potion"},{"floor":14.0,"key":"Ancient Potion"},{"floor":18.0,"key":"Dexterity Potion"},{"floor":21.0,"key":"BottledMiracle"},{"floor":24,"key":"Regen Potion"}],"is_trial":false,"path_per_floor":["M","$","M","?","M","R","COS","R","PTL","PTL","T","R","M","M","M","M","R","B",null,"M","M","$","?","M","R","M"],"character_chosen":"WATCHER","items_purchased":["Replay:Kaleidoscope"],"campfire_rested":2,"item_purchase_floors":[22],"current_hp_per_floor":[69,69,69,69,65,65,65,65,65,65,65,65,49,25,21,21,42,1,72,64,57,57,64,19,40,0,0],"gold":165,"neow_bonus":"HUNDRED_GOLD","is_daily":false,"chose_seed":false,"campfire_upgraded":2,"win_rate":0.0,"timestamp":1610765571,"path_taken":["M","$","M","?","M","R","COS","R","PTL","PTL","T","R","M","M","M","M","R","BOSS","M","M","$","?","M","R","M"],"items_purchased_type":["Relic"],"build_version":"2020-12-22","purchased_purges":1,"victory":false,"max_hp_per_floor":[72,72,72,72,72,72,72,72,72,72,72,72,72,72,72,72,72,72,72,72,72,72,72,72,72,72,72],"card_choices":[{"not_picked":["FollowUp","Crescendo","Consecrate"],"picked":"SKIP","floor":1.0},{"not_picked":["WheelKick","Replay:ManipulateFuture"],"picked":"Replay:DivineShield","floor":3.0},{"not_picked":["Consecrate","FollowUp"],"picked":"MarkedMod:PinPointDefense","floor":5.0},{"not_picked":["EmptyFist","Replay:ManipulateFuture","Evaluate"],"picked":"SKIP","floor":13.0},{"not_picked":["Evaluate","Protect"],"picked":"PathToVictory","floor":14.0},{"not_picked":["Replay:Battleflow","BattleHymn","CrushJoints"],"picked":"SKIP","floor":15.0},{"not_picked":["Replay:LoomingThreat","Prostrate","FlyingSleeves"],"picked":"SKIP","floor":16.0},{"not_picked":["Evaluate","CrushJoints","FlurryOfBlows"],"picked":"SKIP","floor":16.0},{"not_picked":["Weave+1","InnerPeace"],"picked":"Replay:ManipulateFuture+1","floor":20.0},{"not_picked":["EmptyFist+1","WindmillStrike","MentalFortress"],"picked":"SKIP","floor":20.0},{"not_picked":["CrushJoints","CutThroughFate"],"picked":"Nirvana+1","floor":21.0},{"not_picked":["ReachHeaven","Prostrate","TalkToTheHand"],"picked":"SKIP","floor":21.0},{"not_picked":["Replay:Hum+1","Worship","Replay:Battleflow"],"picked":"SKIP","floor":24},{"not_picked":["EmptyBody","Worship+1","FearNoEvil"],"picked":"SKIP","floor":24}],"player_experience":527683,"relics_obtained":[{"floor":11.0,"key":"Garlic"}],"event_choices":[],"is_beta":false,"boss_relics":[{"not_picked":["vexMod:CursedCompass","Ectoplasm"],"picked":"conspire:SlowCooker"}],"items_purged_floors":[22],"is_endless":false,"potions_floor_spawned":[5,14,18,21,24],"killed_by":"Gensokyo:3_Gloops","ascension_level":0}}