{"host":"oehe2dxjvdgux73m","time":1610807259,"event":{"mods":["AchievementEnabler","BaseMod","Colored Map","Colored Powertips","DeckTracker","Keyboard Shortcuts","Minty Spire (QoL Compilation)","Permanent Neow","Quick Restart","StSLib","SuperFastMode"],"gold_per_floor":[110,110,123,123,136,136,166,166,189,189,77,94,110,124,124,198,248,265,276,276,276,276],"floor_reached":21,"language":"KOR","playtime":718,"items_purged":["Strike_G"],"score":353,"play_id":"a776ef5d-5666-4ea7-be06-936e718cb327","local_time":"20210116232739","is_ascension_mode":true,"campfire_choices":[{"data":"Neutralize","floor":6.0,"key":"SMITH"},{"floor":10.0,"key":"REST"},{"floor":15.0,"key":"REST"}],"circlet_count":0,"master_deck":["AscendersBane","Strike_G","Strike_G","Defend_G","Defend_G","Defend_G","Defend_G","Defend_G","Survivor+1","Neutralize+1","Choke","Dagger Spray+1","Cloak And Dagger","Blade Dance","Wraith Form v2","Accuracy","Calculated Gamble","Envenom","Backflip","Finisher","Crippling Poison"],"relics":["Ring of the Snake","Toy Ornithopter","Snake Skull","Omamori","Tiny House"],"acts_visited":["Exordium","TheCity"],"potions_floor_usage":[19],"damage_taken":[{"damage":9.0,"enemies":"Jaw Worm","floor":1.0,"turns":4.0},{"damage":1.0,"enemies":"Small Slimes","floor":3.0,"turns":4.0},{"damage":0.0,"enemies":"Cultist","floor":5.0,"turns":3.0},{"damage":31.0,"enemies":"3 Sentries","floor":7.0,"turns":8.0},{"damage":29.0,"enemies":"Gremlin Gang","floor":12.0,"turns":7.0},{"damage":0.0,"enemies":"Blue Slaver","floor":13.0,"turns":5.0},{"damage":6.0,"enemies":"Red Slaver","floor":14.0,"turns":4.0},{"damage":31.0,"enemies":"Slime Boss","floor":16.0,"turns":8.0},{"damage":13.0,"enemies":"3 Byrds","floor":18.0,"turns":4.0},{"damage":43,"enemies":"Spheric Guardian","floor":19,"turns":9},{"damage":18,"enemies":"3 Cultists","floor":21,"turns":3}],"seed_played":"4329753454955939681","potions_obtained":[{"floor":1.0,"key":"Fruit Juice"},{"floor":14.0,"key":"LiquidMemories"},{"floor":16.0,"key":"GamblersBrew"},{"floor":17.0,"key":"BlessingOfTheForge"},{"floor":18.0,"key":"BlessingOfTheForge"}],"is_trial":false,"path_per_floor":["M","?","M","?","M","R","E","?","T","R","$","M","M","M","R","B",null,"M","M","?","M"],"character_chosen":"THE_SILENT","items_purchased":["Accuracy"],"campfire_rested":2,"item_purchase_floors":[11],"current_hp_per_floor":[60,53,52,52,52,52,21,21,21,42,42,13,13,7,28,2,59,56,18,12,0,0],"gold":276,"neow_bonus":"RANDOM_COMMON_RELIC","is_daily":false,"chose_seed":false,"campfire_upgraded":1,"win_rate":0.0,"timestamp":1610807259,"path_taken":["M","?","M","?","M","R","E","?","T","R","$","M","?","M","R","BOSS","M","?","?","?"],"items_purchased_type":["Card"],"build_version":"2020-12-22","purchased_purges":1,"victory":false,"max_hp_per_floor":[71,71,71,71,71,71,71,71,71,71,71,71,71,71,71,71,76,76,76,76,76,76],"card_choices":[{"not_picked":["Tactician","Eviscerate"],"picked":"Choke","floor":1.0},{"not_picked":["Footwork","Concentrate"],"picked":"Dagger Spray","floor":3.0},{"not_picked":["Predator","Deflect"],"picked":"Cloak And Dagger","floor":5.0},{"not_picked":["Acrobatics","Distraction"],"picked":"Blade Dance","floor":7.0},{"not_picked":["Cloak And Dagger","Dagger Spray","Slice"],"picked":"SKIP","floor":12.0},{"not_picked":["Dodge and Roll","Poisoned Stab"],"picked":"Calculated Gamble","floor":13.0},{"not_picked":["Masterful Stab","Slice","Setup"],"picked":"SKIP","floor":14.0},{"not_picked":["Night Terror","Tools of the Trade"],"picked":"Envenom","floor":16.0},{"not_picked":["Outmaneuver","Flechettes"],"picked":"Backflip","floor":17.0},{"not_picked":["Dash","Dagger Throw"],"picked":"Finisher","floor":18.0},{"not_picked":["Eviscerate+1","Sucker Punch"],"picked":"Crippling Poison","floor":19}],"player_experience":238639,"relics_obtained":[{"floor":7.0,"key":"Snake Skull"},{"floor":9.0,"key":"Omamori"}],"event_choices":[{"cards_removed":["Strike_G"],"damage_healed":0.0,"max_hp_gain":0.0,"max_hp_loss":0.0,"gold_gain":0.0,"event_name":"Golden Wing","player_choice":"Card Removal","floor":2.0,"gold_loss":0.0,"damage_taken":7.0},{"damage_healed":0.0,"max_hp_gain":0.0,"max_hp_loss":0.0,"gold_gain":0.0,"event_name":"Living Wall","player_choice":"Grow","floor":4.0,"gold_loss":0.0,"damage_taken":0.0,"cards_upgraded":["Dagger Spray"]},{"damage_healed":0.0,"max_hp_gain":0.0,"max_hp_loss":0.0,"gold_gain":0.0,"cards_transformed":["Strike_G"],"event_name":"Transmorgrifier","player_choice":"Transformed","floor":8.0,"gold_loss":0.0,"damage_taken":0.0,"cards_obtained":["Wraith Form v2"]},{"damage_healed":0,"gold_gain":0,"player_choice":"","damage_taken":6,"max_hp_gain":0,"max_hp_loss":0,"event_name":"Knowing Skull","floor":20,"potions_obtained":[],"gold_loss":0,"cards_obtained":[]}],"is_beta":false,"boss_relics":[{"not_picked":["Fusion Hammer","Snecko Eye"],"picked":"Tiny House"}],"items_purged_floors":[11],"is_endless":false,"potions_floor_spawned":[1,14,16,18],"killed_by":"3 Cultists","ascension_level":19}}