{"host":"zekcc3vicrep0och","time":1610804227,"event":{"mods":["AchievementEnabler","BaseMod","Colored Map","Colored Powertips","Displayed Cursed Tome","Highlight Path","Minty Spire (QoL Compilation)","Quick Restart","Relic Stats","StSLib","The Cursed"],"gold_per_floor":[369,419,436,511,47,380,380,408,408,408,426,439,439,43,43,121,121,139,189,209,209,124,155,155,189,189,219,219,246,246,246,246,322,322,342,342,39,39,64,107,116,144,204,230,230,245,293,253,253,253],"floor_reached":51,"language":"ENG","playtime":1879,"items_purged":["Strike_B"],"score":1716,"play_id":"85efba02-d04d-497d-853c-c09bf2183533","local_time":"20210116163707","is_ascension_mode":true,"campfire_choices":[{"floor":10.0,"key":"REST"},{"data":"Lockon","floor":15.0,"key":"SMITH"},{"floor":24.0,"key":"REST"},{"floor":32.0,"key":"REST"},{"data":"Reboot","floor":45.0,"key":"SMITH"},{"floor":49.0,"key":"REST"}],"circlet_count":0,"master_deck":["AscendersBane","Defend_B","Defend_B","Defend_B","Zap","Dualcast","Rebound","Coolheaded","Seek","Lockon+1","Conserve Battery","Loop+1","Doom and Gloom","Biased Cognition+1","Core Surge+1","Scrape+1","Reinforced Body+1","Chill+1","FTL+1","Ball Lightning+1","Reboot+1","White Noise","Writhe","Seek","Electrodynamics+1","Tempest+1","Finesse","Master of Strategy","Jack Of All Trades","Self Repair+1","Heatsinks+1","Streamline+1","Shame","Injury","Glacier+1"],"relics":["Cracked Core","DataDisk","Lee\u0027s Waffle","Old Coin","Tiny Chest","Ice Cream","Frozen Egg 2","Juzu Bracelet","Astrolabe","WingedGreaves","Boot","Lantern","Torii","Bronze Scales","Bottled Flame","Cables","Letter Opener","StrikeDummy","Cursed Key","Strange Spoon","Prayer Wheel","CeramicFish","Meat on the Bone","Mercury Hourglass","Centennial Puzzle","Shovel"],"acts_visited":["Exordium","TheCity","TheBeyond"],"potions_floor_usage":[50],"damage_taken":[{"damage":7.0,"enemies":"Small Slimes","floor":1.0,"turns":3.0},{"damage":2.0,"enemies":"Cultist","floor":3.0,"turns":4.0},{"damage":26.0,"enemies":"Gremlin Nob","floor":6.0,"turns":4.0},{"damage":16.0,"enemies":"Lagavulin","floor":8.0,"turns":7.0},{"damage":0.0,"enemies":"2 Louse","floor":11.0,"turns":2.0},{"damage":6.0,"enemies":"Red Slaver","floor":12.0,"turns":3.0},{"damage":17.0,"enemies":"Slime Boss","floor":16.0,"turns":6.0},{"damage":4.0,"enemies":"Spheric Guardian","floor":18.0,"turns":3.0},{"damage":4.0,"enemies":"3 Byrds","floor":20.0,"turns":6.0},{"damage":16.0,"enemies":"Book of Stabbing","floor":23.0,"turns":3.0},{"damage":13.0,"enemies":"Slavers","floor":25.0,"turns":7.0},{"damage":0.0,"enemies":"Book of Stabbing","floor":27.0,"turns":3.0},{"damage":0.0,"enemies":"Gremlin Leader","floor":29.0,"turns":4.0},{"damage":62.0,"enemies":"Automaton","floor":33.0,"turns":10.0},{"damage":0.0,"enemies":"Orb Walker","floor":35.0,"turns":3.0},{"damage":0.0,"enemies":"Mind Bloom Boss Battle","floor":39.0,"turns":4.0},{"damage":0.0,"enemies":"Reptomancer","floor":40.0,"turns":4.0},{"damage":23.0,"enemies":"Giant Head","floor":42.0,"turns":9.0},{"damage":0.0,"enemies":"3 Darklings","floor":44.0,"turns":2.0},{"damage":0.0,"enemies":"4 Shapes","floor":46.0,"turns":2.0},{"damage":1.0,"enemies":"2 Orb Walkers","floor":47.0,"turns":2.0},{"damage":84,"enemies":"Awakened One","floor":50,"turns":12}],"seed_played":"7372554420988167481","potions_obtained":[{"floor":1.0,"key":"SmokeBomb"},{"floor":11.0,"key":"Fire Potion"},{"floor":25.0,"key":"PowerPotion"},{"floor":27.0,"key":"Swift Potion"},{"floor":39.0,"key":"DistilledChaos"},{"floor":40.0,"key":"AttackPotion"},{"floor":42.0,"key":"Fire Potion"},{"floor":48.0,"key":"FairyPotion"}],"is_trial":false,"path_per_floor":["M","?","M","?","$","E","?","E","T","R","M","M","?","$","R","B",null,"M","?","M","T","?","E","R","E","T","E","?","E","?","T","R","B",null,"M","?","$","?","?","E","T","E","T","M","R","M","?","?","R","B",null],"character_chosen":"DEFECT","items_purchased":["DataDisk","Lee\u0027s Waffle","Fire Potion","Juzu Bracelet","Loop+1","Doom and Gloom","EntropicBrew","Self Repair+1","Strange Spoon","PowerPotion"],"campfire_rested":4,"item_purchase_floors":[5,5,5,14,14,14,14,37,37,37],"current_hp_per_floor":[57,51,49,38,71,45,45,29,29,50,50,44,44,44,44,27,60,56,56,52,52,52,36,57,44,44,44,44,44,44,44,65,3,54,54,44,44,44,54,64,64,51,51,51,51,51,50,50,67,17],"gold":253,"neow_bonus":"TWO_FIFTY_GOLD","is_daily":false,"chose_seed":false,"campfire_upgraded":2,"win_rate":0.0,"timestamp":1610804227,"path_taken":["M","?","?","?","$","E","?","E","T","R","?","M","?","$","R","BOSS","M","?","M","?","?","E","R","E","T","E","?","E","?","?","R","BOSS","M","?","$","?","?","E","?","E","T","M","R","M","?","?","R","BOSS"],"items_purchased_type":["Relic","Relic","Potion","Relic","Card","Card","Potion","Card","Relic","Potion"],"build_version":"2020-12-22","purchased_purges":1,"victory":true,"max_hp_per_floor":[64,64,64,64,71,71,71,71,71,71,71,71,71,71,71,71,71,71,71,71,71,71,71,71,71,71,71,71,71,71,71,71,71,71,71,71,71,67,67,67,67,67,67,67,67,67,67,67,67,67],"relic_stats":{"Lee\u0027s Waffle":33,"Torii":12,"counters":[22,101],"Astrolabe":["Core Surge","Scrape","Reinforced Body"],"CeramicFish":36,"Juzu Bracelet":2,"Letter Opener":[184],"Boot":[5],"Cursed Key":2,"Cables":[43,21,18,4,0],"Mercury Hourglass":[87],"Strange Spoon":[29],"Centennial Puzzle":[6],"Shovel":0,"Bronze Scales":[150],"Tiny Chest":3,"Prayer Wheel":2,"obtain_stats":[{"Ice Cream":8,"Lantern":23,"Torii":25,"CeramicFish":40,"Juzu Bracelet":14,"Boot":22,"Cursed Key":34,"Old Coin":6,"Centennial Puzzle":43,"Shovel":47,"Tiny Chest":7,"Prayer Wheel":39,"WingedGreaves":21,"Cracked Core":0,"Lee\u0027s Waffle":5,"Astrolabe":17,"Letter Opener":29,"Frozen Egg 2":9,"Cables":28,"Mercury Hourglass":42,"Strange Spoon":37,"DataDisk":5,"Bottled Flame":27,"Bronze Scales":26,"StrikeDummy":31,"Meat on the Bone":41},{"Ice Cream":4,"Lantern":10,"Torii":11,"CeramicFish":17,"Juzu Bracelet":6,"Boot":9,"Cursed Key":14,"Old Coin":3,"Centennial Puzzle":18,"Shovel":21,"Tiny Chest":3,"Prayer Wheel":16,"WingedGreaves":9,"Cracked Core":0,"Lee\u0027s Waffle":2,"Astrolabe":7,"Letter Opener":13,"Frozen Egg 2":4,"Cables":12,"Mercury Hourglass":18,"Strange Spoon":15,"DataDisk":2,"Bottled Flame":12,"Bronze Scales":11,"StrikeDummy":13,"Meat on the Bone":17},{"Ice Cream":18,"Lantern":41,"Torii":48,"CeramicFish":74,"Juzu Bracelet":23,"Boot":38,"Cursed Key":64,"Old Coin":11,"Centennial Puzzle":83,"Shovel":89,"Tiny Chest":11,"Prayer Wheel":71,"WingedGreaves":38,"Cracked Core":0,"Lee\u0027s Waffle":7,"Astrolabe":29,"Letter Opener":54,"Frozen Egg 2":18,"Cables":51,"Mercury Hourglass":83,"Strange Spoon":67,"DataDisk":7,"Bottled Flame":51,"Bronze Scales":48,"StrikeDummy":54,"Meat on the Bone":74}],"Meat on the Bone":12},"card_choices":[{"not_picked":["Turbo","Heatsinks"],"picked":"Rebound","floor":1.0},{"not_picked":["Rebound","Hologram"],"picked":"Coolheaded","floor":3.0},{"not_picked":["Redo","Compile Driver"],"picked":"Seek","floor":6.0},{"not_picked":["Aggregate","Compile Driver","Chaos"],"picked":"SKIP","floor":8.0},{"not_picked":["Stack","Barrage"],"picked":"Lockon","floor":11.0},{"not_picked":["Redo","Stack"],"picked":"Conserve Battery","floor":12.0},{"not_picked":["Reboot","Amplify"],"picked":"Biased Cognition+1","floor":16.0},{"not_picked":["Double Energy","Go for the Eyes+1"],"picked":"Chill+1","floor":18.0},{"not_picked":["Sweeping Beam","Streamline"],"picked":"FTL+1","floor":20.0},{"not_picked":["Melter","Redo"],"picked":"Ball Lightning+1","floor":23.0},{"not_picked":["Sweeping Beam","Ball Lightning+1"],"picked":"Reboot","floor":25.0},{"not_picked":["Rebound","BootSequence"],"picked":"White Noise","floor":27.0},{"not_picked":["Streamline","Go for the Eyes"],"picked":"Seek","floor":29.0},{"not_picked":["All For One","Fission"],"picked":"Electrodynamics+1","floor":33.0},{"not_picked":["Barrage","Hologram"],"picked":"Tempest+1","floor":35.0},{"not_picked":["HandOfGreed","Trip"],"picked":"Finesse","floor":36.0},{"not_picked":["Good Instincts","Discovery"],"picked":"Master of Strategy","floor":36.0},{"not_picked":["Madness","Mind Blast"],"picked":"Jack Of All Trades","floor":36.0},{"not_picked":["Skim","Reprogram+1"],"picked":"Heatsinks+1","floor":39.0},{"not_picked":["Biased Cognition+1","Melter"],"picked":"Streamline+1","floor":40.0},{"not_picked":["Lockon","Ball Lightning","Steam"],"picked":"SKIP","floor":42.0},{"not_picked":["Cold Snap","Reinforced Body"],"picked":"Glacier+1","floor":44.0},{"not_picked":["Hologram","Rip and Tear+1","Sweeping Beam"],"picked":"SKIP","floor":44.0},{"not_picked":["Leap","Coolheaded","Doom and Gloom"],"picked":"SKIP","floor":46.0},{"not_picked":["Sweeping Beam","Ball Lightning","Redo"],"picked":"SKIP","floor":46.0}],"player_experience":534045,"relics_obtained":[{"floor":6.0,"key":"Old Coin"},{"floor":8.0,"key":"Ice Cream"},{"floor":9.0,"key":"Frozen Egg 2"},{"floor":21.0,"key":"WingedGreaves"},{"floor":23.0,"key":"Lantern"},{"floor":25.0,"key":"Torii"},{"floor":26.0,"key":"Bronze Scales"},{"floor":27.0,"key":"Bottled Flame"},{"floor":29.0,"key":"Letter Opener"},{"floor":31.0,"key":"StrikeDummy"},{"floor":39.0,"key":"Prayer Wheel"},{"floor":40.0,"key":"CeramicFish"},{"floor":41.0,"key":"Meat on the Bone"},{"floor":42.0,"key":"Mercury Hourglass"},{"floor":43.0,"key":"Centennial Puzzle"},{"floor":47.0,"key":"Shovel"}],"event_choices":[{"damage_healed":0.0,"max_hp_gain":0.0,"max_hp_loss":0.0,"gold_gain":50.0,"event_name":"FaceTrader","player_choice":"Touch","floor":2.0,"gold_loss":0.0,"damage_taken":6.0},{"damage_healed":0.0,"max_hp_gain":0.0,"max_hp_loss":0.0,"gold_gain":75.0,"event_name":"World of Goop","player_choice":"Gather Gold","floor":4.0,"gold_loss":0.0,"damage_taken":11.0},{"damage_healed":0.0,"max_hp_gain":0.0,"max_hp_loss":0.0,"gold_gain":0.0,"event_name":"WeMeetAgain","player_choice":"Gave Potion","floor":7.0,"gold_loss":0.0,"damage_taken":0.0,"relics_obtained":["Tiny Chest"]},{"cards_removed":["Strike_B"],"damage_healed":0.0,"max_hp_gain":0.0,"max_hp_loss":0.0,"gold_gain":0.0,"event_name":"Purifier","player_choice":"Purged","floor":13.0,"gold_loss":0.0,"damage_taken":0.0},{"damage_healed":0.0,"max_hp_gain":0.0,"max_hp_loss":0.0,"gold_gain":50.0,"event_name":"Nest","player_choice":"Stole From Cult","floor":19.0,"gold_loss":0.0,"damage_taken":0.0},{"damage_healed":0.0,"max_hp_gain":0.0,"max_hp_loss":0.0,"gold_gain":0.0,"event_name":"Addict","player_choice":"Obtained Relic","floor":22.0,"gold_loss":85.0,"damage_taken":0.0,"relics_obtained":["Boot"]},{"damage_healed":0.0,"max_hp_gain":0.0,"max_hp_loss":0.0,"gold_gain":0.0,"event_name":"The Mausoleum","player_choice":"Opened","floor":28.0,"gold_loss":0.0,"damage_taken":0.0,"relics_obtained":["Cables"],"cards_obtained":["Writhe"]},{"damage_healed":0.0,"max_hp_gain":0.0,"max_hp_loss":0.0,"gold_gain":0.0,"event_name":"Vampires","player_choice":"Ignored","floor":30.0,"gold_loss":0.0,"damage_taken":0.0},{"damage_healed":0.0,"max_hp_gain":0.0,"max_hp_loss":0.0,"gold_gain":0.0,"event_name":"SensoryStone","player_choice":"Memory 3","floor":36.0,"gold_loss":0.0,"damage_taken":10.0},{"damage_healed":0.0,"max_hp_gain":0.0,"max_hp_loss":4.0,"gold_gain":0.0,"event_name":"Winding Halls","player_choice":"Max HP","floor":38.0,"gold_loss":0.0,"damage_taken":0.0},{"damage_healed":0.0,"max_hp_gain":0.0,"max_hp_loss":0.0,"gold_gain":0.0,"event_name":"MindBloom","player_choice":"Fight","floor":39.0,"gold_loss":0.0,"damage_taken":0.0},{"damage_healed":0.0,"max_hp_gain":0.0,"max_hp_loss":0.0,"gold_gain":0.0,"event_name":"Mysterious Sphere","player_choice":"Fight","floor":47.0,"gold_loss":0.0,"damage_taken":0.0},{"damage_healed":0.0,"max_hp_gain":0.0,"max_hp_loss":0.0,"gold_gain":0.0,"event_name":"The Woman in Blue","player_choice":"Bought 3 Potions","floor":48.0,"gold_loss":0.0,"damage_taken":0.0}],"is_beta":false,"boss_relics":[{"not_picked":["FrozenCore","Snecko Eye"],"picked":"Astrolabe"},{"not_picked":["Busted Crown","SlaversCollar"],"picked":"Cursed Key"}],"items_purged_floors":[5],"is_endless":false,"potions_floor_spawned":[1,11,25,27,39,40,42,44],"ascension_level":17}}