{"host":"19t2eyow02s954g8","time":1610804375,"event":{"mods":["BaseMod","Colored Map","DeckTracker","Minty Spire (QoL Compilation)","StSLib","SuperFastMode"],"gold_per_floor":[112,1,1,1,1,1,13,44,44,79,92,35,51,70,70,148,148,177,208,238,150,150,150,150,150],"floor_reached":24,"language":"KOR","playtime":578,"items_purged":["Strike_G","Strike_G"],"score":562,"play_id":"7c293716-1da6-499a-8231-896e3de34a8b","local_time":"20210116223935","is_ascension_mode":true,"campfire_choices":[{"data":"Neutralize","floor":6,"key":"SMITH"},{"data":"Cloak And Dagger","floor":15,"key":"SMITH"},{"floor":23,"key":"REST"}],"circlet_count":0,"master_deck":["AscendersBane","Strike_G","Strike_G","Defend_G","Defend_G","Defend_G+1","Defend_G","Defend_G","Survivor","Neutralize+1","Bouncing Flask","Noxious Fumes","Footwork","Cloak And Dagger+1","Cloak And Dagger+1","Blade Dance","Corpse Explosion","CurseOfTheBell","Footwork"],"relics":["Ring of the Snake","NeowsBlessing","PreservedInsect","War Paint","Mercury Hourglass","Happy Flower","Calling Bell","MawBank","Singing Bowl","Turnip"],"acts_visited":["Exordium","TheCity"],"potions_floor_usage":[16,18,18,24,24],"damage_taken":[{"damage":0,"enemies":"Cultist","floor":1,"turns":1},{"damage":0,"enemies":"Jaw Worm","floor":7,"turns":1},{"damage":0,"enemies":"3 Sentries","floor":8,"turns":1},{"damage":0,"enemies":"Lagavulin","floor":10,"turns":6},{"damage":0,"enemies":"Small Slimes","floor":11,"turns":3},{"damage":0,"enemies":"Gremlin Gang","floor":13,"turns":5},{"damage":10,"enemies":"Large Slime","floor":14,"turns":5},{"damage":28,"enemies":"Slime Boss","floor":16,"turns":7},{"damage":20,"enemies":"2 Thieves","floor":18,"turns":3},{"damage":18,"enemies":"Shell Parasite","floor":19,"turns":7},{"damage":13,"enemies":"Centurion and Healer","floor":20,"turns":6},{"damage":28,"enemies":"Gremlin Leader","floor":24,"turns":5}],"seed_played":"2206055681290057695","potions_obtained":[{"floor":1,"key":"Explosive Potion"},{"floor":11,"key":"EntropicBrew"},{"floor":20,"key":"Regen Potion"}],"is_trial":false,"path_per_floor":["M","$","?","$","?","R","M","E","T","E","M","$","M","M","R","B",null,"M","M","M","$","?","R","E"],"character_chosen":"THE_SILENT","items_purchased":["Noxious Fumes","SteroidPotion"],"campfire_rested":1,"item_purchase_floors":[2,12],"current_hp_per_floor":[59,59,52,52,52,52,52,52,52,52,52,52,52,42,42,14,53,35,19,6,6,6,27,13,13],"gold":150,"neow_bonus":"THREE_ENEMY_KILL","is_daily":false,"chose_seed":false,"campfire_upgraded":2,"win_rate":0.0,"timestamp":1610804375,"path_taken":["M","?","?","?","?","R","M","E","T","E","M","$","M","M","R","BOSS","M","M","?","$","?","R","E"],"items_purchased_type":["Card","Potion"],"build_version":"2020-12-22","purchased_purges":2,"victory":false,"max_hp_per_floor":[66,66,66,66,66,66,66,66,66,66,66,66,66,66,66,66,66,68,70,70,70,70,70,70,70],"card_choices":[{"not_picked":["PiercingWail","Prepared"],"picked":"Bouncing Flask","floor":1},{"not_picked":["Sucker Punch","Expertise"],"picked":"Footwork","floor":7},{"not_picked":["Underhanded Strike","Deflect"],"picked":"Cloak And Dagger","floor":8},{"not_picked":["Outmaneuver","Unload"],"picked":"Cloak And Dagger","floor":10},{"not_picked":["Prepared","Sucker Punch"],"picked":"Blade Dance","floor":11},{"not_picked":["Quick Slash","Dagger Throw","Dash"],"picked":"SKIP","floor":13},{"not_picked":["Eviscerate","Quick Slash","Skewer"],"picked":"SKIP","floor":14},{"not_picked":["Grand Finale","Wraith Form v2"],"picked":"Corpse Explosion","floor":16},{"not_picked":["Terror","Endless Agony","Cloak And Dagger"],"picked":"Singing Bowl","floor":18},{"not_picked":["Flying Knee","Endless Agony","Die Die Die"],"picked":"Singing Bowl","floor":19},{"not_picked":["Acrobatics","Deadly Poison"],"picked":"Footwork","floor":20}],"player_experience":4291582,"relics_obtained":[{"floor":8,"key":"War Paint"},{"floor":9,"key":"Mercury Hourglass"},{"floor":10,"key":"Happy Flower"},{"floor":17,"key":"MawBank"},{"floor":17,"key":"Singing Bowl"},{"floor":17,"key":"Turnip"}],"event_choices":[{"cards_removed":["Strike_G"],"damage_healed":0,"gold_gain":0,"player_choice":"Card Removal","damage_taken":7,"max_hp_gain":0,"max_hp_loss":0,"event_name":"Golden Wing","floor":3,"gold_loss":0},{"damage_healed":0,"gold_gain":0,"player_choice":"Gave Potion","damage_taken":0,"relics_obtained":["PreservedInsect"],"max_hp_gain":0,"max_hp_loss":0,"event_name":"WeMeetAgain","floor":5,"gold_loss":0},{"damage_healed":0,"gold_gain":0,"player_choice":"Ignored","damage_taken":0,"max_hp_gain":0,"max_hp_loss":0,"event_name":"Cursed Tome","floor":22,"gold_loss":0}],"is_beta":false,"boss_relics":[{"not_picked":["Runic Dome","HoveringKite"],"picked":"Calling Bell"}],"items_purged_floors":[2,21],"is_endless":false,"potions_floor_spawned":[1,11,13,20],"killed_by":"Gremlin Leader","ascension_level":20}}