{"host":"qjv9b7mze4c73keh","time":1610775411,"event":{"mods":["BaseMod","Minty Spire (QoL Compilation)"],"gold_per_floor":[114,64,75,75,75,75,105,105,105,30,48,48,68,68,68,68,68],"floor_reached":16,"language":"RUS","playtime":892,"items_purged":["Strike_R"],"score":98,"play_id":"2ca2446e-3a84-42d1-b4f6-410d8477d381","local_time":"20210116103651","is_ascension_mode":false,"campfire_choices":[{"data":"Defend_R","floor":6,"key":"SMITH"},{"data":"Body Slam","floor":8,"key":"SMITH"},{"floor":12,"key":"REST"},{"data":"Armaments","floor":15,"key":"SMITH"}],"circlet_count":0,"master_deck":["Strike_R","Strike_R","Strike_R","Strike_R","Defend_R","Defend_R","Defend_R","Defend_R+1","Body Slam+1","Armaments+1"],"relics":["Burning Blood","Thread and Needle","Meat on the Bone","Incense Burner"],"acts_visited":["Exordium"],"potions_floor_usage":[],"damage_taken":[{"damage":3,"enemies":"Cultist","floor":1,"turns":5},{"damage":6,"enemies":"Jaw Worm","floor":3,"turns":5},{"damage":44,"enemies":"3 Sentries","floor":7,"turns":16},{"damage":0,"enemies":"2 Louse","floor":11,"turns":3},{"damage":8,"enemies":"Gremlin Gang","floor":13,"turns":5},{"damage":129,"enemies":"Slime Boss","floor":16,"turns":25}],"seed_played":"-3885778456911818051","potions_obtained":[{"floor":3,"key":"FairyPotion"},{"floor":7,"key":"Energy Potion"}],"is_trial":false,"path_per_floor":["M","?","M","T","?","R","E","R","T","$","M","R","M","?","R","B"],"character_chosen":"IRONCLAD","items_purchased":[],"campfire_rested":1,"item_purchase_floors":[],"current_hp_per_floor":[88,88,88,88,88,88,50,50,50,50,56,82,80,80,80,0,0],"gold":68,"neow_bonus":"TEN_PERCENT_HP_BONUS","is_daily":false,"chose_seed":false,"campfire_upgraded":3,"win_rate":0.0,"timestamp":1610775411,"path_taken":["M","?","M","?","?","R","E","R","T","$","?","R","M","?","R","BOSS"],"items_purchased_type":[],"build_version":"2020-12-22","purchased_purges":1,"victory":false,"max_hp_per_floor":[88,88,88,88,88,88,88,88,88,88,88,88,88,88,88,88,88],"card_choices":[{"not_picked":["Iron Wave","Havoc","Clothesline"],"picked":"SKIP","floor":1},{"not_picked":["Evolve","Cleave","Power Through"],"picked":"SKIP","floor":3},{"not_picked":["Sword Boomerang","Reckless Charge"],"picked":"Body Slam","floor":7},{"not_picked":["Flex","Heavy Blade","Exhume"],"picked":"SKIP","floor":11},{"not_picked":["Twin Strike","Anger"],"picked":"Armaments","floor":13}],"player_experience":85000,"relics_obtained":[{"floor":4,"key":"Thread and Needle"},{"floor":7,"key":"Meat on the Bone"},{"floor":9,"key":"Incense Burner"}],"event_choices":[{"cards_removed":["Bash"],"damage_healed":0,"gold_gain":0,"player_choice":"Card Removal","damage_taken":0,"max_hp_gain":0,"max_hp_loss":0,"event_name":"The Cleric","floor":2,"gold_loss":50},{"damage_healed":0,"gold_gain":0,"player_choice":"0 cards matched","damage_taken":0,"max_hp_gain":0,"max_hp_loss":0,"event_name":"Match and Keep!","floor":5,"gold_loss":0,"cards_obtained":[]},{"damage_healed":0,"gold_gain":0,"player_choice":"Ignored","damage_taken":0,"max_hp_gain":0,"max_hp_loss":0,"event_name":"Shining Light","floor":14,"gold_loss":0}],"is_beta":false,"boss_relics":[],"items_purged_floors":[10],"is_endless":false,"potions_floor_spawned":[3,7],"killed_by":"Slime Boss","ascension_level":0}}