{"host":"krqozg1tp0zpuvz3","time":1610795037,"event":{"mods":["AchievementEnabler","BaseMod","Colored Map","DeckTracker","Keyboard Shortcuts","Minty Spire (QoL Compilation)","Relic Stats","Shop Mod","SuperFastMode"],"gold_per_floor":[110,124,98,112,112,112,112,112,139,31,45,61,61,22,22,150,150,168,184,184,84,109,142,142,142,167,187,187,187,198,55,55,152,152,167,179,179,196,71,71,105,118,172,172,172,172,190,205,205,205],"floor_reached":51,"language":"KOR","playtime":6199,"items_purged":["Strike_P","Strike_P","Strike_P"],"score":893,"play_id":"d50d3f9d-8624-4959-946d-39e78cb8db90","local_time":"20210116200357","is_ascension_mode":true,"campfire_choices":[{"floor":6.0,"key":"REST"},{"data":"Eruption","floor":8.0,"key":"SMITH"},{"data":"Adaptation","floor":15.0,"key":"SMITH"},{"floor":25,"key":"REST"},{"floor":29,"key":"REST"},{"floor":32,"key":"REST"},{"floor":40,"key":"REST"},{"data":"Adaptation","floor":44,"key":"SMITH"},{"floor":46,"key":"REST"},{"data":"Master of Strategy","floor":49,"key":"SMITH"}],"circlet_count":0,"master_deck":["Defend_P","Defend_P","Defend_P","Eruption+1","Vigilance","Adaptation+1","FlurryOfBlows","Halt","Master of Strategy+1","FearNoEvil","Adaptation+1","Crescendo","MentalFortress","ForeignInfluence","ClearTheMind+1","Collect","Wireheading","Tantrum","ClearTheMind+1","EmptyMind","Tantrum","Adaptation","TalkToTheHand","InnerPeace+1"],"relics":["PureWater","FossilizedHelix","Toy Ornithopter","Bloody Idol","Torii","Centennial Puzzle","VioletLotus","Pantograph","Bronze Scales","Orrery","SlaversCollar","Letter Opener","Akabeko"],"acts_visited":["Exordium","TheCity","TheBeyond"],"potions_floor_usage":[33,33,33,33,33,50],"damage_taken":[{"damage":0.0,"enemies":"Small Slimes","floor":1.0,"turns":3.0},{"damage":8.0,"enemies":"2 Louse","floor":2.0,"turns":2.0},{"damage":0.0,"enemies":"Cultist","floor":4.0,"turns":3.0},{"damage":0.0,"enemies":"2 Fungi Beasts","floor":11.0,"turns":2.0},{"damage":0.0,"enemies":"3 Louse","floor":12.0,"turns":2.0},{"damage":20.0,"enemies":"The Guardian","floor":16.0,"turns":9.0},{"damage":0,"enemies":"Chosen","floor":18,"turns":4},{"damage":23,"enemies":"Spheric Guardian","floor":19,"turns":4},{"damage":6,"enemies":"Shelled Parasite and Fungi","floor":22,"turns":3},{"damage":23,"enemies":"Book of Stabbing","floor":23,"turns":5},{"damage":8,"enemies":"Snake Plant","floor":27,"turns":3},{"damage":0,"enemies":"Centurion and Healer","floor":30,"turns":4},{"damage":24,"enemies":"Automaton","floor":33,"turns":5},{"damage":67,"enemies":"3 Darklings","floor":35,"turns":3},{"damage":7,"enemies":"Orb Walker","floor":36,"turns":3},{"damage":14,"enemies":"Sphere and 2 Shapes","floor":38,"turns":6},{"damage":0,"enemies":"Giant Head","floor":41,"turns":3},{"damage":16,"enemies":"Jaw Worm Horde","floor":42,"turns":3},{"damage":0,"enemies":"Spire Growth","floor":47,"turns":2},{"damage":0,"enemies":"Sphere and 2 Shapes","floor":48,"turns":2},{"damage":21,"enemies":"Awakened One","floor":50,"turns":4}],"seed_played":"1477524536784231953","potions_obtained":[{"floor":1.0,"key":"BlessingOfTheForge"},{"floor":12.0,"key":"GamblersBrew"},{"floor":27,"key":"EntropicBrew"},{"floor":35,"key":"BottledMiracle"},{"floor":47,"key":"FearPotion"},{"floor":48,"key":"BottledMiracle"}],"is_trial":false,"path_per_floor":["M","M","?","M","?","R","?","R","T","$","M","M","$","$","R","B",null,"M","M","?","$","M","E","?","R","T","M","?","R","M","$","R","B",null,"M","M","?","M","$","R","E","M","T","R","?","R","M","M","R","B",null],"character_chosen":"WATCHER","items_purchased":["Adaptation","FlurryOfBlows","Halt","Master of Strategy","Toy Ornithopter","FairyPotion","Adaptation","Crescendo","ForeignInfluence","Orrery"],"campfire_rested":6,"item_purchase_floors":[0,0,0,0,0,0,10,10,14,31],"current_hp_per_floor":[33,25,25,25,25,45,45,45,45,45,45,45,45,45,45,25,57,57,34,34,34,28,5,5,25,25,17,17,37,42,42,62,48,62,25,23,23,14,14,33,38,27,32,32,32,51,56,61,61,43],"gold":205,"neow_bonus":"","is_daily":false,"chose_seed":false,"campfire_upgraded":4,"win_rate":0.0,"timestamp":1610795037,"path_taken":["M","M","?","M","?","R","?","R","T","$","M","M","?","$","R","BOSS","M","M","?","$","M","E","?","R","T","M","?","R","M","?","R","BOSS","M","M","?","M","$","R","E","M","T","R","?","R","M","M","R","BOSS"],"items_purchased_type":["Card","Card","Card","Card","Relic","Potion","Card","Card","Card","Relic"],"build_version":"2020-12-22","purchased_purges":3,"victory":true,"max_hp_per_floor":[72,72,72,72,67,67,67,67,67,67,67,67,67,67,67,67,67,67,67,67,67,67,67,67,67,67,67,67,67,67,67,67,67,67,67,67,64,64,64,64,64,64,64,64,64,64,64,64,64,64],"relic_stats":{"Centennial Puzzle":[33],"Torii":17,"counters":[265,763],"Bloody Idol":50,"Pantograph":8,"Bronze Scales":[102],"VioletLotus":[85],"Letter Opener":[134],"obtain_stats":[{"Ice Cream":13,"Tiny House":17,"Gremlin Horn":26,"CeramicFish":43,"Vajra":38,"Ginger":48,"Bottled Tornado":10,"Boot":6,"Sling":0,"Sozu":17,"Blood Vial":0,"Lizard Tail":0,"Centennial Puzzle":9,"HornCleat":30,"Sundial":22,"DollysMirror":0,"MealTicket":19,"Prayer Wheel":0,"VioletLotus":34,"HandDrill":0,"Kunai":42,"Toxic Egg 2":9,"Girya":36,"Pear":26,"Happy Flower":0,"Astrolabe":17,"Dead Branch":0,"Blue Candle":26,"Pen Nib":0,"Letter Opener":0,"War Paint":0,"Question Card":0,"Akabeko":43,"SlaversCollar":34,"Bottled Flame":43,"Shuriken":0,"Bird Faced Urn":0,"Bronze Scales":26,"Unceasing Top":7,"Pocketwatch":0,"Darkstone Periapt":26,"Regal Pillow":42,"Lantern":20,"Torii":44,"Singing Bowl":9,"Melange":0,"Mango":9,"StoneCalendar":0,"Yang":24,"Incense Burner":0,"Bag of Preparation":0,"Juzu Bracelet":42,"Cursed Key":34,"Empty Cage":34,"Frozen Eye":0,"Nunchaku":6,"Dream Catcher":36,"TheAbacus":38,"Mummified Hand":7,"Gambling Chip":0,"Pantograph":23,"WingedGreaves":0,"Red Mask":21,"InkBottle":9,"Lee\u0027s Waffle":0,"Golden Idol":3,"PreservedInsect":13,"betterThird:NestCultRelic":22,"Omamori":43,"Frozen Egg 2":24,"Orichalcum":9,"Odd Mushroom":10,"GoldenEye":0,"White Beast Statue":9,"Mercury Hourglass":9,"Peace Pipe":46,"Strange Spoon":48,"Cauldron":0,"Anchor":0,"CaptainsWheel":0,"Busted Crown":34,"Ornamental Fan":39,"Bloody Idol":28,"Orrery":19,"HolyWater":34,"Turnip":41,"Bag of Marbles":0,"Coffee Dripper":34,"PureWater":0,"FossilizedHelix":11,"TungstenRod":0,"Toy Ornithopter":7},{"Ice Cream":66,"Tiny House":29,"Gremlin Horn":204,"CeramicFish":190,"Vajra":77,"Ginger":45,"Bottled Tornado":51,"Boot":89,"Sling":111,"Sozu":55,"Blood Vial":84,"Lizard Tail":84,"Centennial Puzzle":247,"HornCleat":73,"Sundial":11,"DollysMirror":112,"MealTicket":68,"Prayer Wheel":116,"VioletLotus":132,"HandDrill":22,"Kunai":137,"Toxic Egg 2":120,"Girya":77,"Pear":13,"Happy Flower":58,"Astrolabe":8,"Dead Branch":22,"Blue Candle":71,"Pen Nib":22,"Letter Opener":162,"War Paint":116,"Question Card":107,"Akabeko":262,"SlaversCollar":257,"Bottled Flame":43,"Shuriken":46,"Bird Faced Urn":116,"Bronze Scales":254,"Unceasing Top":51,"Pocketwatch":116,"Darkstone Periapt":97,"Regal Pillow":80,"Lantern":96,"Torii":81,"Singing Bowl":145,"Melange":16,"Mango":25,"StoneCalendar":84,"Yang":235,"Incense Burner":16,"Bag of Preparation":22,"Juzu Bracelet":105,"Cursed Key":38,"Empty Cage":240,"Frozen Eye":194,"Nunchaku":25,"Dream Catcher":39,"TheAbacus":222,"Mummified Hand":210,"Gambling Chip":22,"Pantograph":254,"WingedGreaves":58,"Red Mask":31,"InkBottle":90,"Lee\u0027s Waffle":224,"Golden Idol":24,"PreservedInsect":53,"betterThird:NestCultRelic":161,"Omamori":80,"Frozen Egg 2":12,"Orichalcum":21,"Odd Mushroom":26,"GoldenEye":84,"White Beast Statue":5,"Mercury Hourglass":51,"Peace Pipe":44,"Strange Spoon":45,"Cauldron":116,"Anchor":141,"CaptainsWheel":148,"Busted Crown":220,"Ornamental Fan":102,"Bloody Idol":255,"Orrery":56,"HolyWater":75,"Turnip":104,"Bag of Marbles":111,"Coffee Dripper":185,"PureWater":0,"FossilizedHelix":64,"TungstenRod":111,"Toy Ornithopter":197},{"Ice Cream":221,"Tiny House":95,"Gremlin Horn":591,"CeramicFish":559,"Vajra":253,"Ginger":133,"Bottled Tornado":162,"Boot":290,"Sling":332,"Sozu":180,"Blood Vial":274,"Lizard Tail":274,"Centennial Puzzle":696,"HornCleat":241,"Sundial":35,"DollysMirror":333,"MealTicket":231,"Prayer Wheel":344,"VioletLotus":384,"HandDrill":74,"Kunai":391,"Toxic Egg 2":355,"Girya":253,"Pear":43,"Happy Flower":194,"Astrolabe":28,"Dead Branch":74,"Blue Candle":237,"Pen Nib":74,"Letter Opener":465,"War Paint":344,"Question Card":323,"Akabeko":755,"SlaversCollar":737,"Bottled Flame":128,"Shuriken":141,"Bird Faced Urn":344,"Bronze Scales":725,"Unceasing Top":162,"Pocketwatch":344,"Darkstone Periapt":306,"Regal Pillow":263,"Lantern":305,"Torii":265,"Singing Bowl":405,"Melange":52,"Mango":80,"StoneCalendar":274,"Yang":670,"Incense Burner":52,"Bag of Preparation":74,"Juzu Bracelet":319,"Cursed Key":117,"Empty Cage":681,"Frozen Eye":564,"Nunchaku":80,"Dream Catcher":120,"TheAbacus":635,"Mummified Hand":608,"Gambling Chip":74,"Pantograph":725,"WingedGreaves":194,"Red Mask":99,"InkBottle":292,"Lee\u0027s Waffle":639,"Golden Idol":77,"PreservedInsect":171,"betterThird:NestCultRelic":464,"Omamori":263,"Frozen Egg 2":39,"Orichalcum":73,"Odd Mushroom":82,"GoldenEye":274,"White Beast Statue":15,"Mercury Hourglass":162,"Peace Pipe":131,"Strange Spoon":133,"Cauldron":344,"Anchor":397,"CaptainsWheel":425,"Busted Crown":631,"Ornamental Fan":312,"Bloody Idol":728,"Orrery":185,"HolyWater":249,"Turnip":316,"Bag of Marbles":332,"Coffee Dripper":547,"PureWater":0,"FossilizedHelix":213,"TungstenRod":332,"Toy Ornithopter":572}],"Toy Ornithopter":0},"card_choices":[{"not_picked":["Study","Conclude","Worship"],"picked":"SKIP","floor":1.0},{"not_picked":["MentalFortress","Sanctity"],"picked":"FearNoEvil","floor":2.0},{"not_picked":["Conclude","Halt","Protect"],"picked":"SKIP","floor":4.0},{"not_picked":["SashWhip","FlyingSleeves","EmptyFist"],"picked":"SKIP","floor":11.0},{"not_picked":["Prostrate","FlyingSleeves"],"picked":"MentalFortress","floor":12.0},{"not_picked":["CarveReality","Meditate+1","FlyingSleeves"],"picked":"SKIP","floor":18},{"not_picked":["Collect","WindmillStrike","EmptyFist"],"picked":"SKIP","floor":19},{"not_picked":["SashWhip","Pray"],"picked":"ClearTheMind+1","floor":22},{"not_picked":["Vengeance","Prostrate","Protect+1"],"picked":"SKIP","floor":23},{"not_picked":["ForeignInfluence","Crescendo"],"picked":"Tantrum","floor":27},{"not_picked":["Alpha","Wireheading","Meditate"],"picked":"SKIP","floor":30},{"not_picked":["ThirdEye","Establishment"],"picked":"ClearTheMind+1","floor":31},{"not_picked":["FlyingSleeves+1","BowlingBash"],"picked":"EmptyMind","floor":31},{"not_picked":["FlyingSleeves","EmptyBody"],"picked":"Tantrum","floor":31},{"not_picked":["Worship+1","BowlingBash+1"],"picked":"Adaptation","floor":35},{"not_picked":["JustLucky","ThirdEye+1"],"picked":"TalkToTheHand","floor":36},{"not_picked":["EmptyBody","Indignation+1","PathToVictory+1"],"picked":"SKIP","floor":38},{"not_picked":["JustLucky+1","SashWhip+1","FollowUp"],"picked":"SKIP","floor":41},{"not_picked":["ClearTheMind+1","WindmillStrike"],"picked":"InnerPeace+1","floor":42},{"not_picked":["Crescendo+1","BowlingBash+1","CutThroughFate+1"],"picked":"SKIP","floor":47},{"not_picked":["Fasting2+1","Protect","Consecrate+1"],"picked":"SKIP","floor":48}],"player_experience":317327,"relics_obtained":[{"floor":9.0,"key":"Centennial Puzzle"},{"floor":23,"key":"Pantograph"},{"floor":26,"key":"Bronze Scales"},{"floor":41,"key":"Letter Opener"},{"floor":43,"key":"Akabeko"}],"event_choices":[{"damage_healed":0.0,"max_hp_gain":0.0,"max_hp_loss":0.0,"gold_gain":0.0,"event_name":"betterThird:BetterGoop","player_choice":"Left","floor":3.0,"gold_loss":26.0,"damage_taken":0.0},{"damage_healed":0.0,"max_hp_gain":0.0,"max_hp_loss":5.0,"gold_gain":0.0,"event_name":"Golden Idol","player_choice":"Lose Max HP","floor":5.0,"gold_loss":0.0,"damage_taken":0.0,"relics_obtained":["Golden Idol"]},{"damage_healed":0.0,"max_hp_gain":0.0,"max_hp_loss":0.0,"gold_gain":0.0,"event_name":"Dead Adventurer","player_choice":"Searched \u00271\u0027 times","floor":7.0,"gold_loss":0.0,"damage_taken":0.0,"relics_obtained":["Torii"]},{"damage_healed":0,"gold_gain":0,"player_choice":"Ignored","damage_taken":0,"max_hp_gain":0,"max_hp_loss":0,"event_name":"Cursed Tome","floor":20,"gold_loss":0},{"damage_healed":0,"gold_gain":0,"cards_transformed":["Strike_P","Defend_P"],"player_choice":"Became Test Subject","damage_taken":0,"max_hp_gain":0,"max_hp_loss":0,"event_name":"Drug Dealer","floor":24,"gold_loss":0,"cards_obtained":["Collect","Wireheading"]},{"damage_healed":0,"gold_gain":0,"player_choice":"Gave Idol","damage_taken":0,"relics_obtained":["Bloody Idol"],"max_hp_gain":0,"max_hp_loss":0,"event_name":"Forgotten Altar","floor":28,"relics_lost":["Golden Idol"],"gold_loss":0},{"damage_healed":0,"gold_gain":0,"player_choice":"Max HP","damage_taken":0,"max_hp_gain":0,"max_hp_loss":3,"event_name":"Winding Halls","floor":37,"gold_loss":0},{"damage_healed":0,"gold_gain":0,"player_choice":"Memory 1","damage_taken":0,"max_hp_gain":0,"max_hp_loss":0,"event_name":"SensoryStone","floor":45,"gold_loss":0}],"is_beta":false,"boss_relics":[{"not_picked":["Runic Pyramid","Busted Crown"],"picked":"VioletLotus"},{"not_picked":["Snecko Eye","SacredBark"],"picked":"SlaversCollar"}],"items_purged_floors":[0,21,39],"is_endless":false,"potions_floor_spawned":[1,12,22,23,27,35,47,48],"ascension_level":6}}