{"host":"vyjryxuuuxkt43k4","time":1610826836,"event":{"mods":["AchievementEnabler","BaseMod","Colored Map","DeckTracker","Minty Spire (QoL Compilation)","Permanent Neow","Quick Restart","StSLib","SuperFastMode","everything is the same but u backflip on backflip"],"gold_per_floor":[151,151,326,359,399,448,448,224,247,112,112,112,153,208,208,334,334,344,386,117,133,133,234,234,234],"floor_reached":24,"language":"KOR","playtime":908,"items_purged":["Doubt","Strike_R","Anger"],"score":316,"play_id":"ab025558-9d53-409e-9402-7d3f6b9a3c39","local_time":"20210117045356","is_ascension_mode":true,"campfire_choices":[{"data":"HandOfGreed","floor":12.0,"key":"SMITH"},{"floor":15.0,"key":"REST"}],"circlet_count":0,"master_deck":["Strike_R","Strike_R","Defend_R","Defend_R","Defend_R","Defend_R","Bash","HandOfGreed+1","Pommel Strike","True Grit","Inflame","Shrug It Off","Impervious","Flame Barrier","Iron Wave"],"relics":["Burning Blood","Red Skull","Tiny Chest","Anchor","Bag of Preparation","Velvet Choker","Juzu Bracelet","Champion Belt"],"acts_visited":["Exordium","TheCity"],"potions_floor_usage":[23,23],"damage_taken":[{"damage":0.0,"enemies":"Small Slimes","floor":1.0,"turns":4.0},{"damage":4.0,"enemies":"Jaw Worm","floor":4.0,"turns":3.0},{"damage":1.0,"enemies":"Cultist","floor":5.0,"turns":3.0},{"damage":56.0,"enemies":"Gremlin Nob","floor":6.0,"turns":6.0},{"damage":0.0,"enemies":"Exordium Wildlife","floor":7.0,"turns":1.0},{"damage":8.0,"enemies":"Blue Slaver","floor":13.0,"turns":3.0},{"damage":9.0,"enemies":"Lagavulin","floor":14.0,"turns":4.0},{"damage":36.0,"enemies":"The Guardian","floor":16.0,"turns":14.0},{"damage":0.0,"enemies":"Chosen","floor":18.0,"turns":4.0},{"damage":14.0,"enemies":"Spheric Guardian","floor":19.0,"turns":6.0},{"damage":19,"enemies":"Cultist and Chosen","floor":21,"turns":6},{"damage":40,"enemies":"Slavers","floor":23,"turns":9},{"damage":10,"enemies":"Snecko","floor":24,"turns":3}],"seed_played":"-39295889931697683","potions_obtained":[{"floor":1.0,"key":"SmokeBomb"},{"floor":4.0,"key":"SpeedPotion"},{"floor":6.0,"key":"HeartOfIron"},{"floor":16.0,"key":"Strength Potion"},{"floor":18.0,"key":"Swift Potion"}],"is_trial":false,"path_per_floor":["M","?","?","M","M","E","M","$","T","$","?","R","M","E","R","B",null,"M","M","$","M","$","E","M"],"character_chosen":"IRONCLAD","items_purchased":["Tiny Chest","Inflame","Juzu Bracelet"],"campfire_rested":1,"item_purchase_floors":[8,10,20],"current_hp_per_floor":[72,65,65,67,72,22,28,28,28,28,28,28,26,23,44,14,58,64,56,56,43,43,9,0,0],"gold":234,"neow_bonus":"RANDOM_COLORLESS_2","is_daily":false,"chose_seed":false,"campfire_upgraded":1,"win_rate":0.0,"timestamp":1610826836,"path_taken":["M","?","?","M","?","E","M","$","T","?","?","R","M","E","R","BOSS","M","M","$","M","$","E","M"],"items_purchased_type":["Relic","Card","Relic"],"build_version":"2020-12-22","purchased_purges":3,"victory":false,"max_hp_per_floor":[72,72,72,72,72,72,72,72,72,72,72,72,72,72,72,72,72,72,72,72,72,72,72,72,72],"card_choices":[{"not_picked":["Secret Technique","Thinking Ahead"],"picked":"HandOfGreed","floor":0.0},{"not_picked":["Bloodletting","Seeing Red"],"picked":"Pommel Strike","floor":1.0},{"not_picked":["Sentinel","Clash"],"picked":"Anger","floor":4.0},{"not_picked":["Thunderclap","Twin Strike","Iron Wave"],"picked":"SKIP","floor":5.0},{"not_picked":["Entrench","Iron Wave"],"picked":"True Grit","floor":6.0},{"not_picked":["Perfected Strike","Warcry","Sword Boomerang"],"picked":"SKIP","floor":13.0},{"not_picked":["Twin Strike","Limit Break"],"picked":"Shrug It Off","floor":14.0},{"not_picked":["Corruption","Brutality"],"picked":"Impervious","floor":16.0},{"not_picked":["Havoc","Flex","Heavy Blade"],"picked":"SKIP","floor":18.0},{"not_picked":["Rage+1","Shrug It Off"],"picked":"Flame Barrier","floor":19.0},{"not_picked":["Pommel Strike+1","Hemokinesis","Flex"],"picked":"SKIP","floor":21},{"not_picked":["Fire Breathing+1","Clothesline"],"picked":"Iron Wave","floor":23}],"player_experience":387022,"relics_obtained":[{"floor":6.0,"key":"Red Skull"},{"floor":9.0,"key":"Anchor"},{"floor":14.0,"key":"Bag of Preparation"},{"floor":23,"key":"Champion Belt"}],"event_choices":[{"cards_removed":["Strike_R"],"damage_healed":0.0,"max_hp_gain":0.0,"max_hp_loss":0.0,"gold_gain":0.0,"event_name":"Golden Wing","player_choice":"Card Removal","floor":2.0,"gold_loss":0.0,"damage_taken":7.0},{"damage_healed":0.0,"max_hp_gain":0.0,"max_hp_loss":0.0,"gold_gain":175.0,"event_name":"Liars Game","player_choice":"AGREE","floor":3.0,"gold_loss":0.0,"damage_taken":0.0,"cards_obtained":["Doubt"]},{"cards_removed":["Strike_R"],"damage_healed":0.0,"max_hp_gain":0.0,"max_hp_loss":0.0,"gold_gain":0.0,"event_name":"Living Wall","player_choice":"Forget","floor":11.0,"gold_loss":0.0,"damage_taken":0.0}],"is_beta":false,"boss_relics":[{"not_picked":["SlaversCollar","Fusion Hammer"],"picked":"Velvet Choker"}],"items_purged_floors":[8,10,20],"is_endless":false,"potions_floor_spawned":[1,4,6,16,18],"killed_by":"Snecko","ascension_level":8}}