{"host":"yx95kmaz06na3cze","time":1610777256,"event":{"mods":["BaseMod","Friendly Minions","Marisa????????","Minty Spire (QoL Compilation)","StSLib","SuperFastMode","Td1madao Mod","The Animator","The Jungle","The Servant 0.9.4"],"gold_per_floor":[109,109,122,122,47,47,62,78,130,130,146,172,46,61,61,158,158,172,189,223,223,45,45,56,56,56,76,76,76,109,126,126,223,223,234,38,38,55,71,71,101,116,116,133,143,98,68,68,68],"floor_reached":48,"language":"ENG","playtime":1504,"items_purged":["Defend_MRS","Strike_MRS","Defend_MRS","Strike_MRS"],"score":509,"play_id":"c58e5ec1-f06a-47bd-86e7-bf2260252a55","local_time":"20210115230736","is_ascension_mode":false,"campfire_choices":[{"data":"UnstableBomb","floor":6,"key":"SMITH"},{"floor":15,"key":"REST"},{"floor":23,"key":"REST"},{"floor":25,"key":"REST"},{"data":"FinalSpark","floor":28,"key":"SMITH"},{"floor":32,"key":"REST"},{"data":"MaximisePower","floor":40,"key":"SMITH"}],"circlet_count":0,"master_deck":["Strike_MRS","Strike_MRS","MasterSpark","UpSweep","UnstableBomb+1","PulseMagic","UnstableBomb","NonDirectionalLaser","MachineGunSpark","Acceleration","GrandCross","FinalSpark","FairyDestructionRay+1","FinalSpark+1","DoubleSpark","Acceleration+1","ManaRampage","MaximisePower+1","LuminesStrike+1","GrandCross","TreasureHunter","GrandCross","Acceleration+1","OortCloud","GrandCross+1","GravityBeat+1","GrandCross"],"relics":["MiniHakkero","NeowsBlessing","Mummified Hand","Lizard Tail","Darkstone Periapt","Sozu","Red Mask","AmplifyWand","Bag of Marbles","Black Star","Bottled Flame","Happy Flower","Calipers"],"acts_visited":["Exordium","TheCity","TheBeyond"],"potions_floor_usage":[16,16,18],"damage_taken":[{"damage":0,"enemies":"2 Louse","floor":1,"turns":1},{"damage":0,"enemies":"Jaw Worm","floor":3,"turns":1},{"damage":0,"enemies":"Cultist","floor":7,"turns":1},{"damage":13,"enemies":"Large Slime","floor":8,"turns":5},{"damage":11,"enemies":"Red Slaver","floor":11,"turns":4},{"damage":26,"enemies":"Lagavulin","floor":12,"turns":5},{"damage":20,"enemies":"Exordium Thugs","floor":14,"turns":4},{"damage":21,"enemies":"Slime Boss","floor":16,"turns":8},{"damage":10,"enemies":"2 Thieves","floor":18,"turns":2},{"damage":20,"enemies":"3 Byrds","floor":19,"turns":5},{"damage":9,"enemies":"Masked Bandits","floor":20,"turns":3},{"damage":22,"enemies":"Shelled Parasite and Fungi","floor":24,"turns":3},{"damage":0,"enemies":"Cultist and Chosen","floor":27,"turns":3},{"damage":26,"enemies":"Slavers","floor":30,"turns":3},{"damage":8,"enemies":"Snecko","floor":31,"turns":3},{"damage":51,"enemies":"Automaton","floor":33,"turns":7},{"damage":0,"enemies":"3 Darklings","floor":35,"turns":1},{"damage":0,"enemies":"3 Shapes","floor":38,"turns":2},{"damage":24,"enemies":"Writhing Mass","floor":39,"turns":3},{"damage":49,"enemies":"Reptomancer","floor":41,"turns":4},{"damage":0,"enemies":"Spire Growth","floor":42,"turns":2},{"damage":0,"enemies":"Transient","floor":44,"turns":5},{"damage":0,"enemies":"4 Shapes","floor":45,"turns":1},{"damage":2,"enemies":"Maw","floor":48,"turns":2}],"seed_played":"-2694003221393997819","potions_obtained":[{"floor":1,"key":"Swift Potion"},{"floor":7,"key":"SpeedPotion"},{"floor":14,"key":"Block Potion"},{"floor":16,"key":"Fire Potion"}],"is_trial":false,"path_per_floor":["M","?","M","T","$","R","M","M","T","?","M","E","$","M","R","B",null,"M","M","?","?","$","R","M","R","T","M","R","?","E","M","R","B",null,"M","$","?","M","M","R","E","M","T","M","M","$","?","M"],"character_chosen":"MARISA","items_purchased":["Acceleration","DoubleSpark","GrandCross","GrandCross"],"campfire_rested":4,"item_purchase_floors":[13,22,36,46],"current_hp_per_floor":[75,75,75,75,75,75,75,62,62,62,51,25,25,5,27,6,75,65,45,36,36,36,58,36,58,58,58,58,58,32,24,46,37,75,75,75,75,75,51,51,2,2,2,2,2,2,2,0,0],"gold":68,"neow_bonus":"THREE_ENEMY_KILL","is_daily":false,"chose_seed":false,"campfire_upgraded":3,"win_rate":0.0,"timestamp":1610777256,"path_taken":["M","?","M","?","$","R","?","M","T","?","?","E","?","M","R","BOSS","M","?","?","?","$","R","M","R","T","M","R","?","E","?","R","BOSS","M","$","?","M","?","R","E","M","T","M","M","$","?","M"],"items_purchased_type":["Card","Card","Card","Card"],"build_version":"2020-12-22","purchased_purges":4,"victory":false,"max_hp_per_floor":[75,75,75,75,75,75,75,75,75,75,75,75,75,75,75,75,75,75,75,75,75,75,75,75,75,75,75,75,75,75,75,75,75,75,75,75,75,75,75,75,75,75,75,75,75,75,75,75,75],"card_choices":[{"not_picked":["GalacticHalo","DarkSpark"],"picked":"UnstableBomb","floor":1},{"not_picked":["OneTimeOff","IllusionStar"],"picked":"PulseMagic","floor":3},{"not_picked":["SporeBomb","StarlightTyphoon"],"picked":"UnstableBomb","floor":7},{"not_picked":["SporeBomb","6A"],"picked":"NonDirectionalLaser","floor":8},{"not_picked":["6A","SporeBomb","BigCrunch"],"picked":"SKIP","floor":11},{"not_picked":["NonDirectionalLaser","WitchOfGreed"],"picked":"MachineGunSpark","floor":12},{"not_picked":["DC","LuminesStrike"],"picked":"GrandCross","floor":14},{"not_picked":["SatelliteIllusion","SuperNova"],"picked":"FinalSpark","floor":16},{"not_picked":["OrrerysSun","Occultation","6A+1"],"picked":"SKIP","floor":18},{"not_picked":["MilkyWay","DC"],"picked":"FairyDestructionRay+1","floor":19},{"not_picked":["EarthLightRay","MysteriousBeam"],"picked":"FinalSpark","floor":20},{"not_picked":["IllusionStar","NonDirectionalLaser","PropBag"],"picked":"SKIP","floor":24},{"not_picked":["IllusionStar","DarkMatter"],"picked":"Acceleration+1","floor":27},{"not_picked":["WitchOfGreed","UnstableBomb"],"picked":"ManaRampage","floor":30},{"not_picked":["MilkyWay","SporeBomb+1","IllusionStar"],"picked":"SKIP","floor":31},{"not_picked":["BigCrunch","TreasureHunter"],"picked":"MaximisePower","floor":33},{"not_picked":["NonDirectionalLaser","ShootingEcho+1"],"picked":"LuminesStrike+1","floor":35},{"not_picked":["DragonMeteor+1","Singularity+1"],"picked":"GrandCross","floor":38},{"not_picked":["NonDirectionalLaser+1","DC+1"],"picked":"Acceleration+1","floor":39},{"not_picked":["UnstableBomb","PulseMagic"],"picked":"OortCloud","floor":41},{"not_picked":["MilkyWay","Orbital"],"picked":"GrandCross+1","floor":42},{"not_picked":["SporeBomb+1","StarBarrage+1"],"picked":"GravityBeat+1","floor":44},{"not_picked":["SporeBomb","MilkyWay","IllusionStar+1"],"picked":"SKIP","floor":45}],"player_experience":156788,"relics_obtained":[{"floor":4,"key":"Lizard Tail"},{"floor":12,"key":"Darkstone Periapt"},{"floor":20,"key":"Red Mask"},{"floor":26,"key":"AmplifyWand"},{"floor":30,"key":"Bag of Marbles"},{"floor":41,"key":"Bottled Flame"},{"floor":41,"key":"Happy Flower"},{"floor":43,"key":"Calipers"}],"event_choices":[{"damage_healed":0,"gold_gain":0,"player_choice":"Box","damage_taken":0,"relics_obtained":["Mummified Hand"],"max_hp_gain":0,"max_hp_loss":0,"event_name":"Big Fish","floor":2,"gold_loss":0,"cards_obtained":["Regret"]},{"cards_removed":["Regret"],"damage_healed":0,"gold_gain":0,"player_choice":"Removed Curses","damage_taken":0,"max_hp_gain":0,"max_hp_loss":0,"event_name":"Fountain of Cleansing","floor":10,"gold_loss":0},{"damage_healed":0,"gold_gain":0,"player_choice":"Fought Bandits","damage_taken":0,"max_hp_gain":0,"max_hp_loss":0,"event_name":"Masked Bandits","floor":20,"gold_loss":0},{"cards_removed":["Defend_MRS"],"damage_healed":0,"gold_gain":0,"player_choice":"Elegance","damage_taken":0,"max_hp_gain":0,"max_hp_loss":0,"event_name":"Back to Basics","floor":21,"gold_loss":0},{"cards_removed":["Defend_MRS"],"damage_healed":0,"gold_gain":0,"player_choice":"Offered Basic","damage_taken":0,"max_hp_gain":0,"max_hp_loss":0,"event_name":"Bonfire Elementals","floor":29,"gold_loss":0},{"damage_healed":0,"gold_gain":0,"player_choice":"1 cards matched","damage_taken":0,"max_hp_gain":0,"max_hp_loss":0,"event_name":"Match and Keep!","floor":37,"gold_loss":0,"cards_obtained":["TreasureHunter"]},{"damage_healed":0,"gold_gain":0,"player_choice":"Bought 2 Potions","damage_taken":0,"max_hp_gain":0,"max_hp_loss":0,"event_name":"The Woman in Blue","floor":47,"gold_loss":0}],"is_beta":false,"boss_relics":[{"not_picked":["Astrolabe","Coffee Dripper"],"picked":"Sozu"},{"not_picked":["Empty Cage","Fusion Hammer"],"picked":"Black Star"}],"items_purged_floors":[5,13,22,36],"is_endless":false,"potions_floor_spawned":[1,7,14,16,18,31,33,38,42,45],"killed_by":"Maw","ascension_level":0}}