{"host":"i0avyit1s6jb1siw","time":1610795028,"event":{"mods":["BaseMod","DeckTracker","Dota2Spire","Highlight Path","Minty Spire (QoL Compilation)","Quick Restart","StSLib","SuperFastMode"],"gold_per_floor":[114,125,175,187,203,203,218,218,218,232,31,31,49,74,74,74,74],"floor_reached":16,"language":"ENG","playtime":277,"items_purged":["Strike_G"],"score":258,"play_id":"38387fbe-5eb6-480c-b051-cbbd55794467","local_time":"20210116120348","is_ascension_mode":true,"campfire_choices":[{"data":"Neutralize","floor":6,"key":"SMITH"},{"data":"Choke","floor":8,"key":"SMITH"},{"data":"Calculated Gamble","floor":15,"key":"SMITH"}],"circlet_count":0,"master_deck":["AscendersBane","Strike_G","Strike_G","Strike_G","Strike_G","Defend_G","Defend_G","Defend_G","Defend_G","Defend_G","Survivor","Neutralize+1","Dagger Spray","Reflex","Choke+1","Tactician","Blade Dance","Trip","Leg Sweep","Calculated Gamble+1"],"relics":["Runic Dome","Dota2Spire:UrnOfShadows","NlothsMask","Omamori"],"acts_visited":["Exordium"],"potions_floor_usage":[5,14,16],"damage_taken":[{"damage":19,"enemies":"Jaw Worm","floor":1,"turns":6},{"damage":1,"enemies":"Cultist","floor":2,"turns":5},{"damage":0,"enemies":"2 Louse","floor":4,"turns":3},{"damage":0,"enemies":"Red Slaver","floor":5,"turns":3},{"damage":7,"enemies":"Large Slime","floor":7,"turns":8},{"damage":0,"enemies":"Blue Slaver","floor":10,"turns":4},{"damage":0,"enemies":"2 Fungi Beasts","floor":13,"turns":2},{"damage":0,"enemies":"Gremlin Nob","floor":14,"turns":3},{"damage":49,"enemies":"Slime Boss","floor":16,"turns":7}],"seed_played":"3755630405443666603","potions_obtained":[{"floor":4,"key":"AttackPotion"},{"floor":5,"key":"GamblersBrew"},{"floor":7,"key":"Strength Potion"},{"floor":10,"key":"AttackPotion"}],"is_trial":false,"path_per_floor":["M","M","?","M","M","R","M","R","T","M","$","?","M","E","R","B"],"character_chosen":"THE_SILENT","items_purchased":["Blade Dance","Trip"],"campfire_rested":0,"item_purchase_floors":[11,11],"current_hp_per_floor":[40,39,39,39,39,39,32,32,32,32,32,32,32,32,32,0,0],"gold":74,"neow_bonus":"BOSS_RELIC","is_daily":false,"chose_seed":false,"campfire_upgraded":3,"win_rate":0.0,"timestamp":1610795028,"path_taken":["M","M","?","?","M","R","M","R","T","M","$","?","?","E","R","BOSS"],"items_purchased_type":["Card","Card"],"build_version":"2020-12-22","purchased_purges":1,"victory":false,"max_hp_per_floor":[66,66,66,66,66,66,66,66,66,66,66,66,66,66,66,66,66],"card_choices":[{"not_picked":["Prepared","Backflip"],"picked":"Dagger Spray","floor":1},{"not_picked":["Outmaneuver","Quick Slash"],"picked":"Reflex","floor":2},{"not_picked":["Cloak And Dagger","Deflect","Dodge and Roll"],"picked":"SKIP","floor":4},{"not_picked":["Cloak And Dagger","Setup","Dodge and Roll"],"picked":"SKIP","floor":5},{"not_picked":["Bullet Time","Heel Hook"],"picked":"Choke","floor":7},{"not_picked":["Infinite Blades","Eviscerate"],"picked":"Tactician","floor":10},{"not_picked":["Backflip","Dagger Spray"],"picked":"Leg Sweep","floor":13},{"not_picked":["Blade Dance","Masterful Stab"],"picked":"Calculated Gamble","floor":14}],"player_experience":2257752,"relics_obtained":[{"floor":9,"key":"Dota2Spire:UrnOfShadows"},{"floor":14,"key":"Omamori"}],"event_choices":[{"damage_healed":0,"gold_gain":50,"player_choice":"Pray","damage_taken":0,"max_hp_gain":0,"max_hp_loss":0,"event_name":"Golden Shrine","floor":3,"gold_loss":0},{"damage_healed":0,"gold_gain":0,"player_choice":"Trade","damage_taken":0,"relics_obtained":["NlothsMask"],"max_hp_gain":0,"max_hp_loss":0,"event_name":"FaceTrader","floor":12,"gold_loss":0}],"is_beta":false,"boss_relics":[],"items_purged_floors":[11],"is_endless":false,"potions_floor_spawned":[4,5,7,10],"killed_by":"Slime Boss","ascension_level":20}}