{"host":"ee2njjf408o9d0kx","time":1610760958,"event":{"mods":["Act Like it!","Arknights The Spire","Bartender","BaseMod","Colored Powertips","Duelist Mod","GifTheSpireLib","Hallownest","Hermit","Melee Mod","Minty Spire (QoL Compilation)","Quick Restart","StSLib","Td1madao Mod","The Animator","The Bug Knight","The Necromancer","The Servant 0.9.4","The Wild Card"],"gold_per_floor":[114,125,50,69,80,414,414,489,564,564,631,631,31,31,31,135,135,153,153,153,166,196,196,231,231,231,331,140,154,154,154,154,154,154],"floor_reached":33,"language":"ENG","playtime":1579,"items_purged":[],"score":284,"play_id":"6e2ee546-683f-4134-865a-d599bb6c17e7","local_time":"20210115173558","is_ascension_mode":false,"campfire_choices":[{"data":"HollowMod:FocusHealStart","floor":7,"key":"SMITH"},{"floor":10,"key":"REST"},{"data":"HollowMod:VengefulVoid","floor":12,"key":"SMITH"},{"floor":15,"key":"REST"},{"floor":23,"key":"RECALL"},{"floor":25,"key":"REST"},{"floor":30,"key":"REST"},{"floor":32,"key":"REST"}],"circlet_count":0,"master_deck":["HollowMod:NailStrikeStart","HollowMod:NailStrikeStart","HollowMod:NailStrikeStart","HollowMod:NailStrikeStart","HollowMod:QuickDashStart","HollowMod:QuickDashStart","HollowMod:QuickDashStart","HollowMod:QuickDashStart","HollowMod:FocusHealStart+1","HollowMod:PogoStrike","HollowMod:SoulSplash","HollowMod:VengefulVoid","HollowMod:HeavyBlow","HollowMod:WraithStrike","HollowMod:VengefulVoid+1","HollowMod:DescendingDark","HollowMod:LifebloodCore","HollowMod:ZotesMagnificence","HollowMod:LordofShades","HollowMod:DescendingDark+1","HollowMod:GoodIntentions+1","HollowMod:MantisMark+1","HollowMod:HuntersJournal","HollowMod:LifebloodCocoon+1","HollowMod:DungDefenderAura+1","HollowMod:theNailsmith","HollowMod:DoubleDash","HollowMod:DescendingDark"],"relics":["HollowMod:VesselMask","Old Coin","Mercury Hourglass","HollowMod:LifeEnderRelic","Gremlin Horn","Fusion Hammer","MutagenicStrength","Strawberry","Red Mask","StoneCalendar","Juzu Bracelet","Orrery"],"acts_visited":["Exordium","TheCity"],"potions_floor_usage":[6,6,24,24,33],"damage_taken":[{"damage":0,"enemies":"2 Louse","floor":1,"turns":3},{"damage":2,"enemies":"Small Slimes","floor":2,"turns":3},{"damage":9,"enemies":"Jaw Worm","floor":4,"turns":2},{"damage":22,"enemies":"Blue Slaver","floor":5,"turns":3},{"damage":10,"enemies":"Gremlin Nob","floor":6,"turns":3},{"damage":72,"enemies":"The Guardian","floor":16,"turns":10},{"damage":9,"enemies":"2 Thieves","floor":18,"turns":2},{"damage":0,"enemies":"3 Byrds","floor":21,"turns":3},{"damage":0,"enemies":"Masked Bandits","floor":22,"turns":2},{"damage":14,"enemies":"Book of Stabbing","floor":24,"turns":3},{"damage":30,"enemies":"Snake Plant","floor":29,"turns":4},{"damage":112,"enemies":"Collector","floor":33,"turns":9}],"seed_played":"-6890858044999877268","potions_obtained":[{"floor":1,"key":"Strength Potion"},{"floor":5,"key":"LiquidBronze"},{"floor":16,"key":"Weak Potion"},{"floor":18,"key":"SneckoOil"},{"floor":21,"key":"FearPotion"},{"floor":29,"key":"SkillPotion"}],"is_trial":false,"path_per_floor":["M","M","?","M","M","E","R","?","T","R","?","R","$","T","R","B",null,"M","?","?","M","?","R","E","R","T","?","$","M","R","?","R","B"],"character_chosen":"THE_BUGKNIGHT","items_purchased":["HollowMod:DescendingDark","HollowMod:LifeEnderRelic","HollowMod:LifebloodCore","HollowMod:ZotesMagnificence","HollowMod:HuntersJournal","Orrery"],"campfire_rested":5,"item_purchase_floors":[13,13,13,13,28,28],"current_hp_per_floor":[82,80,85,76,54,44,44,33,33,59,59,59,59,59,85,23,87,78,78,85,85,85,85,77,94,94,94,94,64,92,92,94,0,0],"gold":154,"neow_bonus":"TEN_PERCENT_HP_BONUS","is_daily":false,"chose_seed":false,"campfire_upgraded":2,"win_rate":0.0,"timestamp":1610760958,"path_taken":["M","M","?","M","M","E","R","?","T","R","?","R","$","?","R","BOSS","M","?","?","?","?","R","E","R","T","?","$","M","R","?","R","BOSS"],"items_purchased_type":["Card","Relic","Card","Card","Card","Relic"],"build_version":"2020-12-22","purchased_purges":0,"victory":false,"max_hp_per_floor":[82,82,87,87,87,87,87,87,87,87,87,87,87,87,87,87,87,87,87,94,94,94,94,94,94,94,94,94,94,94,94,94,94,94],"card_choices":[{"not_picked":["HollowMod:MawleksShell","HollowMod:TaintedHusks"],"picked":"HollowMod:SoulSplash","floor":1},{"not_picked":["HollowMod:LifebloodCocoon","HollowMod:SoulStrike"],"picked":"HollowMod:VengefulVoid","floor":2},{"not_picked":["HollowMod:SoulEater","HollowMod:SoulVessel"],"picked":"HollowMod:HeavyBlow","floor":4},{"not_picked":["HollowMod:SoulShaman","HollowMod:HowlingWraiths"],"picked":"HollowMod:WraithStrike","floor":5},{"not_picked":["HollowMod:GoodIntentions","HollowMod:SoulSplash"],"picked":"HollowMod:VengefulVoid","floor":6},{"not_picked":["HollowMod:Hiveblood","HollowMod:MidwifesHunger"],"picked":"HollowMod:LordofShades","floor":16},{"not_picked":["HollowMod:InfectedCysts","HollowMod:DashSlash"],"picked":"HollowMod:DescendingDark+1","floor":18},{"not_picked":["HollowMod:CycloneSlash","HollowMod:ChannelNail"],"picked":"HollowMod:GoodIntentions+1","floor":21},{"not_picked":["HollowMod:LifebloodCocoon","HollowMod:SharpenedShadows"],"picked":"HollowMod:MantisMark+1","floor":22},{"not_picked":["HollowMod:TaintedHusks","HollowMod:InfectedAttack","HollowMod:InfectedCysts"],"picked":"SKIP","floor":24},{"not_picked":["HollowMod:NewLittleFool","HollowMod:HowlingWraiths"],"picked":"HollowMod:LifebloodCocoon+1","floor":28},{"not_picked":["HollowMod:InfectedAttack","HollowMod:PureNailStrike"],"picked":"HollowMod:LordofShades","floor":28},{"not_picked":["HollowMod:HeavyBlow+1","HollowMod:PureNailStrike+1"],"picked":"HollowMod:DungDefenderAura+1","floor":28},{"not_picked":["HollowMod:NewLittleFool","HollowMod:SoulSplash"],"picked":"HollowMod:theNailsmith","floor":28},{"not_picked":["HollowMod:CornifersMapStart+1","HollowMod:QuirrelsAssistance"],"picked":"HollowMod:DoubleDash","floor":28},{"not_picked":["HollowMod:InfectedCysts","HollowMod:HowlingWraiths"],"picked":"HollowMod:DescendingDark","floor":29}],"player_experience":40267,"relics_obtained":[{"floor":6,"key":"Old Coin"},{"floor":9,"key":"Mercury Hourglass"},{"floor":14,"key":"Gremlin Horn"},{"floor":22,"key":"Red Mask"},{"floor":24,"key":"StoneCalendar"},{"floor":26,"key":"Juzu Bracelet"}],"event_choices":[{"damage_healed":0,"gold_gain":75,"player_choice":"Gather Gold","damage_taken":11,"max_hp_gain":0,"max_hp_loss":0,"event_name":"World of Goop","floor":8,"gold_loss":0},{"damage_healed":0,"gold_gain":67,"player_choice":"Gained Gold","damage_taken":0,"max_hp_gain":0,"max_hp_loss":0,"event_name":"Golden Wing","floor":11,"gold_loss":0},{"damage_healed":0,"gold_gain":0,"player_choice":"Inject Mutagens","damage_taken":0,"relics_obtained":["MutagenicStrength"],"max_hp_gain":0,"max_hp_loss":0,"event_name":"Drug Dealer","floor":19,"gold_loss":0},{"damage_healed":0,"gold_gain":0,"player_choice":"Gave Potion","damage_taken":0,"relics_obtained":["Strawberry"],"max_hp_gain":0,"max_hp_loss":0,"event_name":"WeMeetAgain","floor":20,"gold_loss":0},{"damage_healed":0,"gold_gain":0,"player_choice":"Fought Bandits","damage_taken":0,"max_hp_gain":0,"max_hp_loss":0,"event_name":"Masked Bandits","floor":22,"gold_loss":0},{"damage_healed":0,"gold_gain":100,"player_choice":"Pray","damage_taken":0,"max_hp_gain":0,"max_hp_loss":0,"event_name":"Golden Shrine","floor":27,"gold_loss":0}],"is_beta":false,"boss_relics":[{"not_picked":["SacredBark","Ectoplasm"],"picked":"Fusion Hammer"}],"items_purged_floors":[],"is_endless":false,"potions_floor_spawned":[1,5,16,18,21,29],"killed_by":"Collector","ascension_level":0}}