{"host":"9jj9tzo2iym4bpat","time":1610810929,"event":{"mods":["Act Like it!","BaseMod","CapriCore","Colored Map","Dark Map","Luminous","Marisa????????","Minty Spire (QoL Compilation)","Permanent Neow","StSLib","Td1madao Mod","The Animator","The Immortal","The Marked","The Servant 0.9.4","Yakumo Yukari mod"],"gold_per_floor":[109,63,76,52,52,79,79,105,117,148,177,200,225,237,249,261,261],"floor_reached":16,"language":"ENG","playtime":511,"items_purged":[],"score":164,"play_id":"66535673-31aa-4213-8d00-f44a587bdf9b","local_time":"20210116092849","is_ascension_mode":true,"campfire_choices":[{"data":"Seeing Red","floor":7,"key":"SMITH"},{"floor":15,"key":"REST"}],"circlet_count":0,"master_deck":["Strike_R","Strike_R","Strike_R","Strike_R","Strike_R","Defend_R","Defend_R","Defend_R","Defend_R","Bash+1","Flex","Armaments","Seeing Red+1","Cleave","Pommel Strike","Disarm","Shrug It Off","Headbutt","Twin Strike","Wild Strike"],"relics":["Burning Blood","NeowsBlessing","Eternal Feather","MawBank","White Beast Statue"],"acts_visited":["Exordium"],"potions_floor_usage":[13,16,16],"damage_taken":[{"damage":0,"enemies":"2 Louse","floor":1,"turns":1},{"damage":0,"enemies":"Small Slimes","floor":3,"turns":1},{"damage":0,"enemies":"Lagavulin","floor":6,"turns":1},{"damage":55,"enemies":"3 Sentries","floor":8,"turns":9},{"damage":8,"enemies":"Cultist","floor":10,"turns":4},{"damage":9,"enemies":"Red Slaver","floor":11,"turns":4},{"damage":4,"enemies":"2 Fungi Beasts","floor":12,"turns":3},{"damage":6,"enemies":"Gremlin Gang","floor":13,"turns":4},{"damage":65,"enemies":"Hexaghost","floor":16,"turns":12}],"seed_played":"5093389823804309929","potions_obtained":[{"floor":3,"key":"Energy Potion"},{"floor":6,"key":"Ancient Potion"},{"floor":10,"key":"DuplicationPotion"},{"floor":13,"key":"ColorlessPotion"}],"is_trial":false,"path_per_floor":["M","$","M","$","?","E","R","E","T","M","M","M","M","?","R","B"],"character_chosen":"IRONCLAD","items_purchased":["Armaments","Cleave"],"campfire_rested":1,"item_purchase_floors":[2,4],"current_hp_per_floor":[80,80,80,80,80,80,80,31,31,29,26,28,28,28,64,0,0],"gold":261,"neow_bonus":"THREE_ENEMY_KILL","is_daily":false,"chose_seed":false,"campfire_upgraded":1,"win_rate":0.0,"timestamp":1610810929,"path_taken":["M","$","M","$","?","E","R","E","T","M","M","M","M","?","R","BOSS"],"items_purchased_type":["Card","Card"],"build_version":"2020-12-22","purchased_purges":0,"victory":false,"max_hp_per_floor":[80,80,80,80,80,80,80,80,80,80,80,80,80,80,80,80,80],"card_choices":[{"not_picked":["Iron Wave","Heavy Blade"],"picked":"Flex","floor":1},{"not_picked":["Rampage","Iron Wave"],"picked":"Seeing Red","floor":3},{"not_picked":["Anger","Clothesline"],"picked":"Pommel Strike","floor":6},{"not_picked":["Dropkick","Offering"],"picked":"Disarm","floor":8},{"not_picked":["Dark Embrace","Disarm"],"picked":"Shrug It Off","floor":10},{"not_picked":["Fire Breathing","Pummel"],"picked":"Headbutt","floor":11},{"not_picked":["Feel No Pain","Havoc"],"picked":"Twin Strike","floor":12},{"not_picked":["True Grit","Thunderclap"],"picked":"Wild Strike","floor":13}],"player_experience":262020,"relics_obtained":[{"floor":6,"key":"Eternal Feather"},{"floor":8,"key":"MawBank"},{"floor":9,"key":"White Beast Statue"}],"event_choices":[{"damage_healed":0,"gold_gain":0,"player_choice":"Leave","damage_taken":0,"max_hp_gain":0,"max_hp_loss":0,"event_name":"The Cleric","floor":5,"gold_loss":0},{"damage_healed":0,"gold_gain":0,"player_choice":"Forge","damage_taken":0,"max_hp_gain":0,"max_hp_loss":0,"event_name":"Accursed Blacksmith","floor":14,"gold_loss":0,"cards_upgraded":["Bash"]}],"is_beta":false,"boss_relics":[],"items_purged_floors":[],"is_endless":false,"potions_floor_spawned":[3,6,10,11,12,13],"killed_by":"Hexaghost","ascension_level":4}}