{"host":"yvb207ks1sg3cxef","time":1610795743,"event":{"mods":["2.2 Compatiblity","BaseMod","Bestiary","Colored Powertips","Minty Spire (QoL Compilation)","Permanent Neow","Quick Restart","Relic Stats","StSLib"],"gold_per_floor":[116,116,116,141,166,199,199,199,199],"floor_reached":8,"language":"ENG","playtime":242,"items_purged":[],"score":112,"play_id":"a94c9e87-b198-429f-b520-ab8f151fa8c6","local_time":"20210116164543","is_ascension_mode":true,"campfire_choices":[{"data":"Neutralize","floor":7.0,"key":"SMITH"}],"circlet_count":0,"master_deck":["AscendersBane","Strike_G","Strike_G","Strike_G","Strike_G","Strike_G","Defend_G","Defend_G","Defend_G","Defend_G","Defend_G","Survivor","Neutralize+1","Backstab","Riddle With Holes","Poisoned Stab"],"relics":["Ring of the Snake","Centennial Puzzle","Akabeko","Golden Idol","CeramicFish"],"acts_visited":["Exordium"],"potions_floor_usage":[8],"damage_taken":[{"damage":1.0,"enemies":"Small Slimes","floor":1.0,"turns":3.0},{"damage":0.0,"enemies":"2 Louse","floor":4.0,"turns":2.0},{"damage":0.0,"enemies":"Cultist","floor":5.0,"turns":2.0},{"damage":7.0,"enemies":"Lagavulin","floor":6.0,"turns":5.0},{"damage":26,"enemies":"Gremlin Nob","floor":8,"turns":4}],"seed_played":"-8016277691266196676","potions_obtained":[{"floor":4.0,"key":"AttackPotion"},{"floor":5.0,"key":"SpeedPotion"},{"floor":6.0,"key":"BlessingOfTheForge"}],"is_trial":false,"path_per_floor":["M","?","?","M","M","E","R","E"],"character_chosen":"THE_SILENT","items_purchased":[],"campfire_rested":0,"item_purchase_floors":[],"current_hp_per_floor":[58,32,32,32,32,25,25,0,0],"gold":199,"neow_bonus":"RANDOM_COMMON_RELIC","is_daily":false,"chose_seed":false,"campfire_upgraded":1,"win_rate":0.0,"timestamp":1610795743,"path_taken":["M","?","?","M","M","E","R","E"],"items_purchased_type":[],"build_version":"2020-12-22","purchased_purges":0,"victory":false,"max_hp_per_floor":[66,66,60,60,60,60,60,60,60],"relic_stats":{"Centennial Puzzle":[9],"counters":[5,16],"Golden Idol":17,"CeramicFish":0,"obtain_stats":[{"Centennial Puzzle":0,"Golden Idol":3,"CeramicFish":6,"Akabeko":2,"Ring of the Snake":0},{"Centennial Puzzle":0,"Golden Idol":1,"CeramicFish":4,"Akabeko":1,"Ring of the Snake":0},{"Centennial Puzzle":0,"Golden Idol":3,"CeramicFish":12,"Akabeko":3,"Ring of the Snake":0}],"Ring of the Snake":[10]},"card_choices":[{"not_picked":["Quick Slash","Well Laid Plans"],"picked":"Backstab","floor":1.0},{"not_picked":["Calculated Gamble","Catalyst"],"picked":"Riddle With Holes","floor":4.0},{"not_picked":["Flechettes","Acrobatics"],"picked":"Poisoned Stab","floor":5.0},{"not_picked":["Sucker Punch","Acrobatics","Poisoned Stab"],"picked":"SKIP","floor":6.0}],"player_experience":360902,"relics_obtained":[{"floor":6.0,"key":"CeramicFish"}],"event_choices":[{"damage_healed":0.0,"max_hp_gain":0.0,"max_hp_loss":0.0,"gold_gain":0.0,"event_name":"Scrap Ooze","player_choice":"Success","floor":2.0,"gold_loss":0.0,"damage_taken":26.0,"relics_obtained":["Akabeko"]},{"damage_healed":0.0,"max_hp_gain":0.0,"max_hp_loss":6.0,"gold_gain":0.0,"event_name":"Golden Idol","player_choice":"Lose Max HP","floor":3.0,"gold_loss":0.0,"damage_taken":0.0,"relics_obtained":["Golden Idol"]}],"is_beta":false,"boss_relics":[],"items_purged_floors":[],"is_endless":false,"potions_floor_spawned":[4,5,6],"killed_by":"Gremlin Nob","ascension_level":20}}