{"host":"6h0diz2ap0m56grs","time":1610781935,"event":{"mods":["2.2 Compatiblity","BaseMod","Colored Map","Marisa????????","Minty Spire (QoL Compilation)","Quick Restart","Replay The Spire","Shop Mod","StSLib","The Servant 0.9.4"],"gold_per_floor":[116,131,131,131,17,51,83,83,83,121,121,162,162,205,205,325,325,338,187,211,246,246,277,277,317,395,395,395,118,118,158,158,286,286,306,306,528,691,691,732,767,807,807,807,807,907,941,966,966,966],"floor_reached":51,"language":"ENG","playtime":1542,"items_purged":[],"score":1694,"play_id":"018aab5b-1174-4951-972d-1675b62e9793","local_time":"20210116012535","daily_mods":["SealedDeck","Heirloom","Time Dilation","Flight"],"is_ascension_mode":true,"campfire_choices":[{"data":"DarkMatter","floor":13,"key":"SMITH"},{"data":"SprinkleStarSeal","floor":15,"key":"SMITH"},{"data":"PulseMagic","floor":24,"key":"SMITH"},{"data":"AsteroidBelt","floor":27,"key":"SMITH"},{"data":"MeteoricShower","floor":28,"key":"SMITH"},{"data":"GasGiant","floor":32,"key":"SMITH"},{"data":"SuperPerseids","floor":44,"key":"SMITH"},{"data":"SuperPerseids","floor":45,"key":"SMITH"},{"data":"AlicesGift","floor":49,"key":"SMITH"}],"circlet_count":0,"master_deck":["AlicesGift","AlicesGift+1","PulseMagic+1","AsteroidBelt+1","GrandCross","GrandCross","MeteoricShower+1","WitchLeyline","DarkMatter+1","WitchLeyline","GasGiant+1","SuperPerseids+1","SprinkleStarSeal+1","SuperPerseids+1","DoubleSpark","CollectingQuirk+1","SuperNova+1","OneTimeOff+1","GasGiant+1","WitchLeyline+1","AsteroidBelt+1","Pot Of Greed+1","Pot Of Greed+1","Parasite","Parasite","WitchLeyline+1"],"relics":["MiniHakkero","replay:Trail_Library","White Beast Statue","Frozen Egg 2","Golden Idol","Golden Egg","FossilizedHelix","Toxic Egg 2","ReplayTheSpireMod:DimensionalGlitch","MerchantsRug","Red Mask","Gremlin Horn","Thread and Needle","Pantograph","Medical Kit","Coffee Dripper","Runic Dome","Black Star","Counterbalance","Replay:Baseball","Molten Egg 2","Replay:Rubber Ducky","Pear","ShroomBag","Blue Candle","Letter Opener","Onion Ring"],"acts_visited":["Exordium","TheCity","TheBeyond"],"potions_floor_usage":[50,50],"damage_taken":[{"damage":0,"enemies":"2 Louse","floor":1,"turns":1},{"damage":0,"enemies":"Small Slimes","floor":2,"turns":1},{"damage":0,"enemies":"Gremlin Nob","floor":6,"turns":2},{"damage":0,"enemies":"Lagavulin","floor":7,"turns":3},{"damage":2,"enemies":"3 Sentries","floor":10,"turns":6},{"damage":0,"enemies":"Gremlin Nob","floor":12,"turns":2},{"damage":0,"enemies":"Lagavulin","floor":14,"turns":6},{"damage":0,"enemies":"Slime Boss","floor":16,"turns":5},{"damage":0,"enemies":"2 Thieves","floor":18,"turns":2},{"damage":0,"enemies":"Spheric Guardian","floor":20,"turns":3},{"damage":0,"enemies":"Masked Bandits","floor":21,"turns":3},{"damage":9,"enemies":"Slavers","floor":23,"turns":3},{"damage":18,"enemies":"Book of Stabbing","floor":25,"turns":5},{"damage":0,"enemies":"Slavers","floor":31,"turns":3},{"damage":0,"enemies":"Pondfish","floor":33,"turns":5},{"damage":0,"enemies":"3 Shapes","floor":35,"turns":2},{"damage":0,"enemies":"Giant Head","floor":40,"turns":8},{"damage":0,"enemies":"Reptomancer","floor":41,"turns":2},{"damage":0,"enemies":"R_Hoarder","floor":42,"turns":5},{"damage":2,"enemies":"Giant Head","floor":47,"turns":5},{"damage":0,"enemies":"Orb Walker","floor":48,"turns":2},{"damage":4,"enemies":"Donu and Deca","floor":50,"turns":4}],"seed_played":"-2191073980533223643","potions_obtained":[{"floor":1,"key":"LiquidBronze"},{"floor":7,"key":"BottledSpark"},{"floor":10,"key":"Block Potion"},{"floor":12,"key":"FearPotion"},{"floor":16,"key":"DuplicationPotion"},{"floor":18,"key":"Strength Potion"},{"floor":20,"key":"PowerPotion"},{"floor":25,"key":"CultistPotion"}],"is_trial":true,"path_per_floor":["M","M","?","?","$","E","E","?","T","E","?","E","R","E","R","B",null,"M","$","M","?","$","E","R","E","T","R","R","$","?","E","R","B",null,"M","?","?","$","$","E","E","E","T","R","R","?","E","M","R","B",null],"character_chosen":"MARISA","items_purchased":["GasGiant","SuperPerseids","SuperNova+1","MerchantsRug","Medical Kit","GasGiant+1","WitchLeyline"],"campfire_rested":0,"item_purchase_floors":[5,5,19,19,29,29,29],"current_hp_per_floor":[75,75,80,80,80,80,80,60,60,58,58,58,58,58,58,58,80,80,80,80,80,80,71,71,53,53,53,53,53,53,53,53,66,80,80,80,80,80,80,80,80,90,90,90,90,90,88,88,88,87],"gold":966,"neow_bonus":"","is_daily":false,"chose_seed":false,"campfire_upgraded":9,"win_rate":0.0,"timestamp":1610781935,"path_taken":["M","M","?","?","$","E","E","?","T","E","?","E","R","E","R","BOSS","M","?","?","?","$","E","R","E","T","R","R","$","?","E","R","BOSS","M","?","?","$","$","E","E","E","T","R","R","?","E","?","R","BOSS"],"items_purchased_type":["Card","Card","Card","Relic","Relic","Card","Card"],"build_version":"2020-12-22","purchased_purges":0,"victory":true,"max_hp_per_floor":[75,75,80,80,80,80,80,80,80,80,80,80,80,80,80,80,80,80,80,80,80,80,80,80,80,80,80,80,80,80,80,80,80,80,80,80,80,80,80,80,80,90,90,90,90,90,90,90,90,90],"card_choices":[{"not_picked":["OrrerysSun","GravityBeat","MysteriousBeam"],"picked":"SKIP","floor":1},{"not_picked":["Orbital","UnstableBomb","RefractionSpark"],"picked":"SKIP","floor":2},{"not_picked":["UnstableBomb","6A","DeepEcoloBomb"],"picked":"SKIP","floor":6},{"not_picked":["Robbery","UnstableBomb"],"picked":"SprinkleStarSeal","floor":7},{"not_picked":["LuminesStrike","Acceleration"],"picked":"SuperPerseids","floor":10},{"not_picked":["EventHorizon+1","StarBarrage"],"picked":"GasGiant","floor":12},{"not_picked":["ShootTheMoon","SatelliteIllusion+1","LuminesStrike"],"picked":"SKIP","floor":14},{"not_picked":["UltimateShortwave+1","MaximisePower+1"],"picked":"CollectingQuirk","floor":16},{"not_picked":["PowerUp+1","DC","BlazeAway+1"],"picked":"SKIP","floor":18},{"not_picked":["ShootingEcho","IllusionStar+1","AlicesGift"],"picked":"SKIP","floor":20},{"not_picked":["ChargeUpSpray","StarDustReverie+1","MysteriousBeam+1"],"picked":"SKIP","floor":23},{"not_picked":["ShootingEcho+1","PowerUp+1","EarthLightRay+1"],"picked":"SKIP","floor":25},{"not_picked":["MagicChant+1","6A+1","StarlightTyphoon+1"],"picked":"SKIP","floor":31},{"not_picked":["MagicChant+1","6A+1","StarlightTyphoon+1"],"picked":"SKIP","floor":31},{"not_picked":["6A","MagicChant+1","GravityBeat+1"],"picked":"SKIP","floor":35},{"not_picked":["DragonMeteor+1","SporeBomb+1","StarDustReverie+1"],"picked":"SKIP","floor":40},{"not_picked":["GravityBeat+1","6A+1","EarthLightRay+1"],"picked":"SKIP","floor":41},{"not_picked":["FinalSpark+1","UnstableBomb+1","WitchLeyline+1"],"picked":"SKIP","floor":42},{"not_picked":["StarlightTyphoon+1","GravityBeat+1","LuminesStrike+1"],"picked":"SKIP","floor":47},{"not_picked":["WitchLeyline+1","DoubleSpark+1","Robbery+1"],"picked":"SKIP","floor":48}],"player_experience":190400,"relics_obtained":[{"floor":6,"key":"White Beast Statue"},{"floor":7,"key":"Frozen Egg 2"},{"floor":9,"key":"Golden Egg"},{"floor":10,"key":"FossilizedHelix"},{"floor":12,"key":"Ornamental Fan"},{"floor":14,"key":"Toxic Egg 2"},{"floor":21,"key":"Red Mask"},{"floor":23,"key":"Gremlin Horn"},{"floor":25,"key":"Thread and Needle"},{"floor":26,"key":"Pantograph"},{"floor":31,"key":"Grinning Jar"},{"floor":40,"key":"Counterbalance"},{"floor":40,"key":"Replay:Baseball"},{"floor":41,"key":"Molten Egg 2"},{"floor":41,"key":"Replay:Rubber Ducky"},{"floor":42,"key":"Pear"},{"floor":42,"key":"ShroomBag"},{"floor":43,"key":"Blue Candle"},{"floor":47,"key":"Letter Opener"},{"floor":47,"key":"Onion Ring"}],"event_choices":[{"damage_healed":0,"gold_gain":0,"player_choice":"Donut","damage_taken":0,"max_hp_gain":5,"max_hp_loss":0,"event_name":"Big Fish","floor":3,"gold_loss":0},{"damage_healed":0,"gold_gain":0,"player_choice":"Take Damage","damage_taken":20,"relics_obtained":["Golden Idol"],"max_hp_gain":0,"max_hp_loss":0,"event_name":"Golden Idol","floor":8,"gold_loss":0},{"damage_healed":0,"gold_gain":0,"player_choice":"1 cards matched","damage_taken":0,"max_hp_gain":0,"max_hp_loss":0,"event_name":"Match and Keep!","floor":11,"gold_loss":0,"cards_obtained":["DoubleSpark"]},{"damage_healed":0,"gold_gain":0,"player_choice":"Fought Bandits","damage_taken":0,"max_hp_gain":0,"max_hp_loss":0,"event_name":"Masked Bandits","floor":21,"gold_loss":0},{"damage_healed":0,"gold_gain":0,"player_choice":"Read","damage_taken":0,"max_hp_gain":0,"max_hp_loss":0,"event_name":"The Library","floor":30,"gold_loss":0,"cards_obtained":["AsteroidBelt"]},{"cards_removed":["GasGiant"],"damage_healed":0,"gold_gain":0,"player_choice":"Removed Skill","damage_taken":0,"max_hp_gain":0,"max_hp_loss":0,"event_name":"Falling","floor":36,"gold_loss":0},{"damage_healed":0,"gold_gain":222,"player_choice":"Wore Mask","damage_taken":0,"max_hp_gain":0,"max_hp_loss":0,"event_name":"Tomb of Lord Red Mask","floor":37,"gold_loss":0},{"damage_healed":0,"gold_gain":100,"player_choice":"Pray","damage_taken":0,"max_hp_gain":0,"max_hp_loss":0,"event_name":"Golden Shrine","floor":46,"gold_loss":0}],"is_beta":false,"boss_relics":[{"not_picked":["Snecko Heart","Replay:Bronze Core"],"picked":"ReplayTheSpireMod:DimensionalGlitch"},{"not_picked":["RampagingMagicTools","Cursed Key"],"picked":"Replay:Grab Bag"},{"not_picked":["Philosopher\u0027s Stone","Busted Crown"],"picked":"Coffee Dripper"},{"not_picked":["ReplayTheSpireMod:Onyx Gauntlets","Sozu"],"picked":"Runic Dome"},{"not_picked":["Empty Cage","Snecko Eye"],"picked":"Black Star"}],"items_purged_floors":[],"is_endless":false,"potions_floor_spawned":[1,7,10,12,14,16,18,20,21,23,25,31,33,35,40,41,42,47,48],"ascension_level":1}}