{"host":"y4sghvfd0ewtcchd","time":1610801955,"event":{"mods":["Aspiration","BaseMod","Better Debug","Better Note","Better Third Choice","BetterRewards","Block Reminder","Colored Map","Colored Powertips","Highlight Path","Hubris","Infinite Spire","Minty Spire (QoL Compilation)","Relic Sorter","Relic Stats","Replay The Spire","Robot Space Explorer","Shop Mod","Spicy Shops","StSLib","The Jungle","The Saiyan"],"gold_per_floor":[118,118,130,150,160,187,187,115,140,140,151,151,179,129,129,233,233,251,262,278,278,18,18,34,69,69,69,69,83,83,108,108,205,205,220,49,64,64,78,104,114,114,138,138,171,187,207,224,224,224,224,224,443,469,469],"floor_reached":56,"language":"ENG","playtime":4431,"items_purged":["Clumsy","Decay"],"score":2217,"play_id":"9689b114-8fd7-4957-b766-3efcb78d1262","local_time":"20210116155915","is_ascension_mode":true,"campfire_choices":[{"data":"Uppercut","floor":7,"key":"SMITH"},{"data":"Dark Embrace","floor":12,"key":"SMITH"},{"data":"Bash","floor":15,"key":"SMITH"},{"data":"Rupture","floor":23,"key":"SMITH"},{"data":"Perfected Strike","floor":27,"key":"SMITH"},{"floor":30,"key":"RECALL"},{"data":"Feed","floor":32,"key":"SMITH"},{"data":"Pummel","floor":42,"key":"SMITH"},{"data":"ReplayTheSpireMod:Strike From Hell","floor":49,"key":"SMITH"},{"data":"Pummel","floor":52,"key":"SMITH"}],"circlet_count":0,"master_deck":["Strike_R","Strike_R","Strike_R","Strike_R","Defend_R","Defend_R","Defend_R","Defend_R","Bash+1","ReplayTheSpireMod:Stacked+1","Finesse+1","Armaments+1","Ghostly Armor+1","Warcry+1","Pummel+1","Combust+1","Flex+1","Uppercut+1","Survey Options+1","Flex+1","Sever Soul","ReplayTheSpireMod:Stacked+1","hubris:SharpeningStone+1","Twin Strike","Pummel+1","Seeing Red+1","Bloodletting+1","Dark Embrace+1","Rage+1","Double Tap+1","Perfected Strike+1","Rupture+1","ReplayTheSpireMod:Strike From Hell+1","Double Tap+1","Abandon+1","Warcry+1","Feed+1","Dark Embrace+1","Twin Strike+1","Eclipse+1","Flex+1","Rupture+1","True Grit+1","Bandage Up+1","Replay:Many Hands+1","Seeing Red+1","Carnage+1","Twin Strike+1","Twin Strike","Pommel Strike+1","Warcry+1","Demon Form+1","Heavy Blade+1","True Grit+1","Seeing Red+1","ReplayTheSpireMod:Strike From Hell+1","Warcry+1","Sever Soul+1","Spot Weakness+1","Flex+1","Combust+1","Secret Technique+1","Demon Form+1"],"relics":["Burning Blood","infinitespire:Satchel","infinitespire:Lucky Rock","hubris:Icosahedron","hubris:CrystalStatue","Shuriken","Toxic Egg 2","Replay:Baseball","HandDrill","Membership Card","infinitespire:Golems Mask","infinitespire:PuzzleCube","ReplayTheSpireMod:Shallot","Boot","Champion Belt","PreservedInsect","Toy Ornithopter","Oddly Smooth Stone","ChewingGum","Anchor","ReplayTheSpireMod:TigerMarble","Art of War","Frozen Egg 2","Red Skull","Painkiller Herb","hubris:ScarierMask","Orrery","TungstenRod","hubris:NiceRug","Golden Egg","infinitespire:Beetle Shell","hubris:EmptyBottle","Self Forming Clay","TheAbacus","Unceasing Top"],"acts_visited":["Exordium","TheCity","TheBeyond","TheEnding"],"potions_floor_usage":[16,16,41,50,54,55,55,55],"damage_taken":[{"damage":0,"enemies":"Small Slimes","floor":1,"turns":3},{"damage":0,"enemies":"Cultist","floor":3,"turns":2},{"damage":0,"enemies":"2 Louse","floor":4,"turns":2},{"damage":0,"enemies":"Blue Slaver","floor":5,"turns":3},{"damage":5,"enemies":"Replay:BlueRogue","floor":6,"turns":5},{"damage":3,"enemies":"3 Louse","floor":11,"turns":3},{"damage":0,"enemies":"Lagavulin","floor":13,"turns":4},{"damage":14,"enemies":"Hexaghost","floor":16,"turns":9},{"damage":0,"enemies":"Shell Parasite","floor":18,"turns":3},{"damage":0,"enemies":"Chosen","floor":19,"turns":3},{"damage":16,"enemies":"Shelled Parasite and Fungi","floor":20,"turns":4},{"damage":0,"enemies":"Sentry and Sphere","floor":24,"turns":3},{"damage":14,"enemies":"Replay:Snechameleon","floor":25,"turns":4},{"damage":0,"enemies":"Centurion and Healer","floor":29,"turns":4},{"damage":3,"enemies":"Gremlin Leader","floor":31,"turns":3},{"damage":2,"enemies":"Collector","floor":33,"turns":6},{"damage":10,"enemies":"3 Darklings","floor":35,"turns":5},{"damage":3,"enemies":"Orb Walker","floor":37,"turns":2},{"damage":6,"enemies":"3 Darklings","floor":39,"turns":2},{"damage":4,"enemies":"R_Hoarder","floor":40,"turns":4},{"damage":19,"enemies":"Sphere and 2 Shapes","floor":41,"turns":4},{"damage":4,"enemies":"Giant Head","floor":45,"turns":2},{"damage":0,"enemies":"Transient","floor":46,"turns":5},{"damage":2,"enemies":"Maw","floor":47,"turns":4},{"damage":0,"enemies":"Jaw Worm Horde","floor":48,"turns":2},{"damage":52,"enemies":"infinitespire:MassOfShapes","floor":50,"turns":6},{"damage":2,"enemies":"hubris:Merchant","floor":53,"turns":5},{"damage":0,"enemies":"Shield and Spear","floor":54,"turns":3},{"damage":20,"enemies":"The Heart","floor":55,"turns":5}],"seed_played":"5212196362439149262","potions_obtained":[{"floor":1,"key":"SkillPotion"},{"floor":3,"key":"Fire Potion"},{"floor":5,"key":"SpeedPotion"},{"floor":18,"key":"Elixir"},{"floor":20,"key":"BloodPotion"},{"floor":40,"key":"Toxic Potion"},{"floor":45,"key":"SkillPotion"},{"floor":48,"key":"Swift Potion"},{"floor":53,"key":"BlessingOfTheForge"},{"floor":53,"key":"infinitespire:BlackPotion"}],"is_trial":false,"path_per_floor":["M","?","M","M","M","E","R","$","T","?","M","R","E","?","R","B",null,"M","M","M","?","$","R","M","E","T","R","AVR","?","T","E","T","B",null,"?","T","?","?","?","E","?","T","T","?","E","?","?","?","T","B",null,"T","T","E","B",null],"character_chosen":"IRONCLAD","items_purchased":["Toxic Egg 2","ReplayTheSpireMod:Stacked+1","Finesse+1","Replay:Baseball","HandDrill","Armaments+1","Membership Card","Ghostly Armor+1","Warcry+1","Pummel","infinitespire:Golems Mask","infinitespire:PuzzleCube","ReplayTheSpireMod:Shallot","Combust+1","Flex+1","Uppercut","Survey Options+1","Flex+1","Boot","Sever Soul","PreservedInsect","Anchor","ReplayTheSpireMod:TigerMarble","Abandon+1","infinitespire:Lucky Rock","Rupture+1","True Grit+1","Bandage Up+1","Orrery","infinitespire:Satchel"],"campfire_rested":0,"item_purchase_floors":[0,0,0,0,0,0,0,0,0,0,0,0,0,0,0,0,0,0,0,0,8,22,22,22,22,36,36,36,36,53],"current_hp_per_floor":[30,30,36,42,48,49,49,49,49,69,72,72,78,77,77,74,76,77,77,67,67,67,67,76,68,68,68,68,79,79,80,80,80,80,76,76,83,83,84,84,77,77,77,77,79,84,84,84,84,47,75,75,79,84,72],"gold":469,"neow_bonus":"","is_daily":false,"chose_seed":false,"campfire_upgraded":9,"win_rate":0.0,"timestamp":1610801955,"path_taken":["M","?","M","?","M","E","R","$","T","?","M","R","E","?","R","BOSS","M","M","M","?","$","R","M","E","T","R","AVR","?","T","E","T","BOSS","?","T","?","?","?","E","?","T","T","?","E","?","?","?","T","BOSS","T","T","E","BOSS"],"items_purchased_type":["Relic","Card","Card","Relic","Relic","Card","Relic","Card","Card","Card","Relic","Relic","Relic","Card","Card","Card","Card","Card","Relic","Card","Relic","Relic","Relic","Card","Relic","Card","Card","Card","Relic","Relic"],"build_version":"2020-12-22","purchased_purges":2,"victory":true,"max_hp_per_floor":[80,80,80,80,80,80,80,80,80,80,80,80,80,77,77,77,77,77,77,77,77,77,77,80,80,80,80,80,80,80,80,80,80,80,80,80,84,84,84,84,84,84,84,84,84,84,84,84,84,84,84,84,84,84,84],"relic_stats":{"counters":[157,711],"Self Forming Clay":[30],"PreservedInsect":384,"Boot":[235],"Burning Blood":562,"TheAbacus":[18],"Shuriken":[30],"HandDrill":[122],"Art of War":[26],"Champion Belt":[41],"obtain_stats":[{"infinitespire:BottledMercury":26,"Golden Egg":53,"infinitespire:Cubic Diamond":2,"aspiration:PoetsPen_weak":17,"Whetstone":53,"Sling":0,"Boot":0,"aspiration:RitualStick":31,"Replay:Bronze Core":17,"hubris:DeckOfHolding":10,"infinitespire:Golems Mask":0,"HandDrill":53,"Blue Candle":7,"ReplayTheSpireMod:SealedPack":17,"aspiration:FrozenJewel":46,"infinitespire:EvilPickle":33,"MutagenicStrength":29,"aspiration:SilentSkillbook":34,"infinitespire:PuzzleCube":0,"Abe\u0027s Treasure":17,"Unceasing Top":54,"hubris:Reverence":46,"Regal Pillow":6,"aspiration:Lifesprig":0,"Lantern":0,"hubris:Metronome":54,"Singing Bowl":7,"Magic Flower":47,"Blue Doll":0,"Painkiller Herb":28,"Bag of Preparation":9,"hubris:EmptyBottle":53,"Burning Blood":0,"Replay:Rubber Ducky":9,"hubris:Backtick":46,"infinitespire:Bottled Soul":28,"aspiration:AnachronicSnailShell":36,"hubris:ScarierMask":34,"hubris:FunFungus":11,"WingedGreaves":23,"Lee\u0027s Waffle":0,"NeowsBlessing":0,"Golden Idol":3,"Self Forming Clay":53,"The Courier":38,"PreservedInsect":8,"Omamori":28,"infinitespire:Lucky Rock":25,"Frozen Egg 2":26,"Orrery":36,"Art of War":25,"Champion Belt":6,"Toy Ornithopter":9,"Tiny House":17,"hubris:CrystalStatue":40,"Gremlin Horn":0,"Vajra":0,"Centennial Puzzle":54,"Prayer Wheel":7,"Toxic Egg 2":0,"hexamod:SpiritBrand":24,"Happy Flower":0,"ReplayTheSpireMod:CursedCoin":4,"aspiration:Nostalgia":24,"Oddly Smooth Stone":13,"infinitespire:Beetle Shell":53,"Replay:Baseball":0,"ReplayTheSpireMod:Shallot":45,"Shuriken":31,"Bronze Scales":29,"Onion Ring":42,"ReplayTheSpireMod:TigerMarble":29,"hubris:ToyBattleship":6,"Mirror":0,"ReplayTheSpireMod:DimensionalGlitch":34,"Darkstone Periapt":13,"Juzu Bracelet":19,"ClockworkSouvenir":47,"Replay:Bandana":7,"hubris:Icosahedron":42,"Chameleon Ring":38,"TheAbacus":53,"Mummified Hand":0,"Tiny Chest":14,"Cracked Core":0,"Red Skull":28,"hubris:DisguiseKit":9,"BargainBundle":0,"ReplayTheSpireMod:Ninjato":41,"Guide Book":0,"hubris:MedicalManual":46,"White Beast Statue":53,"Peace Pipe":31,"Strange Spoon":0,"Anchor":24,"infinitespire:WardingShard":9,"infinitespire:Satchel":4,"ChewingGum":34,"hubris:BundleOfHerbs":41,"Coffee Dripper":17,"hubris:GrandSneckoEye":17,"Membership Card":0,"hubris:Potato":26,"FossilizedHelix":44,"TungstenRod":45,"m_BurningSludge":2,"hubris:NiceRug":53},{"infinitespire:BottledMercury":66,"Golden Egg":126,"infinitespire:Cubic Diamond":19,"aspiration:PoetsPen_weak":85,"Whetstone":101,"Sling":103,"Boot":128,"aspiration:RitualStick":115,"Replay:Bronze Core":47,"hubris:DeckOfHolding":21,"infinitespire:Golems Mask":128,"HandDrill":101,"Blue Candle":42,"ReplayTheSpireMod:SealedPack":109,"aspiration:FrozenJewel":72,"infinitespire:EvilPickle":68,"MutagenicStrength":91,"aspiration:SilentSkillbook":68,"infinitespire:PuzzleCube":12,"Abe\u0027s Treasure":33,"Unceasing Top":156,"hubris:Reverence":98,"Regal Pillow":3,"aspiration:Lifesprig":39,"Lantern":77,"hubris:Metronome":127,"Singing Bowl":105,"Magic Flower":73,"Blue Doll":103,"Painkiller Herb":141,"Bag of Preparation":5,"hubris:EmptyBottle":155,"Burning Blood":0,"Replay:Rubber Ducky":82,"hubris:Backtick":98,"infinitespire:Bottled Soul":66,"aspiration:AnachronicSnailShell":96,"hubris:ScarierMask":144,"hubris:FunFungus":57,"WingedGreaves":65,"Lee\u0027s Waffle":39,"NeowsBlessing":0,"Golden Idol":104,"Self Forming Clay":155,"The Courier":70,"PreservedInsect":133,"Omamori":114,"infinitespire:Lucky Rock":66,"Frozen Egg 2":141,"Orrery":145,"Art of War":141,"Champion Belt":133,"Toy Ornithopter":133,"Tiny House":10,"hubris:CrystalStatue":148,"Gremlin Horn":103,"Vajra":39,"Centennial Puzzle":102,"Prayer Wheel":56,"Toxic Egg 2":128,"hexamod:SpiritBrand":112,"Happy Flower":39,"ReplayTheSpireMod:CursedCoin":80,"aspiration:Nostalgia":112,"Oddly Smooth Stone":135,"infinitespire:Beetle Shell":155,"Replay:Baseball":128,"ReplayTheSpireMod:Shallot":98,"Shuriken":143,"Bronze Scales":66,"Onion Ring":122,"ReplayTheSpireMod:TigerMarble":66,"hubris:ToyBattleship":82,"Mirror":51,"ReplayTheSpireMod:DimensionalGlitch":94,"Darkstone Periapt":8,"Juzu Bracelet":48,"ClockworkSouvenir":98,"Replay:Bandana":29,"hubris:Icosahedron":71,"Chameleon Ring":97,"TheAbacus":126,"Mummified Hand":26,"Tiny Chest":46,"Cracked Core":0,"Red Skull":141,"hubris:DisguiseKit":105,"BargainBundle":77,"ReplayTheSpireMod:Ninjato":98,"Guide Book":77,"hubris:MedicalManual":98,"White Beast Statue":101,"Peace Pipe":93,"Strange Spoon":39,"Anchor":112,"infinitespire:WardingShard":14,"infinitespire:Satchel":2,"ChewingGum":116,"hubris:BundleOfHerbs":71,"Coffee Dripper":24,"hubris:GrandSneckoEye":59,"Membership Card":128,"hubris:Potato":112,"FossilizedHelix":122,"TungstenRod":150,"m_BurningSludge":19,"hubris:NiceRug":101},{"infinitespire:BottledMercury":326,"Golden Egg":582,"infinitespire:Cubic Diamond":63,"aspiration:PoetsPen_weak":417,"Whetstone":468,"Sling":477,"Boot":601,"aspiration:RitualStick":529,"Replay:Bronze Core":225,"hubris:DeckOfHolding":83,"infinitespire:Golems Mask":601,"HandDrill":468,"Blue Candle":196,"ReplayTheSpireMod:SealedPack":500,"aspiration:FrozenJewel":357,"infinitespire:EvilPickle":338,"MutagenicStrength":436,"aspiration:SilentSkillbook":338,"infinitespire:PuzzleCube":39,"Abe\u0027s Treasure":146,"Unceasing Top":706,"hubris:Reverence":457,"Regal Pillow":3,"aspiration:Lifesprig":175,"Lantern":393,"hubris:Metronome":590,"Singing Bowl":482,"Magic Flower":364,"Blue Doll":477,"Painkiller Herb":649,"Bag of Preparation":11,"hubris:EmptyBottle":703,"Burning Blood":0,"Replay:Rubber Ducky":406,"hubris:Backtick":457,"infinitespire:Bottled Soul":326,"aspiration:AnachronicSnailShell":450,"hubris:ScarierMask":662,"hubris:FunFungus":272,"WingedGreaves":322,"Lee\u0027s Waffle":175,"NeowsBlessing":0,"Golden Idol":479,"Self Forming Clay":703,"The Courier":347,"PreservedInsect":616,"Omamori":524,"infinitespire:Lucky Rock":326,"Frozen Egg 2":649,"Orrery":667,"Art of War":649,"Champion Belt":616,"Toy Ornithopter":616,"Tiny House":30,"hubris:CrystalStatue":675,"Gremlin Horn":477,"Vajra":175,"Centennial Puzzle":471,"Prayer Wheel":267,"Toxic Egg 2":601,"hexamod:SpiritBrand":513,"Happy Flower":175,"ReplayTheSpireMod:CursedCoin":401,"aspiration:Nostalgia":513,"Oddly Smooth Stone":623,"infinitespire:Beetle Shell":703,"Replay:Baseball":601,"ReplayTheSpireMod:Shallot":457,"Shuriken":656,"Bronze Scales":326,"Onion Ring":563,"ReplayTheSpireMod:TigerMarble":326,"hubris:ToyBattleship":406,"Mirror":248,"ReplayTheSpireMod:DimensionalGlitch":445,"Darkstone Periapt":22,"Juzu Bracelet":230,"ClockworkSouvenir":457,"Replay:Bandana":131,"hubris:Icosahedron":353,"Chameleon Ring":452,"TheAbacus":582,"Mummified Hand":119,"Tiny Chest":215,"Cracked Core":0,"Red Skull":649,"hubris:DisguiseKit":482,"BargainBundle":393,"ReplayTheSpireMod:Ninjato":457,"Guide Book":393,"hubris:MedicalManual":457,"White Beast Statue":468,"Peace Pipe":440,"Strange Spoon":175,"Anchor":513,"infinitespire:WardingShard":45,"infinitespire:Satchel":2,"ChewingGum":533,"hubris:BundleOfHerbs":353,"Coffee Dripper":106,"hubris:GrandSneckoEye":290,"Membership Card":601,"hubris:Potato":513,"FossilizedHelix":563,"TungstenRod":681,"m_BurningSludge":63,"hubris:NiceRug":468}],"Toy Ornithopter":15,"TungstenRod":44,"Unceasing Top":[0]},"card_choices":[{"not_picked":["Run Through","Shrug It Off+1"],"picked":"ReplayTheSpireMod:Stacked+1","floor":1},{"not_picked":["Evolve","True Grit+1"],"picked":"Twin Strike","floor":3},{"not_picked":["Iron Wave","Twin Strike"],"picked":"Pummel","floor":4},{"not_picked":["True Grit+1","Bludgeon"],"picked":"Seeing Red+1","floor":5},{"not_picked":["Warcry+1","Searing Blow"],"picked":"Bloodletting+1","floor":6},{"not_picked":["ReplayTheSpireMod:Limb From Limb","Run Through"],"picked":"Dark Embrace","floor":11},{"not_picked":["Searing Blow","Combust"],"picked":"Rage+1","floor":13},{"not_picked":["Immolate","Limit Break+1"],"picked":"Double Tap+1","floor":16},{"not_picked":["Body Slam","Shrug It Off+1"],"picked":"Perfected Strike","floor":18},{"not_picked":["Searing Blow","hubris:SharpeningStone+1"],"picked":"Rupture","floor":19},{"not_picked":["Clash","Fire Breathing+1"],"picked":"ReplayTheSpireMod:Strike From Hell+1","floor":20},{"not_picked":["Iron Wave","Run Through"],"picked":"Warcry+1","floor":24},{"not_picked":["Thunderclap","Ghostly Armor+1"],"picked":"Feed","floor":25},{"not_picked":["Shrug It Off+1","Searing Blow"],"picked":"Dark Embrace+1","floor":29},{"not_picked":["Intimidate+1","Body Slam"],"picked":"Twin Strike+1","floor":31},{"not_picked":["Feed","Immolate"],"picked":"Eclipse+1","floor":33},{"not_picked":["Replay:Undeath\u0027s Touch","ReplayTheSpireMod:Stacked+1"],"picked":"Flex+1","floor":35},{"not_picked":["ReplayTheSpireMod:Stacked+1","Shockwave+1"],"picked":"Replay:Many Hands+1","floor":36},{"not_picked":["Battle Trance+1","Shrug It Off+1"],"picked":"Seeing Red+1","floor":36},{"not_picked":["Evolve+1","hubris:ReadiedAction+1"],"picked":"Carnage+1","floor":36},{"not_picked":["Replay:Undeath\u0027s Touch","Clothesline+1"],"picked":"Twin Strike+1","floor":36},{"not_picked":["Clothesline+1","Second Wind+1"],"picked":"Twin Strike","floor":36},{"not_picked":["hubris:SharpeningStone+1","Massacre"],"picked":"Pommel Strike+1","floor":37},{"not_picked":["hubris:SharpeningStone+1","Clash+1"],"picked":"Warcry+1","floor":39},{"not_picked":["Rupture+1","Sword Boomerang"],"picked":"Demon Form+1","floor":40},{"not_picked":["Run Through+1","Havoc+1"],"picked":"Heavy Blade+1","floor":41},{"not_picked":["Cleave","Immolate"],"picked":"True Grit+1","floor":45},{"not_picked":["ReplayTheSpireMod:Muscle Training+1","True Grit+1"],"picked":"Seeing Red+1","floor":46},{"not_picked":["Anger","Sever Soul+1"],"picked":"ReplayTheSpireMod:Strike From Hell","floor":47},{"not_picked":["Carnage+1","Defy Death+1"],"picked":"Warcry+1","floor":48},{"not_picked":[],"picked":"Sever Soul+1","floor":53},{"not_picked":[],"picked":"Spot Weakness+1","floor":53},{"not_picked":[],"picked":"Flex+1","floor":53},{"not_picked":[],"picked":"Combust+1","floor":53},{"not_picked":[],"picked":"Secret Technique+1","floor":53},{"not_picked":["Massacre"],"picked":"SKIP","floor":53},{"not_picked":["hubris:Ssssneak+1"],"picked":"SKIP","floor":53},{"not_picked":["Power Through+1","Clothesline+1"],"picked":"Demon Form+1","floor":54}],"player_experience":615665,"relics_obtained":[{"floor":6,"key":"Champion Belt"},{"floor":9,"key":"Toy Ornithopter"},{"floor":13,"key":"Oddly Smooth Stone"},{"floor":25,"key":"Art of War"},{"floor":26,"key":"Frozen Egg 2"},{"floor":31,"key":"Shuriken"},{"floor":40,"key":"hubris:CrystalStatue"},{"floor":45,"key":"TungstenRod"},{"floor":53,"key":"Golden Egg"},{"floor":53,"key":"infinitespire:Beetle Shell"},{"floor":53,"key":"hubris:EmptyBottle"},{"floor":53,"key":"Self Forming Clay"},{"floor":53,"key":"TheAbacus"},{"floor":54,"key":"Unceasing Top"}],"event_choices":[{"damage_healed":0,"gold_gain":0,"cards_transformed":["Strike_R"],"player_choice":"Transformed","damage_taken":0,"max_hp_gain":0,"max_hp_loss":0,"event_name":"Transmorgrifier","floor":2,"gold_loss":0,"cards_obtained":["hubris:SharpeningStone"]},{"damage_healed":20,"gold_gain":0,"player_choice":"Healed and dodged fight","damage_taken":0,"max_hp_gain":0,"max_hp_loss":0,"event_name":"Mushrooms","floor":10,"gold_loss":0,"cards_obtained":["Parasite"]},{"cards_removed":["Parasite"],"damage_healed":0,"gold_gain":0,"player_choice":"Card Removal","damage_taken":0,"max_hp_gain":0,"max_hp_loss":0,"event_name":"The Cleric","floor":14,"gold_loss":50},{"damage_healed":0,"gold_gain":0,"player_choice":"Copied","damage_taken":0,"max_hp_gain":0,"max_hp_loss":0,"event_name":"Duplicator","floor":21,"gold_loss":0,"cards_obtained":["Double Tap"]}],"is_beta":false,"boss_relics":[{"not_picked":["hubris:Backtick","aspiration:SilentSkillbook"],"picked":"ChewingGum"},{"not_picked":["ReplayTheSpireMod:DimensionalGlitch","aspiration:FutureDiary"],"picked":"hubris:ScarierMask"}],"items_purged_floors":[36,53],"is_endless":false,"potions_floor_spawned":[1,3,5,6,18,20,29,35,40,45,47,48,54],"ascension_level":6}}