{"host":"4cz9gr89nglr7k8k","time":1610841101,"event":{"mods":["BaseMod","Minty Spire (QoL Compilation)","Relic Stats","Slay-I"],"gold_per_floor":[113,263,313,329,345,345,362,37,60,60,76,95,20,51,51,130,130,82,82,82,92,92,92,50,50,50,50,50,50],"floor_reached":28,"language":"DEU","playtime":710,"items_purged":["Doubt"],"score":432,"play_id":"84238047-731f-4919-ac1b-d2458e173a22","local_time":"20210117005141","is_ascension_mode":true,"campfire_choices":[{"floor":6,"key":"REST"},{"floor":10,"key":"REST"},{"floor":15,"key":"REST"},{"floor":23,"key":"REST"},{"floor":25,"key":"REST"},{"data":"1","floor":27,"key":"LIFT"}],"circlet_count":0,"master_deck":["AscendersBane","Strike_R+1","Strike_R+1","Strike_R+1","Strike_R+1","Defend_R+1","Defend_R+1","Defend_R+1","Bash","Havoc","Clash","Rampage","Intimidate","Demon Form","Bandage Up","Clash","Heavy Blade","Flex","Flame Barrier","Berserk","Burning Pact","Sword Boomerang+1","Intimidate"],"relics":["Burning Blood","Girya","Bag of Preparation","Happy Flower","Empty Cage","MutagenicStrength","White Beast Statue"],"acts_visited":["Exordium","TheCity"],"potions_floor_usage":[16,21,28],"damage_taken":[{"damage":15,"enemies":"Small Slimes","floor":1,"turns":4},{"damage":12,"enemies":"Cultist","floor":4,"turns":4},{"damage":19,"enemies":"Jaw Worm","floor":5,"turns":5},{"damage":25,"enemies":"3 Louse","floor":7,"turns":4},{"damage":21,"enemies":"Red Slaver","floor":11,"turns":6},{"damage":11,"enemies":"Looter","floor":12,"turns":2},{"damage":35,"enemies":"Lagavulin","floor":14,"turns":5},{"damage":31,"enemies":"Hexaghost","floor":16,"turns":8},{"damage":47,"enemies":"2 Thieves","floor":18,"turns":5},{"damage":0,"enemies":"Chosen","floor":21,"turns":2},{"damage":78,"enemies":"Centurion and Healer","floor":28,"turns":7}],"seed_played":"-5489175060490162257","potions_obtained":[{"floor":12,"key":"SpeedPotion"},{"floor":16,"key":"DistilledChaos"},{"floor":18,"key":"ElixirPotion"},{"floor":21,"key":"AttackPotion"}],"is_trial":false,"path_per_floor":["M","?","?","M","M","R","M","$","T","R","M","M","$","E","R","B",null,"M","?","?","M","?","R","$","R","T","R","M"],"character_chosen":"IRONCLAD","items_purchased":["Demon Form","Bandage Up","Clash","Intimidate"],"campfire_rested":5,"item_purchase_floors":[8,8,8,24],"current_hp_per_floor":[41,41,41,35,22,44,25,25,25,47,36,35,35,10,32,11,59,22,22,22,32,26,48,48,70,70,70,0,0],"gold":50,"neow_bonus":"ONE_RARE_RELIC","is_daily":false,"chose_seed":false,"campfire_upgraded":0,"win_rate":0.0,"timestamp":1610841101,"path_taken":["M","?","?","M","M","R","M","$","T","R","?","M","$","E","R","BOSS","M","?","?","M","?","R","$","R","T","R","?"],"items_purchased_type":["Card","Card","Card","Card"],"build_version":"2020-12-22","purchased_purges":1,"victory":false,"max_hp_per_floor":[75,75,75,75,75,75,75,75,75,75,75,75,75,75,75,75,75,75,75,75,75,75,75,75,75,75,75,75,75],"relic_stats":{"Happy Flower":[7],"counters":[11,52],"Bag of Preparation":[14],"obtain_stats":[{"Girya":0,"Happy Flower":14,"MutagenicStrength":19,"Bag of Preparation":9,"Empty Cage":17,"Burning Blood":0,"White Beast Statue":26},{"Girya":0,"Happy Flower":7,"MutagenicStrength":9,"Bag of Preparation":4,"Empty Cage":8,"Burning Blood":0,"White Beast Statue":10},{"Girya":0,"Happy Flower":30,"MutagenicStrength":43,"Bag of Preparation":17,"Empty Cage":38,"Burning Blood":0,"White Beast Statue":45}],"Burning Blood":60},"card_choices":[{"not_picked":["Body Slam","Rupture"],"picked":"Havoc","floor":1},{"not_picked":["Metallicize","Shrug It Off"],"picked":"Clash","floor":4},{"not_picked":["Perfected Strike","Entrench"],"picked":"Rampage","floor":5},{"not_picked":["Heavy Blade","Sentinel"],"picked":"Intimidate","floor":7},{"not_picked":["Dark Embrace","Second Wind"],"picked":"Heavy Blade","floor":11},{"not_picked":["Pommel Strike","Wild Strike"],"picked":"Flex","floor":12},{"not_picked":["Offering","Shrug It Off"],"picked":"Flame Barrier","floor":14},{"not_picked":["Exhume","Fiend Fire"],"picked":"Berserk","floor":16},{"not_picked":["Rupture","Searing Blow"],"picked":"Burning Pact","floor":18},{"not_picked":["Havoc+1","Iron Wave"],"picked":"Sword Boomerang+1","floor":21}],"player_experience":1506389,"relics_obtained":[{"floor":9,"key":"Bag of Preparation"},{"floor":14,"key":"Happy Flower"},{"floor":26,"key":"White Beast Statue"}],"event_choices":[{"damage_healed":0,"gold_gain":150,"player_choice":"AGREE","damage_taken":0,"max_hp_gain":0,"max_hp_loss":0,"event_name":"Liars Game","floor":2,"gold_loss":0,"cards_obtained":["Doubt"]},{"damage_healed":0,"gold_gain":50,"player_choice":"Pray","damage_taken":0,"max_hp_gain":0,"max_hp_loss":0,"event_name":"Golden Shrine","floor":3,"gold_loss":0},{"damage_healed":0,"gold_gain":0,"player_choice":"Inject Mutagens","damage_taken":0,"relics_obtained":["MutagenicStrength"],"max_hp_gain":0,"max_hp_loss":0,"event_name":"Drug Dealer","floor":19,"gold_loss":0},{"damage_healed":0,"gold_gain":0,"player_choice":"Simplicity","damage_taken":0,"max_hp_gain":0,"max_hp_loss":0,"event_name":"Back to Basics","floor":20,"gold_loss":0,"cards_upgraded":["Strike_R","Strike_R","Strike_R","Strike_R","Defend_R","Defend_R","Defend_R"]},{"damage_healed":0,"gold_gain":0,"player_choice":"","damage_taken":6,"max_hp_gain":0,"max_hp_loss":0,"event_name":"Knowing Skull","floor":22,"potions_obtained":[],"gold_loss":0,"cards_obtained":[]}],"is_beta":false,"boss_relics":[{"not_picked":["Runic Dome","Fusion Hammer"],"picked":"Empty Cage"}],"items_purged_floors":[13],"is_endless":false,"potions_floor_spawned":[12,16,18,21],"killed_by":"Centurion and Healer","ascension_level":20}}