{"host":"anox4050deqdcqoh","time":1610757427,"event":{"mods":["BaseMod","Colored Map","Highlight Path","Minty Spire (QoL Compilation)","Quick Restart","Rare Cards Sparkle","everything is the same but u backflip on backflip"],"gold_per_floor":[114,68,81,129,129,129,147,147,198,198,15,58,81,4,4,130,130,153,2,2,15,34,34,34,34],"floor_reached":24,"language":"ENG","playtime":876,"items_purged":["Strike_R","Power Through"],"score":223,"play_id":"ed9295f8-c6c1-4947-b56a-4fdd64f96b35","local_time":"20210115193707","is_ascension_mode":true,"campfire_choices":[{"data":"Body Slam","floor":6,"key":"SMITH"},{"data":"Iron Wave","floor":8,"key":"SMITH"},{"floor":10,"key":"REST"},{"floor":15,"key":"REST"},{"floor":23,"key":"REST"}],"circlet_count":0,"master_deck":["Strike_R","Strike_R","Strike_R","Strike_R","Defend_R","Defend_R","Defend_R","Defend_R","Bash","Iron Wave+1","Body Slam+1","Cleave","Searing Blow","Evolve","Reaper","Uppercut","Iron Wave+1","Pommel Strike+1"],"relics":["Burning Blood","Omamori","Bronze Scales","Golden Idol","Membership Card","Oddly Smooth Stone","Runic Pyramid","Frozen Eye"],"acts_visited":["Exordium","TheCity"],"potions_floor_usage":[16,16,22,22,24],"damage_taken":[{"damage":6,"enemies":"Cultist","floor":1,"turns":3},{"damage":13,"enemies":"Jaw Worm","floor":3,"turns":4},{"damage":8,"enemies":"2 Louse","floor":7,"turns":2},{"damage":56,"enemies":"Gremlin Nob","floor":12,"turns":5},{"damage":7,"enemies":"Blue Slaver","floor":13,"turns":3},{"damage":16,"enemies":"Hexaghost","floor":16,"turns":12},{"damage":30,"enemies":"Spheric Guardian","floor":18,"turns":6},{"damage":31,"enemies":"2 Thieves","floor":21,"turns":5},{"damage":53,"enemies":"Snecko","floor":22,"turns":7},{"damage":30,"enemies":"Gremlin Leader","floor":24,"turns":6}],"seed_played":"-1538064730037882469","potions_obtained":[{"floor":12,"key":"ElixirPotion"},{"floor":13,"key":"Energy Potion"},{"floor":18,"key":"BlessingOfTheForge"},{"floor":22,"key":"Weak Potion"}],"is_trial":false,"path_per_floor":["M","$","M","T","?","R","M","R","T","R","$","E","M","$","R","B",null,"M","$","?","M","M","R","E"],"character_chosen":"IRONCLAD","items_purchased":["Iron Wave","Membership Card","Evolve","Power Through","Frozen Eye","BloodPotion"],"campfire_rested":3,"item_purchase_floors":[2,11,14,14,19,19],"current_hp_per_floor":[80,80,73,73,53,53,51,51,51,75,75,25,24,24,48,38,80,56,56,56,35,10,34,16,16],"gold":34,"neow_bonus":"RANDOM_COMMON_RELIC","is_daily":false,"chose_seed":false,"campfire_upgraded":2,"win_rate":0.0,"timestamp":1610757427,"path_taken":["M","$","M","?","?","R","M","R","T","R","?","E","?","$","R","BOSS","M","$","?","?","M","R","E"],"items_purchased_type":["Card","Relic","Card","Card","Relic","Potion"],"build_version":"2020-12-22","purchased_purges":2,"victory":false,"max_hp_per_floor":[80,80,80,80,80,80,80,80,80,80,80,80,80,80,80,80,80,80,80,80,80,80,80,80,80],"card_choices":[{"not_picked":["Wild Strike","True Grit","Anger"],"picked":"SKIP","floor":1},{"not_picked":["Searing Blow","Headbutt"],"picked":"Body Slam","floor":3},{"not_picked":["Wild Strike","Havoc","Heavy Blade"],"picked":"SKIP","floor":7},{"not_picked":["Blood for Blood","Sever Soul"],"picked":"Cleave","floor":12},{"not_picked":["Battle Trance","Sever Soul"],"picked":"Searing Blow","floor":13},{"not_picked":["Exhume","Brutality"],"picked":"Reaper","floor":16},{"not_picked":["Headbutt","Body Slam"],"picked":"Uppercut","floor":18},{"not_picked":["Wild Strike","Anger"],"picked":"Pommel Strike+1","floor":21},{"not_picked":["Battle Trance","Body Slam","Clothesline+1"],"picked":"SKIP","floor":22}],"player_experience":343889,"relics_obtained":[{"floor":4,"key":"Bronze Scales"},{"floor":12,"key":"Oddly Smooth Stone"}],"event_choices":[{"damage_healed":0,"gold_gain":0,"player_choice":"Take Damage","damage_taken":20,"relics_obtained":["Golden Idol"],"max_hp_gain":0,"max_hp_loss":0,"event_name":"Golden Idol","floor":5,"gold_loss":0},{"damage_healed":0,"gold_gain":0,"player_choice":"Copied","damage_taken":0,"max_hp_gain":0,"max_hp_loss":0,"event_name":"Duplicator","floor":20,"gold_loss":0,"cards_obtained":["Iron Wave"]}],"is_beta":false,"boss_relics":[{"not_picked":["Pandora\u0027s Box","Astrolabe"],"picked":"Runic Pyramid"}],"items_purged_floors":[11,19],"is_endless":false,"potions_floor_spawned":[12,13,18,22],"killed_by":"Gremlin Leader","ascension_level":3}}