{"host":"yi49lbnhh35mzi7n","time":1610773436,"event":{"mods":["BaseMod","Bestiary","BetterRewards","Colored Map","Conspire","Downfall","Googly Eyes","Hermit","Hubris","Infinite Spire","Minty Spire (QoL Compilation)","Quick Restart","StSLib","The Bladedancer","The Construct","The Jungle","The Necromancer"],"gold_per_floor":[113,113,125,144,144,174,174,184,209,246,273,273,53,74,74,74,74],"floor_reached":16,"language":"ENG","playtime":614,"items_purged":[],"score":112,"play_id":"c3bf6097-18a2-46aa-98b7-a334bc12edac","local_time":"20210116060356","is_ascension_mode":false,"campfire_choices":[{"data":"hermit:NoHoldsBarred","floor":7,"key":"SMITH"},{"floor":15,"key":"REST"}],"circlet_count":0,"master_deck":["hermit:Strike_Hermit","hermit:Strike_Hermit","hermit:Strike_Hermit","hermit:Defend_Hermit","hermit:Defend_Hermit","hermit:Defend_Hermit","hermit:Defend_Hermit","hermit:Snapshot","hermit:Covet+1","hermit:NoHoldsBarred+1","hermit:Grudge","hermit:Manifest","hermit:Feint","hermit:Virtue","hermit:EyeOfTheStorm","hermit:Brawl","hermit:PistolWhip"],"relics":["hermit:Momento","conspire:Dentures","hubris:OldNail","Lantern","CeramicFish","PreservedInsect"],"acts_visited":["Exordium"],"potions_floor_usage":[6,8,16],"damage_taken":[{"damage":3,"enemies":"Cultist","floor":1,"turns":5},{"damage":0,"enemies":"2 Louse","floor":3,"turns":1},{"damage":0,"enemies":"Small Slimes","floor":4,"turns":2},{"damage":49,"enemies":"Lagavulin","floor":6,"turns":7},{"damage":0,"enemies":"Exordium Thugs","floor":8,"turns":3},{"damage":2,"enemies":"3 Sentries","floor":10,"turns":6},{"damage":12,"enemies":"Large Slime","floor":11,"turns":6},{"damage":1,"enemies":"Red Slaver","floor":14,"turns":4},{"damage":31,"enemies":"The Guardian","floor":16,"turns":10}],"seed_played":"2485868129887063973","potions_obtained":[{"floor":1,"key":"Energy Potion"},{"floor":6,"key":"sneckomod:MuddlingPotion"},{"floor":8,"key":"Weak Potion"}],"is_trial":false,"path_per_floor":["M","T","M","M","?","E","R","M","T","E","M","?","$","M","R","B"],"character_chosen":"HERMIT","items_purchased":["PreservedInsect","hermit:Brawl"],"campfire_rested":1,"item_purchase_floors":[13,13],"current_hp_per_floor":[72,72,72,72,72,23,23,23,23,21,9,9,9,8,30,0,0],"gold":74,"neow_bonus":"UPGRADE_CARD","is_daily":false,"chose_seed":false,"campfire_upgraded":1,"win_rate":0.0,"timestamp":1610773436,"path_taken":["M","?","M","M","?","E","R","M","T","E","?","?","?","M","R","BOSS"],"items_purchased_type":["Relic","Card"],"build_version":"2020-12-22","purchased_purges":0,"victory":false,"max_hp_per_floor":[75,75,75,75,75,75,75,75,75,75,75,75,75,75,75,75,75],"card_choices":[{"not_picked":["hermit:TrackingShot","hermit:Cheat"],"picked":"hermit:NoHoldsBarred","floor":1},{"not_picked":["hermit:Horror","hermit:WideOpen"],"picked":"hermit:Grudge","floor":3},{"not_picked":["hermit:SprayPray","hermit:BigShot"],"picked":"hermit:Manifest","floor":4},{"not_picked":["hermit:Manifest","hermit:CalledShot"],"picked":"hermit:Feint","floor":6},{"not_picked":["hermit:LuckOfTheDraw","hermit:SprayPray","hermit:HighCaliber"],"picked":"SKIP","floor":8},{"not_picked":["hermit:TrackingShot","hermit:Ricochet"],"picked":"hermit:Virtue","floor":10},{"not_picked":["hermit:HighCaliber","hermit:OverwhelmingPower"],"picked":"hermit:EyeOfTheStorm","floor":11},{"not_picked":["hermit:TrackingShot","hermit:CalledShot"],"picked":"hermit:PistolWhip","floor":14}],"player_experience":581205,"relics_obtained":[{"floor":2,"key":"conspire:Dentures"},{"floor":6,"key":"hubris:OldNail"},{"floor":9,"key":"Lantern"},{"floor":10,"key":"CeramicFish"}],"event_choices":[{"damage_healed":0,"gold_gain":0,"player_choice":"Ignored","damage_taken":0,"max_hp_gain":0,"max_hp_loss":0,"event_name":"NoteForYourself","floor":5,"gold_loss":0},{"cards_removed":["hermit:Strike_Hermit"],"damage_healed":0,"gold_gain":0,"player_choice":"Purged","damage_taken":0,"max_hp_gain":0,"max_hp_loss":0,"event_name":"Purifier","floor":12,"gold_loss":0}],"is_beta":false,"boss_relics":[],"items_purged_floors":[],"is_endless":false,"potions_floor_spawned":[1,6,8],"killed_by":"The Guardian","ascension_level":0}}