{"host":"w9yruvs4bqht6bhw","time":1610827019,"event":{"mods":["BaseMod","Colored Powertips","Minty Spire (QoL Compilation)"],"gold_per_floor":[113,113,63,11,11,11,43,59,59,59,59,59,82,100,100,228,228,243,158,30,30,46,46,46,71,95,95,131,131,131,131],"floor_reached":30,"language":"ENG","playtime":734,"items_purged":[],"score":403,"play_id":"a6ebce56-8119-4524-be3b-daa6a591d0cc","local_time":"20210116145659","is_ascension_mode":true,"campfire_choices":[{"data":"Bash","floor":6,"key":"SMITH"},{"floor":15,"key":"REST"},{"floor":23,"key":"REST"},{"floor":27,"key":"DIG"}],"circlet_count":0,"master_deck":["AscendersBane","Strike_R","Strike_R","Strike_R","Strike_R","Defend_R","Defend_R","Defend_R","Defend_R","Bash+1","Heavy Blade","Headbutt","Infernal Blade","Immolate","CurseOfTheBell","Sword Boomerang+1","Spot Weakness","Shrug It Off"],"relics":["Burning Blood","Mango","Sundial","Golden Idol","Calling Bell","Potion Belt","Ornamental Fan","Shovel","StrikeDummy","Thread and Needle","Anchor","Bottled Flame","Happy Flower"],"acts_visited":["Exordium","TheCity"],"potions_floor_usage":[7,16,25,28,28,28,29],"damage_taken":[{"damage":6,"enemies":"Cultist","floor":1,"turns":4},{"damage":40,"enemies":"3 Sentries","floor":7,"turns":6},{"damage":5,"enemies":"2 Louse","floor":8,"turns":3},{"damage":4,"enemies":"Small Slimes","floor":13,"turns":3},{"damage":16,"enemies":"Looter","floor":14,"turns":4},{"damage":44,"enemies":"Hexaghost","floor":16,"turns":9},{"damage":41,"enemies":"2 Thieves","floor":18,"turns":4},{"damage":25,"enemies":"Shell Parasite","floor":22,"turns":5},{"damage":18,"enemies":"Snecko","floor":25,"turns":4},{"damage":45,"enemies":"Slavers","floor":28,"turns":5},{"damage":10,"enemies":"Colosseum Slavers","floor":29,"turns":4},{"damage":10,"enemies":"Gremlin Leader","floor":30,"turns":1}],"seed_played":"-5086758605983742025","potions_obtained":[{"floor":1,"key":"SpeedPotion"},{"floor":7,"key":"ColorlessPotion"},{"floor":16,"key":"Strength Potion"},{"floor":25,"key":"Strength Potion"},{"floor":28,"key":"SpeedPotion"}],"is_trial":false,"path_per_floor":["M","?","?","$","?","R","E","M","T","?","$","$","M","M","R","B",null,"M","?","$","?","M","R","?","M","T","R","E","?","E"],"character_chosen":"IRONCLAD","items_purchased":["PowerPotion","Spot Weakness","Weak Potion"],"campfire_rested":2,"item_purchase_floors":[4,20,20],"current_hp_per_floor":[80,80,80,80,85,85,65,66,66,40,40,40,42,32,64,26,87,52,52,52,52,33,65,65,53,53,53,14,10,0,0],"gold":131,"neow_bonus":"TEN_PERCENT_HP_BONUS","is_daily":false,"chose_seed":false,"campfire_upgraded":1,"win_rate":0.0,"timestamp":1610827019,"path_taken":["M","?","?","$","?","R","E","M","T","?","?","$","?","M","R","BOSS","M","?","$","?","M","R","?","M","T","R","E","?","E"],"items_purchased_type":["Potion","Card","Potion"],"build_version":"2020-12-22","purchased_purges":0,"victory":false,"max_hp_per_floor":[88,88,88,88,93,93,107,107,107,107,107,107,107,107,107,107,107,107,107,107,107,107,107,107,107,107,107,107,107,107,107],"card_choices":[{"not_picked":["Metallicize","Armaments"],"picked":"Heavy Blade","floor":1},{"not_picked":["Iron Wave","Brutality","Searing Blow"],"picked":"SKIP","floor":7},{"not_picked":["Hemokinesis","Clash"],"picked":"Headbutt","floor":8},{"not_picked":["Entrench","Wild Strike","Body Slam"],"picked":"SKIP","floor":13},{"not_picked":["Body Slam","Metallicize"],"picked":"Infernal Blade","floor":14},{"not_picked":["Double Tap","Exhume"],"picked":"Immolate","floor":16},{"not_picked":["Havoc","Bloodletting"],"picked":"Sword Boomerang+1","floor":18},{"not_picked":["Sentinel","Seeing Red","Headbutt"],"picked":"SKIP","floor":22},{"not_picked":["Entrench+1","Dual Wield","Second Wind+1"],"picked":"SKIP","floor":25},{"not_picked":["Heavy Blade","Wild Strike+1"],"picked":"Shrug It Off","floor":28}],"player_experience":405984,"relics_obtained":[{"floor":7,"key":"Mango"},{"floor":9,"key":"Sundial"},{"floor":17,"key":"Potion Belt"},{"floor":17,"key":"Ornamental Fan"},{"floor":17,"key":"Shovel"},{"floor":26,"key":"Anchor"},{"floor":27,"key":"Bottled Flame"},{"floor":28,"key":"Happy Flower"}],"event_choices":[{"damage_healed":0,"gold_gain":0,"player_choice":"Ignored","damage_taken":0,"max_hp_gain":0,"max_hp_loss":0,"event_name":"Liars Game","floor":2,"gold_loss":0},{"cards_removed":["Strike_R"],"damage_healed":0,"gold_gain":0,"player_choice":"Card Removal","damage_taken":0,"max_hp_gain":0,"max_hp_loss":0,"event_name":"The Cleric","floor":3,"gold_loss":50},{"damage_healed":0,"gold_gain":0,"player_choice":"Donut","damage_taken":0,"max_hp_gain":5,"max_hp_loss":0,"event_name":"Big Fish","floor":5,"gold_loss":0},{"damage_healed":0,"gold_gain":0,"player_choice":"Take Damage","damage_taken":26,"relics_obtained":["Golden Idol"],"max_hp_gain":0,"max_hp_loss":0,"event_name":"Golden Idol","floor":10,"gold_loss":0},{"damage_healed":0,"gold_gain":0,"player_choice":"Obtained Relic","damage_taken":0,"relics_obtained":["StrikeDummy"],"max_hp_gain":0,"max_hp_loss":0,"event_name":"Addict","floor":19,"gold_loss":85},{"damage_healed":0,"gold_gain":0,"player_choice":"Opened","damage_taken":0,"relics_obtained":["Thread and Needle"],"max_hp_gain":0,"max_hp_loss":0,"event_name":"The Mausoleum","floor":21,"gold_loss":0},{"damage_healed":0,"gold_gain":0,"player_choice":"Ignored","damage_taken":0,"max_hp_gain":0,"max_hp_loss":0,"event_name":"Cursed Tome","floor":24,"gold_loss":0},{"damage_healed":0,"gold_gain":0,"player_choice":"Fight","damage_taken":0,"max_hp_gain":0,"max_hp_loss":0,"event_name":"Colosseum","floor":29,"gold_loss":0},{"damage_healed":0,"gold_gain":0,"player_choice":"Fled From Nobs","damage_taken":0,"max_hp_gain":0,"max_hp_loss":0,"event_name":"Colosseum","floor":29,"gold_loss":0}],"is_beta":false,"boss_relics":[{"not_picked":["Fusion Hammer","Runic Dome"],"picked":"Calling Bell"}],"items_purged_floors":[],"is_endless":false,"potions_floor_spawned":[1,7,16,25,28],"killed_by":"Gremlin Leader","ascension_level":11}}