{"host":"y193d0agu1dp5x1y","time":1610777769,"event":{"mods":["AchievementEnabler","BaseMod","Googly Eyes","Minty Spire (QoL Compilation)"],"gold_per_floor":[118,118,43,54,74,108,108,183,183,197,97,131,143,143,143,240,240,251,211,86,86,86,121,121,141,141,165,184,184,202,202,202,297,297,308,77,88,104,33,33,68,68,68,0,10,26,80,80,80,80,80],"floor_reached":50,"language":"ENG","playtime":2049,"items_purged":["Dualcast","Strike_B","Strike_B"],"score":525,"play_id":"09fcf03c-a560-4d44-a0ea-96f8389d3c20","local_time":"20210116001609","is_ascension_mode":false,"campfire_choices":[{"data":"Hello World","floor":15,"key":"SMITH"},{"floor":24,"key":"REST"},{"floor":29,"key":"DIG"},{"floor":32,"key":"DIG"},{"floor":40,"key":"DIG"},{"floor":42,"key":"DIG"},{"floor":49,"key":"DIG"}],"circlet_count":0,"master_deck":["Strike_B+1","Strike_B+1","Defend_B+1","Defend_B+1","Defend_B+1","Defend_B+1","Zap+1","Hello World+1","Defragment","Beam Cell","Hello World","Steam","Melter","Conserve Battery+1","Defragment","White Noise","Storm","Streamline"],"relics":["Cracked Core","NeowsBlessing","Incense Burner","Pantograph","Tiny Chest","Fusion Hammer","War Paint","Shovel","Bronze Scales","Unceasing Top","MutagenicStrength","Dream Catcher","Nuclear Battery","Lee\u0027s Waffle","Letter Opener","White Beast Statue","Orichalcum","Blood Vial","Red Mask","Happy Flower","Bottled Tornado"],"acts_visited":["Exordium","TheCity","TheBeyond"],"potions_floor_usage":[6,12,12,28,33,41,46,50],"damage_taken":[{"damage":0,"enemies":"Small Slimes","floor":1,"turns":1},{"damage":0,"enemies":"Cultist","floor":4,"turns":1},{"damage":0,"enemies":"2 Louse","floor":5,"turns":1},{"damage":28,"enemies":"Gremlin Nob","floor":6,"turns":4},{"damage":2,"enemies":"Blue Slaver","floor":10,"turns":4},{"damage":0,"enemies":"Lagavulin","floor":12,"turns":5},{"damage":3,"enemies":"Large Slime","floor":13,"turns":6},{"damage":6,"enemies":"Exordium Thugs","floor":14,"turns":4},{"damage":17,"enemies":"Slime Boss","floor":16,"turns":8},{"damage":22,"enemies":"2 Thieves","floor":18,"turns":5},{"damage":25,"enemies":"Gremlin Leader","floor":23,"turns":6},{"damage":0,"enemies":"Chosen","floor":25,"turns":3},{"damage":1,"enemies":"Snake Plant","floor":28,"turns":4},{"damage":10,"enemies":"Chosen and Byrds","floor":30,"turns":5},{"damage":23,"enemies":"Champ","floor":33,"turns":12},{"damage":13,"enemies":"3 Shapes","floor":35,"turns":4},{"damage":10,"enemies":"Orb Walker","floor":37,"turns":4},{"damage":0,"enemies":"Spire Growth","floor":38,"turns":5},{"damage":21,"enemies":"Reptomancer","floor":41,"turns":7},{"damage":0,"enemies":"Sphere and 2 Shapes","floor":45,"turns":2},{"damage":29,"enemies":"4 Shapes","floor":46,"turns":5},{"damage":85,"enemies":"Awakened One","floor":50,"turns":12}],"seed_played":"-6865538623153596984","potions_obtained":[{"floor":5,"key":"FocusPotion"},{"floor":6,"key":"Swift Potion"},{"floor":10,"key":"SpeedPotion"},{"floor":23,"key":"Block Potion"},{"floor":30,"key":"Strength Potion"},{"floor":35,"key":"Dexterity Potion"},{"floor":38,"key":"ColorlessPotion"},{"floor":45,"key":"LiquidBronze"},{"floor":46,"key":"Explosive Potion"}],"is_trial":false,"path_per_floor":["M","?","$","M","M","E","?","?","T","M","$","E","M","M","R","B",null,"M","?","$","$","?","E","R","M","T","T","M","R","M","?","R","B",null,"M","$","M","M","$","R","E","R","T","?","M","M","T","?","R","B"],"character_chosen":"DEFECT","items_purchased":["Defragment","Lee\u0027s Waffle","White Noise"],"campfire_rested":1,"item_purchase_floors":[36,36,39],"current_hp_per_floor":[75,75,75,75,75,47,32,21,21,19,19,19,16,10,10,18,75,53,53,53,53,53,28,50,50,50,50,49,49,39,39,39,41,75,62,82,72,72,72,72,51,51,51,51,53,26,26,72,72,0,0],"gold":80,"neow_bonus":"THREE_ENEMY_KILL","is_daily":false,"chose_seed":false,"campfire_upgraded":1,"win_rate":0.0,"timestamp":1610777769,"path_taken":["M","?","$","M","?","E","?","?","T","M","?","E","M","M","R","BOSS","M","?","?","$","?","E","R","M","T","?","M","R","?","?","R","BOSS","M","$","M","M","$","R","E","R","T","?","M","M","?","?","R","BOSS"],"items_purchased_type":["Card","Relic","Card"],"build_version":"2020-12-22","purchased_purges":3,"victory":false,"max_hp_per_floor":[75,75,75,75,75,75,75,75,75,75,75,75,75,75,75,75,75,75,75,75,75,75,75,75,75,75,75,75,75,75,75,75,75,75,75,82,82,82,82,82,82,82,82,82,82,82,82,72,72,72,72],"card_choices":[{"not_picked":["Coolheaded","Redo","Genetic Algorithm"],"picked":"SKIP","floor":1},{"not_picked":["Rebound","Fusion","Streamline"],"picked":"SKIP","floor":4},{"not_picked":["Coolheaded","Hyperbeam","Rebound"],"picked":"SKIP","floor":5},{"not_picked":["Turbo","Barrage"],"picked":"Hello World","floor":6},{"not_picked":["Ball Lightning","Rebound","Hologram"],"picked":"SKIP","floor":10},{"not_picked":["Go for the Eyes","Consume"],"picked":"Defragment","floor":12},{"not_picked":["Self Repair","Leap"],"picked":"Beam Cell","floor":13},{"not_picked":["Cold Snap","All For One","Lockon"],"picked":"SKIP","floor":14},{"not_picked":["Compile Driver+1","Rebound"],"picked":"Hello World","floor":18},{"not_picked":["Sunder","Doom and Gloom"],"picked":"Steam","floor":23},{"not_picked":["Blizzard","Compile Driver"],"picked":"Melter","floor":25},{"not_picked":["Static Discharge","Leap","Heatsinks"],"picked":"SKIP","floor":28},{"not_picked":["Go for the Eyes","Aggregate"],"picked":"Conserve Battery+1","floor":30},{"not_picked":["Sweeping Beam","Conserve Battery","Self Repair"],"picked":"SKIP","floor":35},{"not_picked":["Conserve Battery","Turbo","Skim+1"],"picked":"SKIP","floor":37},{"not_picked":["Stack","Hologram+1","Conserve Battery+1"],"picked":"SKIP","floor":38},{"not_picked":["Go for the Eyes+1","Redo+1"],"picked":"Storm","floor":41},{"not_picked":["Hologram","Stack+1"],"picked":"Streamline","floor":45},{"not_picked":["Turbo","Core Surge","Cold Snap"],"picked":"SKIP","floor":46}],"player_experience":106426,"relics_obtained":[{"floor":6,"key":"Incense Burner"},{"floor":9,"key":"Pantograph"},{"floor":12,"key":"Tiny Chest"},{"floor":23,"key":"War Paint"},{"floor":26,"key":"Shovel"},{"floor":27,"key":"Bronze Scales"},{"floor":29,"key":"Unceasing Top"},{"floor":32,"key":"Dream Catcher"},{"floor":40,"key":"Letter Opener"},{"floor":41,"key":"White Beast Statue"},{"floor":42,"key":"Orichalcum"},{"floor":43,"key":"Blood Vial"},{"floor":47,"key":"Happy Flower"},{"floor":49,"key":"Bottled Tornado"}],"event_choices":[{"damage_healed":0,"gold_gain":0,"player_choice":"Forge","damage_taken":0,"max_hp_gain":0,"max_hp_loss":0,"event_name":"Accursed Blacksmith","floor":2,"gold_loss":0,"cards_upgraded":["Zap"]},{"damage_healed":0,"gold_gain":0,"player_choice":"Entered Light","damage_taken":15,"max_hp_gain":0,"max_hp_loss":0,"event_name":"Shining Light","floor":7,"gold_loss":0,"cards_upgraded":["Strike_B","Defend_B"]},{"damage_healed":0,"gold_gain":75,"player_choice":"Gather Gold","damage_taken":11,"max_hp_gain":0,"max_hp_loss":0,"event_name":"World of Goop","floor":8,"gold_loss":0},{"damage_healed":0,"gold_gain":0,"player_choice":"Upgraded Two","damage_taken":0,"max_hp_gain":0,"max_hp_loss":0,"event_name":"Designer","floor":19,"gold_loss":40,"cards_upgraded":["Defend_B","Strike_B"]},{"damage_healed":0,"gold_gain":0,"player_choice":"Ignored","damage_taken":0,"max_hp_gain":0,"max_hp_loss":0,"event_name":"Ghosts","floor":22,"gold_loss":0},{"damage_healed":0,"gold_gain":0,"player_choice":"Inject Mutagens","damage_taken":0,"relics_obtained":["MutagenicStrength"],"max_hp_gain":0,"max_hp_loss":0,"event_name":"Drug Dealer","floor":31,"gold_loss":0},{"damage_healed":0,"gold_gain":0,"player_choice":"Paid","damage_taken":0,"relics_obtained":["Red Mask"],"max_hp_gain":0,"max_hp_loss":0,"event_name":"Tomb of Lord Red Mask","floor":44,"gold_loss":68},{"damage_healed":72,"gold_gain":0,"player_choice":"Heal","damage_taken":0,"max_hp_gain":0,"max_hp_loss":10,"event_name":"The Moai Head","floor":48,"gold_loss":0}],"is_beta":false,"boss_relics":[{"not_picked":["SacredBark","Ectoplasm"],"picked":"Fusion Hammer"},{"not_picked":["Velvet Choker","Philosopher\u0027s Stone"],"picked":"Nuclear Battery"}],"items_purged_floors":[3,11,20],"is_endless":false,"potions_floor_spawned":[5,6,10,23,30,35,38,45,46],"killed_by":"Awakened One","ascension_level":0}}