{"host":"9ltncrns7b9wt2tr","time":1610818199,"event":{"mods":["AchievementEnabler","BaseMod","BetterRewards","Colored Map","Colored Powertips","Minty Spire (QoL Compilation)","Quick Restart","StSLib","SuperFastMode"],"gold_per_floor":[113,127,127,127,127,153,153,486,486,513,513,532,560,576,576,671,671,685,685,685,698,214,233,267,97,97,125,125,159,159,159,159,262,262,279,295,312,323,120,150,150,184,184,184,184,195,245,275,275,275,275,275,34,64,64],"floor_reached":56,"language":"ZHS","playtime":3147,"items_purged":["Defend_P","Defend_P","Strike_P","Heavy Blade","Strike_P"],"score":2199,"play_id":"f2bb86ae-3bba-4252-bff1-f0eb67b3733f","local_time":"20210117012959","is_ascension_mode":true,"campfire_choices":[{"floor":7.0,"key":"REST"},{"floor":11.0,"key":"REST"},{"data":"Eruption","floor":15.0,"key":"SMITH"},{"data":"Battle Trance","floor":28.0,"key":"SMITH"},{"data":"CutThroughFate","floor":30.0,"key":"SMITH"},{"data":"FTL","floor":32.0,"key":"SMITH"},{"data":"Skewer","floor":41.0,"key":"SMITH"},{"data":"CrushJoints","floor":45.0,"key":"SMITH"},{"floor":49.0,"key":"RECALL"},{"data":"Strike_P","floor":52.0,"key":"SMITH"}],"circlet_count":0,"master_deck":["Strike_P+1","Strike_P+1","Defend_P+1","Defend_P+1","Eruption+1","Vigilance+1","CrushJoints+1","FTL+1","Battle Trance+1","True Grit+1","CutThroughFate+1","Crescendo+1","Phantasmal Killer+1","CurseOfTheBell","DeusExMachina+1","Skewer+1","Apotheosis+1","Double Tap+1","Alpha+1","Ragnarok+1","Study+1","Demon Form+1"],"relics":["PureWater","Du-Vu Doll","Art of War","PrismaticShard","Ancient Tea Set","Matryoshka","War Paint","Old Coin","Smiling Mask","Toxic Egg 2","Frozen Egg 2","Anchor","Calling Bell","Bag of Preparation","Yang","Unceasing Top","Membership Card","Pen Nib","Mercury Hourglass","Omamori","Molten Egg 2","Lizard Tail","Bronze Scales","Bird Faced Urn","Darkstone Periapt","Busted Crown","FossilizedHelix","The Courier","Eternal Feather","Prayer Wheel","GoldenEye","Sling","Bottled Lightning","Nunchaku"],"acts_visited":["Exordium","TheCity","TheBeyond","TheEnding"],"potions_floor_usage":[55,55],"damage_taken":[{"damage":0.0,"enemies":"Jaw Worm","floor":1.0,"turns":2.0},{"damage":0.0,"enemies":"2 Louse","floor":2.0,"turns":1.0},{"damage":17.0,"enemies":"3 Sentries","floor":6.0,"turns":4.0},{"damage":0.0,"enemies":"Gremlin Nob","floor":8.0,"turns":2.0},{"damage":24.0,"enemies":"3 Sentries","floor":10.0,"turns":4.0},{"damage":0.0,"enemies":"Small Slimes","floor":12.0,"turns":1.0},{"damage":3.0,"enemies":"Lagavulin","floor":13.0,"turns":4.0},{"damage":0.0,"enemies":"Exordium Wildlife","floor":14.0,"turns":2.0},{"damage":0.0,"enemies":"Slime Boss","floor":16.0,"turns":3.0},{"damage":6.0,"enemies":"Chosen","floor":18.0,"turns":3.0},{"damage":0.0,"enemies":"Shell Parasite","floor":21.0,"turns":1.0},{"damage":0.0,"enemies":"Chosen and Byrds","floor":23.0,"turns":3.0},{"damage":0.0,"enemies":"Slavers","floor":24.0,"turns":2.0},{"damage":0.0,"enemies":"Gremlin Leader","floor":27.0,"turns":3.0},{"damage":0.0,"enemies":"Slavers","floor":29.0,"turns":2.0},{"damage":0.0,"enemies":"Snake Plant","floor":31.0,"turns":1.0},{"damage":22.0,"enemies":"Champ","floor":33.0,"turns":2.0},{"damage":0.0,"enemies":"Orb Walker","floor":35.0,"turns":2.0},{"damage":0.0,"enemies":"3 Darklings","floor":36.0,"turns":2.0},{"damage":0.0,"enemies":"4 Shapes","floor":37.0,"turns":3.0},{"damage":0.0,"enemies":"Jaw Worm Horde","floor":38.0,"turns":1.0},{"damage":0.0,"enemies":"Reptomancer","floor":40.0,"turns":3.0},{"damage":0.0,"enemies":"Nemesis","floor":42.0,"turns":3.0},{"damage":0.0,"enemies":"Sphere and 2 Shapes","floor":46.0,"turns":1.0},{"damage":3.0,"enemies":"Mind Bloom Boss Battle","floor":47.0,"turns":2.0},{"damage":4.0,"enemies":"Giant Head","floor":48.0,"turns":3.0},{"damage":65.0,"enemies":"Awakened One","floor":50.0,"turns":5.0},{"damage":0.0,"enemies":"Shield and Spear","floor":54.0,"turns":1.0},{"damage":75,"enemies":"The Heart","floor":55,"turns":4}],"seed_played":"5661450618569126349","potions_obtained":[{"floor":1.0,"key":"DistilledChaos"},{"floor":2.0,"key":"Weak Potion"},{"floor":14.0,"key":"Weak Potion"},{"floor":21.0,"key":"ColorlessPotion"},{"floor":24.0,"key":"BottledMiracle"},{"floor":27.0,"key":"SmokeBomb"},{"floor":37.0,"key":"PowerPotion"},{"floor":46.0,"key":"DuplicationPotion"},{"floor":54.0,"key":"Block Potion"}],"is_trial":false,"path_per_floor":["M","M","?","T","?","E","R","E","T","E","R","M","E","M","R","B",null,"M","?","?","M","$","M","E","$","T","E","R","E","R","M","R","B",null,"M","M","M","M","$","E","R","E","T","?","R","M","?","E","R","B",null,"R","$","E","B",null],"character_chosen":"WATCHER","items_purchased":["Art of War","PrismaticShard","CrushJoints","Membership Card","Apotheosis+1","Pen Nib","Mercury Hourglass","Molten Egg 2","FossilizedHelix","Sling","Bottled Lightning","Study+1"],"campfire_rested":2,"item_purchase_floors":[0,0,0,22,22,22,22,25,39,53,53,53],"current_hp_per_floor":[43,43,29,29,29,12,33,33,33,9,30,30,27,27,27,27,72,66,53,53,53,53,53,53,53,53,53,53,53,53,53,53,31,77,77,77,77,77,77,77,77,77,77,77,77,77,74,70,77,12,77,77,77,77,2],"gold":64,"neow_bonus":"","is_daily":false,"chose_seed":false,"campfire_upgraded":7,"win_rate":0.0,"timestamp":1610818199,"path_taken":["M","M","?","?","?","E","R","E","T","E","R","M","E","M","R","BOSS","M","?","?","M","?","M","E","$","T","E","R","E","R","M","R","BOSS","M","M","M","M","$","E","R","E","T","?","R","M","?","E","R","BOSS","R","$","E","BOSS"],"items_purchased_type":["Relic","Relic","Card","Relic","Card","Relic","Relic","Relic","Relic","Relic","Relic","Card"],"build_version":"2020-12-22","purchased_purges":5,"victory":true,"max_hp_per_floor":[72,72,72,72,72,72,72,72,72,72,72,72,72,72,72,72,72,72,77,77,77,77,77,77,77,77,77,77,77,77,77,77,77,77,77,77,77,77,77,77,77,77,77,77,77,77,77,77,77,77,77,77,77,77,77],"card_choices":[{"not_picked":["Dodge and Roll","Clash","EmptyFist"],"picked":"SKIP","floor":1.0},{"not_picked":["Impatience","Protect"],"picked":"FTL","floor":2.0},{"not_picked":["FollowUp","Worship"],"picked":"Brilliance","floor":6.0},{"not_picked":["Glacier","Cold Snap"],"picked":"Battle Trance","floor":8.0},{"not_picked":["EmptyMind+1","Sanctity+1"],"picked":"True Grit+1","floor":10.0},{"not_picked":["Steam+1","Ball Lightning"],"picked":"CutThroughFate","floor":12.0},{"not_picked":["Lockon","Sweeping Beam"],"picked":"Crescendo+1","floor":13.0},{"not_picked":["FollowUp","Flying Knee","Reflex+1"],"picked":"SKIP","floor":14.0},{"not_picked":["Corpse Explosion+1","Scrawl+1"],"picked":"Phantasmal Killer+1","floor":16.0},{"not_picked":["Carnage","Crescendo+1"],"picked":"DeusExMachina+1","floor":18.0},{"not_picked":["Wallop","Tactician+1"],"picked":"Skewer","floor":21.0},{"not_picked":["Deflect+1","Redo+1"],"picked":"Heavy Blade","floor":23.0},{"not_picked":["Tempest+1","Sword Boomerang","Twin Strike"],"picked":"SKIP","floor":24.0},{"not_picked":["EmptyBody+1","PiercingWail+1"],"picked":"Double Tap+1","floor":27.0},{"not_picked":["Discovery+1","Pommel Strike+1"],"picked":"Alpha+1","floor":29.0},{"not_picked":["Creative AI+1","Exhume+1"],"picked":"Ragnarok+1","floor":33.0},{"not_picked":["MentalFortress+1"],"picked":"SKIP","floor":35.0},{"not_picked":["Ghostly Armor+1"],"picked":"SKIP","floor":36.0},{"not_picked":["Sunder+1"],"picked":"SKIP","floor":37.0},{"not_picked":["Poisoned Stab+1"],"picked":"SKIP","floor":38.0},{"not_picked":["Bane+1"],"picked":"SKIP","floor":40.0},{"not_picked":["WindmillStrike+1"],"picked":"SKIP","floor":42.0},{"not_picked":["Evolve+1"],"picked":"SKIP","floor":46.0},{"not_picked":["Crescendo+1"],"picked":"SKIP","floor":48.0},{"not_picked":[],"picked":"Demon Form+1","floor":54.0}],"player_experience":79204,"relics_obtained":[{"floor":4.0,"key":"Ancient Tea Set"},{"floor":6.0,"key":"War Paint"},{"floor":8.0,"key":"Old Coin"},{"floor":9.0,"key":"Smiling Mask"},{"floor":9.0,"key":"Toxic Egg 2"},{"floor":10.0,"key":"Frozen Egg 2"},{"floor":13.0,"key":"Anchor"},{"floor":17.0,"key":"Bag of Preparation"},{"floor":17.0,"key":"Yang"},{"floor":17.0,"key":"Unceasing Top"},{"floor":24.0,"key":"Omamori"},{"floor":26.0,"key":"Lizard Tail"},{"floor":26.0,"key":"Bronze Scales"},{"floor":27.0,"key":"Bird Faced Urn"},{"floor":29.0,"key":"Darkstone Periapt"},{"floor":40.0,"key":"The Courier"},{"floor":42.0,"key":"Eternal Feather"},{"floor":47.0,"key":"Prayer Wheel"},{"floor":48.0,"key":"GoldenEye"},{"floor":54.0,"key":"Nunchaku"}],"event_choices":[{"damage_healed":0.0,"max_hp_gain":0.0,"max_hp_loss":0.0,"gold_gain":0.0,"event_name":"Shining Light","player_choice":"Entered Light","floor":3.0,"gold_loss":0.0,"damage_taken":14.0,"cards_upgraded":["Vigilance","Strike_P"]},{"damage_healed":0.0,"max_hp_gain":0.0,"max_hp_loss":0.0,"gold_gain":0.0,"event_name":"Big Fish","player_choice":"Box","floor":5.0,"gold_loss":0.0,"damage_taken":0.0,"relics_obtained":["Matryoshka"],"cards_obtained":["Regret"]},{"damage_healed":0.0,"max_hp_gain":5.0,"max_hp_loss":0.0,"gold_gain":0.0,"event_name":"Forgotten Altar","player_choice":"Shed Blood","floor":19.0,"gold_loss":0.0,"damage_taken":18.0},{"cards_removed":["Regret"],"damage_healed":0.0,"max_hp_gain":0.0,"max_hp_loss":0.0,"gold_gain":0.0,"event_name":"Back to Basics","player_choice":"Elegance","floor":20.0,"gold_loss":0.0,"damage_taken":0.0},{"cards_removed":["Brilliance"],"damage_healed":0.0,"max_hp_gain":0.0,"max_hp_loss":0.0,"gold_gain":0.0,"event_name":"Falling","player_choice":"Removed Attack","floor":44.0,"gold_loss":0.0,"damage_taken":0.0},{"damage_healed":0.0,"max_hp_gain":0.0,"max_hp_loss":0.0,"gold_gain":0.0,"event_name":"MindBloom","player_choice":"Fight","floor":47.0,"gold_loss":0.0,"damage_taken":0.0}],"is_beta":false,"boss_relics":[{"not_picked":["HolyWater","Cursed Key"],"picked":"Calling Bell"},{"not_picked":["Tiny House","VioletLotus"],"picked":"Busted Crown"}],"items_purged_floors":[0,22,25,39,53],"is_endless":false,"potions_floor_spawned":[1,2,14,21,24,27,37,40,46,54],"ascension_level":3}}