{"host":"u1x0vw3sp85z3950","time":1610807473,"event":{"mods":["BaseMod","Minty Spire (QoL Compilation)","StSLib","The Alterego","The Forsaken"],"gold_per_floor":[111,111,136,136,60,94,122,140,140,159,84,84,84,84,84,205,205,220,243,243,243,243,266,36,36,36,70,90,90,90],"floor_reached":29,"language":"ZHS","playtime":1364,"items_purged":["theForsaken:TheForsaken_Defend"],"score":266,"play_id":"fd480167-74c5-4ce2-bb5a-e062ba26c98d","local_time":"20210116223113","is_ascension_mode":false,"campfire_choices":[{"data":"theForsaken:Smite","floor":12.0,"key":"SMITH"},{"data":"theForsaken:SacrificeSoul","floor":15.0,"key":"SMITH"}],"circlet_count":0,"master_deck":["theForsaken:TheForsaken_Strike","theForsaken:TheForsaken_Strike","theForsaken:TheForsaken_Defend","theForsaken:TheForsaken_Defend","theForsaken:TheForsaken_Defend","theForsaken:Smite+1","theForsaken:Penitence","theForsaken:FatRoll","theForsaken:SiphonStrike","theForsaken:BlightOfFamine","theForsaken:Terrorize","theForsaken:AncientWords","theForsaken:Eulogy","theForsaken:SiphonStrike","theForsaken:SacrificeSoul+1","theForsaken:NobleSacrifice","theForsaken:BlessedWeapon","theForsaken:SacredOath","theForsaken:CleansingLight+1","theForsaken:Confusion+1","theForsaken:QuickAttack+1","theForsaken:PanicDive","theForsaken:DefensiveStance","theForsaken:DarkBargain","theForsaken:Horror"],"relics":["theForsaken:JudgementScales","NeowsBlessing","Golden Idol","Question Card","Du-Vu Doll","Odd Mushroom","Mummified Hand","Astrolabe","MutagenicStrength","Membership Card","CultistMask","Omamori"],"acts_visited":["Exordium","TheCity"],"potions_floor_usage":[29],"damage_taken":[{"damage":0.0,"enemies":"2 Louse","floor":1.0,"turns":1.0},{"damage":0.0,"enemies":"Jaw Worm","floor":3.0,"turns":1.0},{"damage":0.0,"enemies":"3 Sentries","floor":6.0,"turns":2.0},{"damage":36.0,"enemies":"The Mushroom Lair","floor":7.0,"turns":7.0},{"damage":0.0,"enemies":"Small Slimes","floor":8.0,"turns":5.0},{"damage":9.0,"enemies":"3 Louse","floor":10.0,"turns":8.0},{"damage":34.0,"enemies":"The Guardian","floor":16.0,"turns":15.0},{"damage":21.0,"enemies":"2 Thieves","floor":18.0,"turns":4.0},{"damage":13.0,"enemies":"Spheric Guardian","floor":19.0,"turns":6.0},{"damage":0,"enemies":"Cultist and Chosen","floor":23,"turns":4},{"damage":18,"enemies":"Book of Stabbing","floor":27,"turns":8},{"damage":2,"enemies":"Centurion and Healer","floor":28,"turns":6},{"damage":57,"enemies":"3 Cultists","floor":29,"turns":7}],"seed_played":"1167084582301445364","potions_obtained":[{"floor":1.0,"key":"GamblersBrew"},{"floor":7.0,"key":"SpeedPotion"},{"floor":8.0,"key":"SkillPotion"},{"floor":16.0,"key":"theForsaken:FearPotion"},{"floor":23,"key":"FearPotion"},{"floor":27,"key":"Swift Potion"},{"floor":28,"key":"DuplicationPotion"}],"is_trial":false,"path_per_floor":["M","?","M","?","$","E","?","M","T","M","$","R","?","$","R","B",null,"M","M","?","?","?","M","$","?","T","E","M","M"],"character_chosen":"THE_FORSAKEN","items_purchased":["theForsaken:SiphonStrike","Membership Card","theForsaken:Horror"],"campfire_rested":0,"item_purchase_floors":[5,24,24],"current_hp_per_floor":[65,49,49,24,24,29,8,18,18,24,24,24,24,24,24,5,65,44,42,42,42,42,45,45,45,45,38,46,0,0],"gold":90,"neow_bonus":"THREE_ENEMY_KILL","is_daily":false,"chose_seed":false,"campfire_upgraded":2,"win_rate":0.0,"timestamp":1610807473,"path_taken":["M","?","M","?","?","E","?","M","T","M","$","R","?","$","R","BOSS","M","M","?","?","?","M","$","?","T","E","?","M"],"items_purchased_type":["Card","Relic","Card"],"build_version":"2020-12-22","purchased_purges":1,"victory":false,"max_hp_per_floor":[65,65,65,65,65,65,65,65,65,65,65,65,65,65,65,65,65,65,65,65,65,65,65,65,65,65,65,65,65,65],"card_choices":[{"not_picked":["theForsaken:BindingThorns","theForsaken:Preservation","theForsaken:StoreUp"],"picked":"SKIP","floor":1.0},{"not_picked":["theForsaken:PanicDive","theForsaken:PowerUp"],"picked":"theForsaken:FatRoll","floor":3.0},{"not_picked":["theForsaken:BattleHymn","theForsaken:StoreUp","theForsaken:FatRoll"],"picked":"theForsaken:BlightOfFamine","floor":6.0},{"not_picked":["theForsaken:ShieldCharge","theForsaken:Parry","theForsaken:FuryStrikes"],"picked":"theForsaken:Terrorize","floor":7.0},{"not_picked":["theForsaken:PowerUp","theForsaken:HymnOfRest","theForsaken:LightRoll"],"picked":"theForsaken:AncientWords","floor":8.0},{"not_picked":["theForsaken:FuryStrikes","theForsaken:FatRoll","theForsaken:RainingSunlight"],"picked":"theForsaken:Eulogy","floor":10.0},{"not_picked":["theForsaken:CorruptDeck","theForsaken:Mantra","theForsaken:DarkRift"],"picked":"theForsaken:SacredOath","floor":16.0},{"not_picked":["theForsaken:BlindFaith+1","theForsaken:Tranquility","theForsaken:ScorchingSunlight+1"],"picked":"theForsaken:PanicDive","floor":18.0},{"not_picked":["theForsaken:CreepingInfection+1","theForsaken:HorrifyingStrike+1","theForsaken:SpinAttack","theForsaken:RainingSunlight"],"picked":"SKIP","floor":19.0},{"not_picked":["theForsaken:TearsOfSunlight","theForsaken:RainingSunlight","theForsaken:FatRoll"],"picked":"theForsaken:DarkBargain","floor":23},{"not_picked":["theForsaken:CleansingLight","theForsaken:Riposte","theForsaken:FuryStrikes","theForsaken:ScorchingSunlight"],"picked":"SKIP","floor":27},{"not_picked":["theForsaken:CreepingInfection+1","theForsaken:BlightOfFamine","theForsaken:Parry+1","theForsaken:HymnOfPatience"],"picked":"SKIP","floor":28}],"player_experience":146054,"relics_obtained":[{"floor":6.0,"key":"Du-Vu Doll"},{"floor":7.0,"key":"Odd Mushroom"},{"floor":9.0,"key":"Mummified Hand"},{"floor":27,"key":"Omamori"}],"event_choices":[{"damage_healed":0.0,"max_hp_gain":0.0,"max_hp_loss":0.0,"gold_gain":0.0,"event_name":"Golden Idol","player_choice":"Take Damage","floor":2.0,"gold_loss":0.0,"damage_taken":16.0,"relics_obtained":["Golden Idol"]},{"damage_healed":0.0,"max_hp_gain":0.0,"max_hp_loss":0.0,"gold_gain":0.0,"event_name":"Scrap Ooze","player_choice":"Success","floor":4.0,"gold_loss":0.0,"damage_taken":25.0,"relics_obtained":["Question Card"]},{"damage_healed":0.0,"max_hp_gain":0.0,"max_hp_loss":0.0,"gold_gain":0.0,"event_name":"Mushrooms","player_choice":"Fought Mushrooms","floor":7.0,"gold_loss":0.0,"damage_taken":0.0},{"damage_healed":0.0,"max_hp_gain":0.0,"max_hp_loss":0.0,"gold_gain":0.0,"event_name":"The Library","player_choice":"Read","floor":20.0,"gold_loss":0.0,"damage_taken":0.0,"cards_obtained":["theForsaken:DefensiveStance"]},{"damage_healed":0.0,"max_hp_gain":0.0,"max_hp_loss":0.0,"gold_gain":0.0,"event_name":"Vampires","player_choice":"Ignored","floor":21.0,"gold_loss":0.0,"damage_taken":0.0},{"damage_healed":0,"gold_gain":0,"player_choice":"Inject Mutagens","damage_taken":0,"relics_obtained":["MutagenicStrength"],"max_hp_gain":0,"max_hp_loss":0,"event_name":"Drug Dealer","floor":22,"gold_loss":0},{"damage_healed":0,"gold_gain":0,"player_choice":"Trade","damage_taken":0,"relics_obtained":["CultistMask"],"max_hp_gain":0,"max_hp_loss":0,"event_name":"FaceTrader","floor":25,"gold_loss":0}],"is_beta":false,"boss_relics":[{"not_picked":["SlaversCollar","SacredBark"],"picked":"Astrolabe"}],"items_purged_floors":[11],"is_endless":false,"potions_floor_spawned":[1,7,8,16,23,27,28],"killed_by":"3 Cultists","ascension_level":0}}