{"host":"s7l2a3wroivred6i","time":1610756730,"event":{"mods":["AchievementEnabler","BaseMod","Better Altar","Better Match","Better Note","Better Sensory Stone","Better Skull","Better Synergies","Better Third Choice","BetterRewards","Conspire","GifTheSpireLib","Hubris","Infinite Spire","Minty Spire (QoL Compilation)","Replay The Spire","Retaliation","StSLib","Stuff the Spire","The Blue Laboratory","The Fake Hero","The Marked"],"gold_per_floor":[515,38,55,55,68,102,102,102,102,112,112,36,48,123,123,218,218,234,234,248,260,280,280,72,100,147,14,47,65,65,65],"floor_reached":30,"language":"ENG","playtime":1499,"items_purged":["luka_mod:Surrender"],"score":270,"play_id":"0671da05-cdb1-4283-a2a5-2c0c8b64148c","local_time":"20210115192530","is_ascension_mode":false,"campfire_choices":[{"data":"1","floor":7,"key":"LIFT"},{"data":"2","floor":15,"key":"LIFT"},{"data":"3","floor":23,"key":"LIFT"}],"circlet_count":0,"master_deck":["hubris:Fate+1","luka_mod:StrikeLukaOne","luka_mod:StrikeLukaTwo","luka_mod:StrikeLukaThree","luka_mod:StrikeLukaFour","luka_mod:StrikeLukaFive","luka_mod:StrikeLukaSix","luka_mod:Salt","luka_mod:Guard","luka_mod:Wait","luka_mod:Edging","luka_mod:FlailWildly","luka_mod:Meditation","luka_mod:BladeOfRagingFire","luka_mod:CriticalHit","luka_mod:BladeOfRagingFire","infinitespire:Fortify","luka_mod:AngryLuka","luka_mod:Intense","luka_mod:SpoilerForm","luka_mod:StrikeLuka+1","luka_mod:FlashKill+1","luka_mod:OiAlice","luka_mod:PrayToIlias","luka_mod:DeathSwordChaosStar","luka_mod:Salamander"],"relics":["luka_mod:KeepsakeRing","NeowsBlessing","Girya","hubris:Potato","hubris:PeanutButter","conspire:RoyalGoblet","Velvet Choker","BargainBundle","InkBottle","StuffTheSpire:Experiment12","Ice Cream"],"acts_visited":["Exordium","TheCity"],"potions_floor_usage":[6,6,13,16,20,20,25,25,30,30,30],"damage_taken":[{"damage":0,"enemies":"Jaw Worm","floor":1,"turns":1},{"damage":0,"enemies":"Small Slimes","floor":3,"turns":1},{"damage":0,"enemies":"Cultist","floor":5,"turns":1},{"damage":9,"enemies":"Replay:BlueRogue","floor":6,"turns":5},{"damage":1,"enemies":"conspire:2 RoseBushes","floor":10,"turns":4},{"damage":0,"enemies":"2 Fungi Beasts","floor":13,"turns":1},{"damage":23,"enemies":"The Guardian","floor":16,"turns":8},{"damage":16,"enemies":"3 Byrds","floor":18,"turns":4},{"damage":22,"enemies":"Spheric Guardian","floor":20,"turns":5},{"damage":21,"enemies":"Snake Plant","floor":21,"turns":5},{"damage":0,"enemies":"Shelled Parasite and Fungi","floor":22,"turns":1},{"damage":6,"enemies":"conspire:SneckoGhost","floor":25,"turns":6},{"damage":22,"enemies":"Gremlin Leader","floor":28,"turns":4},{"damage":0,"enemies":"3 Cultists","floor":29,"turns":2},{"damage":30,"enemies":"Centurion and Healer","floor":30,"turns":3}],"seed_played":"-7380042434974553542","potions_obtained":[{"floor":10,"key":"blueLaboratory:FruitPunch"},{"floor":13,"key":"Regen Potion"},{"floor":18,"key":"ColorlessPotion"},{"floor":28,"key":"DuplicationPotion"}],"is_trial":false,"path_per_floor":["M","$","M","?","M","E","R","?","T","M","?","$","M","?","R","B",null,"M","AVR","M","M","M","R","$","E","T","$","E","M","M"],"character_chosen":"LUKA_CLASS","items_purchased":["luka_mod:CriticalHit","Girya","SkillPotion","FearPotion","luka_mod:AngryLuka","BargainBundle","Adrenaline Potion","luka_mod:OiAlice","luka_mod:DeathSwordChaosStar","Adrenaline Potion"],"campfire_rested":0,"item_purchase_floors":[2,2,2,2,12,24,24,24,27,27],"current_hp_per_floor":[40,40,40,30,30,40,40,40,40,39,50,50,52,41,41,29,52,36,36,52,31,31,31,31,46,46,46,24,24,0,0],"gold":65,"neow_bonus":"THREE_ENEMY_KILL","is_daily":false,"chose_seed":false,"campfire_upgraded":0,"win_rate":0.0,"timestamp":1610756730,"path_taken":["M","$","M","?","M","E","R","?","T","M","?","$","?","?","R","BOSS","M","AVR","M","M","M","R","$","E","T","$","E","M","M"],"items_purchased_type":["Card","Relic","Potion","Potion","Card","Relic","Potion","Card","Card","Potion"],"build_version":"2020-12-22","purchased_purges":1,"victory":false,"max_hp_per_floor":[40,40,40,40,40,40,40,40,40,40,50,50,52,52,52,52,52,52,52,52,52,52,52,52,52,52,52,52,52,52,52],"card_choices":[{"not_picked":["luka_mod:DemonDecapitation","luka_mod:BladeOfSolidEarth"],"picked":"luka_mod:BladeOfRagingFire","floor":1},{"not_picked":["luka_mod:GuardedStrike","luka_mod:Overexert"],"picked":"luka_mod:BladeOfRagingFire","floor":3},{"not_picked":["infinitespire:Menacing","infinitespire:TheBestDefense"],"picked":"infinitespire:Fortify","floor":4},{"not_picked":["luka_mod:NeverSurrender","luka_mod:Request","luka_mod:IliasesJudgement"],"picked":"SKIP","floor":5},{"not_picked":["luka_mod:IliasesJudgement","luka_mod:Overexert"],"picked":"luka_mod:SealingStrike","floor":6},{"not_picked":["luka_mod:Overexert","luka_mod:ThunderThrust","luka_mod:WindSlash"],"picked":"SKIP","floor":10},{"not_picked":["luka_mod:StrikeLuka","luka_mod:Calm"],"picked":"luka_mod:Intense","floor":13},{"not_picked":["luka_mod:Sensitive","luka_mod:SealingStrike"],"picked":"luka_mod:SpoilerForm","floor":16},{"not_picked":["luka_mod:HeavenlyDemonRevival","luka_mod:BladeOfStillWater"],"picked":"luka_mod:StrikeLuka+1","floor":18},{"not_picked":["luka_mod:RestrictedStrike","luka_mod:GuardedStrike+1","luka_mod:BladeOfRagingFire"],"picked":"SKIP","floor":20},{"not_picked":["luka_mod:EarthRumblingDecapitation","luka_mod:WindSlash","luka_mod:SmallBody"],"picked":"SKIP","floor":21},{"not_picked":["luka_mod:Sylph+1","luka_mod:HeavenlyDemonRevival"],"picked":"luka_mod:FlashKill+1","floor":22},{"not_picked":["luka_mod:Feel","luka_mod:BegIlias+1"],"picked":"luka_mod:PrayToIlias","floor":25},{"not_picked":["luka_mod:EndlessGuard","luka_mod:WindSlash"],"picked":"luka_mod:Salamander","floor":28},{"not_picked":["luka_mod:FireSlash","luka_mod:UnusedPoison","luka_mod:ThunderThrust"],"picked":"SKIP","floor":29}],"player_experience":354709,"relics_obtained":[{"floor":6,"key":"hubris:Potato"},{"floor":9,"key":"hubris:PeanutButter"},{"floor":25,"key":"InkBottle"},{"floor":26,"key":"StuffTheSpire:Experiment12"},{"floor":28,"key":"Ice Cream"}],"event_choices":[{"cards_removed":["luka_mod:SealingStrike"],"damage_healed":1,"gold_gain":0,"player_choice":"Offered Rare","damage_taken":0,"max_hp_gain":10,"max_hp_loss":0,"event_name":"Bonfire Elementals","floor":11,"gold_loss":0},{"damage_healed":0,"gold_gain":75,"player_choice":"Gold","damage_taken":11,"max_hp_gain":0,"max_hp_loss":0,"event_name":"betterThird:BetterGoop","floor":14,"gold_loss":0}],"is_beta":false,"boss_relics":[{"not_picked":["hubris:VirtuousBlindfold","Pandora\u0027s Box"],"picked":"conspire:RoyalGoblet"}],"items_purged_floors":[24],"is_endless":false,"potions_floor_spawned":[1,10,13,18,28,29],"killed_by":"Centurion and Healer","ascension_level":0}}