{"host":"szp1d6dso4pv7ddl","time":1610836563,"event":{"mods":["AchievementEnabler","Alarm Clock","BaseMod","Bestiary","Block Reminder","Colored Map","Colored Powertips","Curses Come First","Dark Map","Displayed Cursed Tome","Highlight Path","Minty Spire (QoL Compilation)","Permanent Neow","Quick Restart","Relic Sorter","Relic Stats","StSLib","Synergy Search"],"gold_per_floor":[116,66,19,35,51,51,77,77,104,104,7,25,125,125,125],"floor_reached":14,"language":"ENG","playtime":547,"items_purged":["Strike_B"],"score":128,"play_id":"d9ae29d0-f4a9-4ecd-a9e8-1921bf393391","local_time":"20210116143603","is_ascension_mode":true,"campfire_choices":[{"data":"Rip and Tear","floor":6,"key":"SMITH"},{"data":"Turbo","floor":8,"key":"SMITH"},{"data":"Zap","floor":10,"key":"SMITH"}],"circlet_count":0,"master_deck":["Strike_B+1","Strike_B","Strike_B","Defend_B","Defend_B","Defend_B","Defend_B","Zap+1","Dualcast","Turbo+1","Conserve Battery","Rip and Tear+1","Cold Snap+1","Compile Driver","Coolheaded","Fusion"],"relics":["Cracked Core","Nunchaku","Mango","Whetstone"],"acts_visited":["Exordium"],"potions_floor_usage":[],"damage_taken":[{"damage":7,"enemies":"2 Louse","floor":1,"turns":2},{"damage":2,"enemies":"Jaw Worm","floor":4,"turns":4},{"damage":1,"enemies":"Cultist","floor":5,"turns":3},{"damage":32,"enemies":"Lagavulin","floor":7,"turns":7},{"damage":21,"enemies":"Exordium Thugs","floor":12,"turns":4},{"damage":20,"enemies":"3 Sentries","floor":14,"turns":5}],"seed_played":"-2404852252741065152","potions_obtained":[{"floor":5,"key":"GamblersBrew"}],"is_trial":false,"path_per_floor":["M","?","$","M","M","R","E","R","T","R","$","M","?","E"],"character_chosen":"DEFECT","items_purchased":["Conserve Battery","Coolheaded"],"campfire_rested":0,"item_purchase_floors":[3,11],"current_hp_per_floor":[75,75,75,73,72,72,40,40,40,40,40,19,19,0,0],"gold":125,"neow_bonus":"ONE_RARE_RELIC","is_daily":false,"chose_seed":false,"campfire_upgraded":3,"win_rate":0.0,"timestamp":1610836563,"path_taken":["M","?","$","M","M","R","E","R","T","R","$","M","?","E"],"items_purchased_type":["Card","Card"],"build_version":"2020-12-22","purchased_purges":1,"victory":false,"max_hp_per_floor":[89,89,89,89,89,89,89,89,89,89,89,89,89,89,89],"relic_stats":{"Nunchaku":[1],"counters":[6,25],"Whetstone":["Cold Snap","Strike_B"],"obtain_stats":[{"Nunchaku":9,"Mango":0,"Whetstone":7,"Cracked Core":0},{"Nunchaku":4,"Mango":0,"Whetstone":4,"Cracked Core":0},{"Nunchaku":16,"Mango":0,"Whetstone":16,"Cracked Core":0}]},"card_choices":[{"not_picked":["Go for the Eyes","Force Field"],"picked":"Turbo","floor":1},{"not_picked":["Stack","Conserve Battery"],"picked":"Rip and Tear","floor":4},{"not_picked":["Hello World","Stack"],"picked":"Cold Snap","floor":5},{"not_picked":["Turbo","Static Discharge"],"picked":"Compile Driver","floor":7},{"not_picked":["Barrage","Melter"],"picked":"Fusion","floor":12}],"player_experience":1193606,"relics_obtained":[{"floor":7,"key":"Whetstone"},{"floor":9,"key":"Nunchaku"}],"event_choices":[{"cards_removed":["Decay"],"damage_healed":0,"gold_gain":0,"player_choice":"Card Removal","damage_taken":0,"max_hp_gain":0,"max_hp_loss":0,"event_name":"The Cleric","floor":2,"gold_loss":50},{"damage_healed":0,"gold_gain":100,"player_choice":"Pray","damage_taken":0,"max_hp_gain":0,"max_hp_loss":0,"event_name":"Golden Shrine","floor":13,"gold_loss":0}],"is_beta":false,"boss_relics":[],"items_purged_floors":[11],"is_endless":false,"potions_floor_spawned":[5],"killed_by":"3 Sentries","ascension_level":9}}