{"host":"an4w3f6lidt1z7vh","time":1610775019,"event":{"mods":["AchievementEnabler","BaseMod","Colored Map","Colored Powertips","Minty Spire (QoL Compilation)"],"gold_per_floor":[112,126,126,76,151,151,24,43,70,70,102,132,32,48,48,143,143,161,13,32,48,61,61,79,79,79,8,8,39,56,155,155,155,155],"floor_reached":33,"language":"JPN","playtime":3786,"items_purged":["Defend_R","Strike_R","Strike_R"],"score":290,"play_id":"6580d421-aa3f-4521-85a5-a6174c3a2db8","local_time":"20210116143019","is_ascension_mode":false,"campfire_choices":[{"data":"Armaments","floor":6.0,"key":"SMITH"},{"floor":10.0,"key":"REST"},{"data":"Heavy Blade","floor":15,"key":"SMITH"},{"data":"Cleave","floor":23,"key":"SMITH"},{"data":"Offering","floor":25,"key":"SMITH"},{"data":"Rage","floor":28,"key":"SMITH"},{"floor":32,"key":"REST"}],"circlet_count":0,"master_deck":["Strike_R","Strike_R","Strike_R","Defend_R","Defend_R","Bash","Armaments+1","Clash","Pommel Strike","Evolve","Heavy Blade+1","Offering+1","Iron Wave+1","Iron Wave","Flex","Flex","Cleave+1","Rupture","Rage+1","Heavy Blade"],"relics":["Burning Blood","Bird Faced Urn","Centennial Puzzle","Strawberry","Sozu","Paper Frog","Omamori"],"acts_visited":["Exordium","TheCity"],"potions_floor_usage":[16,30],"damage_taken":[{"damage":5.0,"enemies":"2 Louse","floor":1.0,"turns":4.0},{"damage":10.0,"enemies":"Small Slimes","floor":2.0,"turns":5.0},{"damage":6.0,"enemies":"Jaw Worm","floor":8.0,"turns":3.0},{"damage":11.0,"enemies":"Gremlin Nob","floor":11.0,"turns":3.0},{"damage":1,"enemies":"2 Fungi Beasts","floor":14,"turns":3},{"damage":49,"enemies":"Slime Boss","floor":16,"turns":12},{"damage":11,"enemies":"Chosen","floor":18,"turns":3},{"damage":6,"enemies":"Spheric Guardian","floor":20,"turns":3},{"damage":6,"enemies":"Chosen and Byrds","floor":21,"turns":5},{"damage":7,"enemies":"Cultist and Chosen","floor":22,"turns":3},{"damage":27,"enemies":"Snake Plant","floor":24,"turns":3},{"damage":27,"enemies":"Book of Stabbing","floor":29,"turns":4},{"damage":32,"enemies":"Shelled Parasite and Fungi","floor":30,"turns":6},{"damage":73,"enemies":"Collector","floor":33,"turns":6}],"seed_played":"-8776229992532472936","potions_obtained":[{"floor":2.0,"key":"SpeedPotion"},{"floor":14,"key":"Swift Potion"}],"is_trial":false,"path_per_floor":["M","M","?","?","?","R","$","M","T","R","E","?","$","M","R","B",null,"M","$","M","M","M","R","M","R","T","$","R","E","M","?","R","B"],"character_chosen":"IRONCLAD","items_purchased":["Clash","Iron Wave","Rage"],"campfire_rested":2,"item_purchase_floors":[7,19,27],"current_hp_per_floor":[88,84,59,59,48,48,48,48,48,74,76,76,76,83,83,42,95,90,90,90,92,93,93,74,74,74,74,74,57,35,35,63,0,0],"gold":155,"neow_bonus":"TEN_PERCENT_HP_BONUS","is_daily":false,"chose_seed":false,"campfire_upgraded":5,"win_rate":0.0,"timestamp":1610775019,"path_taken":["M","M","?","?","?","R","$","M","T","R","E","?","?","M","R","BOSS","M","$","M","M","M","R","M","R","T","$","R","E","M","?","R","BOSS"],"items_purchased_type":["Card","Card","Card"],"build_version":"2020-12-22","purchased_purges":3,"victory":false,"max_hp_per_floor":[88,88,88,88,88,88,88,88,88,88,95,95,95,95,95,95,95,95,95,95,95,95,95,95,95,95,95,95,95,95,95,95,95,95],"card_choices":[{"not_picked":["Sword Boomerang","Spot Weakness","Entrench"],"picked":"SKIP","floor":1.0},{"not_picked":["Wild Strike","Thunderclap"],"picked":"Armaments","floor":2.0},{"not_picked":["Thunderclap","Wild Strike"],"picked":"Pommel Strike","floor":8.0},{"not_picked":["Body Slam","True Grit"],"picked":"Evolve","floor":11},{"not_picked":["Fire Breathing","Thunderclap"],"picked":"Heavy Blade","floor":14},{"not_picked":["Impervious","Fiend Fire"],"picked":"Offering","floor":16},{"not_picked":["Armaments","Reckless Charge+1"],"picked":"Iron Wave+1","floor":18},{"not_picked":["Clothesline+1","Dual Wield"],"picked":"Flex","floor":20},{"not_picked":["Armaments+1","Carnage"],"picked":"Flex","floor":21},{"not_picked":["Sword Boomerang+1","Feel No Pain"],"picked":"Cleave","floor":22},{"not_picked":["Warcry","Dark Embrace"],"picked":"Rupture","floor":24},{"not_picked":["Flex","Sword Boomerang+1"],"picked":"Heavy Blade","floor":29},{"not_picked":["Armaments","Shrug It Off","Sword Boomerang+1"],"picked":"SKIP","floor":30}],"player_experience":68354,"relics_obtained":[{"floor":9.0,"key":"Centennial Puzzle"},{"floor":11,"key":"Strawberry"},{"floor":26,"key":"Paper Frog"},{"floor":29,"key":"Omamori"}],"event_choices":[{"damage_healed":0.0,"max_hp_gain":0.0,"max_hp_loss":0.0,"gold_gain":0.0,"event_name":"Scrap Ooze","player_choice":"Success","floor":3.0,"gold_loss":0.0,"damage_taken":25.0,"relics_obtained":["Bird Faced Urn"]},{"cards_removed":["Defend_R"],"damage_healed":0.0,"max_hp_gain":0.0,"max_hp_loss":0.0,"gold_gain":0.0,"event_name":"The Cleric","player_choice":"Card Removal","floor":4.0,"gold_loss":50.0,"damage_taken":0.0},{"damage_healed":0.0,"max_hp_gain":0.0,"max_hp_loss":0.0,"gold_gain":75.0,"event_name":"World of Goop","player_choice":"Gather Gold","floor":5.0,"gold_loss":0.0,"damage_taken":11.0},{"damage_healed":0,"gold_gain":30,"player_choice":"Searched \u00272\u0027 times","damage_taken":0,"max_hp_gain":0,"max_hp_loss":0,"event_name":"Dead Adventurer","floor":12,"gold_loss":0},{"damage_healed":0,"gold_gain":99,"player_choice":"Stole From Cult","damage_taken":0,"max_hp_gain":0,"max_hp_loss":0,"event_name":"Nest","floor":31,"gold_loss":0}],"is_beta":false,"boss_relics":[{"not_picked":["Ectoplasm","Busted Crown"],"picked":"Sozu"}],"items_purged_floors":[7,13,19],"is_endless":false,"potions_floor_spawned":[2,14,20,21,29],"killed_by":"Collector","ascension_level":0}}