{"host":"y9jgkjnf95sujozk","time":1610805642,"event":{"mods":["2.2 Compatiblity","AchievementEnabler","Act Like it!","BaseMod","Block Reminder","Colored Map","Colored Powertips","Decade(王小明)","Downfall","Friendly Minions","Gensokyo","GifTheSpireLib","Hallownest","Hermit","Highlight Path","HololiveMod","Hubris","Infinite Spire","Jorbs\u0027s Wanderer Trilogy","Koishi","Marisa（霧雨　魔理沙）","Minty Spire (QoL Compilation)","Quick Restart","Random Character Button","Rare Cards Sparkle","Reimu（博??梦）","Remilia（蕾米莉?）","Shop Mod","StSLib","SuperFastMode","The Animator","The Bug Knight","The Cursed","The Disciple","The Hierophant","The Jungle","The Senshi","The Servant 0.9.4"],"gold_per_floor":[119,119,193,34,50,50,50],"floor_reached":6,"language":"ENG","playtime":319,"items_purged":[],"score":34,"play_id":"504dc95d-fc84-49af-a20b-aa30ea5310ab","local_time":"20210116150042","is_ascension_mode":false,"campfire_choices":[],"circlet_count":0,"master_deck":["Strike_Br","Strike_Br","Strike_Br","Strike_Br","Defend_Br","Defend_Br","Defend_Br","Defend_Br","SecondHand","PatternShift","LockedAnchor","LockedFlame","Enlightenment","LockedAnchor"],"relics":["Chronometer","hubris:TinFlute"],"acts_visited":["Exordium"],"potions_floor_usage":[],"damage_taken":[{"damage":0,"enemies":"Gensokyo:2_Kodama","floor":1,"turns":6},{"damage":9,"enemies":"Gensokyo:Gryphon","floor":5,"turns":7},{"damage":70,"enemies":"Gensokyo:Cirno","floor":6,"turns":14}],"seed_played":"6452235088183120326","potions_obtained":[{"floor":1,"key":"GamblersBrew"}],"is_trial":false,"path_per_floor":["M","COS","T","$","M","E"],"character_chosen":"CHRONO_CLASS","items_purchased":["LockedFlame","Enlightenment"],"campfire_rested":0,"item_purchase_floors":[4,4],"current_hp_per_floor":[71,71,71,71,62,0,0],"gold":50,"neow_bonus":"TEN_PERCENT_HP_BONUS","is_daily":false,"chose_seed":false,"campfire_upgraded":0,"win_rate":0.0,"timestamp":1610805642,"path_taken":["M","COS","?","$","M","E"],"items_purchased_type":["Card","Card"],"build_version":"2020-12-22","purchased_purges":0,"victory":false,"max_hp_per_floor":[71,71,71,71,71,71,71],"card_choices":[{"not_picked":["Engulf","LockedUrn"],"picked":"LockedAnchor","floor":1},{"not_picked":["PrimeTime","DaylightSavings"],"picked":"LockedAnchor","floor":5}],"player_experience":149359,"relics_obtained":[{"floor":3,"key":"hubris:TinFlute"}],"event_choices":[],"is_beta":false,"boss_relics":[],"items_purged_floors":[],"is_endless":false,"potions_floor_spawned":[1],"killed_by":"Gensokyo:Cirno","ascension_level":0}}