{"host":"oeotdbd679q6m6vu","time":1610763896,"event":{"mods":["Act Like it!","BaseMod","Colored Map","Decade(王小明)","Downfall","Friendly Minions","Gensokyo","GifTheSpireLib","Highlight Path","Marisa（F雨　魔理沙）","Minty Spire (QoL Compilation)","Rare Cards Sparkle","Reimu（博丽灵梦）","StSLib","The Animator","Youmu（魂魄妖梦）"],"gold_per_floor":[99,117,131,131,152,152,152,602,601,601,335,364,384,410,437,437,437,437],"floor_reached":16,"language":"ZHS","playtime":696,"items_purged":["Poor:ReiMu"],"score":104,"play_id":"6c7a268b-0b8b-4cc8-a6d7-ccccadc80aaa","local_time":"20210115212456","is_ascension_mode":false,"campfire_choices":[{"data":"hexamod:Sear","floor":1,"key":"SMITH"},{"floor":10,"key":"RECALL"}],"circlet_count":0,"master_deck":["hexamod:Strike","hexamod:Strike","hexamod:Strike","hexamod:Defend","hexamod:Defend","hexamod:Defend","hexamod:Defend","hexamod:Sear+1","hexamod:Float","hexamod:AdvancingGuard","hexamod:SecondSeal","hexamod:SuperheatedStrike","downfall:Icky","downfall:Icky","downfall:Icky","hexamod:SuperheatedStrike","hexamod:FastForward","hexamod:FourthSeal","hexamod:UnleashSpirits"],"relics":["hexamod:SpiritBrand","YidongShenshe:ReiMu","Letter Opener","Tiny Chest","Juzu Bracelet"],"acts_visited":["Exordium"],"potions_floor_usage":[12,12,16,16,16],"damage_taken":[{"damage":3,"enemies":"Jaw Worm","floor":2,"turns":3},{"damage":0,"enemies":"2 Louse","floor":3,"turns":2},{"damage":0,"enemies":"Small Slimes","floor":5,"turns":3},{"damage":7,"enemies":"Blue Slaver","floor":9,"turns":3},{"damage":0,"enemies":"downfall:FleeingMerchant","floor":11,"turns":4},{"damage":46,"enemies":"3 Sentries","floor":12,"turns":12},{"damage":0,"enemies":"3 Louse","floor":13,"turns":3},{"damage":10,"enemies":"Exordium Wildlife","floor":14,"turns":3},{"damage":9,"enemies":"3 Louse","floor":15,"turns":4},{"damage":7,"enemies":"IC_STATUS_ARCHETYPE","floor":16,"turns":2}],"seed_played":"-7392116178584941277","potions_obtained":[{"floor":5,"key":"SkillPotion"},{"floor":9,"key":"SneckoOil"},{"floor":14,"key":"Swift Potion"},{"floor":15,"key":"Energy Potion"},{"floor":15,"key":"GamblersBrew"}],"is_trial":false,"path_per_floor":["R","M","M","?","M","?","T","?","M","R","$","E","M","M","M","B"],"character_chosen":"THE_SPIRIT","items_purchased":["Tiny Chest"],"campfire_rested":0,"item_purchase_floors":[11],"current_hp_per_floor":[77,74,74,74,74,74,74,74,67,67,67,21,21,11,2,0,0,0],"gold":437,"neow_bonus":"TEN_PERCENT_HP_BONUS","is_daily":false,"chose_seed":false,"campfire_upgraded":1,"win_rate":0.0,"timestamp":1610763896,"path_taken":["R","M","M","?","M","?","T","?","?","R","$","E","M","M","M","BOSS"],"items_purchased_type":["Relic"],"build_version":"2020-12-22","purchased_purges":1,"victory":false,"max_hp_per_floor":[77,77,77,77,77,77,77,77,77,77,77,77,77,77,77,77,77,77],"card_choices":[{"not_picked":["hexamod:EmpoweredFlame","hexamod:GhostShield"],"picked":"hexamod:AdvancingGuard","floor":2},{"not_picked":["hexamod:ThermalTransfer","hexamod:RecurringNightmare"],"picked":"hexamod:SecondSeal","floor":3},{"not_picked":["hexamod:Firestarter","hexamod:PowerFromBeyond"],"picked":"hexamod:SuperheatedStrike","floor":5},{"not_picked":["hexamod:ShieldOfDarkness","hexamod:NightmareStrike","hexamod:CatchUp"],"picked":"SKIP","floor":9},{"not_picked":["hexamod:GhostOfSpirePresent","hexamod:GhostLash"],"picked":"hexamod:SuperheatedStrike","floor":11},{"not_picked":["hexamod:HauntingEcho","hexamod:SwordOfDarkness"],"picked":"hexamod:FastForward","floor":12},{"not_picked":["hexamod:SwordOfDarkness","hexamod:NightmareStrike","hexamod:ShieldOfDarkness"],"picked":"SKIP","floor":13},{"not_picked":["hexamod:SpectralAdrenaline","hexamod:BacktrackSmack"],"picked":"hexamod:FourthSeal","floor":14},{"not_picked":["hexamod:PhantomCloak","hexamod:FourthSeal"],"picked":"hexamod:UnleashSpirits","floor":15}],"player_experience":330399,"relics_obtained":[{"floor":7,"key":"Letter Opener"},{"floor":12,"key":"Juzu Bracelet"}],"event_choices":[{"damage_healed":0,"gold_gain":0,"player_choice":"带走神社","damage_taken":0,"relics_obtained":["YidongShenshe:ReiMu"],"max_hp_gain":0,"max_hp_loss":0,"event_name":"yidonshenshe","floor":6,"gold_loss":0,"cards_obtained":["Poor:ReiMu"]}],"is_beta":false,"boss_relics":[],"items_purged_floors":[11],"is_endless":false,"potions_floor_spawned":[5,9,14,15],"killed_by":"IC_STATUS_ARCHETYPE","ascension_level":0}}