{"host":"r9uivonio18rfam2","time":1610822507,"event":{"mods":["2.2 Compatiblity","AchievementEnabler","Act Like it!","Aspiration","BaseMod","Better Altar","Better Match","Better Note","Better Sensory Stone","Better Skull","Better Third Choice","BetterRewards","Colored Map","Colored Powertips","Conspire","Energized Spire","Infinite Spire","Minty Spire (QoL Compilation)","Permanent Neow","Quick Restart","Replay The Spire","Shop Mod","Spikes Relics","StSLib","The Blue Laboratory","The Jungle","Wandering Minibosses","vexMod"],"gold_per_floor":[110,110,126,146,96,96,96],"floor_reached":6,"language":"ENG","playtime":191,"items_purged":[],"score":50,"play_id":"f7fab9e0-e10e-4bda-b493-41ad7675c886","local_time":"20210116134147","is_ascension_mode":true,"campfire_choices":[],"circlet_count":0,"master_deck":["Strike_R","Strike_R","Strike_R","Strike_R","Defend_R","Defend_R","Defend_R","Defend_R","Bash","DiskWipe","SandsOfTime"],"relics":["Burning Blood","PrismaticShard","infinitespire:PuzzleCube","vexMod:BarristanHead"],"acts_visited":["Exordium"],"potions_floor_usage":[3,4],"damage_taken":[{"damage":5,"enemies":"Small Slimes","floor":1,"turns":4},{"damage":1,"enemies":"Cultist","floor":3,"turns":3},{"damage":14,"enemies":"Jaw Worm","floor":4,"turns":3},{"damage":36,"enemies":"Gremlin Nob","floor":6,"turns":5}],"seed_played":"-3123017975814315453","potions_obtained":[{"floor":1,"key":"AttackPotion"}],"is_trial":false,"path_per_floor":["M","?","M","M","?","E"],"character_chosen":"IRONCLAD","items_purchased":["blueLaboratory:FruitPunch","Explosive Potion"],"campfire_rested":0,"item_purchase_floors":[0,0],"current_hp_per_floor":[73,38,43,37,37,1,1],"gold":96,"neow_bonus":"","is_daily":false,"chose_seed":false,"campfire_upgraded":0,"win_rate":0.0,"timestamp":1610822507,"path_taken":["M","?","?","M","?","E"],"items_purchased_type":["Potion","Potion"],"build_version":"2020-12-22","purchased_purges":0,"victory":false,"max_hp_per_floor":[80,80,80,82,82,82,82],"card_choices":[{"not_picked":["Cloak And Dagger","CutThroughFate"],"picked":"DiskWipe","floor":1},{"not_picked":["Impatience","Steam"],"picked":"SandsOfTime","floor":3},{"not_picked":["Twin Strike","Clash","Blood for Blood"],"picked":"SKIP","floor":4}],"player_experience":360806,"relics_obtained":[],"event_choices":[{"damage_healed":0,"gold_gain":0,"player_choice":"RE RE ","damage_taken":39,"relics_obtained":["infinitespire:PuzzleCube","vexMod:BarristanHead"],"max_hp_gain":0,"max_hp_loss":0,"event_name":"betterSkull:BetterSkull","floor":2,"gold_loss":0,"cards_upgraded":[]},{"cards_removed":["Strike_R"],"damage_healed":0,"gold_gain":0,"player_choice":"Card Removal","damage_taken":0,"max_hp_gain":0,"max_hp_loss":0,"event_name":"The Cleric","floor":5,"gold_loss":50}],"is_beta":false,"boss_relics":[],"items_purged_floors":[],"is_endless":false,"potions_floor_spawned":[1],"killed_by":"Gremlin Nob","ascension_level":8}}