{"host":"5p9hybygolzp0efr","time":1610807569,"event":{"mods":["AchievementEnabler","BaseMod","Bestiary","Colored Map","Minty Spire (QoL Compilation)","Permanent Neow","Relic Stats"],"gold_per_floor":[109,109,124,134,209,209,244,244,270,270,270,282,292,309,309,407,407,434,479,404,429,529,529,529,538,538,538,538,538,738,342,342,342,342],"floor_reached":33,"language":"ENG","playtime":1101,"items_purged":[],"score":374,"play_id":"0b2c3545-8c54-4101-adba-7326d5fcd189","local_time":"20210116223249","is_ascension_mode":true,"campfire_choices":[{"data":"Vault","floor":6,"key":"SMITH"},{"floor":8,"key":"REST"},{"data":"CarveReality","floor":10,"key":"SMITH"},{"floor":15,"key":"REST"},{"data":"Devotion","floor":23,"key":"SMITH"},{"data":"Eruption","floor":27,"key":"SMITH"},{"data":"Wallop","floor":32,"key":"SMITH"}],"circlet_count":0,"master_deck":["Strike_P+1","Strike_P+1","Strike_P+1","Defend_P+1","Defend_P+1","Defend_P+1","Defend_P+1","Eruption+1","Vigilance","Prostrate","EmptyFist","Vault+1","CarveReality+1","Meditate","Conclude","Prostrate","Wallop+1","DeceiveReality","Ragnarok","Devotion+1","Adaptation+1","Ghostly","Ghostly","Ghostly","Ghostly","Ghostly","WaveOfTheHand+1","Vengeance","MentalFortress","ClearTheMind"],"relics":["SlaversCollar","Juzu Bracelet","Boot","Calling Bell","CeramicFish","Pear","Du-Vu Doll","Centennial Puzzle","TeardropLocket","CultistMask","Singing Bowl"],"acts_visited":["Exordium","TheCity"],"potions_floor_usage":[16,18,33],"damage_taken":[{"damage":7,"enemies":"2 Louse","floor":1,"turns":2},{"damage":0,"enemies":"Cultist","floor":3,"turns":2},{"damage":8,"enemies":"Small Slimes","floor":4,"turns":3},{"damage":30,"enemies":"Lagavulin","floor":7,"turns":5},{"damage":0,"enemies":"Exordium Wildlife","floor":12,"turns":4},{"damage":0,"enemies":"2 Fungi Beasts","floor":13,"turns":2},{"damage":0,"enemies":"Large Slime","floor":14,"turns":4},{"damage":0,"enemies":"Slime Boss","floor":16,"turns":5},{"damage":0,"enemies":"Chosen","floor":18,"turns":5},{"damage":8,"enemies":"Shell Parasite","floor":21,"turns":9},{"damage":41,"enemies":"Champ","floor":33,"turns":10}],"seed_played":"-7079691712695526275","potions_obtained":[{"floor":7,"key":"BottledMiracle"},{"floor":12,"key":"Explosive Potion"},{"floor":14,"key":"Energy Potion"},{"floor":21,"key":"BottledMiracle"}],"is_trial":false,"path_per_floor":["M","?","M","M","?","R","E","R","T","R","?","M","M","M","R","B",null,"M","?","?","M","?","R","?","?","T","R","?","?","?","$","R","B"],"character_chosen":"WATCHER","items_purchased":["Singing Bowl","MentalFortress","ClearTheMind","Dexterity Potion"],"campfire_rested":2,"item_purchase_floors":[31,31,31,31],"current_hp_per_floor":[65,65,65,57,46,46,16,37,37,37,25,25,25,25,46,46,82,82,41,41,33,33,33,33,33,33,33,33,33,33,33,33,0,0],"gold":342,"neow_bonus":"BOSS_RELIC","is_daily":false,"chose_seed":false,"campfire_upgraded":5,"win_rate":0.0,"timestamp":1610807569,"path_taken":["M","?","?","M","?","R","E","R","T","R","?","M","M","M","R","BOSS","M","?","?","M","?","R","?","?","T","R","?","?","?","$","R","BOSS"],"items_purchased_type":["Relic","Card","Card","Potion"],"build_version":"2020-12-22","purchased_purges":0,"victory":false,"max_hp_per_floor":[72,72,72,72,72,72,72,72,72,72,72,72,72,72,72,72,82,82,41,41,41,41,41,41,41,41,41,41,41,41,41,41,41,41],"relic_stats":{"Centennial Puzzle":[3],"Singing Bowl":0,"counters":[11,51],"CeramicFish":90,"Juzu Bracelet":3,"Boot":[28],"obtain_stats":[{"Calling Bell":17,"Du-Vu Doll":17,"SlaversCollar":0,"Centennial Puzzle":24,"Pear":17,"Singing Bowl":31,"CeramicFish":17,"CultistMask":29,"Juzu Bracelet":7,"TeardropLocket":26,"PureWater":0,"Boot":9},{"Calling Bell":8,"Du-Vu Doll":8,"SlaversCollar":0,"Centennial Puzzle":10,"Pear":8,"Singing Bowl":10,"CeramicFish":8,"CultistMask":10,"Juzu Bracelet":4,"TeardropLocket":10,"PureWater":0,"Boot":4},{"Calling Bell":27,"Du-Vu Doll":27,"SlaversCollar":0,"Centennial Puzzle":41,"Pear":27,"Singing Bowl":41,"CeramicFish":27,"CultistMask":41,"Juzu Bracelet":12,"TeardropLocket":41,"PureWater":0,"Boot":12}]},"card_choices":[{"not_picked":["CrushJoints","Conclude"],"picked":"Prostrate","floor":1},{"not_picked":["Vengeance","Crescendo"],"picked":"Meditate","floor":3},{"not_picked":["Evaluate","Swivel"],"picked":"Conclude","floor":4},{"not_picked":["ThirdEye","BowlingBash"],"picked":"Prostrate","floor":7},{"not_picked":["ThirdEye","ClearTheMind"],"picked":"Wallop","floor":12},{"not_picked":["EmptyFist","Consecrate","DeceiveReality"],"picked":"SKIP","floor":13},{"not_picked":["EmptyFist","Consecrate"],"picked":"DeceiveReality","floor":13},{"not_picked":["EmptyFist","EmptyBody"],"picked":"Ragnarok","floor":14},{"not_picked":["Omniscience","Wish"],"picked":"Devotion","floor":16},{"not_picked":["EmptyFist+1","Collect"],"picked":"Adaptation+1","floor":18},{"not_picked":["SashWhip+1","Protect"],"picked":"WaveOfTheHand+1","floor":21}],"player_experience":483167,"relics_obtained":[{"floor":7,"key":"Juzu Bracelet"},{"floor":9,"key":"Boot"},{"floor":17,"key":"CeramicFish"},{"floor":17,"key":"Pear"},{"floor":17,"key":"Du-Vu Doll"},{"floor":26,"key":"TeardropLocket"}],"event_choices":[{"damage_healed":0,"gold_gain":0,"player_choice":"3 cards matched","damage_taken":0,"max_hp_gain":0,"max_hp_loss":0,"event_name":"Match and Keep!","floor":2,"gold_loss":0,"cards_obtained":["EmptyFist","Vault","CarveReality"]},{"damage_healed":0,"gold_gain":75,"player_choice":"Gather Gold","damage_taken":11,"max_hp_gain":0,"max_hp_loss":0,"event_name":"World of Goop","floor":5,"gold_loss":0},{"damage_healed":0,"gold_gain":0,"player_choice":"Fled","damage_taken":12,"max_hp_gain":0,"max_hp_loss":0,"event_name":"Scrap Ooze","floor":11,"gold_loss":0},{"damage_healed":0,"gold_gain":0,"player_choice":"Became a Ghost","damage_taken":0,"max_hp_gain":0,"max_hp_loss":41,"event_name":"Ghosts","floor":19,"gold_loss":0,"cards_obtained":["Ghostly","Ghostly","Ghostly","Ghostly","Ghostly"]},{"cards_removed":["Strike_P"],"damage_healed":0,"gold_gain":0,"player_choice":"Gave Gold","damage_taken":0,"max_hp_gain":0,"max_hp_loss":0,"event_name":"Beggar","floor":20,"gold_loss":75},{"damage_healed":0,"gold_gain":100,"player_choice":"Pray","damage_taken":0,"max_hp_gain":0,"max_hp_loss":0,"event_name":"Golden Shrine","floor":22,"gold_loss":0},{"damage_healed":0,"gold_gain":0,"player_choice":"Opened","damage_taken":0,"relics_obtained":["Centennial Puzzle"],"max_hp_gain":0,"max_hp_loss":0,"event_name":"The Mausoleum","floor":24,"gold_loss":0},{"damage_healed":0,"gold_gain":0,"player_choice":"1 cards matched","damage_taken":0,"max_hp_gain":0,"max_hp_loss":0,"event_name":"Match and Keep!","floor":25,"gold_loss":0,"cards_obtained":["Vengeance"]},{"damage_healed":0,"gold_gain":0,"player_choice":"Simplicity","damage_taken":0,"max_hp_gain":0,"max_hp_loss":0,"event_name":"Back to Basics","floor":28,"gold_loss":0,"cards_upgraded":["Strike_P","Strike_P","Strike_P","Defend_P","Defend_P","Defend_P","Defend_P"]},{"damage_healed":0,"gold_gain":0,"player_choice":"Trade","damage_taken":0,"relics_obtained":["CultistMask"],"max_hp_gain":0,"max_hp_loss":0,"event_name":"FaceTrader","floor":29,"gold_loss":0},{"damage_healed":0,"gold_gain":250,"player_choice":"Bet on Owner","damage_taken":0,"max_hp_gain":0,"max_hp_loss":0,"event_name":"The Joust","floor":30,"gold_loss":50}],"is_beta":false,"boss_relics":[{"not_picked":["Cursed Key","Pandora\u0027s Box"],"picked":"Calling Bell"}],"items_purged_floors":[],"is_endless":false,"potions_floor_spawned":[7,12,14,21],"killed_by":"Champ","ascension_level":4}}