{"host":"9l1knhxfturzliqa","time":1610798533,"event":{"mods":["BaseMod","Colored Map","Colored Powertips","DeckTracker","Highlight Path","Keyboard Shortcuts","Minty Spire (QoL Compilation)","Random Character Button"],"gold_per_floor":[116,133,151,151,162,162,162,8,8,26,45,45,83,121,121,220,220,235,256,256,38,38,38,81,81,81,121,121,162,180,17,17,110,110,133,149,371,51,72,72,86,117,117,117,153,153,167,205,205,205,205],"floor_reached":50,"language":"KOR","playtime":8468,"items_purged":["Strike_G","Strike_G","Strike_G"],"score":1145,"play_id":"684c109d-4d10-4732-9d9b-daeac423e368","local_time":"20210116210213","is_ascension_mode":true,"campfire_choices":[{"data":"Noxious Fumes","floor":6.0,"key":"SMITH"},{"floor":15.0,"key":"REST"},{"floor":23.0,"key":"REST"},{"data":"Defend_G","floor":25.0,"key":"PURGE"},{"floor":28.0,"key":"REST"},{"floor":32.0,"key":"REST"},{"data":"Burst","floor":40.0,"key":"SMITH"},{"data":"Ghostly","floor":44.0,"key":"SMITH"},{"data":"After Image","floor":49.0,"key":"SMITH"}],"circlet_count":0,"master_deck":["AscendersBane","Strike_G","Defend_G","Defend_G","Defend_G","Defend_G","Survivor","Neutralize","Poisoned Stab","Deadly Poison","Noxious Fumes+1","Dagger Spray","PiercingWail","Bane","Bouncing Flask","PiercingWail","After Image+1","Blade Dance","Tactician+1","Necronomicurse","Ghostly+1","Ghostly","Ghostly","Bane+1","Predator+1","Choke+1","Flying Knee+1","Underhanded Strike+1","Underhanded Strike+1","Burst+1","Backflip+1","Flechettes+1","Corpse Explosion","PiercingWail","Well Laid Plans","PiercingWail+1"],"relics":["Ring of the Snake","Golden Idol","The Courier","Molten Egg 2","Odd Mushroom","Nunchaku","Cursed Key","Necronomicon","Meat on the Bone","Peace Pipe","Red Mask","Pear","Coffee Dripper","InkBottle","Torii","StrikeDummy","Blue Candle"],"acts_visited":["Exordium","TheCity","TheBeyond"],"potions_floor_usage":[],"damage_taken":[{"damage":9.0,"enemies":"Jaw Worm","floor":1.0,"turns":8.0},{"damage":3.0,"enemies":"2 Louse","floor":2.0,"turns":3.0},{"damage":7.0,"enemies":"Small Slimes","floor":3.0,"turns":4.0},{"damage":22.0,"enemies":"Exordium Wildlife","floor":5.0,"turns":6.0},{"damage":12.0,"enemies":"Looter","floor":10.0,"turns":4.0},{"damage":0.0,"enemies":"2 Fungi Beasts","floor":11.0,"turns":3.0},{"damage":0.0,"enemies":"The Mushroom Lair","floor":13.0,"turns":4.0},{"damage":17.0,"enemies":"Gremlin Nob","floor":14.0,"turns":4.0},{"damage":18.0,"enemies":"Slime Boss","floor":16.0,"turns":9.0},{"damage":0.0,"enemies":"Chosen","floor":18.0,"turns":5.0},{"damage":22.0,"enemies":"2 Thieves","floor":19.0,"turns":4.0},{"damage":6.0,"enemies":"Gremlin Leader","floor":24.0,"turns":7.0},{"damage":24.0,"enemies":"Masked Bandits","floor":27.0,"turns":5.0},{"damage":9.0,"enemies":"Book of Stabbing","floor":29.0,"turns":6.0},{"damage":0.0,"enemies":"Centurion and Healer","floor":30.0,"turns":6.0},{"damage":36.0,"enemies":"Champ","floor":33.0,"turns":10.0},{"damage":1.0,"enemies":"3 Shapes","floor":35.0,"turns":6.0},{"damage":0.0,"enemies":"Orb Walker","floor":36.0,"turns":4.0},{"damage":2.0,"enemies":"Jaw Worm Horde","floor":39.0,"turns":4.0},{"damage":19.0,"enemies":"Spire Growth","floor":41.0,"turns":5.0},{"damage":0.0,"enemies":"Mind Bloom Boss Battle","floor":42.0,"turns":6.0},{"damage":0.0,"enemies":"Nemesis","floor":45.0,"turns":7.0},{"damage":7.0,"enemies":"Maw","floor":47.0,"turns":7.0},{"damage":32.0,"enemies":"Giant Head","floor":48.0,"turns":6.0},{"damage":17,"enemies":"Awakened One","floor":50,"turns":4}],"seed_played":"9033133582907664982","potions_obtained":[{"floor":1.0,"key":"Dexterity Potion"},{"floor":10.0,"key":"Block Potion"},{"floor":14.0,"key":"DuplicationPotion"},{"floor":18.0,"key":"Strength Potion"},{"floor":27.0,"key":"DuplicationPotion"},{"floor":33.0,"key":"AttackPotion"},{"floor":35.0,"key":"SpeedPotion"},{"floor":47.0,"key":"Swift Potion"}],"is_trial":false,"path_per_floor":["M","M","M","?","M","R","?","$","T","M","M","T","?","E","R","B",null,"M","M","?","$","?","R","E","R","T","?","R","E","M","$","R","B",null,"M","M","?","$","M","R","M","?","T","R","E","?","M","E","R","B"],"character_chosen":"THE_SILENT","items_purchased":["Regen Potion","Meat on the Bone","Underhanded Strike+1","Underhanded Strike+1","InkBottle"],"campfire_rested":4,"item_purchase_floors":[8,21,31,31,38],"current_hp_per_floor":[62,59,52,45,23,23,23,23,23,11,23,23,23,6,27,9,56,56,34,13,13,13,23,29,29,29,17,27,28,28,28,41,17,38,37,37,37,37,35,35,28,28,28,28,28,28,33,13,13,0,0],"gold":205,"neow_bonus":"TWENTY_PERCENT_HP_BONUS","is_daily":false,"chose_seed":false,"campfire_upgraded":4,"win_rate":0.0,"timestamp":1610798533,"path_taken":["M","M","M","?","M","R","?","$","T","M","M","?","?","E","R","BOSS","M","M","?","$","?","R","E","R","T","?","R","E","M","$","R","BOSS","M","M","?","$","M","R","M","?","T","R","E","?","M","E","R","BOSS"],"items_purchased_type":["Potion","Relic","Card","Card","Relic"],"build_version":"2020-12-22","purchased_purges":3,"victory":false,"max_hp_per_floor":[78,78,78,78,78,78,71,71,71,71,71,71,71,71,71,71,71,71,71,71,71,35,35,35,35,35,35,35,45,45,45,45,45,45,45,45,45,45,45,45,45,45,45,45,45,45,45,45,45,45,45],"card_choices":[{"not_picked":["Expertise","Backflip"],"picked":"Poisoned Stab","floor":1.0},{"not_picked":["Flying Knee","Endless Agony"],"picked":"Deadly Poison","floor":2.0},{"not_picked":["Slice","Blade Dance"],"picked":"Noxious Fumes","floor":3.0},{"not_picked":["Blade Dance","Distraction"],"picked":"Dagger Spray","floor":5.0},{"not_picked":["Crippling Poison","Cloak And Dagger"],"picked":"PiercingWail","floor":10.0},{"not_picked":["Cloak And Dagger","Accuracy"],"picked":"Bane","floor":11.0},{"not_picked":["Expertise","All Out Attack+1"],"picked":"Bouncing Flask","floor":13.0},{"not_picked":["Flying Knee+1","Calculated Gamble"],"picked":"PiercingWail","floor":14.0},{"not_picked":["Burst","Phantasmal Killer"],"picked":"After Image","floor":16.0},{"not_picked":["Concentrate","Flying Knee+1"],"picked":"Blade Dance","floor":18.0},{"not_picked":["Quick Slash+1","Deflect"],"picked":"Tactician+1","floor":19.0},{"not_picked":["Quick Slash+1","Calculated Gamble"],"picked":"Bane+1","floor":24.0},{"not_picked":["Prepared","Underhanded Strike+1"],"picked":"Predator+1","floor":27.0},{"not_picked":["Infinite Blades","Slice+1"],"picked":"Choke+1","floor":29.0},{"not_picked":["Sucker Punch+1","Blade Dance"],"picked":"Flying Knee+1","floor":30.0},{"not_picked":["Glass Knife+1","Grand Finale+1"],"picked":"Burst","floor":33.0},{"not_picked":["Deflect","Bane+1"],"picked":"Backflip+1","floor":35.0},{"not_picked":["Underhanded Strike+1","Choke+1","Sucker Punch+1"],"picked":"SKIP","floor":36.0},{"not_picked":["Dodge and Roll","Cloak And Dagger","Outmaneuver"],"picked":"SKIP","floor":39.0},{"not_picked":["Choke+1","Sucker Punch+1"],"picked":"Flechettes+1","floor":41.0},{"not_picked":["Quick Slash+1","Choke+1"],"picked":"Corpse Explosion","floor":42.0},{"not_picked":["Sucker Punch+1","Outmaneuver"],"picked":"PiercingWail","floor":45.0},{"not_picked":["Outmaneuver+1","Blade Dance"],"picked":"Well Laid Plans","floor":47.0},{"not_picked":["Backflip+1","Underhanded Strike+1"],"picked":"PiercingWail+1","floor":48.0}],"player_experience":466380,"relics_obtained":[{"floor":9.0,"key":"The Courier"},{"floor":12.0,"key":"Molten Egg 2"},{"floor":13.0,"key":"Odd Mushroom"},{"floor":14.0,"key":"Nunchaku"},{"floor":20.0,"key":"Necronomicon"},{"floor":24.0,"key":"Peace Pipe"},{"floor":27.0,"key":"Red Mask"},{"floor":29.0,"key":"Pear"},{"floor":42.0,"key":"Torii"},{"floor":45.0,"key":"StrikeDummy"},{"floor":48.0,"key":"Blue Candle"}],"event_choices":[{"cards_removed":["Decay"],"damage_healed":0.0,"max_hp_gain":0.0,"max_hp_loss":0.0,"gold_gain":0.0,"event_name":"Golden Wing","player_choice":"Card Removal","floor":4.0,"gold_loss":0.0,"damage_taken":7.0},{"damage_healed":0.0,"max_hp_gain":0.0,"max_hp_loss":7.0,"gold_gain":0.0,"event_name":"Golden Idol","player_choice":"Lose Max HP","floor":7.0,"gold_loss":0.0,"damage_taken":0.0,"relics_obtained":["Golden Idol"]},{"damage_healed":0.0,"max_hp_gain":0.0,"max_hp_loss":0.0,"gold_gain":0.0,"event_name":"Mushrooms","player_choice":"Fought Mushrooms","floor":13.0,"gold_loss":0.0,"damage_taken":0.0},{"damage_healed":0.0,"max_hp_gain":0.0,"max_hp_loss":0.0,"gold_gain":0.0,"event_name":"Cursed Tome","player_choice":"Obtained Book","floor":20.0,"gold_loss":0.0,"damage_taken":21.0},{"damage_healed":0.0,"max_hp_gain":0.0,"max_hp_loss":36.0,"gold_gain":0.0,"event_name":"Ghosts","player_choice":"Became a Ghost","floor":22.0,"gold_loss":0.0,"damage_taken":0.0,"cards_obtained":["Ghostly","Ghostly","Ghostly"]},{"damage_healed":0.0,"max_hp_gain":0.0,"max_hp_loss":0.0,"gold_gain":0.0,"event_name":"Masked Bandits","player_choice":"Fought Bandits","floor":27.0,"gold_loss":0.0,"damage_taken":0.0},{"damage_healed":0.0,"max_hp_gain":0.0,"max_hp_loss":0.0,"gold_gain":222.0,"event_name":"Tomb of Lord Red Mask","player_choice":"Wore Mask","floor":37.0,"gold_loss":0.0,"damage_taken":0.0},{"damage_healed":0.0,"max_hp_gain":0.0,"max_hp_loss":0.0,"gold_gain":0.0,"event_name":"MindBloom","player_choice":"Fight","floor":42.0,"gold_loss":0.0,"damage_taken":0.0},{"cards_removed":["Strike_G"],"damage_healed":0.0,"max_hp_gain":0.0,"max_hp_loss":0.0,"gold_gain":0.0,"event_name":"Falling","player_choice":"Removed Attack","floor":46.0,"gold_loss":0.0,"damage_taken":0.0}],"is_beta":false,"boss_relics":[{"not_picked":["Fusion Hammer","Philosopher\u0027s Stone"],"picked":"Cursed Key"},{"not_picked":["Snecko Eye","Black Star"],"picked":"Coffee Dripper"}],"items_purged_floors":[8,31,38],"is_endless":false,"potions_floor_spawned":[1,10,14,18,27,33,35,36,42,47],"killed_by":"Awakened One","ascension_level":18}}