{"host":"2tgyrzvaa7l04o2e","time":1610804769,"event":{"mods":["BaseMod","Highlight Path","Minty Spire (QoL Compilation)","Permanent Neow","Relic Stats"],"gold_per_floor":[110,126,106,123,48,73,73,7,7,39,92,92,104,121,121,121,121],"floor_reached":16,"language":"ENG","playtime":590,"items_purged":["Strike_G"],"score":220,"play_id":"c7d1c107-ce9a-4506-bd36-9d1d23a539d8","local_time":"20210116144609","is_ascension_mode":true,"campfire_choices":[{"floor":7,"key":"REST"},{"floor":12,"key":"REST"},{"data":"Bouncing Flask","floor":15,"key":"SMITH"}],"circlet_count":0,"master_deck":["AscendersBane","Strike_G","Strike_G","Strike_G","Defend_G","Defend_G","Defend_G","Defend_G","Survivor","Neutralize","Bouncing Flask+1","Outmaneuver","Crippling Poison","Noxious Fumes","All Out Attack","Acrobatics","Dash"],"relics":["Ring of the Snake","Sundial","Darkstone Periapt","Anchor"],"acts_visited":["Exordium"],"potions_floor_usage":[4,10,14,16],"damage_taken":[{"damage":2,"enemies":"Jaw Worm","floor":1,"turns":4},{"damage":3,"enemies":"Cultist","floor":2,"turns":4},{"damage":8,"enemies":"Small Slimes","floor":4,"turns":3},{"damage":25,"enemies":"Lagavulin","floor":6,"turns":5},{"damage":32,"enemies":"Gremlin Nob","floor":10,"turns":4},{"damage":9,"enemies":"Exordium Wildlife","floor":13,"turns":5},{"damage":6,"enemies":"Exordium Thugs","floor":14,"turns":5},{"damage":15,"enemies":"Hexaghost","floor":16,"turns":7}],"seed_played":"-2940427942352914152","potions_obtained":[{"floor":2,"key":"Poison Potion"},{"floor":3,"key":"Energy Potion"},{"floor":6,"key":"Regen Potion"},{"floor":10,"key":"Swift Potion"}],"is_trial":false,"path_per_floor":["M","M","?","M","$","E","R","?","T","E","T","R","M","M","R","B"],"character_chosen":"THE_SILENT","items_purchased":[],"campfire_rested":2,"item_purchase_floors":[],"current_hp_per_floor":[42,39,39,31,31,6,25,25,25,7,7,26,17,11,11,0,0],"gold":121,"neow_bonus":"TRANSFORM_TWO_CARDS","is_daily":false,"chose_seed":false,"campfire_upgraded":1,"win_rate":0.0,"timestamp":1610804769,"path_taken":["M","M","?","?","$","E","R","?","T","E","?","R","?","?","R","BOSS"],"items_purchased_type":[],"build_version":"2020-12-22","purchased_purges":1,"victory":false,"max_hp_per_floor":[66,66,66,66,66,66,66,66,66,66,66,66,66,66,66,66,66],"relic_stats":{"Darkstone Periapt":0,"counters":[8,37],"Sundial":[4],"obtain_stats":[{"Darkstone Periapt":10,"Anchor":11,"Sundial":6,"Ring of the Snake":0},{"Darkstone Periapt":5,"Anchor":5,"Sundial":4,"Ring of the Snake":0},{"Darkstone Periapt":20,"Anchor":20,"Sundial":16,"Ring of the Snake":0}],"Ring of the Snake":[16]},"card_choices":[{"not_picked":["Slice","Poisoned Stab"],"picked":"Crippling Poison","floor":1},{"not_picked":["Backflip","Dagger Throw"],"picked":"Noxious Fumes","floor":2},{"not_picked":["Choke","Slice"],"picked":"All Out Attack","floor":4},{"not_picked":["Quick Slash","Expertise","Bane"],"picked":"SKIP","floor":6},{"not_picked":["Deadly Poison","Quick Slash","Distraction"],"picked":"SKIP","floor":10},{"not_picked":["Masterful Stab","Heel Hook"],"picked":"Acrobatics","floor":13},{"not_picked":["Sucker Punch","Underhanded Strike"],"picked":"Dash","floor":14}],"player_experience":595870,"relics_obtained":[{"floor":6,"key":"Sundial"},{"floor":10,"key":"Darkstone Periapt"},{"floor":11,"key":"Anchor"}],"event_choices":[{"damage_healed":0,"gold_gain":0,"player_choice":"Bought 1 Potion","damage_taken":0,"max_hp_gain":0,"max_hp_loss":0,"event_name":"The Woman in Blue","floor":3,"gold_loss":0},{"damage_healed":0,"gold_gain":0,"player_choice":"Left Gold","damage_taken":0,"max_hp_gain":0,"max_hp_loss":0,"event_name":"World of Goop","floor":8,"gold_loss":66}],"is_beta":false,"boss_relics":[],"items_purged_floors":[5],"is_endless":false,"potions_floor_spawned":[2,6,10],"killed_by":"Hexaghost","ascension_level":20}}