{"host":"pgqkv8mh62pnrbci","time":1610772642,"event":{"mods":["2.2 Compatiblity","AchievementEnabler","BaseMod","Custom Start","DeckTracker","Minty Spire (QoL Compilation)","Railgun Mod","StSLib","SuperFastMode","¡¼?Úª?ø«¡½REMEMod"],"gold_per_floor":[18,30,46,61,61,92,104,130,130,145,157,177,187,197,197,292,292,307,325,157,157,82,82,100,120,120,140,158,158,158,158],"floor_reached":30,"language":"KOR","playtime":1114,"items_purged":["TheRailgun:Defend"],"score":328,"play_id":"f1d8489d-9510-417b-855d-7dd6e85fbf53","local_time":"20210116135042","is_ascension_mode":true,"campfire_choices":[{"data":"Bloodletting","floor":15.0,"key":"SMITH"},{"floor":23,"key":"RECALL"}],"circlet_count":0,"master_deck":["TheRailgun:Strike","TheRailgun:Strike","TheRailgun:Strike","TheRailgun:Defend","TheRailgun:Defend","TheRailgun:Defend","TheRailgun:Static","TheRailgun:Zip","Bloodletting+1","TheRailgun:Positive_Field","TheRailgun:Crackle","TheRailgun:Electric_Fence","TheRailgun:Iron_Dust_Vial","TheRailgun:Thunder","TheRailgun:Token_Collection","TheRailgun:Negative_Field","TheRailgun:Coin_Flip","TheRailgun:Gekotamania","TheRailgun:Gekota_Phone","TheRailgun:Thundervolt","TheRailgun:Gekotamania+1","TheRailgun:Coin_Flip+1","Purity","Writhe","TheRailgun:Heroinism","TheRailgun:Charge+1"],"relics":["TheRailgun:CoinRelic","REME_ComplimentaryCards","Ice Cream","StrikeDummy","REME_HourglassOfDeath","TungstenRod","Fusion Hammer","Meat on the Bone","Pantograph"],"acts_visited":["Exordium","TheCity"],"potions_floor_usage":[25],"damage_taken":[{"damage":8.0,"enemies":"Small Slimes","floor":1.0,"turns":2.0},{"damage":0.0,"enemies":"Cultist","floor":2.0,"turns":2.0},{"damage":9.0,"enemies":"Jaw Worm","floor":3.0,"turns":2.0},{"damage":3.0,"enemies":"Large Slime","floor":4.0,"turns":3.0},{"damage":6.0,"enemies":"3 Sentries","floor":6.0,"turns":4.0},{"damage":0.0,"enemies":"2 Fungi Beasts","floor":7.0,"turns":3.0},{"damage":8.0,"enemies":"Gremlin Nob","floor":8.0,"turns":3.0},{"damage":0.0,"enemies":"Looter","floor":10.0,"turns":3.0},{"damage":7.0,"enemies":"Red Slaver","floor":11.0,"turns":3.0},{"damage":7.0,"enemies":"Blue Slaver","floor":12.0,"turns":3.0},{"damage":3.0,"enemies":"Lots of Slimes","floor":13.0,"turns":2.0},{"damage":2.0,"enemies":"2 Fungi Beasts","floor":14.0,"turns":2.0},{"damage":8.0,"enemies":"Hexaghost","floor":16.0,"turns":6.0},{"damage":2.0,"enemies":"3 Byrds","floor":18.0,"turns":2.0},{"damage":7.0,"enemies":"Shell Parasite","floor":19.0,"turns":3.0},{"damage":10,"enemies":"Chosen and Byrds","floor":24,"turns":3},{"damage":24,"enemies":"Shelled Parasite and Fungi","floor":25,"turns":3},{"damage":17,"enemies":"Centurion and Healer","floor":27,"turns":3},{"damage":7,"enemies":"Chosen and Byrds","floor":28,"turns":4},{"damage":26,"enemies":"Slavers","floor":30,"turns":1}],"seed_played":"8150661147877175529","potions_obtained":[{"floor":3.0,"key":"ColorlessPotion"},{"floor":5.0,"key":"Energy Potion"},{"floor":5.0,"key":"LiquidBronze"},{"floor":6.0,"key":"SteroidPotion"},{"floor":8.0,"key":"Regen Potion"},{"floor":11.0,"key":"DuplicationPotion"},{"floor":12.0,"key":"GamblersBrew"},{"floor":16.0,"key":"Dexterity Potion"},{"floor":24,"key":"SkillPotion"}],"is_trial":false,"path_per_floor":["M","M","M","M","?","E","M","E","T","M","M","M","M","M","R","B",null,"M","M","$","?","?","R","M","M","T","M","M","?","E"],"character_chosen":"THE_DEFAULT","items_purchased":["Purity"],"campfire_rested":0,"item_purchase_floors":[20],"current_hp_per_floor":[55,55,46,43,43,37,37,29,29,29,31,24,21,19,19,11,55,53,46,46,46,46,46,36,24,24,19,24,24,0,0],"gold":158,"neow_bonus":"ONE_RARE_RELIC","is_daily":false,"chose_seed":false,"campfire_upgraded":1,"win_rate":0.0,"timestamp":1610772642,"path_taken":["M","M","M","M","?","E","M","E","T","M","?","M","M","M","R","BOSS","M","M","$","?","?","R","M","M","T","M","M","?","E"],"items_purchased_type":["Card"],"build_version":"2020-12-22","purchased_purges":1,"victory":false,"max_hp_per_floor":[70,70,70,70,70,70,70,70,70,70,70,70,70,70,70,70,70,70,70,70,70,70,70,70,70,70,70,70,70,70,70],"card_choices":[{"not_picked":["TheRailgun:Lightningbolt","TheRailgun:Recharge"],"picked":"TheRailgun:Positive_Field","floor":1.0},{"not_picked":["TheRailgun:Electrical_Storm","TheRailgun:Thunderbolt"],"picked":"TheRailgun:Crackle","floor":2.0},{"not_picked":["TheRailgun:Electrical_Fire","TheRailgun:Negative_Field"],"picked":"TheRailgun:Electric_Fence","floor":3.0},{"not_picked":["TheRailgun:Gekota_Phone","TheRailgun:Sister_Network"],"picked":"TheRailgun:Iron_Dust_Vial","floor":4.0},{"not_picked":["TheRailgun:Crackle","TheRailgun:Zap"],"picked":"TheRailgun:Thunder","floor":6.0},{"not_picked":["TheRailgun:Magnetic_Movement","TheRailgun:Stun_Shock"],"picked":"TheRailgun:Token_Collection","floor":7.0},{"not_picked":["TheRailgun:Sister_Network","TheRailgun:Crackle"],"picked":"TheRailgun:Negative_Field","floor":8.0},{"not_picked":["TheRailgun:Static","TheRailgun:Crack"],"picked":"TheRailgun:Coin_Flip","floor":10.0},{"not_picked":["TheRailgun:Hypercharge","TheRailgun:Crack"],"picked":"TheRailgun:Gekotamania","floor":11.0},{"not_picked":["TheRailgun:Battery_Pack","TheRailgun:Stun_Shock"],"picked":"TheRailgun:Gekota_Phone","floor":12.0},{"not_picked":["TheRailgun:Spark","TheRailgun:Thundershock","TheRailgun:Thunderbolt"],"picked":"SKIP","floor":13.0},{"not_picked":["TheRailgun:Circuit_Breaker","TheRailgun:Scatter_Railgun","TheRailgun:Stun_Shock"],"picked":"SKIP","floor":14.0},{"not_picked":["TheRailgun:Circuitous","TheRailgun:Judgement_Officer"],"picked":"TheRailgun:Thundervolt","floor":16.0},{"not_picked":["TheRailgun:Recharge","TheRailgun:Scatter_Railgun+1"],"picked":"TheRailgun:Gekotamania+1","floor":18.0},{"not_picked":["TheRailgun:Aerial_Shot+1","TheRailgun:Biribiri"],"picked":"TheRailgun:Coin_Flip+1","floor":19},{"not_picked":["TheRailgun:Electrical_Storm","TheRailgun:Scatter_Railgun"],"picked":"TheRailgun:Heroinism","floor":24},{"not_picked":["TheRailgun:Thunderbolt","TheRailgun:Aerial_Shot","TheRailgun:Thundershock+1"],"picked":"SKIP","floor":25},{"not_picked":["TheRailgun:Zip","TheRailgun:Biribiri+1","TheRailgun:Sister_Network"],"picked":"SKIP","floor":27},{"not_picked":["TheRailgun:Lightningbolt","TheRailgun:Positive_Field"],"picked":"TheRailgun:Charge+1","floor":28}],"player_experience":656911,"relics_obtained":[{"floor":6.0,"key":"StrikeDummy"},{"floor":8.0,"key":"REME_HourglassOfDeath"},{"floor":9.0,"key":"TungstenRod"},{"floor":26,"key":"Pantograph"}],"event_choices":[{"damage_healed":0.0,"max_hp_gain":0.0,"max_hp_loss":0.0,"gold_gain":0.0,"event_name":"Lab","player_choice":"Got Potions","floor":5.0,"gold_loss":0.0,"damage_taken":0.0},{"damage_healed":0,"gold_gain":0,"player_choice":"Opened","damage_taken":0,"relics_obtained":["Meat on the Bone"],"max_hp_gain":0,"max_hp_loss":0,"event_name":"The Mausoleum","floor":21,"gold_loss":0,"cards_obtained":["Writhe"]},{"cards_removed":["TheRailgun:Strike"],"damage_healed":0,"gold_gain":0,"player_choice":"Gave Gold","damage_taken":0,"max_hp_gain":0,"max_hp_loss":0,"event_name":"Beggar","floor":22,"gold_loss":75},{"cards_removed":["TheRailgun:Discharge"],"damage_healed":0,"gold_gain":0,"player_choice":"Elegance","damage_taken":0,"max_hp_gain":0,"max_hp_loss":0,"event_name":"Back to Basics","floor":29,"gold_loss":0}],"is_beta":false,"boss_relics":[{"not_picked":["Empty Cage","Coffee Dripper"],"picked":"Fusion Hammer"}],"items_purged_floors":[20],"is_endless":false,"potions_floor_spawned":[3,6,8,11,12,16,24],"killed_by":"Slavers","ascension_level":6}}