{"host":"sav7uxregyirlf69","time":1610758310,"event":{"mods":["AchievementEnabler","BaseMod","Colored Map","DeckTracker","Keyboard Shortcuts","Minty Spire (QoL Compilation)","READ ME - Guardian Mod","StSLib","SuperFastMode"],"gold_per_floor":[365,157,173,173,190,190,218,218,218,228,243,269,269,312,324,336,336],"floor_reached":16,"language":"KOR","playtime":517,"items_purged":["Strike_R"],"score":240,"play_id":"a59b2660-aa8f-460f-90e2-6a104e85e622","local_time":"20210116095150","is_ascension_mode":true,"campfire_choices":[{"floor":6,"key":"RECALL"},{"floor":8,"key":"REST"},{"data":"Shrug It Off","floor":15,"key":"SMITH"}],"circlet_count":0,"master_deck":["AscendersBane","Strike_R","Strike_R","Strike_R","Strike_R","Defend_R","Defend_R","Defend_R","Defend_R","Bash","Uppercut+1","Anger","Shrug It Off+1","Armaments+1","Feel No Pain","Impervious+1"],"relics":["Burning Blood","Letter Opener","Toxic Egg 2","HornCleat","MawBank","Pear"],"acts_visited":["Exordium"],"potions_floor_usage":[12,14],"damage_taken":[{"damage":2,"enemies":"2 Louse","floor":1,"turns":3},{"damage":6,"enemies":"Cultist","floor":3,"turns":3},{"damage":12,"enemies":"Small Slimes","floor":5,"turns":2},{"damage":37,"enemies":"Lagavulin","floor":7,"turns":7},{"damage":8,"enemies":"Blue Slaver","floor":10,"turns":4},{"damage":1,"enemies":"Looter","floor":11,"turns":4},{"damage":8,"enemies":"3 Sentries","floor":12,"turns":10},{"damage":17,"enemies":"Lagavulin","floor":14,"turns":7},{"damage":48,"enemies":"The Guardian","floor":16,"turns":15}],"seed_played":"-4536856090310309930","potions_obtained":[],"is_trial":false,"path_per_floor":["M","$","M","?","M","R","E","R","T","M","M","E","?","E","R","B"],"character_chosen":"IRONCLAD","items_purchased":["DistilledChaos","Energy Potion"],"campfire_rested":1,"item_purchase_floors":[2,2],"current_hp_per_floor":[68,68,68,68,62,62,31,51,51,49,54,52,47,46,46,0,0],"gold":336,"neow_bonus":"TWO_FIFTY_GOLD","is_daily":false,"chose_seed":false,"campfire_upgraded":1,"win_rate":0.0,"timestamp":1610758310,"path_taken":["M","$","M","?","M","R","E","R","T","?","M","E","?","E","R","BOSS"],"items_purchased_type":["Potion","Potion"],"build_version":"2020-12-22","purchased_purges":1,"victory":false,"max_hp_per_floor":[68,68,68,68,68,68,68,68,68,68,68,68,68,78,78,78,78],"card_choices":[{"not_picked":["Clash","Pommel Strike"],"picked":"Uppercut","floor":1},{"not_picked":["Armaments","Brutality"],"picked":"Anger","floor":3},{"not_picked":["Wild Strike","Thunderclap"],"picked":"Shrug It Off","floor":5},{"not_picked":["Havoc","Carnage","Perfected Strike"],"picked":"SKIP","floor":7},{"not_picked":["Perfected Strike","Iron Wave"],"picked":"Armaments+1","floor":10},{"not_picked":["Hemokinesis","Flex+1"],"picked":"Feel No Pain","floor":11},{"not_picked":["Pommel Strike","Searing Blow"],"picked":"Impervious+1","floor":12},{"not_picked":["Hemokinesis","Anger","Clothesline"],"picked":"SKIP","floor":14}],"player_experience":1288128,"relics_obtained":[{"floor":7,"key":"Letter Opener"},{"floor":9,"key":"Toxic Egg 2"},{"floor":12,"key":"HornCleat"},{"floor":14,"key":"Pear"}],"event_choices":[{"damage_healed":0,"gold_gain":0,"player_choice":"Upgraded","damage_taken":0,"max_hp_gain":0,"max_hp_loss":0,"event_name":"Upgrade Shrine","floor":4,"gold_loss":0,"cards_upgraded":["Uppercut"]},{"damage_healed":0,"gold_gain":0,"player_choice":"Success","damage_taken":5,"relics_obtained":["MawBank"],"max_hp_gain":0,"max_hp_loss":0,"event_name":"Scrap Ooze","floor":13,"gold_loss":0}],"is_beta":false,"boss_relics":[],"items_purged_floors":[2],"is_endless":false,"potions_floor_spawned":[5,7,11],"killed_by":"The Guardian","ascension_level":20}}