{"host":"mai03x2ekbjy4059","time":1610758084,"event":{"mods":["2.2 Compatiblity","BaseMod","DeckTracker","Highlight Path","Keyboard Shortcuts","Minty Spire (QoL Compilation)","Permanent Neow","Quick Restart","SuperFastMode","everything is the same but u backflip on backflip"],"gold_per_floor":[110,110,126,51,62,62,96,114,114,146,146,167,200,200,200,297,297,316,316,1,1,1,1,15,42,97,125,225,251,551,70,70,173,173,188,188,234,284,301,301,331,331,354,370,380,415,415,415,415,415,415,415,31,66,66],"floor_reached":56,"language":"KOR","playtime":1879,"items_purged":["Strike_G","Bouncing Flask+1","Flechettes+1"],"score":1533,"play_id":"394e67bd-e615-44b1-af87-28278b3ce3ec","local_time":"20210116094804","is_ascension_mode":true,"campfire_choices":[{"data":"Neutralize","floor":6.0,"key":"SMITH"},{"data":"Cloak And Dagger","floor":11.0,"key":"SMITH"},{"data":"Blade Dance","floor":15.0,"key":"SMITH"},{"data":"Accuracy","floor":23.0,"key":"SMITH"},{"data":"Cloak And Dagger","floor":32.0,"key":"SMITH"},{"data":"Terror","floor":40.0,"key":"SMITH"},{"data":"Footwork","floor":42.0,"key":"SMITH"},{"data":"Footwork","floor":47.0,"key":"SMITH"},{"floor":49.0,"key":"RECALL"},{"data":"Impatience","floor":52,"key":"SMITH"}],"circlet_count":0,"master_deck":["Defend_G","Defend_G+1","Defend_G","Survivor","Neutralize+1","Envenom+1","Footwork+1","Accuracy+1","Footwork+1","Cloak And Dagger+1","Blade Dance+1","Adrenaline+1","After Image+1","Slice+1","Escape Plan+1","Impatience+1","Finisher+1","Flash of Steel+1","Cloak And Dagger+1","Terror+1","Accuracy+1","Blur+1"],"relics":["Ring of the Snake","StrikeDummy","HornCleat","Frozen Egg 2","Odd Mushroom","Bottled Lightning","Astrolabe","TwistedFunnel","Ninja Scroll","War Paint","Potion Belt","Turnip","Blue Candle","Molten Egg 2","Old Coin","Bottled Tornado","Empty Cage","FossilizedHelix","Gambling Chip","Singing Bowl","Whetstone","Kunai","Bottled Flame"],"acts_visited":["Exordium","TheCity","TheBeyond","TheEnding"],"potions_floor_usage":[50,54,55,55,55,55,55,55,55],"damage_taken":[{"damage":0.0,"enemies":"2 Louse","floor":1.0,"turns":5.0},{"damage":0.0,"enemies":"Cultist","floor":3.0,"turns":4.0},{"damage":1.0,"enemies":"Jaw Worm","floor":5.0,"turns":6.0},{"damage":23.0,"enemies":"Lagavulin","floor":7.0,"turns":9.0},{"damage":1.0,"enemies":"Looter","floor":8.0,"turns":4.0},{"damage":13.0,"enemies":"Gremlin Nob","floor":10.0,"turns":4.0},{"damage":6.0,"enemies":"The Mushroom Lair","floor":12.0,"turns":5.0},{"damage":5.0,"enemies":"Lagavulin","floor":13.0,"turns":4.0},{"damage":0.0,"enemies":"The Guardian","floor":16.0,"turns":9.0},{"damage":2.0,"enemies":"Spheric Guardian","floor":18.0,"turns":4.0},{"damage":0.0,"enemies":"3 Byrds","floor":24.0,"turns":3.0},{"damage":0.0,"enemies":"Slavers","floor":25.0,"turns":4.0},{"damage":1.0,"enemies":"Gremlin Leader","floor":27.0,"turns":4.0},{"damage":0.0,"enemies":"Colosseum Slavers","floor":28.0,"turns":2.0},{"damage":0.0,"enemies":"Colosseum Nobs","floor":28.0,"turns":3.0},{"damage":6.0,"enemies":"Slavers","floor":29.0,"turns":4.0},{"damage":0.0,"enemies":"Automaton","floor":33.0,"turns":8.0},{"damage":0.0,"enemies":"3 Darklings","floor":35.0,"turns":3.0},{"damage":32.0,"enemies":"2 Orb Walkers","floor":37.0,"turns":5.0},{"damage":0.0,"enemies":"Mind Bloom Boss Battle","floor":38.0,"turns":4.0},{"damage":0.0,"enemies":"Orb Walker","floor":39.0,"turns":2.0},{"damage":0.0,"enemies":"Giant Head","floor":41.0,"turns":5.0},{"damage":0.0,"enemies":"4 Shapes","floor":44.0,"turns":3.0},{"damage":0.0,"enemies":"Writhing Mass","floor":45.0,"turns":6.0},{"damage":0.0,"enemies":"Nemesis","floor":46.0,"turns":5.0},{"damage":24,"enemies":"Awakened One","floor":50,"turns":9},{"damage":0,"enemies":"Shield and Spear","floor":54,"turns":5},{"damage":5,"enemies":"The Heart","floor":55,"turns":7}],"seed_played":"-3913554667267934503","potions_obtained":[{"floor":5.0,"key":"Fruit Juice"},{"floor":7.0,"key":"LiquidBronze"},{"floor":12.0,"key":"LiquidBronze"},{"floor":13.0,"key":"CunningPotion"},{"floor":27.0,"key":"SmokeBomb"},{"floor":35.0,"key":"EntropicBrew"},{"floor":44.0,"key":"Fire Potion"},{"floor":45.0,"key":"SkillPotion"},{"floor":46.0,"key":"PowerPotion"}],"is_trial":false,"path_per_floor":["M","?","M","$","M","R","E","M","T","E","R","?","E","?","R","B",null,"M","?","$","?","?","R","M","E","T","E","?","E","?","$","R","B",null,"M","?","?","?","M","R","E","R","T","M","M","E","R","?","R","B",null,"R","$","E","B",null],"character_chosen":"THE_SILENT","items_purchased":["Footwork","Impatience","TwistedFunnel","Bottled Tornado","Flash of Steel+1","Cloak And Dagger","Kunai"],"campfire_rested":0,"item_purchase_floors":[4,20,20,31,31,31,53],"current_hp_per_floor":[63,63,63,63,62,67,44,43,43,30,30,24,19,12,12,12,68,66,66,66,66,54,54,54,54,54,53,53,47,47,47,47,47,73,73,69,37,37,37,37,39,39,39,39,41,41,41,41,41,17,73,73,73,75,70],"gold":66,"neow_bonus":"THREE_RARE_CARDS","is_daily":false,"chose_seed":false,"campfire_upgraded":9,"win_rate":0.0,"timestamp":1610758084,"path_taken":["M","?","?","$","M","R","E","M","T","E","R","?","E","?","R","BOSS","M","?","$","?","?","R","?","E","T","E","?","E","?","$","R","BOSS","M","?","?","?","M","R","E","R","T","M","M","E","R","?","R","BOSS","R","$","E","BOSS"],"items_purchased_type":["Card","Card","Relic","Relic","Card","Card","Relic"],"build_version":"2020-12-22","purchased_purges":3,"victory":true,"max_hp_per_floor":[63,63,63,63,63,68,68,68,68,68,68,68,68,68,68,68,68,68,68,68,68,73,73,73,73,73,73,73,73,73,73,73,73,73,73,69,69,69,69,69,71,71,71,71,73,73,73,73,73,73,73,73,73,75,75],"card_choices":[{"not_picked":["Corpse Explosion","Phantasmal Killer"],"picked":"Envenom","floor":0.0},{"not_picked":["Dodge and Roll","Endless Agony","Flying Knee"],"picked":"SKIP","floor":1.0},{"not_picked":["Expertise","Poisoned Stab","Bouncing Flask"],"picked":"SKIP","floor":3.0},{"not_picked":["Well Laid Plans","Flying Knee"],"picked":"Accuracy","floor":5.0},{"not_picked":["Leg Sweep","Prepared"],"picked":"Footwork","floor":7.0},{"not_picked":["Storm of Steel","Backstab"],"picked":"Cloak And Dagger","floor":8.0},{"not_picked":["Bane","Quick Slash","Acrobatics"],"picked":"SKIP","floor":10.0},{"not_picked":["Outmaneuver","Deadly Poison"],"picked":"Blade Dance","floor":12.0},{"not_picked":["Underhanded Strike","Infinite Blades+1"],"picked":"Adrenaline","floor":13.0},{"not_picked":["Storm of Steel","Envenom+1"],"picked":"After Image+1","floor":16.0},{"not_picked":["Flying Knee+1","Prepared"],"picked":"Escape Plan+1","floor":18.0},{"not_picked":["Dagger Throw","Endless Agony+1"],"picked":"Finisher","floor":24.0},{"not_picked":["Deadly Poison","Catalyst","Sucker Punch"],"picked":"SKIP","floor":25.0},{"not_picked":["Heel Hook","PiercingWail","Acrobatics"],"picked":"SKIP","floor":27.0},{"not_picked":["Bane+1","Cloak And Dagger","Choke+1"],"picked":"SKIP","floor":29.0},{"not_picked":["Dagger Spray+1","Dagger Throw+1"],"picked":"Terror","floor":35.0},{"not_picked":["Catalyst","Setup","Poisoned Stab+1"],"picked":"SKIP","floor":39.0},{"not_picked":["Tactician","Sucker Punch+1","Dodge and Roll+1"],"picked":"Singing Bowl","floor":41.0},{"not_picked":["Tactician","Deflect+1"],"picked":"Accuracy+1","floor":44.0},{"not_picked":["Deadly Poison","Distraction","Eviscerate+1"],"picked":"Singing Bowl","floor":45.0},{"not_picked":["Envenom+1","Blade Dance+1"],"picked":"Blur+1","floor":46.0},{"not_picked":["Dodge and Roll+1","Blade Dance","Dagger Spray+1"],"picked":"Singing Bowl","floor":54}],"player_experience":1038114,"relics_obtained":[{"floor":7.0,"key":"StrikeDummy"},{"floor":9.0,"key":"HornCleat"},{"floor":10.0,"key":"Frozen Egg 2"},{"floor":12.0,"key":"Odd Mushroom"},{"floor":13.0,"key":"Bottled Lightning"},{"floor":25.0,"key":"Ninja Scroll"},{"floor":26.0,"key":"War Paint"},{"floor":27.0,"key":"Potion Belt"},{"floor":28.0,"key":"Turnip"},{"floor":28.0,"key":"Blue Candle"},{"floor":29.0,"key":"Molten Egg 2"},{"floor":37.0,"key":"FossilizedHelix"},{"floor":38.0,"key":"Gambling Chip"},{"floor":41.0,"key":"Singing Bowl"},{"floor":46.0,"key":"Whetstone"},{"floor":54,"key":"Bottled Flame"}],"event_choices":[{"damage_healed":0.0,"max_hp_gain":0.0,"max_hp_loss":0.0,"gold_gain":0.0,"event_name":"Accursed Blacksmith","player_choice":"Forge","floor":2.0,"gold_loss":0.0,"damage_taken":0.0,"cards_upgraded":["Envenom"]},{"damage_healed":0.0,"max_hp_gain":0.0,"max_hp_loss":0.0,"gold_gain":0.0,"event_name":"Mushrooms","player_choice":"Fought Mushrooms","floor":12.0,"gold_loss":0.0,"damage_taken":0.0},{"cards_removed":["Strike_G"],"damage_healed":0.0,"max_hp_gain":0.0,"max_hp_loss":0.0,"gold_gain":0.0,"event_name":"Golden Wing","player_choice":"Card Removal","floor":14.0,"gold_loss":0.0,"damage_taken":7.0},{"damage_healed":0.0,"max_hp_gain":0.0,"max_hp_loss":0.0,"gold_gain":0.0,"event_name":"Vampires","player_choice":"Ignored","floor":19.0,"gold_loss":0.0,"damage_taken":0.0},{"damage_healed":0.0,"max_hp_gain":0.0,"max_hp_loss":0.0,"gold_gain":0.0,"event_name":"Cursed Tome","player_choice":"Ignored","floor":21.0,"gold_loss":0.0,"damage_taken":0.0},{"damage_healed":0.0,"max_hp_gain":5.0,"max_hp_loss":0.0,"gold_gain":0.0,"event_name":"Forgotten Altar","player_choice":"Shed Blood","floor":22.0,"gold_loss":0.0,"damage_taken":17.0},{"damage_healed":0.0,"max_hp_gain":0.0,"max_hp_loss":0.0,"gold_gain":0.0,"event_name":"Colosseum","player_choice":"Fight","floor":28.0,"gold_loss":0.0,"damage_taken":0.0},{"damage_healed":0.0,"max_hp_gain":0.0,"max_hp_loss":0.0,"gold_gain":0.0,"event_name":"Colosseum","player_choice":"Fought Nobs","floor":28.0,"gold_loss":0.0,"damage_taken":0.0},{"damage_healed":0.0,"max_hp_gain":0.0,"max_hp_loss":0.0,"gold_gain":0.0,"event_name":"The Mausoleum","player_choice":"Opened","floor":30.0,"gold_loss":0.0,"damage_taken":0.0,"relics_obtained":["Old Coin"]},{"damage_healed":0.0,"max_hp_gain":0.0,"max_hp_loss":4.0,"gold_gain":0.0,"event_name":"Winding Halls","player_choice":"Max HP","floor":36.0,"gold_loss":0.0,"damage_taken":0.0},{"damage_healed":0.0,"max_hp_gain":0.0,"max_hp_loss":0.0,"gold_gain":0.0,"event_name":"Mysterious Sphere","player_choice":"Fight","floor":37.0,"gold_loss":0.0,"damage_taken":0.0},{"damage_healed":0.0,"max_hp_gain":0.0,"max_hp_loss":0.0,"gold_gain":0.0,"event_name":"MindBloom","player_choice":"Fight","floor":38.0,"gold_loss":0.0,"damage_taken":0.0},{"damage_healed":0.0,"max_hp_gain":0.0,"max_hp_loss":0.0,"gold_gain":0.0,"event_name":"Tomb of Lord Red Mask","player_choice":"Ignored","floor":48.0,"gold_loss":0.0,"damage_taken":0.0}],"is_beta":false,"boss_relics":[{"not_picked":["HoveringKite","Coffee Dripper"],"picked":"Astrolabe"},{"not_picked":["Cursed Key","Runic Dome"],"picked":"Empty Cage"}],"items_purged_floors":[20,31,53],"is_endless":false,"potions_floor_spawned":[5,7,12,13,18,27,28,35,44,45,46],"ascension_level":1}}