{"host":"ymn6un3ro3vi042j","time":1610762490,"event":{"mods":["AchievementEnabler","Act Like it!","BaseMod","Bestiary","Better Third Choice","BetterRewards","Colored Map","Colored Powertips","Curses Come First","Dark Map","DeckTracker","Downfall","Highlight Path","Minty Spire (QoL Compilation)","Poor People Problems","Rare Cards Sparkle","StSLib","everything is the same but u backflip on backflip"],"gold_per_floor":[110,110,125,138,155,186,186,199,199,199,224,224,224,237,237,333,333,350,368,385,385,385],"floor_reached":21,"language":"ENG","playtime":1523,"items_purged":[],"score":193,"play_id":"06892695-ce61-4f49-9a15-ab9dc2886f7f","local_time":"20210115180130","is_ascension_mode":false,"campfire_choices":[{"floor":7,"key":"REST"},{"floor":10,"key":"REST"},{"floor":12,"key":"REST"},{"floor":15,"key":"REST"}],"circlet_count":0,"master_deck":["Strike_G","Strike_G","Strike_G+1","Strike_G","Strike_G","Defend_G","Defend_G","Defend_G","Defend_G","Defend_G","Survivor","Neutralize+1","Outmaneuver+1","Skewer","Calculated Gamble","Flying Knee","Acrobatics","Backstab","PiercingWail","Doppelganger","Tools of the Trade","Prepared+1","Acrobatics","Reflex"],"relics":["Ring of the Serpent","Whetstone","Oddly Smooth Stone","Bottled Flame","Letter Opener"],"acts_visited":["Exordium","TheCity"],"potions_floor_usage":[6,8,16,19,20],"damage_taken":[{"damage":0,"enemies":"2 Louse","floor":1,"turns":4},{"damage":1,"enemies":"Cultist","floor":3,"turns":4},{"damage":2,"enemies":"Jaw Worm","floor":4,"turns":5},{"damage":32,"enemies":"Exordium Thugs","floor":5,"turns":8},{"damage":25,"enemies":"3 Sentries","floor":6,"turns":8},{"damage":24,"enemies":"Exordium Wildlife","floor":8,"turns":7},{"damage":19,"enemies":"Lagavulin","floor":11,"turns":7},{"damage":0,"enemies":"3 Louse","floor":14,"turns":3},{"damage":43,"enemies":"Hexaghost","floor":16,"turns":11},{"damage":28,"enemies":"3 Byrds","floor":18,"turns":8},{"damage":7,"enemies":"Chosen","floor":19,"turns":4},{"damage":24,"enemies":"Sentry and Sphere","floor":20,"turns":4},{"damage":15,"enemies":"3 Cultists","floor":21,"turns":3}],"seed_played":"4003179835840836320","potions_obtained":[{"floor":3,"key":"AttackPotion"},{"floor":4,"key":"Block Potion"},{"floor":6,"key":"Swift Potion"},{"floor":16,"key":"DuplicationPotion"},{"floor":19,"key":"Fire Potion"},{"floor":20,"key":"ColorlessPotion"}],"is_trial":false,"path_per_floor":["M","?","M","M","M","E","R","M","T","R","E","R","?","M","R","B",null,"M","M","M","M"],"character_chosen":"THE_SILENT","items_purchased":[],"campfire_rested":4,"item_purchase_floors":[],"current_hp_per_floor":[70,70,69,67,35,10,31,7,7,28,9,30,30,30,51,8,70,42,35,11,0,0],"gold":385,"neow_bonus":"RANDOM_COMMON_RELIC","is_daily":false,"chose_seed":false,"campfire_upgraded":0,"win_rate":0.0,"timestamp":1610762490,"path_taken":["M","?","M","M","M","E","R","?","T","R","E","R","?","M","R","BOSS","M","M","M","M"],"items_purchased_type":[],"build_version":"2020-12-22","purchased_purges":0,"victory":false,"max_hp_per_floor":[70,70,70,70,70,70,70,70,70,70,70,70,70,70,70,70,70,70,70,70,70,70],"card_choices":[{"not_picked":["Blade Dance","Dagger Throw"],"picked":"Outmaneuver","floor":1},{"not_picked":["Dagger Spray","Flying Knee"],"picked":"Skewer","floor":3},{"not_picked":["Finisher","Quick Slash"],"picked":"Calculated Gamble","floor":4},{"not_picked":["Bane","Dagger Throw"],"picked":"Flying Knee","floor":5},{"not_picked":["Blade Dance","Accuracy"],"picked":"Acrobatics","floor":6},{"not_picked":["Sucker Punch","Footwork"],"picked":"Backstab","floor":8},{"not_picked":["Catalyst","Accuracy"],"picked":"PiercingWail","floor":11},{"not_picked":["Heel Hook","All Out Attack"],"picked":"Doppelganger","floor":14},{"not_picked":["Glass Knife","Corpse Explosion"],"picked":"Tools of the Trade","floor":16},{"not_picked":["Noxious Fumes","Expertise+1"],"picked":"Prepared+1","floor":18},{"not_picked":["Prepared","Dodge and Roll"],"picked":"Acrobatics","floor":19},{"not_picked":["Accuracy+1","Deflect"],"picked":"Reflex","floor":20}],"player_experience":28915,"relics_obtained":[{"floor":6,"key":"Oddly Smooth Stone"},{"floor":9,"key":"Bottled Flame"},{"floor":11,"key":"Letter Opener"}],"event_choices":[{"damage_healed":0,"gold_gain":0,"player_choice":"Forge","damage_taken":0,"max_hp_gain":0,"max_hp_loss":0,"event_name":"Accursed Blacksmith","floor":2,"gold_loss":0,"cards_upgraded":["Outmaneuver"]},{"damage_healed":0,"gold_gain":0,"player_choice":"Ignored","damage_taken":0,"max_hp_gain":0,"max_hp_loss":0,"event_name":"NoteForYourself","floor":13,"gold_loss":0}],"is_beta":false,"boss_relics":[{"not_picked":["WristBlade","Snecko Eye"],"picked":"Ring of the Serpent"}],"items_purged_floors":[],"is_endless":false,"potions_floor_spawned":[3,4,6,16,19,20],"killed_by":"3 Cultists","ascension_level":0}}