{"host":"bq4pt811tk9yrmjl","time":1610833679,"event":{"mods":["AchievementEnabler","BaseMod","Colored Map","Colored Powertips","Defuse TimeMaze Blight","Hermit","Minty Spire (QoL Compilation)","StSLib","SuperFastMode"],"gold_per_floor":[117,117,135,208,208,208,178,203,229,229,261,261,3,33,33,33,33],"floor_reached":16,"language":"ENG","playtime":243,"items_purged":[],"score":146,"play_id":"ca507955-c6eb-4ce0-9d9e-9f992a03b27e","local_time":"20210116194759","is_ascension_mode":true,"campfire_choices":[{"data":"Neutralize","floor":6,"key":"SMITH"},{"data":"Dash","floor":12,"key":"SMITH"},{"floor":15,"key":"REST"}],"circlet_count":0,"master_deck":["Strike_G","Strike_G","Strike_G","Strike_G","Strike_G","Defend_G","Defend_G","Defend_G","Defend_G","Defend_G","Survivor","Neutralize+1","Flying Knee","Dash+1","Bane","Deflect"],"relics":["Ring of the Snake","NeowsBlessing","Bag of Marbles","Boot","Bottled Flame","Potion Belt"],"acts_visited":["Exordium"],"potions_floor_usage":[],"damage_taken":[{"damage":0,"enemies":"Jaw Worm","floor":1,"turns":1},{"damage":0,"enemies":"2 Louse","floor":3,"turns":1},{"damage":0,"enemies":"Lagavulin","floor":8,"turns":1},{"damage":16,"enemies":"3 Sentries","floor":11,"turns":12},{"damage":24,"enemies":"Gremlin Nob","floor":14,"turns":4},{"damage":43,"enemies":"Slime Boss","floor":16,"turns":7}],"seed_played":"7146847680014697627","potions_obtained":[{"floor":1,"key":"Poison Potion"},{"floor":11,"key":"BlessingOfTheForge"}],"is_trial":false,"path_per_floor":["M","$","M","?","?","R","?","E","T","?","E","R","$","E","R","B"],"character_chosen":"THE_SILENT","items_purchased":["Bottled Flame"],"campfire_rested":1,"item_purchase_floors":[13],"current_hp_per_floor":[70,70,70,70,70,70,70,70,70,70,54,54,54,30,51,8,8],"gold":33,"neow_bonus":"THREE_ENEMY_KILL","is_daily":false,"chose_seed":false,"campfire_upgraded":2,"win_rate":0.0,"timestamp":1610833679,"path_taken":["M","$","M","?","?","R","?","E","T","?","E","R","$","E","R","BOSS"],"items_purchased_type":["Relic"],"build_version":"2020-12-22","purchased_purges":0,"victory":false,"max_hp_per_floor":[70,70,70,70,70,70,70,70,70,70,70,70,70,70,70,70,70],"card_choices":[{"not_picked":["Caltrops","All Out Attack"],"picked":"Flying Knee","floor":1},{"not_picked":["Dagger Throw","Calculated Gamble"],"picked":"Dash","floor":3},{"not_picked":["Expertise","Deadly Poison"],"picked":"Bane","floor":8},{"not_picked":["Quick Slash","Flechettes","Calculated Gamble"],"picked":"SKIP","floor":11},{"not_picked":["Die Die Die","Bane"],"picked":"Deflect","floor":14}],"player_experience":168036,"relics_obtained":[{"floor":8,"key":"Bag of Marbles"},{"floor":11,"key":"Boot"},{"floor":14,"key":"Potion Belt"}],"event_choices":[{"damage_healed":0,"gold_gain":73,"player_choice":"Gained Gold","damage_taken":0,"max_hp_gain":0,"max_hp_loss":0,"event_name":"Golden Wing","floor":4,"gold_loss":0},{"damage_healed":0,"gold_gain":0,"player_choice":"Ignored","damage_taken":0,"max_hp_gain":0,"max_hp_loss":0,"event_name":"Liars Game","floor":5,"gold_loss":0},{"damage_healed":0,"gold_gain":0,"player_choice":"Left Gold","damage_taken":0,"max_hp_gain":0,"max_hp_loss":0,"event_name":"World of Goop","floor":7,"gold_loss":30},{"damage_healed":0,"gold_gain":0,"player_choice":"Leave","damage_taken":0,"max_hp_gain":0,"max_hp_loss":0,"event_name":"The Cleric","floor":10,"gold_loss":0}],"is_beta":false,"boss_relics":[],"items_purged_floors":[],"is_endless":false,"potions_floor_spawned":[1,11],"killed_by":"Slime Boss","ascension_level":1}}