{"host":"krqozg1tp0zpuvz3","time":1610773579,"event":{"mods":["AchievementEnabler","BaseMod","Better Altar","Better Match","Better Note","Better Sensory Stone","Better Third Choice","BetterRewards","Colored Map","DeckTracker","Keyboard Shortcuts","Minty Spire (QoL Compilation)","Permanent Neow","Relic Stats","Shop Mod","StSLib","SuperFastMode"],"gold_per_floor":[113,13,13,13,27,27,55,55,82,82,95,95,95,95,95,195,195,205,35,47,61,61,89,89,48,48,77,177,187,187,203,203,303,303,314,314,325,153,153,153,170,170,170],"floor_reached":42,"language":"KOR","playtime":1336,"items_purged":["Defend_P","Strike_P","Strike_P"],"score":634,"play_id":"24776d16-6459-4cca-a425-8b7d01116daa","local_time":"20210116140619","is_ascension_mode":true,"campfire_choices":[{"floor":6,"key":"REST"},{"data":"Adaptation","floor":8,"key":"SMITH"},{"data":"Crescendo","floor":10,"key":"SMITH"},{"data":"Adaptation","floor":13,"key":"SMITH"},{"floor":15,"key":"REST"},{"floor":24,"key":"REST"},{"data":"ClearTheMind","floor":30,"key":"SMITH"},{"floor":32,"key":"REST"},{"data":"Crescendo","floor":40,"key":"SMITH"}],"circlet_count":0,"master_deck":["Eruption","Vigilance","Adaptation+1","Crescendo","Adaptation+1","Ragnarok","Crescendo+1","FlurryOfBlows","JustLucky+1","SandsOfTime+1","Nirvana+1","FlurryOfBlows","ClearTheMind+1","InnerPeace","Crescendo+1"],"relics":["PureWater","StoneCalendar","HornCleat","Blood Vial","Mummified Hand","Nunchaku","Astrolabe","Sundial","Frozen Egg 2","Mercury Hourglass","Busted Crown","TheAbacus"],"acts_visited":["Exordium","TheCity","TheBeyond"],"potions_floor_usage":[23,29,31,41,42],"damage_taken":[{"damage":0,"enemies":"Cultist","floor":1,"turns":3},{"damage":0,"enemies":"Small Slimes","floor":5,"turns":2},{"damage":27,"enemies":"Gremlin Nob","floor":7,"turns":4},{"damage":1,"enemies":"2 Louse","floor":11,"turns":2},{"damage":0,"enemies":"Slime Boss","floor":16,"turns":3},{"damage":9,"enemies":"2 Thieves","floor":18,"turns":2},{"damage":0,"enemies":"Spheric Guardian","floor":20,"turns":2},{"damage":0,"enemies":"Snecko","floor":21,"turns":2},{"damage":39,"enemies":"Slavers","floor":23,"turns":3},{"damage":5,"enemies":"Gremlin Leader","floor":27,"turns":2},{"damage":0,"enemies":"Snake Plant","floor":29,"turns":2},{"damage":7,"enemies":"Centurion and Healer","floor":31,"turns":2},{"damage":17,"enemies":"Champ","floor":33,"turns":3},{"damage":16,"enemies":"3 Shapes","floor":35,"turns":2},{"damage":0,"enemies":"3 Darklings","floor":37,"turns":2},{"damage":37,"enemies":"4 Shapes","floor":41,"turns":2},{"damage":18,"enemies":"Reptomancer","floor":42,"turns":2}],"seed_played":"-4539559901648254447","potions_obtained":[{"floor":16,"key":"SpeedPotion"},{"floor":20,"key":"DistilledChaos"},{"floor":27,"key":"DuplicationPotion"},{"floor":29,"key":"FearPotion"},{"floor":33,"key":"BlessingOfTheForge"},{"floor":35,"key":"Explosive Potion"}],"is_trial":false,"path_per_floor":["M","$","?","?","M","R","E","R","T","R","M","?","R","$","R","B",null,"M","$","M","M","?","E","R","$","T","E","?","M","R","M","R","B",null,"M","?","M","$","?","R","M","E"],"character_chosen":"WATCHER","items_purchased":["Adaptation","Crescendo","HornCleat","Blood Vial","FlurryOfBlows","InnerPeace","TheAbacus","Crescendo"],"campfire_rested":4,"item_purchase_floors":[0,0,0,0,19,25,38,38],"current_hp_per_floor":[42,42,42,42,44,65,40,40,40,40,41,41,41,41,62,64,70,63,63,65,67,67,30,51,51,51,48,48,50,50,45,66,51,67,53,53,55,55,55,55,20,4,4],"gold":170,"neow_bonus":"","is_daily":false,"chose_seed":false,"campfire_upgraded":5,"win_rate":0.0,"timestamp":1610773579,"path_taken":["M","$","?","?","M","R","E","R","T","R","?","?","R","?","R","BOSS","M","$","M","M","?","E","R","$","T","E","?","M","R","M","R","BOSS","M","?","M","$","?","R","M","E"],"items_purchased_type":["Card","Card","Relic","Relic","Card","Card","Relic","Card"],"build_version":"2020-12-22","purchased_purges":3,"victory":false,"max_hp_per_floor":[72,72,72,72,72,72,72,72,72,72,72,72,72,72,72,72,72,72,72,72,72,72,72,72,72,72,72,72,72,72,72,72,72,72,72,68,68,68,68,68,68,68,68],"relic_stats":{"Blood Vial":34,"Nunchaku":[18],"Busted Crown":10,"TheAbacus":[0],"counters":[224,639],"Mummified Hand":[63],"Sundial":[14],"Astrolabe":["JustLucky","SandsOfTime","Nirvana"],"StoneCalendar":[0],"obtain_stats":[{"Ice Cream":13,"Tiny House":17,"Gremlin Horn":26,"CeramicFish":43,"Vajra":38,"Ginger":48,"Bottled Tornado":10,"Boot":6,"Sling":0,"Sozu":17,"Blood Vial":0,"Lizard Tail":0,"HornCleat":30,"Sundial":22,"DollysMirror":0,"MealTicket":19,"Prayer Wheel":0,"VioletLotus":34,"HandDrill":0,"Kunai":42,"Toxic Egg 2":9,"Girya":36,"Pear":26,"Happy Flower":0,"Astrolabe":17,"Dead Branch":0,"Blue Candle":26,"Pen Nib":0,"Letter Opener":0,"War Paint":0,"Question Card":0,"Bottled Flame":43,"Shuriken":0,"Bird Faced Urn":0,"Unceasing Top":7,"Pocketwatch":0,"Darkstone Periapt":26,"Regal Pillow":42,"Lantern":20,"Torii":44,"Singing Bowl":9,"Melange":0,"Mango":9,"StoneCalendar":0,"Incense Burner":0,"Bag of Preparation":0,"Juzu Bracelet":42,"Cursed Key":34,"Frozen Eye":0,"Nunchaku":6,"Dream Catcher":36,"TheAbacus":38,"Mummified Hand":7,"Gambling Chip":0,"WingedGreaves":0,"Red Mask":21,"InkBottle":9,"Golden Idol":3,"PreservedInsect":13,"betterThird:NestCultRelic":22,"Omamori":43,"Frozen Egg 2":24,"Orichalcum":9,"Odd Mushroom":10,"GoldenEye":0,"White Beast Statue":9,"Mercury Hourglass":9,"Peace Pipe":46,"Strange Spoon":48,"Cauldron":0,"Anchor":0,"CaptainsWheel":0,"Busted Crown":34,"Ornamental Fan":39,"Orrery":19,"HolyWater":34,"Turnip":41,"Bag of Marbles":0,"Coffee Dripper":34,"PureWater":0,"FossilizedHelix":11,"TungstenRod":0,"Toy Ornithopter":7},{"Ice Cream":66,"Tiny House":29,"Gremlin Horn":204,"CeramicFish":190,"Vajra":77,"Ginger":45,"Bottled Tornado":51,"Boot":89,"Sling":111,"Sozu":55,"Blood Vial":84,"Lizard Tail":84,"HornCleat":73,"Sundial":11,"DollysMirror":112,"MealTicket":68,"Prayer Wheel":116,"VioletLotus":132,"HandDrill":22,"Kunai":137,"Toxic Egg 2":120,"Girya":77,"Pear":13,"Happy Flower":58,"Astrolabe":8,"Dead Branch":22,"Blue Candle":71,"Pen Nib":22,"Letter Opener":162,"War Paint":116,"Question Card":107,"Bottled Flame":43,"Shuriken":46,"Bird Faced Urn":116,"Unceasing Top":51,"Pocketwatch":116,"Darkstone Periapt":97,"Regal Pillow":80,"Lantern":96,"Torii":81,"Singing Bowl":145,"Melange":16,"Mango":25,"StoneCalendar":84,"Incense Burner":16,"Bag of Preparation":22,"Juzu Bracelet":105,"Cursed Key":38,"Frozen Eye":194,"Nunchaku":25,"Dream Catcher":39,"TheAbacus":222,"Mummified Hand":210,"Gambling Chip":22,"WingedGreaves":58,"Red Mask":31,"InkBottle":90,"Golden Idol":24,"PreservedInsect":53,"betterThird:NestCultRelic":161,"Omamori":80,"Frozen Egg 2":12,"Orichalcum":21,"Odd Mushroom":26,"GoldenEye":84,"White Beast Statue":5,"Mercury Hourglass":51,"Peace Pipe":44,"Strange Spoon":45,"Cauldron":116,"Anchor":141,"CaptainsWheel":148,"Busted Crown":220,"Ornamental Fan":102,"Orrery":56,"HolyWater":75,"Turnip":104,"Bag of Marbles":111,"Coffee Dripper":185,"PureWater":0,"FossilizedHelix":64,"TungstenRod":111,"Toy Ornithopter":197},{"Ice Cream":221,"Tiny House":95,"Gremlin Horn":591,"CeramicFish":559,"Vajra":253,"Ginger":133,"Bottled Tornado":162,"Boot":290,"Sling":332,"Sozu":180,"Blood Vial":274,"Lizard Tail":274,"HornCleat":241,"Sundial":35,"DollysMirror":333,"MealTicket":231,"Prayer Wheel":344,"VioletLotus":384,"HandDrill":74,"Kunai":391,"Toxic Egg 2":355,"Girya":253,"Pear":43,"Happy Flower":194,"Astrolabe":28,"Dead Branch":74,"Blue Candle":237,"Pen Nib":74,"Letter Opener":465,"War Paint":344,"Question Card":323,"Bottled Flame":128,"Shuriken":141,"Bird Faced Urn":344,"Unceasing Top":162,"Pocketwatch":344,"Darkstone Periapt":306,"Regal Pillow":263,"Lantern":305,"Torii":265,"Singing Bowl":405,"Melange":52,"Mango":80,"StoneCalendar":274,"Incense Burner":52,"Bag of Preparation":74,"Juzu Bracelet":319,"Cursed Key":117,"Frozen Eye":564,"Nunchaku":80,"Dream Catcher":120,"TheAbacus":635,"Mummified Hand":608,"Gambling Chip":74,"WingedGreaves":194,"Red Mask":99,"InkBottle":292,"Golden Idol":77,"PreservedInsect":171,"betterThird:NestCultRelic":464,"Omamori":263,"Frozen Egg 2":39,"Orichalcum":73,"Odd Mushroom":82,"GoldenEye":274,"White Beast Statue":15,"Mercury Hourglass":162,"Peace Pipe":131,"Strange Spoon":133,"Cauldron":344,"Anchor":397,"CaptainsWheel":425,"Busted Crown":631,"Ornamental Fan":312,"Orrery":185,"HolyWater":249,"Turnip":316,"Bag of Marbles":332,"Coffee Dripper":547,"PureWater":0,"FossilizedHelix":213,"TungstenRod":332,"Toy Ornithopter":572}],"Mercury Hourglass":[88]},"card_choices":[{"not_picked":["Prostrate","ClearTheMind"],"picked":"Adaptation","floor":1},{"not_picked":["Halt","Conclude"],"picked":"Crescendo","floor":5},{"not_picked":["Indignation","Weave"],"picked":"FlurryOfBlows","floor":7},{"not_picked":["SignatureMove","BowlingBash","Protect"],"picked":"SKIP","floor":11},{"not_picked":["Evaluate","Vengeance","FlyingSleeves+1"],"picked":"SKIP","floor":18},{"not_picked":["JustLucky","PathToVictory","SignatureMove"],"picked":"SKIP","floor":20},{"not_picked":["Halt","CarveReality","Consecrate"],"picked":"SKIP","floor":21},{"not_picked":["Consecrate","InnerPeace+1"],"picked":"ClearTheMind","floor":23},{"not_picked":["ThirdEye","Perseverance","FollowUp+1"],"picked":"SKIP","floor":27},{"not_picked":["SashWhip","Wallop","SpiritShield"],"picked":"SKIP","floor":29},{"not_picked":["TalkToTheHand+1","Consecrate","ThirdEye+1"],"picked":"SKIP","floor":31},{"not_picked":["EmptyFist+1"],"picked":"SKIP","floor":35},{"not_picked":["SignatureMove"],"picked":"SKIP","floor":37},{"not_picked":["FollowUp+1"],"picked":"SKIP","floor":41}],"player_experience":314186,"relics_obtained":[{"floor":7,"key":"Mummified Hand"},{"floor":9,"key":"Nunchaku"},{"floor":23,"key":"Sundial"},{"floor":26,"key":"Frozen Egg 2"},{"floor":27,"key":"Mercury Hourglass"}],"event_choices":[{"damage_healed":42,"gold_gain":0,"player_choice":"Leave","damage_taken":0,"max_hp_gain":0,"max_hp_loss":72,"event_name":"betterThird:BetterShining","floor":3,"gold_loss":0},{"damage_healed":0,"gold_gain":0,"cards_transformed":["Defend_P"],"player_choice":"Transformed","damage_taken":0,"max_hp_gain":0,"max_hp_loss":0,"event_name":"Transmorgrifier","floor":4,"gold_loss":0,"cards_obtained":["Ragnarok"]},{"damage_healed":0,"gold_gain":0,"player_choice":"LEAVE","damage_taken":0,"max_hp_gain":0,"max_hp_loss":0,"event_name":"betterThird:BetterScrap","floor":12,"gold_loss":0,"cards_obtained":["Distraction"]},{"damage_healed":0,"gold_gain":0,"player_choice":"Materialism","damage_taken":0,"max_hp_gain":0,"max_hp_loss":1,"event_name":"betterThird:BetterWriting","floor":22,"gold_loss":0},{"damage_healed":0,"gold_gain":100,"player_choice":"Pray","damage_taken":0,"max_hp_gain":0,"max_hp_loss":0,"event_name":"Golden Shrine","floor":28,"gold_loss":0},{"damage_healed":0,"gold_gain":0,"player_choice":"Max HP","damage_taken":0,"max_hp_gain":0,"max_hp_loss":4,"event_name":"Winding Halls","floor":36,"gold_loss":0},{"damage_healed":0,"gold_gain":3,"player_choice":"1","damage_taken":0,"max_hp_gain":0,"max_hp_loss":0,"event_name":"betterStone:BetterStone","floor":39,"gold_loss":0}],"is_beta":false,"boss_relics":[{"not_picked":["Philosopher\u0027s Stone","Velvet Choker"],"picked":"Astrolabe"},{"not_picked":["Calling Bell","SacredBark"],"picked":"Busted Crown"}],"items_purged_floors":[0,2,19],"is_endless":false,"potions_floor_spawned":[16,20,27,29,33,35],"killed_by":"Reptomancer","ascension_level":5}}