{"host":"vyjryxuuuxkt43k4","time":1610825427,"event":{"mods":["AchievementEnabler","BaseMod","Colored Map","DeckTracker","Minty Spire (QoL Compilation)","Permanent Neow","Quick Restart","StSLib","SuperFastMode","everything is the same but u backflip on backflip"],"gold_per_floor":[113,132,144,144,159,193,193,193,247,247,280,280,305,318,318,318,318],"floor_reached":16,"language":"KOR","playtime":580,"items_purged":[],"score":168,"play_id":"83a927b7-f768-4b3e-bf39-dcc1f732cbae","local_time":"20210117043027","is_ascension_mode":true,"campfire_choices":[{"data":"Barricade","floor":7.0,"key":"SMITH"},{"floor":12,"key":"REST"},{"floor":15,"key":"REST"}],"circlet_count":0,"master_deck":["Strike_R","Strike_R","Strike_R","Strike_R","Defend_R","Defend_R+1","Defend_R","Defend_R+1","Bash","Twin Strike","Clothesline","Iron Wave","Barricade+1","Thunderclap","Battle Trance","Shrug It Off"],"relics":["Burning Blood","Ginger","Paper Frog","Bronze Scales","War Paint","Frozen Egg 2"],"acts_visited":["Exordium"],"potions_floor_usage":[11,14],"damage_taken":[{"damage":14.0,"enemies":"Jaw Worm","floor":1.0,"turns":6.0},{"damage":0.0,"enemies":"2 Louse","floor":2.0,"turns":2.0},{"damage":0.0,"enemies":"Cultist","floor":3.0,"turns":4.0},{"damage":4.0,"enemies":"2 Fungi Beasts","floor":5.0,"turns":5.0},{"damage":45.0,"enemies":"Gremlin Nob","floor":6.0,"turns":6.0},{"damage":37,"enemies":"3 Sentries","floor":11,"turns":8},{"damage":9,"enemies":"Lagavulin","floor":13,"turns":11},{"damage":18,"enemies":"Lots of Slimes","floor":14,"turns":4},{"damage":51,"enemies":"Slime Boss","floor":16,"turns":8}],"seed_played":"-851248085575885333","potions_obtained":[{"floor":3.0,"key":"BloodPotion"},{"floor":5.0,"key":"GamblersBrew"},{"floor":11,"key":"ElixirPotion"},{"floor":13,"key":"Strength Potion"}],"is_trial":false,"path_per_floor":["M","M","M","?","M","E","R","?","T","T","E","R","E","M","R","B"],"character_chosen":"IRONCLAD","items_purchased":[],"campfire_rested":2,"item_purchase_floors":[],"current_hp_per_floor":[64,70,72,65,67,28,28,33,33,33,17,40,37,25,48,0,0],"gold":318,"neow_bonus":"ONE_RARE_RELIC","is_daily":false,"chose_seed":false,"campfire_upgraded":1,"win_rate":0.0,"timestamp":1610825427,"path_taken":["M","M","M","?","M","E","R","?","T","?","E","R","E","M","R","BOSS"],"items_purchased_type":[],"build_version":"2020-12-22","purchased_purges":0,"victory":false,"max_hp_per_floor":[72,72,72,72,72,72,72,77,77,77,77,77,77,77,77,77,77],"card_choices":[{"not_picked":["Anger","Cleave"],"picked":"Twin Strike","floor":1.0},{"not_picked":["Sword Boomerang","Thunderclap"],"picked":"Clothesline","floor":2.0},{"not_picked":["Heavy Blade","Intimidate"],"picked":"Iron Wave","floor":3.0},{"not_picked":["Thunderclap","Infernal Blade"],"picked":"Barricade","floor":5.0},{"not_picked":["Pommel Strike","Sword Boomerang"],"picked":"Thunderclap","floor":6.0},{"not_picked":["Clash","Anger","Thunderclap"],"picked":"SKIP","floor":11},{"not_picked":["Heavy Blade","Dual Wield"],"picked":"Battle Trance","floor":13},{"not_picked":["Perfected Strike","Armaments"],"picked":"Shrug It Off","floor":14}],"player_experience":386085,"relics_obtained":[{"floor":6.0,"key":"Paper Frog"},{"floor":10.0,"key":"Bronze Scales"},{"floor":11,"key":"War Paint"},{"floor":13,"key":"Frozen Egg 2"}],"event_choices":[{"cards_removed":["Strike_R"],"damage_healed":0.0,"max_hp_gain":0.0,"max_hp_loss":0.0,"gold_gain":0.0,"event_name":"Golden Wing","player_choice":"Card Removal","floor":4.0,"gold_loss":0.0,"damage_taken":7.0},{"damage_healed":0.0,"max_hp_gain":5.0,"max_hp_loss":0.0,"gold_gain":0.0,"event_name":"Big Fish","player_choice":"Donut","floor":8.0,"gold_loss":0.0,"damage_taken":0.0}],"is_beta":false,"boss_relics":[],"items_purged_floors":[],"is_endless":false,"potions_floor_spawned":[3,5,11,13],"killed_by":"Slime Boss","ascension_level":8}}