{"host":"yfrzjlps46tkbs82","time":1610801444,"event":{"mods":["Aspiration","BaseMod","BetterRewards","Dota2Spire","Hubris","Lobotomy","Marisa£®ÏF”Í°°ƒß¿Ì…≥£©","Minty Spire (QoL Compilation)","MostiFishMod","Replay The Spire","StSLib","SuperFastMode","TestMod","[IsaacMod]“‘»ˆº‚À˛"],"gold_per_floor":[99,75,75,93,103,135,135,148,148,174,193,193,268,287,287,392,392,392,392],"floor_reached":18,"language":"ZHS","playtime":306,"items_purged":[],"score":215,"play_id":"67c3df05-6ad9-4eaa-95d4-c64649098599","local_time":"20210116205044","is_ascension_mode":true,"campfire_choices":[{"data":"MachineGunSpark","floor":7,"key":"SMITH"},{"data":"GalacticHalo","floor":15,"key":"SMITH"}],"circlet_count":0,"master_deck":["Strike_MRS","Defend_MRS","Defend_MRS","Defend_MRS","Defend_MRS","MasterSpark","UpSweep","GrandCross","GalacticHalo+1","MachineGunSpark+1","Riddle With Holes","Skewer","Eviscerate","MagicAbsorber"],"relics":["MiniHakkero","DaveBox","testmod-TestBox","HushsDoor","ShadowXiaoBlade","SteamSale","testmod-CyclicPeriapt","NeowsBlessing","Mercury Hourglass","hubris:TinFlute","Damocles","Smiling Mask","Boot","xbg"],"acts_visited":["Exordium","TheCity"],"potions_floor_usage":[],"damage_taken":[{"damage":0.0,"enemies":"Jaw Worm","floor":1.0,"turns":1.0},{"damage":0,"enemies":"Small Slimes","floor":4,"turns":1},{"damage":0,"enemies":"Cultist","floor":5,"turns":1},{"damage":11,"enemies":"Replay:BlueRogue","floor":6,"turns":3},{"damage":15,"enemies":"Exordium Wildlife","floor":8,"turns":2},{"damage":8,"enemies":"Lagavulin","floor":10,"turns":3},{"damage":6,"enemies":"Looter","floor":11,"turns":2},{"damage":0,"enemies":"Blue Slaver","floor":14,"turns":2},{"damage":14,"enemies":"The Guardian","floor":16,"turns":4},{"damage":2,"enemies":"Shell Parasite","floor":18,"turns":1}],"seed_played":"5812769344065443029","potions_obtained":[{"floor":10,"key":"testmod-EscapePotion"}],"is_trial":false,"path_per_floor":["M","$","?","M","M","E","R","M","T","E","M","?","?","M","R","B",null,"M"],"character_chosen":"MARISA","items_purchased":["GalacticHalo"],"campfire_rested":0,"item_purchase_floors":[2],"current_hp_per_floor":[75,75,80,80,80,69,69,54,54,46,40,40,29,29,29,15,64,0,0],"gold":392,"neow_bonus":"THREE_ENEMY_KILL","is_daily":false,"chose_seed":false,"campfire_upgraded":2,"win_rate":0.0,"timestamp":1610801444,"path_taken":["M","$","?","M","M","E","R","M","T","E","?","?","?","?","R","BOSS","M"],"items_purchased_type":["Card"],"build_version":"2020-12-22","purchased_purges":0,"victory":false,"max_hp_per_floor":[75,75,80,80,80,80,80,80,80,80,80,80,80,80,80,80,80,80,80],"card_choices":[{"not_picked":["GravityBeat","LuminesStrike"],"picked":"GrandCross","floor":1},{"not_picked":["GrandCross","SporeBomb","WitchLeyline"],"picked":"SKIP","floor":4},{"not_picked":["SuperPerseids","ChargeUpSpray"],"picked":"MachineGunSpark","floor":5},{"not_picked":["MillisecondPulsars","MilkyWay","OneTimeOff"],"picked":"SKIP","floor":6},{"not_picked":["LuminesStrike","DoubleSpark","ShootTheMoon"],"picked":"SKIP","floor":8},{"not_picked":["SporeBomb","ShootingEcho","GasGiant"],"picked":"SKIP","floor":10},{"not_picked":["SporeBomb","WitchLeyline","FinalSpark"],"picked":"SKIP","floor":11},{"not_picked":["DC","GravityBeat"],"picked":"MagicAbsorber","floor":14}],"player_experience":241950,"relics_obtained":[{"floor":6,"key":"Mercury Hourglass"},{"floor":9,"key":"hubris:TinFlute"},{"floor":10,"key":"Damocles"},{"floor":11,"key":"Smiling Mask"},{"floor":14,"key":"Boot"}],"event_choices":[{"damage_healed":0,"gold_gain":0,"player_choice":"Donut","damage_taken":0,"max_hp_gain":5,"max_hp_loss":0,"event_name":"Big Fish","floor":3,"gold_loss":0},{"damage_healed":0,"gold_gain":75,"player_choice":"Gather Gold","damage_taken":11,"max_hp_gain":0,"max_hp_loss":0,"event_name":"World of Goop","floor":13,"gold_loss":0}],"is_beta":false,"boss_relics":[{"not_picked":["Astrolabe","ChampionBelt"],"picked":"xbg"},{"not_picked":[]}],"items_purged_floors":[],"is_endless":false,"potions_floor_spawned":[1,10],"killed_by":"Shell Parasite","ascension_level":5}}