{"host":"41vgbr386mrj4p17","time":1610780331,"event":{"mods":["AchievementEnabler","AlwaysNeverKeys","BaseMod","Bestiary","Better Altar","Better Match","Better Note","Better Sensory Stone","Better Skull","Better Third Choice","Colored Map","Curses Come First","Downfall","Googly Eyes","Hermit","Highlight Path","Minty Spire (QoL Compilation)","Shade Mod","StSLib","The Cursed"],"gold_per_floor":[112,37,37,52,67,67,101,101,101,144,94,122,148,48,48,154,154,165,151,185,185,185,185,194,194,221,267,279,22,22,47,47,154,154,168,118,118,105,105,131,131,145,170,197,197,224,263,274,274,274,274,274,48,82,82],"floor_reached":56,"language":"ENG","playtime":3347,"items_purged":["Shade:Strike_Shade","Shade:Strike_Shade","Shade:Strike_Shade"],"score":1730,"play_id":"e9134c6c-d6f5-4538-9514-24d4ac2f22b4","local_time":"20210116015851","is_ascension_mode":true,"campfire_choices":[{"data":"Shade:SpontaneousRitual","floor":6,"key":"SMITH"},{"data":"Shade:AnimateDead","floor":8,"key":"SMITH"},{"floor":15,"key":"REST"},{"floor":23,"key":"REST"},{"data":"Shade:AuraOfUnlife","floor":25,"key":"SMITH"},{"data":"Shade:SensePrey","floor":28,"key":"SMITH"},{"floor":30,"key":"REST"},{"data":"Shade:Carnophage","floor":32,"key":"SMITH"},{"data":"Shade:Putrefaction","floor":41,"key":"SMITH"},{"data":"Shade:FreshBones","floor":45,"key":"SMITH"},{"data":"Shade:ExtraLimbs","floor":49,"key":"SMITH"},{"data":"Shade:FuneraryJewels","floor":52,"key":"SMITH"}],"circlet_count":0,"master_deck":["Shade:Defend_Shade+1","Shade:Defend_Shade","Shade:AnimateDead+1","Shade:CarefulCut","Shade:SpontaneousRitual+1","Shade:FuneraryArmor","Shade:FuneraryJewels+1","Shade:FuneraryArmor","Shade:AuraOfUnlife+1","Shade:Putrefaction+1","Shade:FreshBones+1","Shade:FuneraryArmor+1","Writhe","Shade:SensePrey+1","Shade:Carnophage+1","Shade:UnbarTheGrave+1","Shade:ExtraLimbs+1","Shade:CallOfTheGrave+1","Shade:TouchOfTheGrave+1"],"relics":["Shade:YorickSkull","Bag of Preparation","CeramicFish","InkBottle","Tiny Chest","Question Card","Busted Crown","Red Mask","Turnip","Du-Vu Doll","MawBank","Bottled Lightning","HornCleat","Calipers","SlaversCollar","Torii","War Paint","Lantern","Oddly Smooth Stone","Strawberry","Bottled Flame"],"acts_visited":["Exordium","TheCity","TheBeyond","TheEnding"],"potions_floor_usage":[10,16,20,40,47,47,50,50,54,54,54,55],"damage_taken":[{"damage":0,"enemies":"2 Louse","floor":1,"turns":2},{"damage":0,"enemies":"Small Slimes","floor":4,"turns":2},{"damage":0,"enemies":"Cultist","floor":5,"turns":4},{"damage":20,"enemies":"Lagavulin","floor":7,"turns":5},{"damage":13,"enemies":"3 Sentries","floor":10,"turns":6},{"damage":4,"enemies":"Large Slime","floor":12,"turns":4},{"damage":10,"enemies":"Gremlin Nob","floor":13,"turns":4},{"damage":0,"enemies":"Hexaghost","floor":16,"turns":8},{"damage":2,"enemies":"Shell Parasite","floor":18,"turns":6},{"damage":39,"enemies":"Masked Bandits","floor":20,"turns":4},{"damage":22,"enemies":"Book of Stabbing","floor":27,"turns":6},{"damage":0,"enemies":"Gremlin Leader","floor":31,"turns":5},{"damage":64,"enemies":"Automaton","floor":33,"turns":9},{"damage":4,"enemies":"3 Darklings","floor":35,"turns":5},{"damage":17,"enemies":"Giant Head","floor":40,"turns":7},{"damage":0,"enemies":"3 Shapes","floor":42,"turns":5},{"damage":0,"enemies":"3 Darklings","floor":46,"turns":4},{"damage":0,"enemies":"Nemesis","floor":47,"turns":6},{"damage":0,"enemies":"Maw","floor":48,"turns":6},{"damage":0,"enemies":"Time Eater","floor":50,"turns":7},{"damage":13,"enemies":"Shield and Spear","floor":54,"turns":4},{"damage":42,"enemies":"The Heart","floor":55,"turns":8}],"seed_played":"3577371244809638644","potions_obtained":[{"floor":4,"key":"FairyPotion"},{"floor":7,"key":"Explosive Potion"},{"floor":12,"key":"Energy Potion"},{"floor":13,"key":"SteroidPotion"},{"floor":31,"key":"Guardian:BlockOnCardUsePotion"},{"floor":33,"key":"Fire Potion"},{"floor":47,"key":"Strength Potion"},{"floor":48,"key":"SteroidPotion"}],"is_trial":false,"path_per_floor":["M","$","?","M","M","R","E","R","T","E","?","M","E","$","R","B",null,"M","$","?","?","T","R","?","R","T","E","R","$","R","E","R","B",null,"M","$","?","$","T","E","R","M","T","T","R","M","E","M","R","B",null,"R","$","E","B",null],"character_chosen":"SHADE","items_purchased":["Shade:FreshBones","Shade:Carnophage","HornCleat","PowerPotion","Shade:ExtraLimbs","EntropicBrew"],"campfire_rested":3,"item_purchase_floors":[19,29,29,36,38,53],"current_hp_per_floor":[59,59,56,56,56,56,36,36,36,23,23,19,9,9,28,28,56,54,54,15,15,15,34,34,34,34,12,12,12,31,31,31,3,50,46,46,46,46,46,29,29,29,29,29,29,29,43,43,43,43,65,65,65,52,10],"gold":82,"neow_bonus":"REMOVE_CARD","is_daily":false,"chose_seed":false,"campfire_upgraded":9,"win_rate":0.0,"timestamp":1610780331,"path_taken":["M","$","?","M","M","R","E","R","T","E","?","M","E","$","R","BOSS","M","$","?","?","?","R","?","R","T","E","R","$","R","E","R","BOSS","M","$","?","$","?","E","R","M","T","?","R","?","E","M","R","BOSS","R","$","E","BOSS"],"items_purchased_type":["Card","Card","Relic","Potion","Card","Potion"],"build_version":"2020-12-22","purchased_purges":3,"victory":true,"max_hp_per_floor":[65,65,65,65,65,65,65,65,65,65,65,65,65,65,65,65,65,65,65,65,65,65,65,65,65,65,65,65,65,65,65,65,65,65,65,65,65,65,65,65,65,65,65,65,65,65,72,72,72,72,72,72,72,72,72],"card_choices":[{"not_picked":["Shade:Brains","Shade:SpectralStrikes","Shade:WallOfFlesh"],"picked":"SKIP","floor":1},{"not_picked":["Shade:Bonestorm","Shade:GoDigging"],"picked":"Shade:SpontaneousRitual","floor":4},{"not_picked":["Shade:GreyBargain","Shade:ClawBack"],"picked":"Shade:FuneraryArmor","floor":5},{"not_picked":["Shade:Trample","Shade:AncientSpear"],"picked":"Shade:FuneraryJewels","floor":7},{"not_picked":["Shade:CallOfTheGrave","Shade:RavenousHorde"],"picked":"Shade:FuneraryArmor","floor":10},{"not_picked":["Shade:CoffinDance","Shade:CloudOfShrapnel"],"picked":"Shade:AuraOfUnlife","floor":12},{"not_picked":["Shade:CommandSoldier","Shade:Premonition","Shade:GraveStillness"],"picked":"SKIP","floor":13},{"not_picked":["Shade:SelfBurial","Shade:LastGasp","Shade:Tombstone"],"picked":"Shade:Putrefaction","floor":16},{"not_picked":["Shade:SkeletonHug","Shade:Premonition"],"picked":"SKIP","floor":18},{"not_picked":["Shade:CoffinDance"],"picked":"Shade:FuneraryArmor+1","floor":20},{"not_picked":["Shade:DangerousRitual"],"picked":"Shade:SensePrey","floor":27},{"not_picked":["Shade:PotionOfRestlessness+1","Shade:AblativeArmor"],"picked":"SKIP","floor":31},{"not_picked":["Shade:LastGasp"],"picked":"Shade:UnbarTheGrave","floor":33},{"not_picked":["Shade:Doomsay","Shade:Premonition+1"],"picked":"SKIP","floor":35},{"not_picked":["Shade:Patience+1","Shade:SanguineRitual"],"picked":"SKIP","floor":40},{"not_picked":["Shade:Premonition","Shade:ClawBack"],"picked":"SKIP","floor":42},{"not_picked":["Shade:CloudOfShrapnel+1"],"picked":"Shade:CallOfTheGrave+1","floor":46},{"not_picked":["Shade:FleshToFlesh+1"],"picked":"Shade:TouchOfTheGrave+1","floor":47},{"not_picked":["Shade:FeralStrike","Shade:FingerOfDeath+1"],"picked":"SKIP","floor":48},{"not_picked":["Shade:StitchTogether","Shade:FeralStrike+1"],"picked":"SKIP","floor":54}],"player_experience":1039578,"relics_obtained":[{"floor":7,"key":"CeramicFish"},{"floor":9,"key":"InkBottle"},{"floor":10,"key":"Tiny Chest"},{"floor":13,"key":"Question Card"},{"floor":20,"key":"Red Mask"},{"floor":22,"key":"Turnip"},{"floor":26,"key":"MawBank"},{"floor":27,"key":"Bottled Lightning"},{"floor":31,"key":"Calipers"},{"floor":39,"key":"Torii"},{"floor":40,"key":"War Paint"},{"floor":43,"key":"Lantern"},{"floor":44,"key":"Oddly Smooth Stone"},{"floor":47,"key":"Strawberry"},{"floor":54,"key":"Bottled Flame"}],"event_choices":[{"damage_healed":0,"gold_gain":0,"player_choice":"Relic ","damage_taken":3,"max_hp_gain":0,"max_hp_loss":0,"event_name":"betterThird:BetterScrap","floor":3,"gold_loss":0,"cards_obtained":["Infernal Blade"]},{"cards_removed":["Shade:Defend_Shade"],"damage_healed":0,"gold_gain":0,"player_choice":"Card Removal","damage_taken":0,"max_hp_gain":0,"max_hp_loss":0,"event_name":"The Cleric","floor":11,"gold_loss":50},{"damage_healed":0,"gold_gain":0,"player_choice":"Fought Bandits","damage_taken":0,"max_hp_gain":0,"max_hp_loss":0,"event_name":"Masked Bandits","floor":20,"gold_loss":0},{"damage_healed":0,"gold_gain":0,"player_choice":"Opened","damage_taken":0,"relics_obtained":["Du-Vu Doll"],"max_hp_gain":0,"max_hp_loss":0,"event_name":"The Mausoleum","floor":24,"gold_loss":0,"cards_obtained":["Writhe"]},{"cards_removed":["Shade:Strike_Shade"],"damage_healed":0,"gold_gain":0,"player_choice":"Purged","damage_taken":0,"max_hp_gain":0,"max_hp_loss":0,"event_name":"Purifier","floor":37,"gold_loss":0}],"is_beta":false,"boss_relics":[{"not_picked":["Calling Bell","Runic Dome"],"picked":"Busted Crown"},{"not_picked":["Fusion Hammer","Snecko Eye"],"picked":"SlaversCollar"}],"items_purged_floors":[2,14,53],"is_endless":false,"potions_floor_spawned":[4,7,12,13,31,33,47,48],"ascension_level":7}}