{"host":"6es90lqcwaoc0kgm","time":1610794587,"event":{"mods":["Act Like it!","Bard","BaseMod","Hallownest","HololiveMod","Jorbs\u0027s Wanderer Trilogy","Marisa£®ÏF”Í°°ƒß¿Ì…≥£©","Minty Spire (QoL Compilation)","Quick Restart","StSLib","The Administrix","The Animator","The Bug Knight","The Cursed","The Hierophant","The Runesmith","[GremlinLeader]The Maniac"],"gold_per_floor":[113,113,113,38,57,84,100,118,118,152,169,1,18,50,50,154,154,171,188,198,198,198,198],"floor_reached":22,"language":"ZHS","playtime":1707,"items_purged":["TheCursedMod:Strike_TheCursed","TheCursedMod:Defend_TheCursed"],"score":271,"play_id":"86e159ca-1dc8-48e4-bb7d-3e5d46fb3f11","local_time":"20210116185627","is_ascension_mode":true,"campfire_choices":[{"data":"TheCursedMod:ParallelWorld","floor":15.0,"key":"SMITH"}],"circlet_count":0,"master_deck":["TheCursedMod:Strike_TheCursed","TheCursedMod:Defend_TheCursed","TheCursedMod:Defend_TheCursed+1","TheCursedMod:Defend_TheCursed","TheCursedMod:CursedWand+1","TheCursedMod:CleanUpWorkshop","TheCursedMod:Dregs","TheCursedMod:SpitefulStrike","TheCursedMod:LuckyCharm","TheCursedMod:SpitefulPlan","TheCursedMod:TroublousMinions","TheCursedMod:CursedSpellbook","TheCursedMod:ParallelWorld+1","TheCursedMod:SmokeScreen","TheCursedMod:AbyssShockwave","TheCursedMod:SpitefulStrike","TheCursedMod:ParallelWorld","TheCursedMod:CollectTribute","TheCursedMod:BlessingInDisguise","TheCursedMod:Grudge+1","TheCursedMod:CursedAmulet","TheCursedMod:RapidMovement"],"relics":["TheCursedMod:BlackMagic101","NeowsBlessing","Happy Flower","Mercury Hourglass","Toy Ornithopter","Matryoshka","Sozu"],"acts_visited":["Exordium","TheCity"],"potions_floor_usage":[],"damage_taken":[{"damage":0.0,"enemies":"Jaw Worm","floor":1.0,"turns":1.0},{"damage":0.0,"enemies":"Small Slimes","floor":5.0,"turns":1.0},{"damage":0.0,"enemies":"Lagavulin","floor":6.0,"turns":1.0},{"damage":0.0,"enemies":"Cultist","floor":7.0,"turns":3.0},{"damage":0.0,"enemies":"Large Slime","floor":8.0,"turns":6.0},{"damage":0.0,"enemies":"Gremlin Nob","floor":10.0,"turns":4.0},{"damage":4.0,"enemies":"Gremlin Gang","floor":11.0,"turns":5.0},{"damage":0.0,"enemies":"Lots of Slimes","floor":13.0,"turns":1.0},{"damage":4.0,"enemies":"3 Sentries","floor":14.0,"turns":3.0},{"damage":15.0,"enemies":"Hexaghost","floor":16.0,"turns":12.0},{"damage":20.0,"enemies":"2 Thieves","floor":18.0,"turns":4.0},{"damage":27.0,"enemies":"Spheric Guardian","floor":19.0,"turns":4.0},{"damage":25.0,"enemies":"Snake Plant","floor":20.0,"turns":6.0},{"damage":0,"enemies":"3 Cultists","floor":22,"turns":1}],"seed_played":"-4013467127560459961","potions_obtained":[{"floor":7.0,"key":"Energy Potion"},{"floor":8.0,"key":"Ancient Potion"},{"floor":11.0,"key":"AttackPotion"},{"floor":13.0,"key":"Strength Potion"},{"floor":16.0,"key":"Ancient Potion"}],"is_trial":false,"path_per_floor":["M","?","?","$","M","E","M","M","T","E","M","$","M","E","R","B",null,"M","M","M","?","M"],"character_chosen":"THE_CURSED","items_purchased":["TheCursedMod:AbyssShockwave"],"campfire_rested":0,"item_purchase_floors":[12],"current_hp_per_floor":[75,68,53,53,53,53,53,53,53,53,49,49,49,50,50,35,75,55,28,3,3,3,3],"gold":198,"neow_bonus":"THREE_ENEMY_KILL","is_daily":false,"chose_seed":false,"campfire_upgraded":1,"win_rate":0.0,"timestamp":1610794587,"path_taken":["M","?","?","?","M","E","M","M","T","E","M","$","M","E","R","BOSS","M","M","M","?","M"],"items_purchased_type":["Card"],"build_version":"2020-12-22","purchased_purges":2,"victory":false,"max_hp_per_floor":[75,75,75,75,75,75,75,75,75,75,75,75,75,75,75,75,75,75,75,75,75,75,75],"card_choices":[{"not_picked":["TheCursedMod:Stigma","TheCursedMod:TacticalStrike"],"picked":"TheCursedMod:SpitefulStrike","floor":1.0},{"not_picked":["TheCursedMod:Torture","TheCursedMod:Mangle"],"picked":"TheCursedMod:LuckyCharm","floor":5.0},{"not_picked":["TheCursedMod:CircleOfWindfury","TheCursedMod:SaltUponWound"],"picked":"TheCursedMod:SpitefulPlan","floor":6.0},{"not_picked":["TheCursedMod:RapidMovement","TheCursedMod:RavingStaff"],"picked":"TheCursedMod:TroublousMinions","floor":7.0},{"not_picked":["TheCursedMod:StingEye","TheCursedMod:CursedBlade"],"picked":"TheCursedMod:CursedSpellbook","floor":8.0},{"not_picked":["TheCursedMod:VitalStrike","TheCursedMod:CursedBlade"],"picked":"TheCursedMod:ParallelWorld","floor":10.0},{"not_picked":["TheCursedMod:RapidMovement","TheCursedMod:SurpriseAttack"],"picked":"TheCursedMod:SmokeScreen","floor":11.0},{"not_picked":["TheCursedMod:SoulReap","TheCursedMod:CursedBlade"],"picked":"TheCursedMod:SpitefulStrike","floor":13.0},{"not_picked":["TheCursedMod:StingEye","TheCursedMod:SpitefulPlan"],"picked":"TheCursedMod:ParallelWorld","floor":14.0},{"not_picked":["TheCursedMod:NeowsMight","TheCursedMod:ParallelWorld"],"picked":"TheCursedMod:CollectTribute","floor":16.0},{"not_picked":["TheCursedMod:Mangle+1","TheCursedMod:CircleOfAmplification","TheCursedMod:Stretching"],"picked":"SKIP","floor":18.0},{"not_picked":["TheCursedMod:CursedBlade","TheCursedMod:CursedShiv"],"picked":"TheCursedMod:BlessingInDisguise","floor":19.0},{"not_picked":["TheCursedMod:CursedMace+1","TheCursedMod:CursedStaff"],"picked":"TheCursedMod:Grudge+1","floor":20.0}],"player_experience":692522,"relics_obtained":[{"floor":6.0,"key":"Mercury Hourglass"},{"floor":10.0,"key":"Toy Ornithopter"},{"floor":14.0,"key":"Matryoshka"}],"event_choices":[{"damage_healed":0.0,"max_hp_gain":0.0,"max_hp_loss":0.0,"gold_gain":0.0,"event_name":"Scrap Ooze","player_choice":"Success","floor":2.0,"gold_loss":0.0,"damage_taken":7.0,"relics_obtained":["Happy Flower"]},{"damage_healed":0.0,"max_hp_gain":0.0,"max_hp_loss":0.0,"gold_gain":0.0,"event_name":"Shining Light","player_choice":"Entered Light","floor":3.0,"gold_loss":0.0,"damage_taken":15.0,"cards_upgraded":["TheCursedMod:CursedWand","TheCursedMod:Defend_TheCursed"]},{"damage_healed":0,"gold_gain":0,"cards_transformed":["TheCursedMod:Strike_TheCursed","TheCursedMod:Strike_TheCursed"],"player_choice":"Became Test Subject","damage_taken":0,"max_hp_gain":0,"max_hp_loss":0,"event_name":"Drug Dealer","floor":21,"gold_loss":0,"cards_obtained":["TheCursedMod:CursedAmulet","TheCursedMod:RapidMovement"]}],"is_beta":false,"boss_relics":[{"not_picked":["Philosopher\u0027s Stone","Runic Dome"],"picked":"Sozu"}],"items_purged_floors":[4,12],"is_endless":false,"potions_floor_spawned":[7,8,11,13,16,19],"killed_by":"3 Cultists","ascension_level":1}}