{"host":"k2mw1od0xoi9pcfj","time":1610835913,"event":{"mods":["Act Like it!","Aspiration","BaseMod","Downfall","Energized Spire","Highlight Path","Minty Spire (QoL Compilation)","Relic Stats","Retaliation","StSLib","TheHeartMod"],"gold_per_floor":[99,113,132,196,196,196,221,68,68,84,109,129,152,152,166,261,261,61,71,103,103,114,132,132,132,145,161,161,61,125,141,154,256,256,256,306,306,319,319,349,373,425,436,453,453,486,269,286,302,302,302,331,39,39,39,39],"floor_reached":57,"language":"ENG","playtime":5795,"items_purged":[],"score":1314,"play_id":"04cedab5-fb11-4154-ab21-1413584c8c8c","local_time":"20210116162513","is_ascension_mode":false,"campfire_choices":[{"data":"champ:Taunt","floor":1,"key":"SMITH"},{"floor":6,"key":"RECALL"},{"data":"champ:HoldFirm","floor":9,"key":"SMITH"},{"data":"champ:GladiatorForm","floor":18,"key":"SMITH"},{"data":"champ:StanceDance","floor":29,"key":"SMITH"},{"data":"champ:StrikeOfGenius","floor":35,"key":"SMITH"},{"floor":45,"key":"DIG"},{"floor":54,"key":"REST"}],"circlet_count":0,"master_deck":["champ:Strike","champ:Strike","champ:Strike","champ:Defend","champ:Defend","champ:Defend","champ:Defend","champ:Execute","champ:Taunt+1","champ:FlashCut+1","champ:StanceDance+1","champ:Duel","champ:PreciseThrust","champ:HoldFirm+1","champ:Duel","champ:AdrenalArmor","champ:AdrenalArmor","champ:GladiatorForm+1","champ:CrownThrow+1","champ:Shatter+1","champ:DeathBlow","champ:CrownThrow+1","champ:StrikeOfGenius+1","Flying Knee","Envenom","champ:ShieldWall+1","Footwork","Accuracy+1","champ:GladiatorForm","Infinite Blades"],"relics":["champ:ChampionCrown","Regal Pillow","aspiration:ChemicalBlood","Orichalcum","downfall:ShatteredFragment","aspiration:PoetsPen_weak","downfall:HeartBlessingRed","downfall:HeartBlessingGreen","Red Mask","Singing Bowl","downfall:HeartBlessingBlue","aspiration:HummingbirdHeart","aspiration:SilentSkillbook","Shovel","aspiration:FrozenJewel","Torii","Dream Catcher","Lantern","aspiration:SeaSaltIceCream","aspiration:Nostalgia","Guardian:ModeShifter","Kunai","Whetstone","Anchor","Shuriken"],"acts_visited":["Exordium","TheCity","TheBeyond","TheEnding"],"potions_floor_usage":[4,16,20,26,27,30,36,38,46,48,50,55,55,55,56,56],"damage_taken":[{"damage":10,"enemies":"Jaw Worm","floor":2,"turns":4},{"damage":1,"enemies":"Cultist","floor":3,"turns":4},{"damage":50,"enemies":"Lagavulin Event","floor":4,"turns":6},{"damage":10,"enemies":"downfall:FleeingMerchant","floor":8,"turns":4},{"damage":0,"enemies":"2 Louse","floor":10,"turns":2},{"damage":26,"enemies":"Gremlin Nob","floor":11,"turns":5},{"damage":5,"enemies":"Large Slime","floor":12,"turns":4},{"damage":6,"enemies":"Exordium Wildlife","floor":15,"turns":4},{"damage":17,"enemies":"SI_SHIV_ARCHETYPE","floor":16,"turns":9},{"damage":10,"enemies":"Chosen","floor":19,"turns":3},{"damage":10,"enemies":"Masked Bandits","floor":20,"turns":3},{"damage":10,"enemies":"Snecko","floor":22,"turns":3},{"damage":0,"enemies":"3 Cultists","floor":23,"turns":4},{"damage":22,"enemies":"Centurion and Healer","floor":26,"turns":5},{"damage":1,"enemies":"Snake Plant","floor":27,"turns":3},{"damage":50,"enemies":"downfall:FleeingMerchant","floor":30,"turns":4},{"damage":11,"enemies":"Snecko","floor":31,"turns":3},{"damage":10,"enemies":"Centurion and Healer","floor":32,"turns":3},{"damage":47,"enemies":"DF_ARCHETYPE_CLAW","floor":33,"turns":7},{"damage":30,"enemies":"DF_ARCHETYPE_CLAW","floor":36,"turns":3},{"damage":10,"enemies":"3 Shapes","floor":38,"turns":2},{"damage":25,"enemies":"Nemesis","floor":40,"turns":5},{"damage":10,"enemies":"3 Darklings","floor":43,"turns":4},{"damage":20,"enemies":"Spire Growth","floor":44,"turns":3},{"damage":40,"enemies":"Giant Head","floor":46,"turns":4},{"damage":10,"enemies":"Jaw Worm Horde","floor":48,"turns":3},{"damage":1,"enemies":"Transient","floor":49,"turns":5},{"damage":133,"enemies":"IC_BLOCK_ARCHETYPE","floor":50,"turns":9},{"damage":87,"enemies":"downfall:CharBossMerchant","floor":52,"turns":9},{"damage":127,"enemies":"downfall:NeowBoss","floor":55,"turns":10},{"damage":49,"enemies":"downfall:NeowBossFinal","floor":56,"turns":8}],"seed_played":"-4374715155250841294","potions_obtained":[{"floor":2,"key":"ColorlessPotion"},{"floor":11,"key":"AttackPotion"},{"floor":12,"key":"ColorlessPotion"},{"floor":20,"key":"Explosive Potion"},{"floor":23,"key":"DDmod:CleansePotion"},{"floor":26,"key":"BlessingOfTheForge"},{"floor":27,"key":"FairyPotion"},{"floor":30,"key":"DistilledChaos"},{"floor":33,"key":"DDmod:CleansePotion"},{"floor":36,"key":"SkillPotion"},{"floor":36,"key":"champ:UltimateStancePotion"},{"floor":46,"key":"PowerPotion"},{"floor":46,"key":"Fire Potion"},{"floor":50,"key":"DuplicationPotion"},{"floor":50,"key":"Guardian:BlockOnCardUsePotion"},{"floor":50,"key":"SkillPotion"},{"floor":55,"key":"CultistPotion"}],"is_trial":false,"path_per_floor":["R","M","M","?","?","R","T","$","R","M","E","M","T","?","M","B",null,"R","M","?","?","M","M","T","?","M","M","?","R","$","M","M","B",null,"R","?","?","M","?","E","T","T","M","M","R","E","$","M","M","B",null,"E","$","R","B","B",null],"character_chosen":"THE_CHAMP","items_purchased":["champ:HoldFirm","aspiration:HummingbirdHeart","Whetstone","Footwork","Shuriken","Infinite Blades"],"campfire_rested":1,"item_purchase_floors":[8,30,47,47,53,53],"current_hp_per_floor":[99,99,98,68,68,68,68,68,68,68,62,57,57,30,24,7,99,99,99,89,109,109,109,109,87,85,86,86,96,98,99,101,84,132,132,132,132,134,134,129,129,129,131,131,131,133,133,133,134,16,140,73,73,132,50,15],"gold":39,"neow_bonus":"TEN_PERCENT_HP_BONUS","is_daily":false,"chose_seed":false,"campfire_upgraded":5,"win_rate":0.0,"timestamp":1610835913,"path_taken":["R","M","M","?","?","R","T","$","R","?","E","M","?","?","M","BOSS","R","M","?","?","M","?","T","?","M","M","?","R","$","?","M","BOSS","R","?","?","M","?","E","T","?","?","M","R","E","$","M","M","BOSS","E","$","R","BOSS","BOSS"],"items_purchased_type":["Card","Relic","Relic","Card","Relic","Card"],"build_version":"2020-12-22","purchased_purges":0,"victory":true,"max_hp_per_floor":[99,99,99,99,99,99,99,99,99,99,99,99,99,99,99,99,99,99,99,99,109,109,109,109,114,114,116,116,126,128,130,132,132,132,132,132,132,134,134,134,134,134,136,136,136,138,138,138,140,140,140,140,140,142,147,147],"relic_stats":{"Regal Pillow":15,"Dream Catcher":1,"Shovel":1,"Singing Bowl":18,"Torii":3,"counters":[31,145],"Shuriken":[26],"Kunai":[71],"Whetstone":["champ:FlashCut","champ:Shatter"],"Orichalcum":[30],"obtain_stats":[{"Regal Pillow":4,"Lantern":42,"Singing Bowl":24,"Torii":40,"champ:ChampionCrown":0,"downfall:HeartBlessingGreen":18,"aspiration:PoetsPen_weak":17,"Whetstone":47,"Dream Catcher":41,"Shovel":36,"downfall:HeartBlessingBlue":29,"Red Mask":20,"Kunai":46,"aspiration:ChemicalBlood":11,"downfall:ShatteredFragment":14,"downfall:HeartBlessingRed":18,"aspiration:Nostalgia":45,"Guardian:ModeShifter":45,"aspiration:HummingbirdHeart":30,"aspiration:SeaSaltIceCream":45,"Orichalcum":13,"aspiration:FrozenJewel":39,"Anchor":52,"Shuriken":53,"aspiration:SilentSkillbook":34},{"Regal Pillow":3,"Lantern":22,"Singing Bowl":13,"Torii":22,"champ:ChampionCrown":0,"downfall:HeartBlessingGreen":9,"aspiration:PoetsPen_weak":9,"Whetstone":25,"Dream Catcher":22,"Shovel":20,"downfall:HeartBlessingBlue":15,"Red Mask":11,"Kunai":25,"aspiration:ChemicalBlood":6,"downfall:ShatteredFragment":7,"downfall:HeartBlessingRed":9,"aspiration:Nostalgia":24,"Guardian:ModeShifter":24,"aspiration:HummingbirdHeart":16,"aspiration:SeaSaltIceCream":24,"Orichalcum":7,"aspiration:FrozenJewel":21,"Anchor":29,"Shuriken":29,"aspiration:SilentSkillbook":19},{"Regal Pillow":14,"Lantern":90,"Singing Bowl":55,"Torii":90,"champ:ChampionCrown":0,"downfall:HeartBlessingGreen":42,"aspiration:PoetsPen_weak":42,"Whetstone":101,"Dream Catcher":90,"Shovel":83,"downfall:HeartBlessingBlue":63,"Red Mask":48,"Kunai":101,"aspiration:ChemicalBlood":25,"downfall:ShatteredFragment":29,"downfall:HeartBlessingRed":42,"aspiration:Nostalgia":97,"Guardian:ModeShifter":97,"aspiration:HummingbirdHeart":67,"aspiration:SeaSaltIceCream":97,"Orichalcum":29,"aspiration:FrozenJewel":85,"Anchor":127,"Shuriken":127,"aspiration:SilentSkillbook":80}]},"card_choices":[{"not_picked":["champ:SetATrap","champ:RecklessLeap"],"picked":"champ:FlashCut","floor":2},{"not_picked":["champ:BringItOn","champ:DeathBlow"],"picked":"champ:StanceDance","floor":3},{"not_picked":["champ:PreciseThrust","champ:FaceSlap"],"picked":"champ:Duel","floor":4},{"not_picked":["champ:BringItOn","champ:Encircle"],"picked":"champ:PreciseThrust","floor":8},{"not_picked":["champ:PerfectedStrike","champ:CrookedStrike","champ:EnragedBash"],"picked":"SKIP","floor":10},{"not_picked":["champ:RapidStrikes","champ:StanceDance"],"picked":"champ:Duel","floor":11},{"not_picked":["champ:Endure","champ:PerfectedStrike"],"picked":"champ:AdrenalArmor","floor":12},{"not_picked":["champ:RapidStrikes","champ:GutPunch"],"picked":"champ:AdrenalArmor","floor":15},{"not_picked":["champ:UltimateStance","champ:HeavySlash"],"picked":"champ:GladiatorForm","floor":16},{"not_picked":["champ:GutPunch","champ:PerfectedStrike"],"picked":"champ:CrownThrow+1","floor":19},{"not_picked":["champ:Circumvent","champ:BerserkersShout"],"picked":"champ:DancingMaster","floor":20},{"not_picked":["champ:StanceDance","champ:TornadoPunch"],"picked":"champ:Shatter","floor":22},{"not_picked":["champ:Circumvent","champ:GladiatorStyle"],"picked":"champ:DeathBlow","floor":23},{"not_picked":["champ:EnGarde","champ:Haymaker"],"picked":"champ:CrownThrow+1","floor":26},{"not_picked":["champ:PreciseThrust","champ:FlashCut","champ:CalledShot"],"picked":"Singing Bowl","floor":27},{"not_picked":["champ:CrookedStrike","champ:FlashCut+1","champ:CalledShot+1"],"picked":"Singing Bowl","floor":30},{"not_picked":["champ:BladeFlurry","champ:GutPunch","champ:PreciseThrust"],"picked":"Singing Bowl","floor":31},{"not_picked":["champ:IronFortress+1","champ:Endure","champ:StanceDance"],"picked":"Singing Bowl","floor":32},{"not_picked":["champ:LastStand","champ:IgnorePain"],"picked":"champ:StrikeOfGenius","floor":33},{"not_picked":["Backflip+1","champ:DefensiveShout","Dagger Spray"],"picked":"Flying Knee","floor":36},{"not_picked":["Backflip+1","champ:IronFortress+1","champ:BringItOn+1","Sucker Punch"],"picked":"Singing Bowl","floor":38},{"not_picked":["champ:GutPunch","Dagger Spray","Cloak And Dagger"],"picked":"Envenom","floor":40},{"not_picked":["All Out Attack+1","champ:BladeFlurry","champ:PreciseThrust","champ:TornadoPunch"],"picked":"Singing Bowl","floor":43},{"not_picked":["champ:GutPunch+1","champ:RisingSlash","Terror+1"],"picked":"champ:ShieldWall+1","floor":44},{"not_picked":["Leg Sweep","Tactician+1","Well Laid Plans+1","champ:PreemptiveStrike+1"],"picked":"Singing Bowl","floor":46},{"not_picked":["Dagger Spray","Bane+1","champ:BringItOn"],"picked":"Accuracy+1","floor":48},{"not_picked":["Backflip","champ:Circumvent","champ:GladiatorStyle","champ:PreciseThrust+1"],"picked":"Singing Bowl","floor":49},{"not_picked":["champ:EndlessRage","champ:Backstep","Backflip"],"picked":"champ:GladiatorForm","floor":52},{"not_picked":["champ:AdrenalArmor+1","Underhanded Strike","champ:GutPunch+1","PiercingWail"],"picked":"Singing Bowl","floor":54}],"player_experience":634959,"relics_obtained":[{"floor":4,"key":"Regal Pillow"},{"floor":11,"key":"aspiration:ChemicalBlood"},{"floor":13,"key":"Orichalcum"},{"floor":20,"key":"Red Mask"},{"floor":24,"key":"Singing Bowl"},{"floor":36,"key":"Shovel"},{"floor":39,"key":"aspiration:FrozenJewel"},{"floor":40,"key":"Torii"},{"floor":41,"key":"Dream Catcher"},{"floor":42,"key":"Lantern"},{"floor":45,"key":"aspiration:SeaSaltIceCream"},{"floor":46,"key":"Kunai"},{"floor":52,"key":"Anchor"}],"event_choices":[{"damage_healed":0,"gold_gain":0,"player_choice":"Fought Bandits","damage_taken":0,"max_hp_gain":0,"max_hp_loss":0,"event_name":"Masked Bandits","floor":20,"gold_loss":0},{"cards_removed":["champ:DancingMaster"],"damage_healed":10,"gold_gain":0,"player_choice":"Offered Rare","damage_taken":0,"max_hp_gain":10,"max_hp_loss":0,"event_name":"Bonfire Elementals","floor":21,"gold_loss":0},{"damage_healed":0,"gold_gain":0,"player_choice":"Got Potions","damage_taken":0,"max_hp_gain":0,"max_hp_loss":0,"event_name":"Lab","floor":28,"gold_loss":0}],"is_beta":false,"boss_relics":[{"not_picked":["Coffee Dripper","Snecko Eye"],"picked":"aspiration:PoetsPen_weak"},{"not_picked":["energizedSpire:SpiderWeb","aspiration:RunicSpoon"],"picked":"aspiration:SilentSkillbook"}],"items_purged_floors":[],"is_endless":false,"potions_floor_spawned":[2,11,12,15,16,19,23,26,27,33,36,46,49],"ascension_level":0}}