{"host":"qhhcmep1unj6mpf7","time":1610774490,"event":{"mods":["2.2 Compatiblity","AchievementEnabler","BaseMod","Colored Map","DeckTracker","Highlight Path","Keyboard Shortcuts","Minty Spire (QoL Compilation)","Permanent Neow","Quick Restart","Random Character Button","StSLib","SuperFastMode","everything is the same but u backflip on backflip"],"gold_per_floor":[113,130,141,141,30,58,58,58,58],"floor_reached":8,"language":"KOR","playtime":210,"items_purged":["Writhe"],"score":64,"play_id":"b12639a4-a8a9-4153-ac6b-f4eec6b5e5ac","local_time":"20210116142130","is_ascension_mode":true,"campfire_choices":[{"data":"Coolheaded","floor":7,"key":"SMITH"}],"circlet_count":0,"master_deck":["Strike_B","Strike_B","Strike_B","Strike_B","Defend_B","Defend_B","Defend_B","Defend_B","Zap","Dualcast","Master of Strategy","Double Energy","Coolheaded+1","Loop","Core Surge"],"relics":["Cracked Core","Happy Flower"],"acts_visited":["Exordium"],"potions_floor_usage":[8,8],"damage_taken":[{"damage":2,"enemies":"Jaw Worm","floor":1,"turns":4},{"damage":2,"enemies":"2 Louse","floor":2,"turns":2},{"damage":1,"enemies":"Cultist","floor":3,"turns":3},{"damage":36,"enemies":"Gremlin Nob","floor":6,"turns":5},{"damage":38,"enemies":"3 Sentries","floor":8,"turns":4}],"seed_played":"-3525496292812716567","potions_obtained":[{"floor":1,"key":"PotionOfCapacity"},{"floor":3,"key":"ColorlessPotion"}],"is_trial":false,"path_per_floor":["M","M","M","?","$","E","R","E"],"character_chosen":"DEFECT","items_purchased":["Loop"],"campfire_rested":0,"item_purchase_floors":[5],"current_hp_per_floor":[73,71,70,70,70,34,34,0,0],"gold":58,"neow_bonus":"RANDOM_COLORLESS_2","is_daily":false,"chose_seed":false,"campfire_upgraded":1,"win_rate":0.0,"timestamp":1610774490,"path_taken":["M","M","M","?","$","E","R","E"],"items_purchased_type":["Card"],"build_version":"2020-12-22","purchased_purges":1,"victory":false,"max_hp_per_floor":[75,75,75,75,75,75,75,75,75],"card_choices":[{"not_picked":["HandOfGreed","Chrysalis"],"picked":"Master of Strategy","floor":0},{"not_picked":["Auto Shields","Melter"],"picked":"Double Energy","floor":1},{"not_picked":["Storm","Streamline","Turbo"],"picked":"SKIP","floor":2},{"not_picked":["Reprogram","Cold Snap"],"picked":"Coolheaded","floor":3},{"not_picked":["Conserve Battery","Streamline"],"picked":"Core Surge","floor":6}],"player_experience":347487,"relics_obtained":[{"floor":6,"key":"Happy Flower"}],"event_choices":[{"damage_healed":0,"gold_gain":0,"player_choice":"Leave","damage_taken":0,"max_hp_gain":0,"max_hp_loss":0,"event_name":"The Cleric","floor":4,"gold_loss":0}],"is_beta":false,"boss_relics":[],"items_purged_floors":[5],"is_endless":false,"potions_floor_spawned":[1,3],"killed_by":"3 Sentries","ascension_level":3}}