{"host":"dftyqn972q7tuon4","time":1610834054,"event":{"mods":["AchievementEnabler","BaseMod","Better Altar","Better Match","Better Note","Better Sensory Stone","Better Skull","Better Third Choice","Colored Powertips","Highlight Path","Minty Spire (QoL Compilation)","Permanent Neow","Quick Restart","StSLib"],"gold_per_floor":[114,65,65,65,77,77,111,36,62,87,99,128,157,183,195,303,315,343,355,417,442,245,245,265,265,265,265,265],"floor_reached":27,"language":"ENG","playtime":1224,"items_purged":["Defend_B","Strike_B"],"score":330,"play_id":"107d72e4-15a6-4779-beaf-9bd637c00e0b","local_time":"20210116225414","is_ascension_mode":true,"campfire_choices":[{"data":"Conserve Battery","floor":6,"key":"SMITH"},{"floor":11,"key":"REST"},{"floor":15,"key":"REST"},{"floor":23,"key":"REST"},{"floor":25,"key":"REST"}],"circlet_count":0,"master_deck":["AscendersBane","Strike_B","Strike_B","Defend_B","Defend_B","Defend_B","Zap+1","Dualcast","Aggregate","Conserve Battery+1","Coolheaded","Aggregate","Glacier","Rip and Tear","Skim","Echo Form","Barrage","Blizzard","Barrage","Blizzard","Capacitor","Beam Cell"],"relics":["Cracked Core","betterThird:SlimedRelic","GremlinMask","PreservedInsect","MawBank","SlaversCollar","Ice Cream"],"acts_visited":["Exordium","TheCity"],"potions_floor_usage":[7,16,16,18],"damage_taken":[{"damage":4,"enemies":"Jaw Worm","floor":1,"turns":3},{"damage":8,"enemies":"2 Louse","floor":5,"turns":3},{"damage":18,"enemies":"3 Sentries","floor":7,"turns":10},{"damage":0,"enemies":"Small Slimes","floor":10,"turns":3},{"damage":24,"enemies":"Gremlin Gang","floor":12,"turns":6},{"damage":1,"enemies":"2 Fungi Beasts","floor":13,"turns":7},{"damage":3,"enemies":"Large Slime","floor":14,"turns":8},{"damage":21,"enemies":"Hexaghost","floor":16,"turns":16},{"damage":35,"enemies":"2 Thieves","floor":18,"turns":5},{"damage":6,"enemies":"Spheric Guardian","floor":21,"turns":5},{"damage":30,"enemies":"Snake Plant","floor":24,"turns":6},{"damage":20,"enemies":"Book of Stabbing","floor":27,"turns":3}],"seed_played":"6772314320101350447","potions_obtained":[{"floor":1,"key":"AttackPotion"},{"floor":5,"key":"Weak Potion"},{"floor":13,"key":"ColorlessPotion"},{"floor":16,"key":"AttackPotion"},{"floor":21,"key":"Strength Potion"}],"is_trial":false,"path_per_floor":["M","?","?","?","M","R","E","$","T","M","R","M","M","M","R","B",null,"M","?","?","M","$","R","M","R","T","E"],"character_chosen":"DEFECT","items_purchased":["Blizzard","Capacitor"],"campfire_rested":4,"item_purchase_floors":[22,22],"current_hp_per_floor":[64,53,46,46,38,38,20,20,20,20,42,18,17,14,36,15,60,25,25,25,19,19,41,11,33,33,13,13],"gold":265,"neow_bonus":"UPGRADE_CARD","is_daily":false,"chose_seed":false,"campfire_upgraded":1,"win_rate":0.0,"timestamp":1610834054,"path_taken":["M","?","?","?","M","R","E","$","T","M","R","M","M","?","R","BOSS","M","?","?","M","$","R","?","R","T","E"],"items_purchased_type":["Card","Card"],"build_version":"2020-12-22","purchased_purges":2,"victory":false,"max_hp_per_floor":[75,75,75,75,75,75,75,75,75,75,75,75,75,75,75,75,75,75,75,75,75,75,75,75,75,75,75,75],"card_choices":[{"not_picked":["Hello World","Stack"],"picked":"Aggregate","floor":1},{"not_picked":["Stack","Redo"],"picked":"Conserve Battery","floor":5},{"not_picked":["Genetic Algorithm","Cold Snap"],"picked":"Coolheaded","floor":7},{"not_picked":["Hologram","Ball Lightning"],"picked":"Aggregate","floor":10},{"not_picked":["Ball Lightning","Leap"],"picked":"Glacier","floor":12},{"not_picked":["Reinforced Body","Stack"],"picked":"Rip and Tear","floor":13},{"not_picked":["Fusion","Gash"],"picked":"Skim","floor":14},{"not_picked":["Fission","Buffer"],"picked":"Echo Form","floor":16},{"not_picked":["Stack+1","Rip and Tear+1"],"picked":"Barrage","floor":18},{"not_picked":["Beam Cell","Rebound"],"picked":"Barrage","floor":21},{"not_picked":["Stack","Barrage"],"picked":"Beam Cell","floor":24}],"player_experience":676572,"relics_obtained":[{"floor":7,"key":"PreservedInsect"},{"floor":9,"key":"MawBank"},{"floor":26,"key":"Ice Cream"}],"event_choices":[{"damage_healed":0,"gold_gain":0,"player_choice":"Slimed","damage_taken":11,"max_hp_gain":0,"max_hp_loss":0,"event_name":"betterThird:BetterGoop","floor":2,"gold_loss":49},{"cards_removed":["Strike_B"],"damage_healed":0,"gold_gain":0,"player_choice":"Card Removal","damage_taken":7,"max_hp_gain":0,"max_hp_loss":0,"event_name":"Golden Wing","floor":3,"gold_loss":0},{"damage_healed":0,"gold_gain":0,"player_choice":"Trade","damage_taken":0,"relics_obtained":["GremlinMask"],"max_hp_gain":0,"max_hp_loss":0,"event_name":"FaceTrader","floor":4,"gold_loss":0},{"damage_healed":0,"gold_gain":0,"player_choice":"Read","damage_taken":0,"max_hp_gain":0,"max_hp_loss":0,"event_name":"The Library","floor":19,"gold_loss":0,"cards_obtained":["Blizzard"]},{"damage_healed":0,"gold_gain":100,"player_choice":"Bet on Murderer","damage_taken":0,"max_hp_gain":0,"max_hp_loss":0,"event_name":"The Joust","floor":20,"gold_loss":50}],"is_beta":false,"boss_relics":[{"not_picked":["SacredBark","Fusion Hammer"],"picked":"SlaversCollar"}],"items_purged_floors":[8,22],"is_endless":false,"potions_floor_spawned":[1,5,13,16,21],"killed_by":"Book of Stabbing","ascension_level":11}}