{"host":"w11d5xug8ost5klq","time":1610764307,"event":{"mods":["2.2 Compatiblity","BaseMod","Better Third Choice","Emptier Cage","Highlight Path","Minty Spire (QoL Compilation)","Quick Restart","Spicy Shops","StSLib","The Dragon Tamer"],"gold_per_floor":[113,131,131,147,322,366,27,27,78,117,130,130,143,159,159,280,280,299,299,299,279,30,64,64,64,64,95,107,107,107,120,120,222,222,241,72,72,83,6,6,56,73,97,114,146,0,14,26,26,26],"floor_reached":51,"language":"ENG","playtime":2819,"items_purged":["Doubt","DTMod:Strike"],"score":877,"play_id":"7640f875-0a7b-4ae8-84bc-f1460cc69f34","local_time":"20210115203147","is_ascension_mode":false,"metric_token":659,"campfire_choices":[{"floor":8,"key":"REST"},{"data":"DTMod:HeatWave","floor":12,"key":"SMITH"},{"data":"DTMod:HeatWave","floor":15,"key":"SMITH"},{"data":"DTMod:Overwhelm","floor":24,"key":"SMITH"},{"data":"DTMod:BizarreTactic","floor":29,"key":"SMITH"},{"floor":32,"key":"REST"},{"data":"DTMod:ResonanceForm","floor":40,"key":"SMITH"},{"floor":49,"key":"DIG"}],"dtmod_dragon_data":[37,50,1,3,8,2],"circlet_count":0,"master_deck":["DTMod:Strike","DTMod:Strike","DTMod:Strike","DTMod:TargetDefense","DTMod:TargetDefense","DTMod:TargetDefense","DTMod:TargetDefense","DTMod:SwitchingTactic","DTMod:QuickFly","DTMod:CalculatedDefense","DTMod:Adaptation","DTMod:HeatWave+1","DTMod:MagicField","DTMod:Dissolve","DTMod:Overwhelm+1","DTMod:HeatWave+1","DTMod:Safeguard","DTMod:BizarreTactic+1","DTMod:InvisibleFlame","DTMod:ResonanceForm+1","DTMod:OpeningTactic","DTMod:MagiciansMark","DTMod:RecklessFlurry+1"],"relics":["DTMod:MagicStone","NeowsBlessing","Bloody Idol","Lantern","Medical Kit","Dream Catcher","PreservedInsect","Toy Ornithopter","DTMod:OddArmor","Bag of Preparation","Lizard Tail","Strawberry","Ancient Tea Set","Busted Crown","TungstenRod","DTMod:MindBender","Shovel","Omamori","Nunchaku","Red Mask","FossilizedHelix"],"acts_visited":["Exordium","TheCity","TheBeyond"],"potions_floor_usage":[6,35],"damage_taken":[{"damage":0,"enemies":"Small Slimes","floor":1,"turns":1},{"damage":0,"enemies":"Jaw Worm","floor":2,"turns":1},{"damage":0,"enemies":"2 Louse","floor":4,"turns":1},{"damage":13,"enemies":"3 Sentries","floor":6,"turns":11},{"damage":19,"enemies":"Gremlin Nob","floor":10,"turns":5},{"damage":0,"enemies":"Large Slime","floor":11,"turns":5},{"damage":0,"enemies":"Looter","floor":13,"turns":3},{"damage":0,"enemies":"2 Fungi Beasts","floor":14,"turns":3},{"damage":0,"enemies":"Slime Boss","floor":16,"turns":17},{"damage":0,"enemies":"3 Byrds","floor":18,"turns":5},{"damage":0,"enemies":"2 Thieves","floor":21,"turns":4},{"damage":0,"enemies":"Gremlin Leader","floor":23,"turns":9},{"damage":0,"enemies":"Slavers","floor":27,"turns":5},{"damage":0,"enemies":"Chosen and Byrds","floor":28,"turns":9},{"damage":0,"enemies":"Cultist and Chosen","floor":31,"turns":7},{"damage":7,"enemies":"Collector","floor":33,"turns":14},{"damage":0,"enemies":"3 Darklings","floor":35,"turns":5},{"damage":0,"enemies":"3 Shapes","floor":38,"turns":5},{"damage":0,"enemies":"Mind Bloom Boss Battle","floor":41,"turns":6},{"damage":0,"enemies":"Maw","floor":42,"turns":8},{"damage":0,"enemies":"Writhing Mass","floor":44,"turns":8},{"damage":0,"enemies":"Nemesis","floor":45,"turns":9},{"damage":0,"enemies":"Spire Growth","floor":47,"turns":7},{"damage":9,"enemies":"Sphere and 2 Shapes","floor":48,"turns":5},{"damage":5,"enemies":"Donu and Deca","floor":50,"turns":8}],"seed_played":"7391958578108353882","potions_obtained":[{"floor":2,"key":"Fruit Juice"},{"floor":4,"key":"Dexterity Potion"},{"floor":11,"key":"BlessingOfTheForge"},{"floor":14,"key":"FearPotion"},{"floor":33,"key":"Fire Potion"},{"floor":35,"key":"Fruit Juice"},{"floor":41,"key":"Ancient Potion"}],"is_trial":false,"path_per_floor":["M","M","?","M","?","E","$","R","T","E","M","R","M","M","R","B",null,"M","?","?","M","$","E","R","?","T","E","M","R","T","M","R","B",null,"M","$","?","M","$","R","?","M","T","M","E","?","M","M","R","B",null],"character_chosen":"THE_DT","items_purchased":["DTMod:HeatWave","Medical Kit","Dream Catcher","DTMod:OddArmor","DTMod:MagiciansMark","TungstenRod","DTMod:MindBender"],"campfire_rested":2,"item_purchase_floors":[7,7,7,22,36,36,39],"current_hp_per_floor":[45,45,42,42,42,34,34,47,47,28,28,28,28,28,28,28,47,47,47,47,47,47,47,47,47,47,54,54,54,54,54,54,52,54,59,59,59,59,59,59,59,59,59,59,59,59,59,55,55,54],"gold":26,"neow_bonus":"THREE_ENEMY_KILL","is_daily":false,"chose_seed":false,"campfire_upgraded":5,"win_rate":0.0,"timestamp":1610764307,"path_taken":["M","M","?","M","?","E","?","R","T","E","M","R","M","M","R","BOSS","M","?","?","M","$","E","R","?","T","E","M","R","?","M","R","BOSS","M","$","?","M","$","R","?","M","T","M","E","?","?","M","R","BOSS"],"items_purchased_type":["Card","Relic","Relic","Relic","Card","Relic","Relic"],"build_version":"2020-12-22","purchased_purges":2,"victory":true,"max_hp_per_floor":[45,45,42,42,42,47,47,47,47,47,47,47,47,47,47,47,47,47,47,47,47,47,47,47,47,47,54,54,54,54,54,54,54,54,59,59,59,59,59,59,59,59,59,59,59,59,59,59,59,59],"card_choices":[{"not_picked":["DTMod:Punisher","DTMod:RecklessFlurry"],"picked":"DTMod:QuickFly","floor":1},{"not_picked":["DTMod:Punisher","DTMod:BuildUp"],"picked":"DTMod:CalculatedDefense","floor":2},{"not_picked":["DTMod:QuickFly","DTMod:HeatWave"],"picked":"DTMod:Adaptation","floor":4},{"not_picked":["DTMod:Multitask","DTMod:FlameSlash","DTMod:Hide"],"picked":"SKIP","floor":6},{"not_picked":["DTMod:DragonDance","DTMod:Weaken"],"picked":"DTMod:MagicField","floor":8},{"not_picked":["DTMod:DarkBreath","DTMod:Punisher","DTMod:Shift"],"picked":"SKIP","floor":10},{"not_picked":["DTMod:CleansingStrike","DTMod:Punisher"],"picked":"DTMod:Dissolve","floor":11},{"not_picked":["DTMod:BreakAttack","DTMod:Feint"],"picked":"DTMod:Overwhelm","floor":13},{"not_picked":["DTMod:Observe","DTMod:GhostSkin"],"picked":"DTMod:HeatWave","floor":14},{"not_picked":["DTMod:GearUp","DTMod:Multitask"],"picked":"DTMod:Safeguard","floor":16},{"not_picked":["DTMod:Threaten","DTMod:CleansingStrike+1"],"picked":"DTMod:BizarreTactic","floor":18},{"not_picked":["DTMod:BlueScale","DTMod:ShieldDrain","DTMod:Punisher"],"picked":"SKIP","floor":21},{"not_picked":["DTMod:BurningEnergy","DTMod:LowKick","DTMod:DragonDance"],"picked":"SKIP","floor":23},{"not_picked":["DTMod:Harmonize","DTMod:ComboAttack"],"picked":"DTMod:InvisibleFlame","floor":27},{"not_picked":["DTMod:BlueScale+1","DTMod:Weaken","DTMod:HeatWave"],"picked":"SKIP","floor":28},{"not_picked":["DTMod:Adaptation","DTMod:Astonish+1","DTMod:Cover"],"picked":"SKIP","floor":31},{"not_picked":["DTMod:BlazingStrike","DTMod:Hide"],"picked":"DTMod:ResonanceForm","floor":32},{"not_picked":["DTMod:TriAttack","DTMod:GearUp"],"picked":"DTMod:OpeningTactic","floor":33},{"not_picked":["DTMod:GhostSkin+1"],"picked":"SKIP","floor":35},{"not_picked":["DTMod:RecklessFlurry+1"],"picked":"SKIP","floor":38},{"not_picked":[],"picked":"DTMod:RecklessFlurry+1","floor":38},{"not_picked":["DTMod:Hide"],"picked":"SKIP","floor":42},{"not_picked":["DTMod:SneakAttack+1"],"picked":"SKIP","floor":44},{"not_picked":["DTMod:HeatWave+1"],"picked":"SKIP","floor":45},{"not_picked":["DTMod:HeatWave+1"],"picked":"SKIP","floor":47},{"not_picked":["DTMod:CleansingStrike"],"picked":"SKIP","floor":48}],"player_experience":89109,"relics_obtained":[{"floor":6,"key":"Lantern"},{"floor":9,"key":"PreservedInsect"},{"floor":10,"key":"Toy Ornithopter"},{"floor":23,"key":"Bag of Preparation"},{"floor":26,"key":"Lizard Tail"},{"floor":27,"key":"Strawberry"},{"floor":30,"key":"Ancient Tea Set"},{"floor":41,"key":"Shovel"},{"floor":43,"key":"Omamori"},{"floor":45,"key":"Nunchaku"},{"floor":49,"key":"FossilizedHelix"}],"event_choices":[{"damage_healed":0,"gold_gain":0,"player_choice":"Lose Max HP","damage_taken":0,"relics_obtained":["Golden Idol"],"max_hp_gain":0,"max_hp_loss":3,"event_name":"Golden Idol","floor":3,"gold_loss":0},{"damage_healed":0,"gold_gain":175,"player_choice":"AGREE","damage_taken":147,"max_hp_gain":0,"max_hp_loss":0,"event_name":"betterThird:BetterSerpent","floor":5,"gold_loss":0},{"damage_healed":0,"gold_gain":0,"player_choice":"Gave Idol","damage_taken":0,"relics_obtained":["Bloody Idol"],"max_hp_gain":0,"max_hp_loss":0,"event_name":"Forgotten Altar","floor":19,"relics_lost":["Golden Idol"],"gold_loss":0},{"damage_healed":0,"gold_gain":0,"player_choice":"Ignored","damage_taken":0,"max_hp_gain":0,"max_hp_loss":0,"event_name":"Ghosts","floor":20,"gold_loss":0},{"damage_healed":0,"gold_gain":0,"player_choice":"Ignored","damage_taken":0,"max_hp_gain":0,"max_hp_loss":0,"event_name":"Vampires","floor":25,"gold_loss":0},{"cards_removed":["DTMod:DoubleHit"],"damage_healed":0,"gold_gain":0,"player_choice":"Removed Attack","damage_taken":0,"max_hp_gain":0,"max_hp_loss":0,"event_name":"Falling","floor":37,"gold_loss":0},{"damage_healed":0,"gold_gain":0,"player_choice":"Fight","damage_taken":0,"max_hp_gain":0,"max_hp_loss":0,"event_name":"MindBloom","floor":41,"gold_loss":0},{"damage_healed":0,"gold_gain":0,"player_choice":"Paid","damage_taken":0,"relics_obtained":["Red Mask"],"max_hp_gain":0,"max_hp_loss":0,"event_name":"Tomb of Lord Red Mask","floor":46,"gold_loss":146}],"is_beta":false,"boss_relics":[{"not_picked":["Fusion Hammer","Snecko Eye"],"picked":"DTMod:MagicStone"},{"not_picked":["Velvet Choker","Calling Bell"],"picked":"Busted Crown"}],"items_purged_floors":[7,22],"is_endless":false,"potions_floor_spawned":[2,4,11,14,28,31,33,35,41,42,47],"ascension_level":0}}