{"host":"9xbyrfh4l0ybbb5d","time":1610773635,"event":{"mods":["100% Spire Juice","ATMod(阿瑾Mod)","Act Like it!","BaseMod","Minty Spire (QoL Compilation)","Reimu（博丽灵梦）","StSLib","The Alterego","The Mystic","篝火指南"],"gold_per_floor":[20000,19420,18428,18428,17778,17808,17035,17065,17065,17065,17065,17056,17074,17074,16418,16502,16502,16493,16485,15714,15714,15734,15759,15759,14745,14769,14804,14019,14059,14089,14116,13392,13509,13521,13545,12888,12888,11869,11916,11942,11952,12086,12086,11340,11465,11483,10836,10848,10256,10356],"floor_reached":51,"language":"ZHS","playtime":2640,"items_purged":["Moonworks:Strike","Moonworks:Strike","Moonworks:Strike","Moonworks:Defend","Poor:ReiMu","Moonworks:RagingMadness+1","Moonworks:CloudOfSeagulls","Moonworks:CloudOfSeagulls","Moonworks:Defend","Moonworks:Defend"],"score":1355,"play_id":"fd2d17d1-b084-4142-a020-ba6dc4968f74","local_time":"20210116130715","is_ascension_mode":true,"campfire_choices":[],"circlet_count":0,"master_deck":["Moonworks:Defend","Moonworks:Ambush","Moonworks:LongDistanceShot","Moonworks:NicePresent","Moonworks:SweetBattle","AT_EmpoweredMortalDraw+1","Moonworks:JonathanRush+1","Moonworks:NicePresent","Moonworks:WindyEnchantment","Moonworks:CloudOfSeagulls+1","Moonworks:NicePresent","Moonworks:MeltingMemories","Moonworks:JonathanRush+1","Moonworks:NicePresent","Moonworks:JonathanRush+1","Moonworks:LulusLuckyEgg+1","Moonworks:CloudOfSeagulls+1","Moonworks:JonathanRush+1","Moonworks:JonathanRush+1","Moonworks:JonathanRush+1","Moonworks:RedAndBlue","Moonworks:NicePresent","Moonworks:EvilSpyWorkPreparation","Moonworks:AccelHyper+1","Moonworks:DeployBits+1","Moonworks:SakisCookie+1","Apotheosis+1","Enlightenment+1","Moonworks:LulusLuckyEgg+1","Moonworks:SakisCookie+1","Moonworks:LulusLuckyEgg+1","Moonworks:JonathanRush+1","Moonworks:HolyNight","Moonworks:JonathanRush+1","Moonworks:LulusLuckyEgg+1","Moonworks:SakisCookie+1","Moonworks:SakisCookie+1","Moonworks:NicePresent+1"],"relics":["Moonworks:BrokenBomb","Moonworks:Homemark","AT_ATBox","Chemical X","AT_ForceNature","Ancient Tea Set","Incense Burner","Bottled Lightning","CrazyTorch:ReiMu","AT_BellDemon","Mercury Hourglass","ClockworkSouvenir","AT_SunfireAegis","Pantograph","Molten Egg 2","YidongShenshe:ReiMu","AT_ArcaneBoots","AT_GuinsooRageblade","AT_BladeRuinedKing","RuthlessExorcism:ReiMu","Black Star","Toy Ornithopter","Frozen Eye","Bottled Flame","Pocketwatch","Shuriken","Meat on the Bone","HandDrill","Eternal Feather","Tiny Chest","Regal Pillow","Strawberry","Lizard Tail","AT_ArchangelStaff","Strange Spoon","MawBank","Blood Vial","Art of War","AT_DeathDance","Blue Candle","Anchor","Orichalcum","Bottled Tornado","Toxic Egg 2","AT_TrinityForce","Juzu Bracelet","Dead Branch","Happy Flower","OrangePellets","Lee\u0027s Waffle","Mango","Darkstone Periapt","Prayer Wheel","Boot","TungstenRod","Sundial","AT_ImmortalShieldbow","AT_TheCollector","CaptainsWheel","Smiling Mask","Whetstone","Turnip","AT_Manta","TentaclePot:ReiMu","Tea:ReiMu","Lantern","AT_Kusabimaru","Bag of Preparation","Potion Belt","Centennial Puzzle","Orrery","PreservedInsect","AT_BellowingDragoncrestRing","TheAbacus"],"acts_visited":["Exordium","TheCity","TheBeyond"],"potions_floor_usage":[8,12,12,16,16,27,27,33,50,50],"damage_taken":[{"damage":7,"enemies":"Jaw Worm","floor":1,"turns":3},{"damage":0,"enemies":"Small Slimes","floor":2,"turns":2},{"damage":22,"enemies":"3 Sentries","floor":6,"turns":5},{"damage":11,"enemies":"Gremlin Nob","floor":8,"turns":3},{"damage":9,"enemies":"Lagavulin","floor":12,"turns":4},{"damage":2,"enemies":"2 Louse","floor":13,"turns":2},{"damage":16,"enemies":"The Guardian","floor":16,"turns":3},{"damage":11,"enemies":"2 Thieves","floor":18,"turns":3},{"damage":0,"enemies":"Spheric Guardian","floor":19,"turns":3},{"damage":2,"enemies":"Chosen and Byrds","floor":22,"turns":2},{"damage":4,"enemies":"Gremlin Leader","floor":23,"turns":2},{"damage":0,"enemies":"Book of Stabbing","floor":27,"turns":1},{"damage":0,"enemies":"Gremlin Leader","floor":29,"turns":1},{"damage":0,"enemies":"Shelled Parasite and Fungi","floor":30,"turns":2},{"damage":4,"enemies":"Sentry and Sphere","floor":31,"turns":2},{"damage":5,"enemies":"Collector","floor":33,"turns":3},{"damage":0,"enemies":"Orb Walker","floor":35,"turns":1},{"damage":0,"enemies":"2 Orb Walkers","floor":39,"turns":1},{"damage":0,"enemies":"Reptomancer","floor":40,"turns":2},{"damage":0,"enemies":"3 Shapes","floor":41,"turns":1},{"damage":0,"enemies":"Giant Head","floor":42,"turns":2},{"damage":0,"enemies":"Reptomancer","floor":45,"turns":1},{"damage":0,"enemies":"Maw","floor":46,"turns":1},{"damage":0,"enemies":"Sphere and 2 Shapes","floor":48,"turns":1},{"damage":0,"enemies":"Time Eater","floor":50,"turns":2}],"seed_played":"-4622357630260913703","potions_obtained":[{"floor":1,"key":"AttackPotion"},{"floor":8,"key":"BlessingOfTheForge"},{"floor":16,"key":"FearPotion"},{"floor":18,"key":"SteroidPotion"},{"floor":27,"key":"LiquidBronze"},{"floor":35,"key":"Moonworks:OneHundredPercentOrangeJuicePotion"},{"floor":48,"key":"Swift Potion"}],"is_trial":false,"path_per_floor":["M","M","$","?","$","E","R","E","T","?","?","E","M","T","R","B",null,"M","M","$","?","M","E","?","R","T","E","R","E","M","M","R","B",null,"M","$","?","$","?","E","M","E","T","R","E","M","R","M","R","B",null],"character_chosen":"THE_STARBREAKER","items_purchased":["Chemical X","AT_ForceNature","Ancient Tea Set","AT_EmpoweredMortalDraw","Moonworks:RagingMadness","BlessingOfTheForge","BlessingOfTheForge","Incense Burner","Bottled Lightning","AT_BellDemon","Mercury Hourglass","ClockworkSouvenir","Moonworks:CloudOfSeagulls","Moonworks:NicePresent","Energy Potion","AT_BladeRuinedKing","RuthlessExorcism:ReiMu","Fruit Juice","Explosive Potion","Moonworks:NicePresent","Moonworks:JonathanRush+1","Toy Ornithopter","Frozen Eye","Bottled Flame","Meat on the Bone","HandDrill","Eternal Feather","Moonworks:JonathanRush+1","EntropicBrew","AT_ArchangelStaff","Strange Spoon","Moonworks:JonathanRush+1","MawBank","SteroidPotion","Moonworks:NicePresent","Moonworks:EvilSpyWorkPreparation","Orichalcum","Bottled Tornado","Dead Branch","Happy Flower","OrangePellets","Moonworks:DeployBits+1","Lee\u0027s Waffle","Mango","Darkstone Periapt","Moonworks:SakisCookie+1","Apotheosis+1","Enlightenment+1","Turnip","AT_Manta","TentaclePot:ReiMu","Potion Belt","Strength Potion","Centennial Puzzle","Moonworks:JonathanRush+1","Moonworks:LulusLuckyEgg+1","Orrery","PreservedInsect","AT_BellowingDragoncrestRing","TheAbacus"],"campfire_rested":0,"item_purchase_floors":[3,3,3,3,3,3,3,5,5,7,7,7,7,7,7,15,15,15,15,15,20,20,20,20,25,25,25,25,25,28,28,28,28,28,32,32,32,32,36,36,36,36,38,38,38,38,38,38,44,44,44,47,47,47,47,47,47,49,49,49],"current_hp_per_floor":[53,53,53,53,53,33,33,26,26,26,26,21,19,19,19,41,65,54,58,58,58,56,52,52,52,52,69,72,72,72,68,72,67,72,72,72,72,93,93,93,93,93,93,93,93,93,93,93,93,93],"gold":10356,"neow_bonus":"REMOVE_CARD","is_daily":false,"chose_seed":false,"campfire_upgraded":0,"win_rate":0.0,"timestamp":1610773635,"path_taken":["M","M","$","?","$","E","R","E","T","?","?","E","?","?","R","BOSS","M","M","?","?","M","E","?","R","T","E","R","E","?","M","R","BOSS","M","$","?","$","?","E","M","E","T","R","E","M","R","M","R","BOSS"],"items_purchased_type":["Relic","Relic","Relic","Card","Card","Potion","Potion","Relic","Relic","Relic","Relic","Relic","Card","Card","Potion","Relic","Relic","Potion","Potion","Card","Card","Relic","Relic","Relic","Relic","Relic","Relic","Card","Potion","Relic","Relic","Card","Relic","Potion","Card","Card","Relic","Relic","Relic","Relic","Relic","Card","Relic","Relic","Relic","Card","Card","Card","Relic","Relic","Relic","Relic","Potion","Relic","Card","Card","Relic","Relic","Relic","Relic"],"build_version":"2020-12-22","purchased_purges":10,"victory":true,"max_hp_per_floor":[60,60,60,60,60,60,60,60,60,60,60,60,60,60,60,65,65,65,65,65,65,65,65,65,65,65,72,72,72,72,72,72,72,72,72,72,72,93,93,93,93,93,93,93,93,93,93,93,93,93],"card_choices":[{"not_picked":["Moonworks:x16BigRocket","Moonworks:BigMagnum"],"picked":"Moonworks:NicePresent","floor":1},{"not_picked":["Moonworks:ImOnFire","Moonworks:DeployBits"],"picked":"Moonworks:SweetBattle","floor":2},{"not_picked":["Moonworks:BigBangBell","Moonworks:UnpaidWork"],"picked":"Moonworks:JonathanRush","floor":6},{"not_picked":["Moonworks:UnpaidWork","Moonworks:Blazing"],"picked":"Moonworks:CloudOfSeagulls","floor":8},{"not_picked":["Moonworks:ImOnFire","Moonworks:DeployBits"],"picked":"Moonworks:WindyEnchantment","floor":12},{"not_picked":["Moonworks:IntelligenceOfficer","Moonworks:SweetBattle"],"picked":"Moonworks:CloudOfSeagulls+1","floor":13},{"not_picked":["Moonworks:WeAreWaruda","Moonworks:SinkOrSwim"],"picked":"Moonworks:MeltingMemories","floor":16},{"not_picked":["Moonworks:BigMagnum","Moonworks:BackdoorTrade"],"picked":"Moonworks:JonathanRush+1","floor":18},{"not_picked":["Moonworks:Poppoformation","Moonworks:ImOnFire"],"picked":"Moonworks:NicePresent","floor":19},{"not_picked":["Moonworks:BindingChains+1","Moonworks:IndiscriminateFireSupport+1"],"picked":"Moonworks:LulusLuckyEgg+1","floor":22},{"not_picked":["Moonworks:MeltingMemories","Moonworks:Assault+1"],"picked":"Moonworks:CloudOfSeagulls+1","floor":23},{"not_picked":["Moonworks:ImOnFire+1","Moonworks:DeployBits"],"picked":"Moonworks:JonathanRush+1","floor":27},{"not_picked":["Moonworks:ImOnFire+1","Moonworks:DeployBits"],"picked":"Moonworks:RedAndBlue","floor":29},{"not_picked":["Moonworks:ImmovableObject","Moonworks:DeployBits","Moonworks:ImOnFire"],"picked":"SKIP","floor":30},{"not_picked":["Moonworks:LeapThroughSpace","Moonworks:BindingChains+1","Moonworks:IndiscriminateFireSupport+1"],"picked":"SKIP","floor":31},{"not_picked":["Moonworks:Blazing","Moonworks:ReflectiveShell"],"picked":"Moonworks:AccelHyper+1","floor":33},{"not_picked":["Moonworks:Assault+1","Moonworks:Poppoformation+1","Moonworks:x16BigRocket+1"],"picked":"SKIP","floor":35},{"not_picked":["Moonworks:IndiscriminateFireSupport+1","Moonworks:RagingMadness+1"],"picked":"Moonworks:LulusLuckyEgg+1","floor":39},{"not_picked":["Moonworks:ImmovableObject+1","Moonworks:DevilHand+1","Moonworks:AwakeningOfTalent+1"],"picked":"SKIP","floor":40},{"not_picked":["Moonworks:CastOff+1","Moonworks:Assault+1"],"picked":"Moonworks:SakisCookie+1","floor":41},{"not_picked":["Moonworks:IndiscriminateFireSupport+1","Moonworks:SweetBattle+1"],"picked":"Moonworks:LulusLuckyEgg+1","floor":41},{"not_picked":["Moonworks:NicePresent+1","Moonworks:TreasureThief+1"],"picked":"Moonworks:JonathanRush+1","floor":42},{"not_picked":["Moonworks:AngelHand+1","Moonworks:BigMagnum+1"],"picked":"Moonworks:HolyNight","floor":45},{"not_picked":["Moonworks:ScrambledEve+1","Moonworks:SweetBattle+1","Moonworks:ForcedRevival+1"],"picked":"SKIP","floor":46},{"not_picked":["Moonworks:NicePresent+1","Moonworks:IndiscriminateFireSupport+1","Moonworks:ImOnFire+1"],"picked":"SKIP","floor":46},{"not_picked":["Moonworks:TreasureThief+1","Moonworks:CompletionReward+1"],"picked":"Moonworks:SakisCookie+1","floor":47},{"not_picked":["Moonworks:TreasureThief+1","Moonworks:Poppoformation+1"],"picked":"Moonworks:SakisCookie+1","floor":48},{"not_picked":["Moonworks:SakisCookie+1","Moonworks:Gamble+1"],"picked":"Moonworks:NicePresent+1","floor":48}],"player_experience":295670,"relics_obtained":[{"floor":6,"key":"CrazyTorch:ReiMu"},{"floor":8,"key":"AT_SunfireAegis"},{"floor":8,"key":"Pantograph"},{"floor":9,"key":"Molten Egg 2"},{"floor":12,"key":"AT_SpeedBoots"},{"floor":14,"key":"AT_GuinsooRageblade"},{"floor":23,"key":"Pocketwatch"},{"floor":23,"key":"Shuriken"},{"floor":26,"key":"Tiny Chest"},{"floor":27,"key":"Regal Pillow"},{"floor":27,"key":"Strawberry"},{"floor":27,"key":"Lizard Tail"},{"floor":29,"key":"Blood Vial"},{"floor":29,"key":"Art of War"},{"floor":29,"key":"AT_DeathDance"},{"floor":30,"key":"Blue Candle"},{"floor":31,"key":"Anchor"},{"floor":33,"key":"Toxic Egg 2"},{"floor":35,"key":"Juzu Bracelet"},{"floor":39,"key":"Prayer Wheel"},{"floor":39,"key":"Boot"},{"floor":40,"key":"TungstenRod"},{"floor":40,"key":"Sundial"},{"floor":40,"key":"AT_ImmortalShieldbow"},{"floor":41,"key":"AT_TheCollector"},{"floor":42,"key":"CaptainsWheel"},{"floor":42,"key":"Smiling Mask"},{"floor":42,"key":"Whetstone"},{"floor":45,"key":"Tea:ReiMu"},{"floor":45,"key":"Lantern"},{"floor":45,"key":"AT_Kusabimaru"},{"floor":46,"key":"Bag of Preparation"}],"event_choices":[{"damage_healed":0,"gold_gain":0,"player_choice":"Ignored","damage_taken":0,"max_hp_gain":0,"max_hp_loss":0,"event_name":"Liars Game","floor":4,"gold_loss":0},{"damage_healed":0,"gold_gain":0,"player_choice":"带走神社","damage_taken":0,"relics_obtained":["YidongShenshe:ReiMu"],"max_hp_gain":0,"max_hp_loss":0,"event_name":"yidonshenshe","floor":10,"gold_loss":0,"cards_obtained":["Poor:ReiMu"]},{"damage_healed":0,"gold_gain":0,"player_choice":"Forge","damage_taken":0,"max_hp_gain":0,"max_hp_loss":0,"event_name":"Accursed Blacksmith","floor":11,"gold_loss":0,"cards_upgraded":["Moonworks:RagingMadness"]},{"damage_healed":0,"gold_gain":0,"player_choice":"Ignored","damage_taken":0,"max_hp_gain":0,"max_hp_loss":0,"event_name":"Ghosts","floor":21,"gold_loss":0},{"damage_healed":0,"gold_gain":0,"player_choice":"Bought 0 Potions","damage_taken":0,"max_hp_gain":0,"max_hp_loss":0,"event_name":"The Woman in Blue","floor":24,"gold_loss":0},{"damage_healed":0,"gold_gain":0,"player_choice":"Memory 1","damage_taken":0,"max_hp_gain":0,"max_hp_loss":0,"event_name":"SensoryStone","floor":37,"gold_loss":0},{"damage_healed":0,"gold_gain":0,"player_choice":"Fight","damage_taken":0,"max_hp_gain":0,"max_hp_loss":0,"event_name":"Mysterious Sphere","floor":39,"gold_loss":0}],"is_beta":false,"boss_relics":[{"not_picked":["RedLine:ReiMu","Calling Bell"],"picked":"Black Star"},{"not_picked":["Velvet Choker","SacredBark"],"picked":"AT_TrinityForce"}],"items_purged_floors":[3,5,7,15,20,25,28,32,47,49],"is_endless":false,"potions_floor_spawned":[1,6,8,16,18,27,29,30,31,35,39,42,48],"ascension_level":2}}