{"host":"6azrrw3tf7wb0f4b","time":1610811990,"event":{"mods":["BaseMod","DeckTracker","Minty Spire (QoL Compilation)","SuperFastMode"],"gold_per_floor":[112,112,125,143,154,154,187,187,187,197,214,234,15,42,42,146,146,162,175,90,106,52,52,87,12,12,40,40,69,89,119,119,224,224,240,250,49,69,69,69,96,96,148,174,224,224,295,295,295,295,295,295,51,81,81,81],"floor_reached":55,"language":"KOR","playtime":1898,"items_purged":["Strike_B","Strike_B","Zap"],"score":1383,"play_id":"b0c04ec4-a8d1-4a6e-8cb8-557fd0f0c3b6","local_time":"20210117004630","is_ascension_mode":true,"campfire_choices":[{"data":"Darkness","floor":6.0,"key":"SMITH"},{"data":"Loop","floor":8.0,"key":"SMITH"},{"floor":15.0,"key":"REST"},{"data":"Defragment","floor":23,"key":"SMITH"},{"data":"Blizzard","floor":28,"key":"SMITH"},{"data":"Buffer","floor":32,"key":"SMITH"},{"data":"Dualcast","floor":40,"key":"SMITH"},{"data":"Reboot","floor":42,"key":"SMITH"},{"data":"Defend_B","floor":46,"key":"PURGE"},{"floor":49,"key":"RECALL"},{"data":"Capacitor","floor":52,"key":"SMITH"}],"circlet_count":0,"master_deck":["AscendersBane","Strike_B","Defend_B","Defend_B","Defend_B","Dualcast+1","Dramatic Entrance","Streamline","Conserve Battery","Darkness+1","Reboot+1","Loop+1","Defragment+1","Ball Lightning","Cold Snap","Glacier+1","Self Repair","Buffer+1","Chill+1","Blizzard","Coolheaded+1","Coolheaded+1","Blizzard+1","Undo+1","Cold Snap+1","Multi-Cast+1","Capacitor+1","Coolheaded+1","Recycle+1","Trip+1","Panache","Fusion+1","Machine Learning","Stack+1","Consume+1","Coolheaded+1","Coolheaded+1"],"relics":["FrozenCore","Akabeko","Toxic Egg 2","Runic Capacitor","Odd Mushroom","Cables","Centennial Puzzle","InkBottle","Red Mask","Art of War","Gremlin Horn","Sozu","Gambling Chip","Juzu Bracelet","Peace Pipe","Bottled Flame","Pocketwatch"],"acts_visited":["Exordium","TheCity","TheBeyond","TheEnding"],"potions_floor_usage":[24,29,33,33],"damage_taken":[{"damage":7.0,"enemies":"Jaw Worm","floor":1.0,"turns":2.0},{"damage":0.0,"enemies":"Cultist","floor":3.0,"turns":2.0},{"damage":0.0,"enemies":"Small Slimes","floor":4.0,"turns":2.0},{"damage":7.0,"enemies":"Looter","floor":5.0,"turns":3.0},{"damage":10.0,"enemies":"Lagavulin","floor":7.0,"turns":4.0},{"damage":0.0,"enemies":"Large Slime","floor":10.0,"turns":3.0},{"damage":7.0,"enemies":"2 Fungi Beasts","floor":11.0,"turns":2.0},{"damage":9.0,"enemies":"Blue Slaver","floor":12.0,"turns":3.0},{"damage":3.0,"enemies":"The Mushroom Lair","floor":14.0,"turns":3.0},{"damage":11,"enemies":"The Guardian","floor":16,"turns":11},{"damage":10,"enemies":"Shell Parasite","floor":18,"turns":8},{"damage":3,"enemies":"Spheric Guardian","floor":19,"turns":6},{"damage":20,"enemies":"Snake Plant","floor":21,"turns":6},{"damage":0,"enemies":"Book of Stabbing","floor":24,"turns":9},{"damage":1,"enemies":"Masked Bandits","floor":27,"turns":6},{"damage":28,"enemies":"Gremlin Leader","floor":29,"turns":9},{"damage":2,"enemies":"Chosen and Byrds","floor":30,"turns":6},{"damage":12,"enemies":"Book of Stabbing","floor":31,"turns":6},{"damage":9,"enemies":"Automaton","floor":33,"turns":11},{"damage":17,"enemies":"3 Darklings","floor":35,"turns":5},{"damage":0,"enemies":"Orb Walker","floor":36,"turns":4},{"damage":3,"enemies":"Spire Growth","floor":38,"turns":6},{"damage":0,"enemies":"Nemesis","floor":41,"turns":11},{"damage":6,"enemies":"Giant Head","floor":44,"turns":6},{"damage":0,"enemies":"Mind Bloom Boss Battle","floor":45,"turns":10},{"damage":43,"enemies":"Time Eater","floor":50,"turns":15},{"damage":0,"enemies":"Shield and Spear","floor":54,"turns":9},{"damage":91,"enemies":"The Heart","floor":55,"turns":14}],"seed_played":"-3923118058734054530","potions_obtained":[{"floor":4.0,"key":"AttackPotion"},{"floor":7.0,"key":"SpeedPotion"},{"floor":10.0,"key":"PotionOfCapacity"},{"floor":12.0,"key":"SteroidPotion"},{"floor":16,"key":"DuplicationPotion"},{"floor":21,"key":"Regen Potion"},{"floor":29,"key":"PowerPotion"},{"floor":31,"key":"DuplicationPotion"}],"is_trial":false,"path_per_floor":["M","?","M","M","M","R","E","R","T","M","M","M","$","?","R","B",null,"M","M","?","M","$","R","E","$","T","?","R","E","M","E","R","B",null,"M","M","$","M","?","R","E","R","T","E","?","R","T","?","R","B",null,"R","$","E","B"],"character_chosen":"DEFECT","items_purchased":["Glacier+1","Runic Capacitor","Coolheaded+1","Coolheaded+1","Recycle+1","Consume+1","Coolheaded+1"],"campfire_rested":1,"item_purchase_floors":[13,13,22,37,37,53,53],"current_hp_per_floor":[61,61,61,61,54,54,44,44,44,44,37,28,28,25,47,43,67,64,68,68,55,55,55,62,62,62,68,68,54,59,54,54,52,69,52,59,59,63,58,58,65,65,65,66,73,73,73,73,73,37,66,66,66,73,0,0],"gold":81,"neow_bonus":"RANDOM_COLORLESS","is_daily":false,"chose_seed":false,"campfire_upgraded":8,"win_rate":0.0,"timestamp":1610811990,"path_taken":["M","?","M","M","M","R","E","R","T","M","M","M","?","?","R","BOSS","M","M","?","M","$","R","E","$","T","?","R","E","M","E","R","BOSS","M","M","$","M","?","R","E","R","T","E","?","R","?","?","R","BOSS","R","$","E","BOSS"],"items_purchased_type":["Card","Relic","Card","Card","Card","Card","Card"],"build_version":"2020-12-22","purchased_purges":3,"victory":false,"max_hp_per_floor":[75,75,75,75,75,75,75,75,75,75,75,75,75,75,75,75,75,75,75,75,75,75,75,75,75,75,75,75,75,75,75,75,75,75,75,75,75,75,75,75,75,75,75,75,75,75,75,75,75,75,75,75,75,75,75,75],"card_choices":[{"not_picked":["Good Instincts","Impatience"],"picked":"Dramatic Entrance","floor":0.0},{"not_picked":["FTL","Reinforced Body"],"picked":"Streamline","floor":1.0},{"not_picked":["Gash","Beam Cell"],"picked":"Conserve Battery","floor":3.0},{"not_picked":["Steam","Skim"],"picked":"Darkness","floor":4.0},{"not_picked":["Skim","Hologram"],"picked":"Reboot","floor":5.0},{"not_picked":["Sweeping Beam","Auto Shields"],"picked":"Loop","floor":7.0},{"not_picked":["Coolheaded+1","Genetic Algorithm+1"],"picked":"Defragment","floor":10.0},{"not_picked":["Self Repair","Tempest+1"],"picked":"Ball Lightning","floor":11.0},{"not_picked":["Hello World","FTL"],"picked":"Cold Snap","floor":12.0},{"not_picked":["Static Discharge","Steam Power+1"],"picked":"Self Repair","floor":14.0},{"not_picked":["Thunder Strike","Hyperbeam"],"picked":"Buffer","floor":16},{"not_picked":["BootSequence+1","Sweeping Beam"],"picked":"Chill+1","floor":18},{"not_picked":["Streamline","Heatsinks"],"picked":"Blizzard","floor":19},{"not_picked":["Self Repair","Go for the Eyes"],"picked":"Coolheaded+1","floor":21},{"not_picked":["Self Repair","Reprogram+1","Lockon"],"picked":"SKIP","floor":24},{"not_picked":["Cold Snap","Turbo+1"],"picked":"Blizzard","floor":27},{"not_picked":["Cold Snap","Darkness+1","Genetic Algorithm+1"],"picked":"SKIP","floor":29},{"not_picked":["Rebound","Stack+1"],"picked":"Undo+1","floor":30},{"not_picked":["All For One","Barrage"],"picked":"Cold Snap+1","floor":31},{"not_picked":["Amplify+1","Buffer"],"picked":"Multi-Cast+1","floor":33},{"not_picked":["Storm","Ball Lightning","Chill+1"],"picked":"SKIP","floor":35},{"not_picked":["Gash","Beam Cell"],"picked":"Capacitor","floor":36},{"not_picked":["Compile Driver","Melter","Cold Snap"],"picked":"SKIP","floor":38},{"not_picked":["Deep Breath+1","Purity+1"],"picked":"Trip+1","floor":39},{"not_picked":["Purity+1","Mayhem"],"picked":"Panache","floor":39},{"not_picked":["Sweeping Beam","Rip and Tear"],"picked":"Fusion+1","floor":41},{"not_picked":["Blizzard","Conserve Battery+1"],"picked":"Machine Learning","floor":44},{"not_picked":["Compile Driver","Redo+1"],"picked":"Stack+1","floor":45},{"not_picked":["Conserve Battery+1","Skim+1"],"picked":"Coolheaded+1","floor":54}],"player_experience":724061,"relics_obtained":[{"floor":7.0,"key":"Akabeko"},{"floor":9.0,"key":"Toxic Egg 2"},{"floor":14.0,"key":"Odd Mushroom"},{"floor":24,"key":"Centennial Puzzle"},{"floor":26,"key":"InkBottle"},{"floor":27,"key":"Red Mask"},{"floor":29,"key":"Art of War"},{"floor":31,"key":"Gremlin Horn"},{"floor":41,"key":"Gambling Chip"},{"floor":44,"key":"Juzu Bracelet"},{"floor":45,"key":"Peace Pipe"},{"floor":47,"key":"Bottled Flame"},{"floor":54,"key":"Pocketwatch"}],"event_choices":[{"cards_removed":["Strike_B"],"damage_healed":0.0,"max_hp_gain":0.0,"max_hp_loss":0.0,"gold_gain":0.0,"event_name":"Bonfire Elementals","player_choice":"Offered Basic","floor":2.0,"gold_loss":0.0,"damage_taken":0.0},{"damage_healed":0.0,"max_hp_gain":0.0,"max_hp_loss":0.0,"gold_gain":0.0,"event_name":"Mushrooms","player_choice":"Fought Mushrooms","floor":14.0,"gold_loss":0.0,"damage_taken":0.0},{"damage_healed":0,"gold_gain":0,"player_choice":"Obtained Relic","damage_taken":0,"relics_obtained":["Cables"],"max_hp_gain":0,"max_hp_loss":0,"event_name":"Addict","floor":20,"gold_loss":85},{"damage_healed":0,"gold_gain":0,"player_choice":"Fought Bandits","damage_taken":0,"max_hp_gain":0,"max_hp_loss":0,"event_name":"Masked Bandits","floor":27,"gold_loss":0},{"damage_healed":0,"gold_gain":0,"player_choice":"Memory 2","damage_taken":5,"max_hp_gain":0,"max_hp_loss":0,"event_name":"SensoryStone","floor":39,"gold_loss":0},{"damage_healed":0,"gold_gain":0,"player_choice":"Fight","damage_taken":0,"max_hp_gain":0,"max_hp_loss":0,"event_name":"MindBloom","floor":45,"gold_loss":0},{"damage_healed":0,"gold_gain":0,"player_choice":"Ignored","damage_taken":0,"max_hp_gain":0,"max_hp_loss":0,"event_name":"Tomb of Lord Red Mask","floor":48,"gold_loss":0}],"is_beta":false,"boss_relics":[{"not_picked":["Tiny House","Fusion Hammer"],"picked":"FrozenCore"},{"not_picked":["Black Star","Empty Cage"],"picked":"Sozu"}],"items_purged_floors":[25,37,53],"is_endless":false,"potions_floor_spawned":[4,7,10,12,16,21,29,31,35,36,44,45],"killed_by":"The Heart","ascension_level":12}}