{"host":"5p9hybygolzp0efr","time":1610806290,"event":{"mods":["AchievementEnabler","BaseMod","Bestiary","Colored Map","Minty Spire (QoL Compilation)","Permanent Neow","Relic Stats"],"gold_per_floor":[114,129,144,104,119,119,134,134,159,189,3,3,3,0,0,100,100,85,100,100,100],"floor_reached":20,"language":"ENG","playtime":1186,"items_purged":[],"score":174,"play_id":"6033b0ac-b1b8-4c2c-8869-8e3471660f4b","local_time":"20210116221130","daily_mods":["Allstar","Flight","Night Terrors"],"is_ascension_mode":false,"campfire_choices":[{"data":"Noxious Fumes","floor":6,"key":"SMITH"},{"floor":15,"key":"REST"}],"circlet_count":0,"master_deck":["Strike_G","Strike_G","Strike_G","Strike_G","Strike_G","Defend_G","Defend_G","Defend_G","Defend_G","Defend_G","Survivor","Neutralize","Impatience","Dark Shackles","Panacea","Mayhem","PanicButton","Noxious Fumes+1","Flying Knee","Acrobatics","Well Laid Plans","Footwork","Blur","Pain","A Thousand Cuts","Dagger Spray","Dagger Throw"],"relics":["Ring of the Snake","PreservedInsect","Orichalcum","MealTicket","WarpedTongs","Philosopher\u0027s Stone"],"acts_visited":["Exordium","TheCity"],"potions_floor_usage":[],"damage_taken":[{"damage":1,"enemies":"2 Louse","floor":1,"turns":4},{"damage":0,"enemies":"Small Slimes","floor":2,"turns":4},{"damage":1,"enemies":"Jaw Worm","floor":3,"turns":5},{"damage":15,"enemies":"Large Slime","floor":5,"turns":9},{"damage":9,"enemies":"Exordium Thugs","floor":7,"turns":6},{"damage":34,"enemies":"Gremlin Nob","floor":10,"turns":5},{"damage":8,"enemies":"Looter","floor":14,"turns":4},{"damage":18,"enemies":"Slime Boss","floor":16,"turns":15},{"damage":14,"enemies":"2 Thieves","floor":18,"turns":4},{"damage":9,"enemies":"Spheric Guardian","floor":19,"turns":6},{"damage":54,"enemies":"Masked Bandits","floor":20,"turns":3}],"seed_played":"2700428786693623746","potions_obtained":[{"floor":2,"key":"Strength Potion"},{"floor":5,"key":"BlessingOfTheForge"},{"floor":7,"key":"DistilledChaos"},{"floor":19,"key":"LiquidMemories"}],"is_trial":false,"path_per_floor":["M","M","M","?","M","R","M","?","T","E","$","?","?","M","R","B",null,"M","M","?"],"character_chosen":"THE_SILENT","items_purchased":["MealTicket","Blur"],"campfire_rested":1,"item_purchase_floors":[11,11],"current_hp_per_floor":[69,69,68,68,53,53,44,49,49,15,15,15,15,7,70,52,70,56,47,0,0],"gold":100,"neow_bonus":"","is_daily":true,"chose_seed":false,"campfire_upgraded":1,"win_rate":0.0,"timestamp":1610806290,"path_taken":["M","M","M","?","M","R","M","?","T","E","?","?","?","?","R","BOSS","M","M","?"],"items_purchased_type":["Relic","Card"],"build_version":"2020-12-22","purchased_purges":0,"victory":false,"max_hp_per_floor":[70,70,70,70,70,70,70,75,75,75,75,75,75,75,70,70,70,70,70,70,70],"relic_stats":{"counters":[11,65],"MealTicket":0,"PreservedInsect":22,"Orichalcum":[48],"obtain_stats":[{"MealTicket":11,"Philosopher\u0027s Stone":17,"PreservedInsect":9,"Orichalcum":10,"Ring of the Snake":0,"WarpedTongs":13},{"MealTicket":6,"Philosopher\u0027s Stone":8,"PreservedInsect":5,"Orichalcum":6,"Ring of the Snake":0,"WarpedTongs":6},{"MealTicket":33,"Philosopher\u0027s Stone":52,"PreservedInsect":28,"Orichalcum":33,"Ring of the Snake":0,"WarpedTongs":33}],"Ring of the Snake":[22],"WarpedTongs":[32]},"card_choices":[{"not_picked":["Deadly Poison","Blade Dance"],"picked":"Noxious Fumes","floor":1},{"not_picked":["Eviscerate","Concentrate"],"picked":"Flying Knee","floor":2},{"not_picked":["Finisher","Phantasmal Killer"],"picked":"Acrobatics","floor":3},{"not_picked":["Escape Plan","Dodge and Roll"],"picked":"Well Laid Plans","floor":5},{"not_picked":["Masterful Stab","Escape Plan","Reflex"],"picked":"SKIP","floor":7},{"not_picked":["Dagger Spray","Backflip"],"picked":"Footwork","floor":10},{"not_picked":["Blade Dance","Outmaneuver","Endless Agony"],"picked":"SKIP","floor":14},{"not_picked":["Envenom","Tools of the Trade"],"picked":"A Thousand Cuts","floor":16},{"not_picked":["Slice+1","Riddle With Holes"],"picked":"Dagger Spray","floor":18},{"not_picked":["Flying Knee","Infinite Blades"],"picked":"Dagger Throw","floor":19}],"player_experience":481981,"relics_obtained":[{"floor":9,"key":"PreservedInsect"},{"floor":10,"key":"Orichalcum"}],"event_choices":[{"damage_healed":0,"gold_gain":0,"player_choice":"Left Gold","damage_taken":0,"max_hp_gain":0,"max_hp_loss":0,"event_name":"World of Goop","floor":4,"gold_loss":40},{"damage_healed":0,"gold_gain":0,"player_choice":"Donut","damage_taken":0,"max_hp_gain":5,"max_hp_loss":0,"event_name":"Big Fish","floor":8,"gold_loss":0},{"damage_healed":0,"gold_gain":0,"player_choice":"Ignored","damage_taken":0,"max_hp_gain":0,"max_hp_loss":0,"event_name":"Liars Game","floor":12,"gold_loss":0},{"damage_healed":0,"gold_gain":0,"player_choice":"Rummage","damage_taken":0,"relics_obtained":["WarpedTongs"],"max_hp_gain":0,"max_hp_loss":0,"event_name":"Accursed Blacksmith","floor":13,"gold_loss":0,"cards_obtained":["Pain"]},{"damage_healed":0,"gold_gain":0,"player_choice":"Fought Bandits","damage_taken":0,"max_hp_gain":0,"max_hp_loss":0,"event_name":"Masked Bandits","floor":20,"gold_loss":0}],"is_beta":false,"boss_relics":[{"not_picked":["Runic Dome","Fusion Hammer"],"picked":"Philosopher\u0027s Stone"}],"items_purged_floors":[],"is_endless":false,"potions_floor_spawned":[2,5,7,18,19],"killed_by":"Masked Bandits","ascension_level":0}}