{"host":"8xi53560pl5zaoq2","time":1610766473,"event":{"mods":["BaseMod","Colored Map","Highlight Path","Minty Spire (QoL Compilation)","StSLib","Synergy Search"],"gold_per_floor":[117,128,78,90,107,107,182,182,232,232,251,251,261,35,35,35,35],"floor_reached":16,"language":"ENG","playtime":663,"items_purged":["Strike_R"],"score":156,"play_id":"5aabcd50-588e-4ffe-ab3c-b0b506ad9622","local_time":"20210115200753","is_ascension_mode":true,"campfire_choices":[{"data":"Entrench","floor":6,"key":"SMITH"},{"data":"Shrug It Off","floor":8,"key":"SMITH"},{"data":"Bash","floor":10,"key":"SMITH"},{"data":"Body Slam","floor":12,"key":"SMITH"},{"data":"Armaments","floor":15,"key":"SMITH"}],"circlet_count":0,"master_deck":["AscendersBane","Strike_R","Strike_R","Strike_R","Defend_R","Defend_R","Defend_R","Defend_R","Bash+1","Cleave","Entrench+1","Shrug It Off+1","Body Slam+1","Armaments+1"],"relics":["Burning Blood","Centennial Puzzle","MealTicket","Blood Vial"],"acts_visited":["Exordium"],"potions_floor_usage":[16,16],"damage_taken":[{"damage":9,"enemies":"Small Slimes","floor":1,"turns":5},{"damage":0,"enemies":"2 Louse","floor":2,"turns":2},{"damage":7,"enemies":"Jaw Worm","floor":4,"turns":6},{"damage":7,"enemies":"2 Fungi Beasts","floor":5,"turns":3},{"damage":14,"enemies":"Large Slime","floor":11,"turns":9},{"damage":1,"enemies":"Looter","floor":13,"turns":3},{"damage":81,"enemies":"Hexaghost","floor":16,"turns":15}],"seed_played":"-5561702706625100763","potions_obtained":[{"floor":4,"key":"AttackPotion"},{"floor":5,"key":"ElixirPotion"},{"floor":13,"key":"Weak Potion"}],"is_trial":false,"path_per_floor":["M","M","?","M","M","R","?","R","T","R","M","R","M","$","R","B"],"character_chosen":"IRONCLAD","items_purchased":["Blood Vial"],"campfire_rested":0,"item_purchase_floors":[14],"current_hp_per_floor":[65,71,71,70,69,69,58,58,58,58,50,50,55,70,70,0,0],"gold":35,"neow_bonus":"RANDOM_COMMON_RELIC","is_daily":false,"chose_seed":false,"campfire_upgraded":5,"win_rate":0.0,"timestamp":1610766473,"path_taken":["M","M","?","M","M","R","?","R","T","R","M","R","M","?","R","BOSS"],"items_purchased_type":["Relic"],"build_version":"2020-12-22","purchased_purges":1,"victory":false,"max_hp_per_floor":[75,75,75,75,75,75,75,75,75,75,75,75,75,75,75,75,75],"card_choices":[{"not_picked":["Spot Weakness","Flex"],"picked":"Cleave","floor":1},{"not_picked":["Ghostly Armor","Twin Strike"],"picked":"Entrench","floor":2},{"not_picked":["Second Wind","Blood for Blood","Warcry"],"picked":"SKIP","floor":4},{"not_picked":["Twin Strike","Pommel Strike"],"picked":"Shrug It Off","floor":5},{"not_picked":["Thunderclap","Rampage"],"picked":"Body Slam","floor":11},{"not_picked":["Pummel","Warcry"],"picked":"Armaments","floor":13}],"player_experience":1297992,"relics_obtained":[{"floor":9,"key":"MealTicket"}],"event_choices":[{"cards_removed":["Strike_R"],"damage_healed":0,"gold_gain":0,"player_choice":"Card Removal","damage_taken":0,"max_hp_gain":0,"max_hp_loss":0,"event_name":"The Cleric","floor":3,"gold_loss":50},{"damage_healed":0,"gold_gain":75,"player_choice":"Gather Gold","damage_taken":11,"max_hp_gain":0,"max_hp_loss":0,"event_name":"World of Goop","floor":7,"gold_loss":0}],"is_beta":false,"boss_relics":[],"items_purged_floors":[14],"is_endless":false,"potions_floor_spawned":[4,5,13],"killed_by":"Hexaghost","ascension_level":14}}