{"host":"sc0o2qwpf9j16a4i","time":1610828871,"event":{"mods":["AchievementEnabler","BaseMod","BetterRewards","Block Reminder","Colored Map","Colored Powertips","Custom Start","Highlight Path","Minty Spire (QoL Compilation)","Relic Stats"],"gold_per_floor":[111,129,129,129,29,29,64,74,74,94,94,119,139,14,14,90,90,105,105,117,133,153,153,178,194,194,194,220,233,283,297,297,368,368,388,388,388,402,421,421,433,468,468,500,8,8,37,86,86,86,86,86,86,32,65,65],"floor_reached":57,"language":"ENG","playtime":2985,"items_purged":["Strike_G","Strike_G","Strike_G"],"score":3959,"play_id":"bb9ae26f-74de-48c2-9aa2-64a4b365c05c","local_time":"20210116222751","is_ascension_mode":true,"campfire_choices":[{"floor":6,"key":"REST"},{"floor":11,"key":"REST"},{"data":"Well Laid Plans","floor":15,"key":"SMITH"},{"data":"Malaise","floor":23,"key":"SMITH"},{"data":"Catalyst","floor":27,"key":"SMITH"},{"data":"After Image","floor":32,"key":"SMITH"},{"floor":40,"key":"RECALL"},{"floor":49,"key":"REST"},{"data":"Footwork","floor":53,"key":"SMITH"}],"circlet_count":0,"master_deck":["AscendersBane","Strike_G","Strike_G","Defend_G","Defend_G","Defend_G","Defend_G","Defend_G","Survivor","Neutralize+1","Leg Sweep","Well Laid Plans+1","Footwork+1","Quick Slash+1","Noxious Fumes+1","Die Die Die","After Image+1","Crippling Poison","Malaise+1","Bouncing Flask+1","PiercingWail","Predator","Catalyst+1","Venomology","Backflip+1","Corpse Explosion","PiercingWail","Chrysalis","Backflip+1","Corpse Explosion","PiercingWail","Blur"],"relics":["Ring of the Snake","Mummified Hand","TwistedFunnel","Paper Crane","Shovel","Potion Belt","White Beast Statue","Oddly Smooth Stone","Omamori","OrangePellets","Blood Vial","Incense Burner","ClockworkSouvenir","HornCleat","Torii","Lizard Tail","Pear","Snecko Eye","Lantern","FossilizedHelix","Letter Opener","Philosopher\u0027s Stone","Ancient Tea Set","Anchor","Shuriken","Tingsha","Whetstone","Ornamental Fan"],"acts_visited":["Exordium","TheCity","TheBeyond","TheEnding"],"potions_floor_usage":[7,16,16,18,21,24,25,25,28,28,31,33,33,33,38,39,41,42,42,44,50,50,51,55,55,56,56,56,56],"damage_taken":[{"damage":0,"enemies":"Jaw Worm","floor":1,"turns":8},{"damage":0,"enemies":"Small Slimes","floor":2,"turns":8},{"damage":0,"enemies":"Lagavulin","floor":7,"turns":5},{"damage":0,"enemies":"Cultist","floor":8,"turns":4},{"damage":0,"enemies":"Blue Slaver","floor":10,"turns":3},{"damage":20,"enemies":"Gremlin Nob","floor":12,"turns":5},{"damage":0,"enemies":"Looter","floor":13,"turns":4},{"damage":0,"enemies":"The Guardian","floor":16,"turns":10},{"damage":0,"enemies":"Spheric Guardian","floor":18,"turns":6},{"damage":0,"enemies":"Chosen","floor":20,"turns":5},{"damage":0,"enemies":"Snake Plant","floor":21,"turns":6},{"damage":0,"enemies":"Shelled Parasite and Fungi","floor":22,"turns":5},{"damage":0,"enemies":"Slavers","floor":24,"turns":4},{"damage":0,"enemies":"Chosen and Byrds","floor":25,"turns":3},{"damage":1,"enemies":"Gremlin Leader","floor":28,"turns":6},{"damage":0,"enemies":"Centurion and Healer","floor":29,"turns":5},{"damage":0,"enemies":"Cultist and Chosen","floor":31,"turns":7},{"damage":0,"enemies":"Collector","floor":33,"turns":9},{"damage":0,"enemies":"3 Shapes","floor":35,"turns":1},{"damage":0,"enemies":"Orb Walker","floor":38,"turns":3},{"damage":0,"enemies":"Maw","floor":39,"turns":6},{"damage":0,"enemies":"Writhing Mass","floor":41,"turns":6},{"damage":33,"enemies":"Reptomancer","floor":42,"turns":6},{"damage":4,"enemies":"Nemesis","floor":44,"turns":9},{"damage":26,"enemies":"Reptomancer","floor":47,"turns":7},{"damage":0,"enemies":"Time Eater","floor":50,"turns":14},{"damage":16,"enemies":"Awakened One","floor":51,"turns":18},{"damage":0,"enemies":"Shield and Spear","floor":55,"turns":8},{"damage":34,"enemies":"The Heart","floor":56,"turns":10}],"seed_played":"6146994604855108899","potions_obtained":[{"floor":1,"key":"GamblersBrew"},{"floor":2,"key":"SteroidPotion"},{"floor":7,"key":"Strength Potion"},{"floor":8,"key":"Poison Potion"},{"floor":16,"key":"Swift Potion"},{"floor":18,"key":"FearPotion"},{"floor":20,"key":"ColorlessPotion"},{"floor":21,"key":"Energy Potion"},{"floor":24,"key":"EssenceOfSteel"},{"floor":25,"key":"EssenceOfSteel"},{"floor":28,"key":"Block Potion"},{"floor":29,"key":"Strength Potion"},{"floor":33,"key":"LiquidBronze"},{"floor":38,"key":"EssenceOfSteel"},{"floor":39,"key":"Strength Potion"},{"floor":41,"key":"Poison Potion"},{"floor":42,"key":"SneckoOil"},{"floor":44,"key":"SpeedPotion"},{"floor":47,"key":"SteroidPotion"},{"floor":55,"key":"SkillPotion"}],"is_trial":false,"path_per_floor":["M","M","?","?","$","R","E","M","T","M","R","E","M","$","R","B",null,"M","?","M","M","M","R","E","M","T","R","E","M","?","M","R","B",null,"M","?","?","M","M","R","M","E","T","E","$","?","E","T","R","B","B",null,"R","$","E","B",null],"character_chosen":"THE_SILENT","items_purchased":["Mummified Hand","TwistedFunnel","Paper Crane","Shovel","Leg Sweep","Well Laid Plans","Potion Belt","White Beast Statue","Oddly Smooth Stone","Omamori","OrangePellets","Blood Vial","Incense Burner","Footwork","ClockworkSouvenir","HornCleat","Fire Potion","Corpse Explosion","Shuriken","PiercingWail","SpeedPotion"],"campfire_rested":3,"item_purchase_floors":[0,0,0,0,0,0,0,0,0,0,0,0,0,0,0,0,0,45,45,45,54],"current_hp_per_floor":[19,21,10,10,10,29,31,33,33,35,54,46,48,48,48,50,70,72,72,74,76,76,76,76,76,76,76,75,76,76,76,76,76,76,76,72,62,64,66,66,68,37,37,35,35,59,33,33,50,52,53,58,58,58,59,25],"gold":65,"neow_bonus":"","is_daily":false,"chose_seed":false,"campfire_upgraded":5,"win_rate":0.0,"timestamp":1610828871,"path_taken":["M","M","?","?","$","R","E","M","T","M","R","E","M","$","R","BOSS","M","?","M","?","M","R","E","M","T","R","E","M","?","M","R","BOSS","M","?","?","M","M","R","M","E","T","E","$","?","E","?","R","BOSS","BOSS","R","$","E","BOSS"],"items_purchased_type":["Relic","Relic","Relic","Relic","Card","Card","Relic","Relic","Relic","Relic","Relic","Relic","Relic","Card","Relic","Relic","Potion","Card","Relic","Card","Potion"],"build_version":"2020-12-22","purchased_purges":3,"victory":true,"max_hp_per_floor":[66,66,66,66,66,66,66,66,66,66,66,76,76,76,76,76,76,76,76,76,76,76,76,76,76,76,76,76,76,76,76,76,76,76,76,72,72,72,72,72,72,72,72,72,72,59,59,59,59,59,59,59,59,59,59,59],"relic_stats":{"Torii":47,"counters":[77,453],"Tingsha":[15],"Letter Opener":[404],"Whetstone":["Quick Slash","Neutralize"],"Blood Vial":38,"OrangePellets":[16],"Lizard Tail":0,"Shovel":0,"Mummified Hand":[225],"Shuriken":[24],"Ornamental Fan":[0],"Snecko Eye":[492,496,462,502],"obtain_stats":[{"TwistedFunnel":0,"Vajra":11,"Whetstone":48,"Bottled Tornado":30,"Blood Vial":0,"Centennial Puzzle":9,"Lizard Tail":9,"HornCleat":19,"Strawberry":43,"MealTicket":23,"Philosopher\u0027s Stone":34,"Pear":12,"Oddly Smooth Stone":0,"Tingsha":47,"Pen Nib":0,"Letter Opener":28,"Paper Crane":0,"Akabeko":55,"OrangePellets":0,"Shuriken":45,"Snecko Eye":17,"Pandora\u0027s Box":0,"StrikeDummy":41,"Unceasing Top":36,"Lantern":24,"Torii":7,"Snake Skull":26,"Bag of Preparation":44,"Incense Burner":0,"Cursed Key":17,"Ancient Tea Set":42,"ClockworkSouvenir":0,"Dream Catcher":7,"Shovel":0,"Ninja Scroll":43,"Mummified Hand":0,"Red Mask":24,"InkBottle":45,"Ring of the Snake":0,"Potion Belt":0,"Lee\u0027s Waffle":21,"The Specimen":41,"Omamori":14,"Orichalcum":46,"Frozen Egg 2":0,"MawBank":13,"Medical Kit":0,"White Beast Statue":22,"Peace Pipe":42,"Anchor":44,"Busted Crown":34,"Ornamental Fan":55,"Art of War":6,"Membership Card":37,"FossilizedHelix":26},{"TwistedFunnel":48,"Vajra":4,"Whetstone":73,"Bottled Tornado":12,"Blood Vial":48,"Centennial Puzzle":4,"Lizard Tail":52,"HornCleat":30,"Strawberry":40,"MealTicket":9,"Philosopher\u0027s Stone":66,"Pear":54,"Oddly Smooth Stone":48,"Tingsha":73,"Pen Nib":22,"Letter Opener":63,"Paper Crane":48,"Akabeko":47,"OrangePellets":48,"Shuriken":72,"Snecko Eye":6,"Pandora\u0027s Box":0,"StrikeDummy":40,"Unceasing Top":38,"Lantern":61,"Torii":51,"Snake Skull":32,"Bag of Preparation":41,"Incense Burner":48,"Cursed Key":29,"Ancient Tea Set":71,"ClockworkSouvenir":48,"Dream Catcher":4,"Shovel":48,"Ninja Scroll":18,"Mummified Hand":48,"Red Mask":10,"InkBottle":19,"Ring of the Snake":0,"Potion Belt":48,"Lee\u0027s Waffle":30,"The Specimen":17,"Omamori":28,"Orichalcum":19,"Frozen Egg 2":22,"MawBank":5,"Medical Kit":22,"White Beast Statue":8,"Peace Pipe":18,"Anchor":72,"Busted Crown":13,"Ornamental Fan":76,"Art of War":25,"Membership Card":15,"FossilizedHelix":62},{"TwistedFunnel":262,"Vajra":27,"Whetstone":403,"Bottled Tornado":73,"Blood Vial":262,"Centennial Puzzle":27,"Lizard Tail":287,"HornCleat":155,"Strawberry":210,"MealTicket":57,"Philosopher\u0027s Stone":365,"Pear":295,"Oddly Smooth Stone":262,"Tingsha":403,"Pen Nib":120,"Letter Opener":344,"Paper Crane":262,"Akabeko":254,"OrangePellets":262,"Shuriken":396,"Snecko Eye":41,"Pandora\u0027s Box":0,"StrikeDummy":210,"Unceasing Top":200,"Lantern":335,"Torii":283,"Snake Skull":167,"Bag of Preparation":217,"Incense Burner":262,"Cursed Key":151,"Ancient Tea Set":387,"ClockworkSouvenir":262,"Dream Catcher":27,"Shovel":262,"Ninja Scroll":103,"Mummified Hand":262,"Red Mask":60,"InkBottle":109,"Ring of the Snake":0,"Potion Belt":262,"Lee\u0027s Waffle":155,"The Specimen":96,"Omamori":144,"Orichalcum":109,"Frozen Egg 2":120,"MawBank":31,"Medical Kit":120,"White Beast Statue":48,"Peace Pipe":103,"Anchor":396,"Busted Crown":81,"Ornamental Fan":443,"Art of War":132,"Membership Card":86,"FossilizedHelix":338}],"Ring of the Snake":[110]},"card_choices":[{"not_picked":["Flechettes","Backflip"],"picked":"Quick Slash","floor":1},{"not_picked":["Quick Slash","Flying Knee"],"picked":"Noxious Fumes","floor":2},{"not_picked":["Blade Dance","Prepared","Setup"],"picked":"SKIP","floor":7},{"not_picked":["Backflip","Cloak And Dagger","Quick Slash"],"picked":"SKIP","floor":8},{"not_picked":["Dagger Throw","Cloak And Dagger"],"picked":"Die Die Die","floor":10},{"not_picked":["Endless Agony","Deadly Poison"],"picked":"After Image","floor":12},{"not_picked":["Predator","Slice"],"picked":"Crippling Poison","floor":13},{"not_picked":["Night Terror","Unload"],"picked":"Malaise","floor":16},{"not_picked":["Quick Slash","Poisoned Stab","Infinite Blades"],"picked":"SKIP","floor":18},{"not_picked":["Sucker Punch","Prepared"],"picked":"Bouncing Flask+1","floor":20},{"not_picked":["Cloak And Dagger","Setup"],"picked":"PiercingWail","floor":21},{"not_picked":["Cloak And Dagger","Sucker Punch"],"picked":"Predator","floor":22},{"not_picked":["Deflect","Eviscerate+1"],"picked":"Catalyst","floor":24},{"not_picked":["Underhanded Strike","Well Laid Plans","Deadly Poison"],"picked":"SKIP","floor":25},{"not_picked":["Skewer","Poisoned Stab"],"picked":"Venomology","floor":28},{"not_picked":["Outmaneuver","Deadly Poison"],"picked":"Backflip+1","floor":29},{"not_picked":["Escape Plan","Bane","Outmaneuver"],"picked":"SKIP","floor":31},{"not_picked":["Bullet Time","Envenom"],"picked":"Corpse Explosion","floor":33},{"not_picked":["Deflect","Escape Plan"],"picked":"PiercingWail","floor":35},{"not_picked":["Purity","Impatience"],"picked":"Chrysalis","floor":37},{"not_picked":["Finisher+1","Blade Dance","Flying Knee+1"],"picked":"SKIP","floor":38},{"not_picked":["Dash","Bane+1"],"picked":"Backflip+1","floor":39},{"not_picked":["Poisoned Stab","Dagger Spray+1","Underhanded Strike"],"picked":"SKIP","floor":41},{"not_picked":["Setup","Doppelganger","Deflect"],"picked":"SKIP","floor":42},{"not_picked":["Dagger Throw","Quick Slash+1","Cloak And Dagger"],"picked":"SKIP","floor":44},{"not_picked":["Cloak And Dagger","Flechettes+1"],"picked":"Blur","floor":47},{"not_picked":["Dagger Spray","Prepared","Eviscerate"],"picked":"SKIP","floor":55}],"player_experience":675429,"relics_obtained":[{"floor":7,"key":"Torii"},{"floor":9,"key":"Lizard Tail"},{"floor":12,"key":"Pear"},{"floor":24,"key":"Lantern"},{"floor":26,"key":"FossilizedHelix"},{"floor":28,"key":"Letter Opener"},{"floor":42,"key":"Ancient Tea Set"},{"floor":44,"key":"Anchor"},{"floor":47,"key":"Tingsha"},{"floor":48,"key":"Whetstone"},{"floor":55,"key":"Ornamental Fan"}],"event_choices":[{"damage_healed":0,"gold_gain":0,"player_choice":"Fled","damage_taken":11,"max_hp_gain":0,"max_hp_loss":0,"event_name":"Scrap Ooze","floor":3,"gold_loss":0},{"damage_healed":0,"gold_gain":0,"player_choice":"Grow","damage_taken":0,"max_hp_gain":0,"max_hp_loss":0,"event_name":"Living Wall","floor":4,"gold_loss":0,"cards_upgraded":["Noxious Fumes"]},{"damage_healed":0,"gold_gain":0,"player_choice":"0 cards matched","damage_taken":0,"max_hp_gain":0,"max_hp_loss":0,"event_name":"Match and Keep!","floor":19,"gold_loss":0,"cards_obtained":[]},{"damage_healed":0,"gold_gain":50,"player_choice":"Stole From Cult","damage_taken":0,"max_hp_gain":0,"max_hp_loss":0,"event_name":"Nest","floor":30,"gold_loss":0},{"damage_healed":0,"gold_gain":0,"player_choice":"Max HP","damage_taken":0,"max_hp_gain":0,"max_hp_loss":4,"event_name":"Winding Halls","floor":36,"gold_loss":0},{"damage_healed":0,"gold_gain":0,"player_choice":"Memory 3","damage_taken":10,"max_hp_gain":0,"max_hp_loss":0,"event_name":"SensoryStone","floor":37,"gold_loss":0},{"damage_healed":59,"gold_gain":0,"player_choice":"Heal","damage_taken":0,"max_hp_gain":0,"max_hp_loss":13,"event_name":"The Moai Head","floor":46,"gold_loss":0}],"is_beta":false,"boss_relics":[{"not_picked":["Cursed Key","SlaversCollar"],"picked":"Snecko Eye"},{"not_picked":["Runic Pyramid","Tiny House"],"picked":"Philosopher\u0027s Stone"}],"items_purged_floors":[0,5,14],"is_endless":false,"potions_floor_spawned":[1,2,7,8,10,12,13,16,18,20,21,22,24,25,28,29,31,33,35,38,39,41,42,44,47,55],"ascension_level":20}}