{"host":"uwwvm37dko2v39wu","time":1610769069,"event":{"mods":["BaseMod","Downfall","Minty Spire (QoL Compilation)","StSLib"],"gold_per_floor":[99,112,112,124,138,151,175,16,44,44,79,95,95,109,119,119,119,119],"floor_reached":16,"language":"ZHS","playtime":1998,"items_purged":[],"score":114,"play_id":"142ef6b6-2527-4d28-9be8-fe49eebdf11a","local_time":"20210116115109","is_ascension_mode":false,"campfire_choices":[{"data":"Guardian:TwinSlam","floor":1,"key":"SMITH"},{"data":"Guardian:TimeBomb","floor":10,"key":"SMITH"},{"floor":13,"key":"REST"}],"circlet_count":0,"master_deck":["Guardian:Strike_Guardian","Guardian:Strike_Guardian","Guardian:Strike_Guardian","Guardian:Strike_Guardian","Guardian:Defend_Guardian","Guardian:Defend_Guardian","Guardian:Defend_Guardian","Guardian:CurlUp","Guardian:TwinSlam+1","Guardian:Incinerate","Guardian:Planning","Guardian:BaubleBeam","Guardian:TimeBomb+1","Guardian:Gem_Cyan","Guardian:Incinerate","Guardian:ExploitGems"],"relics":["Guardian:ModeShifter","Regal Pillow","Toolbox","MealTicket","Anchor"],"acts_visited":["Exordium"],"potions_floor_usage":[6,8,14,16],"damage_taken":[{"damage":3,"enemies":"Small Slimes","floor":2,"turns":3},{"damage":0,"enemies":"Cultist","floor":4,"turns":3},{"damage":0,"enemies":"Jaw Worm","floor":5,"turns":3},{"damage":0,"enemies":"3 Louse","floor":6,"turns":3},{"damage":2,"enemies":"downfall:FleeingMerchant","floor":8,"turns":4},{"damage":37,"enemies":"Lagavulin","floor":9,"turns":9},{"damage":18,"enemies":"3 Sentries","floor":11,"turns":5},{"damage":15,"enemies":"Gremlin Gang","floor":12,"turns":7},{"damage":10,"enemies":"Exordium Thugs","floor":14,"turns":4},{"damage":6,"enemies":"Blue Slaver","floor":15,"turns":4},{"damage":39,"enemies":"SI_SHIV_ARCHETYPE","floor":16,"turns":7}],"seed_played":"-9099955383904083610","potions_obtained":[{"floor":5,"key":"Fire Potion"},{"floor":6,"key":"Weak Potion"},{"floor":12,"key":"Fire Potion"},{"floor":15,"key":"PowerPotion"}],"is_trial":false,"path_per_floor":["R","M","?","M","M","M","T","$","E","R","E","M","R","M","M","B"],"character_chosen":"GUARDIAN","items_purchased":["Toolbox"],"campfire_rested":1,"item_purchase_floors":[8],"current_hp_per_floor":[88,85,85,85,85,85,85,83,46,46,28,13,54,44,38,0,0,0],"gold":119,"neow_bonus":"TEN_PERCENT_HP_BONUS","is_daily":false,"chose_seed":false,"campfire_upgraded":2,"win_rate":0.0,"timestamp":1610769069,"path_taken":["R","M","?","?","M","?","T","$","E","R","E","M","R","M","M","BOSS"],"items_purchased_type":["Relic"],"build_version":"2020-12-22","purchased_purges":0,"victory":false,"max_hp_per_floor":[88,88,88,88,88,88,88,88,88,88,88,88,88,88,88,88,88,88],"card_choices":[{"not_picked":["Guardian:TemporalShield","Guardian:Incinerate"],"picked":"Guardian:Gem_Cyan","floor":2},{"not_picked":["Guardian:ArmoredProtocol","Guardian:Orbwalk"],"picked":"Guardian:Incinerate","floor":4},{"not_picked":["Guardian:Preprogram","Guardian:BodySlam"],"picked":"Guardian:Planning","floor":5},{"not_picked":["Guardian:GemFire","Guardian:PrismaticBarrier","Guardian:Planning"],"picked":"SKIP","floor":6},{"not_picked":["Guardian:TemporalShield","Guardian:RollAttack"],"picked":"Guardian:BaubleBeam","floor":8},{"not_picked":["Guardian:RollAttack","Guardian:Incinerate"],"picked":"Guardian:TimeBomb","floor":9},{"not_picked":["Guardian:CrystalBeam","Guardian:PiercingHide"],"picked":"Guardian:Gem_Cyan","floor":11},{"not_picked":["Guardian:Recover","Guardian:RollAttack"],"picked":"Guardian:Incinerate","floor":12},{"not_picked":["Guardian:ShieldCharger","Guardian:Incinerate"],"picked":"Guardian:ExploitGems","floor":14},{"not_picked":["Guardian:Preprogram","Guardian:ArmoredProtocol","Guardian:Suspension"],"picked":"SKIP","floor":15}],"player_experience":636207,"relics_obtained":[{"floor":7,"key":"Regal Pillow"},{"floor":9,"key":"MealTicket"},{"floor":11,"key":"Anchor"}],"event_choices":[{"cards_removed":["Guardian:Defend_Guardian"],"damage_healed":0,"gold_gain":0,"player_choice":"Offered Basic","damage_taken":0,"max_hp_gain":0,"max_hp_loss":0,"event_name":"Bonfire Elementals","floor":3,"gold_loss":0}],"is_beta":false,"boss_relics":[],"items_purged_floors":[],"is_endless":false,"potions_floor_spawned":[5,6,12,15],"killed_by":"SI_SHIV_ARCHETYPE","ascension_level":0}}