{"host":"vumwfieg2b2mnrfl","time":1610756369,"event":{"mods":["AchievementEnabler","BaseMod","Minty Spire (QoL Compilation)","Rare Cards Sparkle","Relic Stats"],"gold_per_floor":[117,127,127,147,161,187,187,219,219,219,234,254,285,285,285,363,363,376,118,168,47,47,47],"floor_reached":22,"language":"ENG","playtime":856,"items_purged":["Strike_G"],"score":388,"play_id":"51af241c-a329-4ff3-b9bc-22d5aac4525c","local_time":"20210115181929","is_ascension_mode":true,"campfire_choices":[{"data":"Bane","floor":7,"key":"SMITH"},{"floor":10,"key":"REST"},{"floor":15,"key":"REST"}],"circlet_count":0,"master_deck":["AscendersBane","Strike_G","Strike_G","Strike_G","Defend_G","Defend_G","Defend_G","Defend_G","Defend_G","Survivor","Neutralize","Noxious Fumes","Bane+1","PiercingWail","Predator","Calculated Gamble","Escape Plan","PiercingWail","Deadly Poison","Burst","PiercingWail","Footwork","Leg Sweep","Noxious Fumes"],"relics":["SacredBark","Boot","Tiny Chest","Smiling Mask","Blue Candle","Philosopher\u0027s Stone","Regal Pillow"],"acts_visited":["Exordium","TheCity"],"potions_floor_usage":[6,11,13,16,22],"damage_taken":[{"damage":4,"enemies":"Small Slimes","floor":1,"turns":5},{"damage":0,"enemies":"2 Louse","floor":2,"turns":3},{"damage":0,"enemies":"Cultist","floor":4,"turns":4},{"damage":3,"enemies":"Blue Slaver","floor":5,"turns":5},{"damage":12,"enemies":"3 Sentries","floor":6,"turns":8},{"damage":24,"enemies":"Lagavulin","floor":8,"turns":7},{"damage":0,"enemies":"Lots of Slimes","floor":11,"turns":4},{"damage":5,"enemies":"3 Louse","floor":12,"turns":5},{"damage":28,"enemies":"Gremlin Nob","floor":13,"turns":6},{"damage":13,"enemies":"Hexaghost","floor":16,"turns":9},{"damage":34,"enemies":"Shell Parasite","floor":18,"turns":5},{"damage":20,"enemies":"3 Byrds","floor":22,"turns":3}],"seed_played":"2717427905451511408","potions_obtained":[{"floor":4,"key":"BlessingOfTheForge"},{"floor":5,"key":"Energy Potion"},{"floor":6,"key":"Block Potion"},{"floor":13,"key":"Strength Potion"},{"floor":16,"key":"Energy Potion"}],"is_trial":false,"path_per_floor":["M","M","?","M","M","E","R","E","T","R","M","M","E","?","R","B",null,"M","$","?","$","M"],"character_chosen":"THE_SILENT","items_purchased":["Footwork","Regal Pillow","Leg Sweep","Noxious Fumes"],"campfire_rested":2,"item_purchase_floors":[19,19,21,21],"current_hp_per_floor":[55,55,55,55,52,40,40,16,16,35,35,30,2,2,21,8,52,18,18,18,18,0,0],"gold":47,"neow_bonus":"BOSS_RELIC","is_daily":false,"chose_seed":false,"campfire_upgraded":1,"win_rate":0.0,"timestamp":1610756369,"path_taken":["M","M","?","M","M","E","R","E","T","R","M","M","E","?","R","BOSS","M","$","?","$","M"],"items_purchased_type":["Card","Relic","Card","Card"],"build_version":"2020-12-22","purchased_purges":1,"victory":false,"max_hp_per_floor":[66,66,66,66,66,66,66,66,66,66,66,66,66,66,66,66,66,66,66,66,66,66,66],"relic_stats":{"Regal Pillow":0,"counters":[12,64],"Blue Candle":[0],"Tiny Chest":0,"Boot":[22],"Smiling Mask":25,"obtain_stats":[{"Regal Pillow":19,"SacredBark":0,"Blue Candle":13,"Tiny Chest":8,"Philosopher\u0027s Stone":17,"Boot":6,"Smiling Mask":9,"Ring of the Snake":0},{"Regal Pillow":11,"SacredBark":0,"Blue Candle":9,"Tiny Chest":6,"Philosopher\u0027s Stone":10,"Boot":5,"Smiling Mask":6,"Ring of the Snake":0},{"Regal Pillow":61,"SacredBark":0,"Blue Candle":47,"Tiny Chest":32,"Philosopher\u0027s Stone":56,"Boot":25,"Smiling Mask":32,"Ring of the Snake":0}]},"card_choices":[{"not_picked":["Blade Dance","Backflip"],"picked":"Noxious Fumes","floor":1},{"not_picked":["Heel Hook","Slice"],"picked":"Bane","floor":2},{"not_picked":["Flechettes","Flying Knee"],"picked":"Predator","floor":4},{"not_picked":["PiercingWail","Underhanded Strike"],"picked":"Calculated Gamble","floor":5},{"not_picked":["Flying Knee","Cloak And Dagger","Dagger Throw"],"picked":"SKIP","floor":6},{"not_picked":["Eviscerate","Outmaneuver","Flechettes"],"picked":"SKIP","floor":8},{"not_picked":["Sucker Punch","Riddle With Holes"],"picked":"Escape Plan","floor":11},{"not_picked":["Prepared","Expertise"],"picked":"PiercingWail","floor":12},{"not_picked":["Dagger Spray","Masterful Stab"],"picked":"Deadly Poison","floor":13},{"not_picked":["Tools of the Trade","Adrenaline"],"picked":"Burst","floor":16},{"not_picked":["Flying Knee+1","Bouncing Flask"],"picked":"PiercingWail","floor":18}],"player_experience":423843,"relics_obtained":[{"floor":6,"key":"Boot"},{"floor":8,"key":"Tiny Chest"},{"floor":9,"key":"Smiling Mask"},{"floor":13,"key":"Blue Candle"}],"event_choices":[{"damage_healed":0,"gold_gain":0,"cards_transformed":["Strike_G"],"player_choice":"Change","damage_taken":0,"max_hp_gain":0,"max_hp_loss":0,"event_name":"Living Wall","floor":3,"gold_loss":0,"cards_obtained":["PiercingWail"]},{"damage_healed":0,"gold_gain":0,"player_choice":"Ignored","damage_taken":0,"max_hp_gain":0,"max_hp_loss":0,"event_name":"Shining Light","floor":14,"gold_loss":0},{"damage_healed":0,"gold_gain":50,"player_choice":"Stole From Cult","damage_taken":0,"max_hp_gain":0,"max_hp_loss":0,"event_name":"Nest","floor":20,"gold_loss":0}],"is_beta":false,"boss_relics":[{"not_picked":["Pandora\u0027s Box","Calling Bell"],"picked":"Philosopher\u0027s Stone"}],"items_purged_floors":[19],"is_endless":false,"potions_floor_spawned":[4,5,6,13,16],"killed_by":"3 Byrds","ascension_level":18}}