{"host":"p9t7qd83igtcp2bh","time":1610762863,"event":{"mods":["2.2 Compatiblity","AchievementEnabler","BaseMod","Colored Map","Colored Powertips","Custom Start","DeckTracker","Keyboard Shortcuts","Minty Spire (QoL Compilation)","Permanent Neow","StSLib","SuperFastMode","everything is the same but u backflip on backflip"],"gold_per_floor":[113,127,14,14,35,35,70,85,162,162,198,211,254,272,272,362,362,377,398,416,432,13,13,26,26,51,51,51,51,0,0,0,96,96,112,0,0,333,347,347,242,242,310,329,362,378,393,393,393],"floor_reached":48,"language":"KOR","playtime":1270,"items_purged":["Strike_B"],"score":945,"play_id":"aa15fe30-6a1c-481d-a360-a575dd126ffb","local_time":"20210116110743","is_ascension_mode":true,"campfire_choices":[{"data":"Sunder","floor":6,"key":"SMITH"},{"floor":10,"key":"REST"},{"data":"Biased Cognition","floor":15,"key":"SMITH"},{"data":"Recycle","floor":23,"key":"SMITH"},{"data":"Blind","floor":25,"key":"SMITH"},{"data":"Defragment","floor":32,"key":"SMITH"},{"data":"Electrodynamics","floor":40,"key":"SMITH"}],"circlet_count":0,"master_deck":["AscendersBane","Strike_B","Strike_B","Defend_B","Defend_B","Zap","Dualcast","Sunder+1","Genetic Algorithm","Ball Lightning","Recycle+1","Ball Lightning","Leap","Beam Cell","Go for the Eyes","Biased Cognition+1","Cold Snap","Core Surge","Coolheaded","Electrodynamics+1","Stack+1","Hologram","Stack","Blind+1","Turbo","Defragment+1","Fusion","Compile Driver","Barrage","Enlightenment","Glacier","Heatsinks+1","Conserve Battery+1"],"relics":["FrozenCore","Dream Catcher","Lizard Tail","Pear","Odd Mushroom","Blood Vial","Coffee Dripper","Runic Capacitor","Juzu Bracelet","Red Mask","Bronze Scales","Frozen Egg 2","StoneCalendar"],"acts_visited":["Exordium","TheCity","TheBeyond"],"potions_floor_usage":[16,16,21,33,33,47],"damage_taken":[{"damage":1,"enemies":"Cultist","floor":1,"turns":3},{"damage":0,"enemies":"2 Louse","floor":2,"turns":2},{"damage":7,"enemies":"Jaw Worm","floor":5,"turns":3},{"damage":30,"enemies":"Lagavulin","floor":7,"turns":6},{"damage":0,"enemies":"3 Louse","floor":8,"turns":2},{"damage":9,"enemies":"The Mushroom Lair","floor":11,"turns":3},{"damage":2,"enemies":"Looter","floor":12,"turns":3},{"damage":22,"enemies":"3 Sentries","floor":13,"turns":6},{"damage":0,"enemies":"Exordium Wildlife","floor":14,"turns":2},{"damage":2,"enemies":"Hexaghost","floor":16,"turns":9},{"damage":0,"enemies":"Chosen","floor":18,"turns":3},{"damage":14,"enemies":"Shell Parasite","floor":19,"turns":4},{"damage":18,"enemies":"Centurion and Healer","floor":20,"turns":6},{"damage":0,"enemies":"Cultist and Chosen","floor":21,"turns":2},{"damage":32,"enemies":"Sentry and Sphere","floor":24,"turns":6},{"damage":38,"enemies":"Collector","floor":33,"turns":7},{"damage":44,"enemies":"3 Darklings","floor":35,"turns":5},{"damage":0,"enemies":"Orb Walker","floor":39,"turns":5},{"damage":3,"enemies":"Spire Growth","floor":44,"turns":4},{"damage":13,"enemies":"Nemesis","floor":45,"turns":9},{"damage":10,"enemies":"Jaw Worm Horde","floor":46,"turns":4},{"damage":7,"enemies":"Transient","floor":47,"turns":6},{"damage":11,"enemies":"3 Darklings","floor":48,"turns":2}],"seed_played":"8295160542499992111","potions_obtained":[{"floor":8,"key":"Ancient Potion"},{"floor":12,"key":"DistilledChaos"},{"floor":14,"key":"Strength Potion"},{"floor":19,"key":"Weak Potion"},{"floor":20,"key":"Fire Potion"},{"floor":21,"key":"Regen Potion"},{"floor":45,"key":"PotionOfCapacity"},{"floor":46,"key":"Explosive Potion"}],"is_trial":false,"path_per_floor":["M","M","$","?","M","R","E","M","T","R","?","M","E","M","R","B",null,"M","M","M","M","$","R","M","R","T","$","?","$","?","?","R","B",null,"M","?","?","?","M","R","?","?","T","M","E","M","M","M"],"character_chosen":"DEFECT","items_purchased":["Ball Lightning","Recycle","Runic Capacitor","Hologram","Stack","Blind"],"campfire_rested":1,"item_purchase_floors":[3,3,22,22,22,22],"current_hp_per_floor":[63,63,63,39,32,32,2,2,12,36,27,25,3,5,5,5,62,64,52,36,38,38,38,8,8,8,8,8,8,8,8,8,40,71,29,29,29,29,31,31,31,31,31,30,19,11,6,0,0],"gold":393,"neow_bonus":"RANDOM_COMMON_RELIC","is_daily":false,"chose_seed":false,"campfire_upgraded":6,"win_rate":0.0,"timestamp":1610762863,"path_taken":["M","?","$","?","M","R","E","M","T","R","?","M","E","M","R","BOSS","M","M","M","M","$","R","M","R","T","$","?","$","?","?","R","BOSS","M","?","?","?","M","R","?","?","T","M","E","M","M","M"],"items_purchased_type":["Card","Card","Relic","Card","Card","Card"],"build_version":"2020-12-22","purchased_purges":1,"victory":false,"max_hp_per_floor":[71,71,71,71,71,71,71,71,81,81,81,81,81,81,81,81,81,81,81,81,81,81,81,81,81,81,81,81,81,81,81,81,81,81,81,81,81,81,81,81,81,81,81,81,81,81,81,81,81],"card_choices":[{"not_picked":["Stack","FTL"],"picked":"Sunder","floor":1},{"not_picked":["Auto Shields","Storm"],"picked":"Genetic Algorithm","floor":2},{"not_picked":["Redo","Gash"],"picked":"Ball Lightning","floor":5},{"not_picked":["Scrape","Gash"],"picked":"Leap","floor":7},{"not_picked":["Ball Lightning","Rebound"],"picked":"Beam Cell","floor":8},{"not_picked":["Sweeping Beam","Rebound"],"picked":"Go for the Eyes","floor":10},{"not_picked":["Stack","Hologram"],"picked":"Biased Cognition","floor":11},{"not_picked":["Aggregate","Conserve Battery"],"picked":"Cold Snap","floor":12},{"not_picked":["Stack","Genetic Algorithm"],"picked":"Core Surge","floor":13},{"not_picked":["Redo","Consume"],"picked":"Coolheaded","floor":14},{"not_picked":["Rainbow","Hyperbeam"],"picked":"Electrodynamics","floor":16},{"not_picked":["Force Field+1","Auto Shields","Barrage"],"picked":"SKIP","floor":18},{"not_picked":["Cold Snap","Coolheaded","Rebound"],"picked":"SKIP","floor":19},{"not_picked":["Coolheaded","Rebound","Recycle"],"picked":"SKIP","floor":20},{"not_picked":["Stack+1","Redo","Go for the Eyes"],"picked":"SKIP","floor":21},{"not_picked":["Redo","Go for the Eyes"],"picked":"Stack+1","floor":21},{"not_picked":["Beam Cell","Conserve Battery"],"picked":"Turbo","floor":24},{"not_picked":["Meteor Strike","Electrodynamics"],"picked":"Core Surge","floor":33},{"not_picked":["Leap","Barrage"],"picked":"Compile Driver","floor":35},{"not_picked":["Auto Shields","Scrape"],"picked":"Barrage","floor":39},{"not_picked":["Chrysalis","Madness"],"picked":"Enlightenment","floor":42},{"not_picked":["Turbo","Beam Cell"],"picked":"Glacier","floor":44},{"not_picked":["Chill","Doom and Gloom"],"picked":"Heatsinks+1","floor":45},{"not_picked":["Scrape","Hologram","Static Discharge+1"],"picked":"SKIP","floor":46},{"not_picked":["Turbo+1","Barrage"],"picked":"Conserve Battery+1","floor":47}],"player_experience":646649,"relics_obtained":[{"floor":7,"key":"Lizard Tail"},{"floor":9,"key":"Pear"},{"floor":11,"key":"Odd Mushroom"},{"floor":13,"key":"Blood Vial"},{"floor":26,"key":"Juzu Bracelet"},{"floor":43,"key":"Frozen Egg 2"},{"floor":45,"key":"StoneCalendar"}],"event_choices":[{"damage_healed":0,"gold_gain":0,"player_choice":"Take Damage","damage_taken":24,"relics_obtained":["Golden Idol"],"max_hp_gain":0,"max_hp_loss":0,"event_name":"Golden Idol","floor":4,"gold_loss":0},{"damage_healed":0,"gold_gain":0,"player_choice":"Fought Mushrooms","damage_taken":0,"max_hp_gain":0,"max_hp_loss":0,"event_name":"Mushrooms","floor":11,"gold_loss":0},{"damage_healed":0,"gold_gain":0,"cards_transformed":["Strike_B","Defend_B"],"player_choice":"Became Test Subject","damage_taken":0,"max_hp_gain":0,"max_hp_loss":0,"event_name":"Drug Dealer","floor":28,"gold_loss":0,"cards_obtained":["Defragment","Fusion"]},{"damage_healed":0,"gold_gain":0,"player_choice":"Paid Fearfully","damage_taken":0,"max_hp_gain":0,"max_hp_loss":0,"event_name":"Masked Bandits","floor":30,"gold_loss":51},{"cards_removed":["Defend_B"],"damage_healed":0,"gold_gain":0,"player_choice":"Elegance","damage_taken":0,"max_hp_gain":0,"max_hp_loss":0,"event_name":"Back to Basics","floor":31,"gold_loss":0},{"damage_healed":0,"gold_gain":0,"player_choice":"Paid","damage_taken":0,"relics_obtained":["Red Mask"],"max_hp_gain":0,"max_hp_loss":0,"event_name":"Tomb of Lord Red Mask","floor":36,"gold_loss":112},{"cards_removed":["Core Surge"],"damage_healed":0,"gold_gain":0,"player_choice":"Removed Attack","damage_taken":0,"max_hp_gain":0,"max_hp_loss":0,"event_name":"Falling","floor":37,"gold_loss":0},{"damage_healed":0,"gold_gain":333,"player_choice":"Gave Idol","damage_taken":0,"max_hp_gain":0,"max_hp_loss":0,"event_name":"The Moai Head","floor":38,"relics_lost":["Golden Idol"],"gold_loss":0},{"damage_healed":0,"gold_gain":0,"player_choice":"Paid Gold","damage_taken":0,"relics_obtained":["Bronze Scales"],"max_hp_gain":0,"max_hp_loss":0,"event_name":"WeMeetAgain","floor":41,"gold_loss":105},{"damage_healed":0,"gold_gain":0,"player_choice":"Memory 1","damage_taken":0,"max_hp_gain":0,"max_hp_loss":0,"event_name":"SensoryStone","floor":42,"gold_loss":0}],"is_beta":false,"boss_relics":[{"not_picked":["Calling Bell","Sozu"],"picked":"Coffee Dripper"},{"not_picked":["Tiny House","SlaversCollar"],"picked":"FrozenCore"}],"items_purged_floors":[22],"is_endless":false,"potions_floor_spawned":[8,12,14,19,20,21,24,45,46],"killed_by":"3 Darklings","ascension_level":19}}