{"host":"fiyb7gvx7tok3jeh","time":1610755724,"event":{"mods":["BaseMod","Colored Map","Colored Powertips","DeckTracker","Googly Eyes","Highlight Path","Minty Spire (QoL Compilation)"],"gold_per_floor":[12,26,41,51,63,63,63,83,132,160,160,190,201,255,255,350,350,350,350,305,33,33,33,33,33,33,33,33,33,33,33,33,33,33,33,33,0,0,0,0,0,0,0,0,0,0,0,0,0,0],"floor_reached":51,"language":"ENG","playtime":2105,"items_purged":["SandsOfTime"],"score":916,"play_id":"7dc2124f-a645-4445-ab0d-74bc9d54bcc0","local_time":"20210116020844","is_ascension_mode":true,"campfire_choices":[{"data":"Secret Technique","floor":6,"key":"SMITH"},{"floor":11,"key":"REST"},{"data":"PathToVictory","floor":15,"key":"SMITH"},{"data":"Thinking Ahead","floor":24,"key":"SMITH"},{"data":"PathToVictory","floor":27,"key":"SMITH"},{"floor":32,"key":"REST"},{"data":"PathToVictory","floor":40,"key":"SMITH"},{"data":"Evaluate","floor":46,"key":"SMITH"},{"data":"Sanctity","floor":49,"key":"SMITH"}],"circlet_count":0,"master_deck":["Strike_P","Defend_P","Defend_P","Defend_P","Defend_P","Eruption","Vigilance","Secret Technique+1","PathToVictory+1","PathToVictory+1","Evaluate+1","PathToVictory+1","DeusExMachina","Protect+1","Sanctity+1","Thinking Ahead+1","Scrawl","PathToVictory+1","PathToVictory+1","Evaluate+1"],"relics":["PureWater","Akabeko","Letter Opener","Kunai","Bag of Preparation","Ectoplasm","MawBank","Question Card","Busted Crown","Red Mask","Mercury Hourglass","Bottled Lightning","Shuriken"],"acts_visited":["Exordium","TheCity","TheBeyond"],"potions_floor_usage":[10,12,12,16,33,50,50,50],"damage_taken":[{"damage":7,"enemies":"Cultist","floor":1,"turns":3},{"damage":3,"enemies":"2 Louse","floor":2,"turns":4},{"damage":4,"enemies":"Jaw Worm","floor":3,"turns":4},{"damage":4,"enemies":"Exordium Wildlife","floor":4,"turns":5},{"damage":5,"enemies":"3 Louse","floor":5,"turns":5},{"damage":5,"enemies":"2 Fungi Beasts","floor":8,"turns":3},{"damage":36,"enemies":"3 Sentries","floor":10,"turns":13},{"damage":0,"enemies":"Gremlin Nob","floor":12,"turns":3},{"damage":0,"enemies":"Blue Slaver","floor":13,"turns":2},{"damage":10,"enemies":"Hexaghost","floor":16,"turns":4},{"damage":6,"enemies":"Spheric Guardian","floor":18,"turns":3},{"damage":0,"enemies":"2 Thieves","floor":20,"turns":3},{"damage":12,"enemies":"Slavers","floor":23,"turns":4},{"damage":0,"enemies":"Cultist and Chosen","floor":25,"turns":4},{"damage":0,"enemies":"Snecko","floor":29,"turns":3},{"damage":0,"enemies":"Snake Plant","floor":31,"turns":2},{"damage":26,"enemies":"Champ","floor":33,"turns":6},{"damage":0,"enemies":"Orb Walker","floor":35,"turns":2},{"damage":0,"enemies":"3 Shapes","floor":36,"turns":3},{"damage":5,"enemies":"Jaw Worm Horde","floor":38,"turns":2},{"damage":0,"enemies":"4 Shapes","floor":44,"turns":2},{"damage":0,"enemies":"Transient","floor":45,"turns":5},{"damage":0,"enemies":"3 Darklings","floor":48,"turns":2},{"damage":0,"enemies":"Donu and Deca","floor":50,"turns":6}],"seed_played":"2481313376043631268","potions_obtained":[{"floor":5,"key":"Regen Potion"},{"floor":8,"key":"SteroidPotion"},{"floor":10,"key":"DistilledChaos"},{"floor":12,"key":"LiquidMemories"},{"floor":18,"key":"PowerPotion"},{"floor":20,"key":"LiquidMemories"},{"floor":25,"key":"DistilledChaos"},{"floor":44,"key":"Ancient Potion"}],"is_trial":false,"path_per_floor":["M","M","M","M","M","R","?","M","T","E","R","E","M","T","R","B",null,"M","?","M","$","?","E","R","M","T","R","?","M","$","M","R","B",null,"M","M","?","M","T","R","?","$","T","M","M","R","T","M","R","B",null],"character_chosen":"WATCHER","items_purchased":["Thinking Ahead"],"campfire_rested":2,"item_purchase_floors":[21],"current_hp_per_floor":[65,62,58,54,49,49,49,44,44,23,44,44,44,44,44,34,72,66,66,66,66,53,41,41,41,41,41,41,41,41,41,64,38,77,77,77,77,72,72,72,72,72,72,72,72,72,72,72,72,72],"gold":0,"neow_bonus":"RANDOM_COLORLESS_2","is_daily":false,"chose_seed":false,"campfire_upgraded":7,"win_rate":0.0,"timestamp":1610755724,"path_taken":["M","M","M","M","?","R","?","?","T","E","R","E","M","?","R","BOSS","M","?","M","$","?","E","R","M","T","R","?","M","?","M","R","BOSS","M","M","?","M","?","R","?","?","T","?","M","R","?","M","R","BOSS"],"items_purchased_type":["Card"],"build_version":"2020-12-22","purchased_purges":1,"victory":true,"max_hp_per_floor":[72,72,72,72,72,72,72,72,72,72,72,72,72,72,72,72,72,72,72,72,72,77,77,77,77,77,77,77,77,77,77,77,77,77,77,77,77,77,77,77,77,77,77,77,77,77,77,77,77,77],"card_choices":[{"not_picked":["Violence","Thinking Ahead"],"picked":"Secret Technique","floor":0},{"not_picked":["FollowUp","EmptyBody"],"picked":"PathToVictory","floor":1},{"not_picked":["Swivel","SignatureMove","BowlingBash"],"picked":"SKIP","floor":2},{"not_picked":["FlurryOfBlows","WindmillStrike"],"picked":"PathToVictory","floor":3},{"not_picked":["TalkToTheHand","Consecrate"],"picked":"Evaluate","floor":4},{"not_picked":["Crescendo","FlurryOfBlows","ReachHeaven"],"picked":"SKIP","floor":5},{"not_picked":["FlyingSleeves","Study","Conclude"],"picked":"SKIP","floor":8},{"not_picked":["MentalFortress","ThirdEye"],"picked":"PathToVictory","floor":10},{"not_picked":["Pray","ForeignInfluence","Fasting2"],"picked":"SKIP","floor":12},{"not_picked":["Ragnarok","Halt","JustLucky"],"picked":"SKIP","floor":13},{"not_picked":["LessonLearned","Alpha"],"picked":"DeusExMachina","floor":16},{"not_picked":["WheelKick+1","Halt+1"],"picked":"Protect+1","floor":18},{"not_picked":["CutThroughFate","FollowUp+1","Consecrate+1"],"picked":"SKIP","floor":20},{"not_picked":["FollowUp","Fasting2","SashWhip+1"],"picked":"SKIP","floor":23},{"not_picked":["BowlingBash","CrushJoints","Worship"],"picked":"SKIP","floor":25},{"not_picked":["JustLucky","Nirvana+1","Consecrate","Worship"],"picked":"SKIP","floor":29},{"not_picked":["Worship+1","Crescendo","InnerPeace","Wallop"],"picked":"SKIP","floor":31},{"not_picked":["Establishment","DeusExMachina","Omniscience"],"picked":"Scrawl","floor":33},{"not_picked":["MentalFortress+1","ReachHeaven"],"picked":"SKIP","floor":35},{"not_picked":["LikeWater"],"picked":"PathToVictory+1","floor":36},{"not_picked":["FearNoEvil+1"],"picked":"PathToVictory","floor":38},{"not_picked":["EmptyFist+1","BattleHymn+1"],"picked":"SKIP","floor":44},{"not_picked":["Tantrum"],"picked":"Evaluate+1","floor":45},{"not_picked":["Prostrate+1","WindmillStrike"],"picked":"SKIP","floor":48}],"player_experience":262026,"relics_obtained":[{"floor":9,"key":"Akabeko"},{"floor":10,"key":"Letter Opener"},{"floor":12,"key":"Kunai"},{"floor":14,"key":"Bag of Preparation"},{"floor":23,"key":"MawBank"},{"floor":26,"key":"Question Card"},{"floor":39,"key":"Mercury Hourglass"},{"floor":43,"key":"Bottled Lightning"},{"floor":47,"key":"Shuriken"}],"event_choices":[{"damage_healed":0,"gold_gain":0,"player_choice":"Forge","damage_taken":0,"max_hp_gain":0,"max_hp_loss":0,"event_name":"Accursed Blacksmith","floor":7,"gold_loss":0,"cards_upgraded":["PathToVictory"]},{"damage_healed":0,"gold_gain":0,"cards_transformed":["Strike_P","Strike_P"],"player_choice":"Became Test Subject","damage_taken":0,"max_hp_gain":0,"max_hp_loss":0,"event_name":"Drug Dealer","floor":19,"gold_loss":0,"cards_obtained":["SandsOfTime","Sanctity"]},{"damage_healed":0,"gold_gain":0,"player_choice":"Shed Blood","damage_taken":18,"max_hp_gain":5,"max_hp_loss":0,"event_name":"Forgotten Altar","floor":22,"gold_loss":0},{"damage_healed":0,"gold_gain":0,"player_choice":"Ignored","damage_taken":0,"max_hp_gain":0,"max_hp_loss":0,"event_name":"Cursed Tome","floor":28,"gold_loss":0},{"damage_healed":0,"gold_gain":0,"player_choice":"Paid","damage_taken":0,"relics_obtained":["Red Mask"],"max_hp_gain":0,"max_hp_loss":0,"event_name":"Tomb of Lord Red Mask","floor":37,"gold_loss":33},{"cards_removed":["Strike_P"],"damage_healed":0,"gold_gain":0,"player_choice":"Removed Attack","damage_taken":0,"max_hp_gain":0,"max_hp_loss":0,"event_name":"Falling","floor":41,"gold_loss":0}],"is_beta":false,"boss_relics":[{"not_picked":["Empty Cage","Pandora\u0027s Box"],"picked":"Ectoplasm"},{"not_picked":["Snecko Eye","Velvet Choker"],"picked":"Busted Crown"}],"items_purged_floors":[21],"is_endless":false,"potions_floor_spawned":[5,8,10,12,18,20,25,44,45],"ascension_level":3}}