{"host":"ockkdcgl3b18tfz9","time":1610787733,"event":{"mods":["2.2 Compatiblity","BaseMod","Better Skull","Better Third Choice","BetterRewards","Hermit","Minty Spire (QoL Compilation)","Quick Restart","Replay The Spire","Spicy Shops","StSLib","SuperFastMode","The Jungle"],"gold_per_floor":[110,110,2,17,30,30,40,54,131,131,306,10,45,65,79,79,151,151,167,167,38,51,66,66,81,108,108,108,118,118,81,128,128,160,160,237,237,256,33,33,51,124,124,153,153,267,293,325,342,342,51,69,69,69,69,69,19,53,53],"floor_reached":60,"language":"ENG","playtime":1680,"items_purged":["Doubt","ReplayTheSpireMod:Doomed","Doubt","Strike_B"],"score":2621,"play_id":"c3916141-72ee-4e1e-81a2-7ec486888d72","local_time":"20210116160213","is_ascension_mode":true,"campfire_choices":[{"floor":6.0,"key":"REST"},{"data":"Zap","floor":16.0,"key":"SMITH"},{"data":"Double Energy","floor":24.0,"key":"SMITH"},{"data":"Force Field","floor":33.0,"key":"SMITH"},{"data":"Capacitor","floor":35.0,"key":"SMITH"},{"floor":43.0,"key":"RECALL"},{"data":"Turbo","floor":45.0,"key":"SMITH"},{"data":"Force Field","floor":45.0,"key":"SMITH"},{"data":"Core Surge","floor":50.0,"key":"SMITH"},{"data":"Conserve Battery","floor":50.0,"key":"SMITH"},{"data":"Leap","floor":53.0,"key":"SMITH"},{"data":"Leap","floor":53.0,"key":"SMITH"},{"data":"Cold Snap","floor":56.0,"key":"SMITH"},{"data":"ReplaySolidLightProjector","floor":56.0,"key":"SMITH"}],"circlet_count":0,"master_deck":["AscendersBane","Strike_B","Strike_B+1","Defend_B","Defend_B","Defend_B","Defend_B","Zap+1","Dualcast","Capacitor+1","Force Field+1","Storm+1","Storm+1","Leap+1","Self Repair+1","Go for the Eyes+1","Static Discharge+1","Defragment+1","Cold Snap","Conserve Battery+1","Go for the Eyes","ReplaySolidLightProjector+1","Loop+1","Panic Button","Turbo+1","Electrodynamics+1","Hello World+1","Force Field+1","Double Energy+1","Force Field+1","Core Surge+1","Static Discharge+1","Heatsinks+1","Self Repair+1","Melter","Hologram+1","Loop+1","Static Discharge+1","Creative AI+1","Defragment+1","Delirium","ReplayTheSpireMod:Splinters","Coolheaded+1","Loop+1","FIFO Queue+1","Cold Snap+1","Hologram","Replay:Bootleg Shield Generator+1","Leap+1","Hologram+1","Stack","Stack","Electrodynamics+1"],"relics":["Cracked Core","OrangePellets","Replay:Towering Pillar of Hats","Frozen Egg 2","DollysMirror","CaptainsWheel","Lizard Tail","Garlic","StoneCalendar","Lee\u0027s Waffle","ReplayTheSpireMod:Lightbulb","Inserter","Prayer Wheel","ReplayTheSpireMod:CursedCoin","Lantern","Eternal Feather","ReplayFunnel","Sundial","Busted Crown","Membership Card","PreservedInsect","Ring of Hypnosis","Ring of Misfortune","Replay:Arrowhead","Anchor","Blue Doll","Ice Cream","BargainBundle","Whetstone","Replay:WaspNest"],"acts_visited":["Exordium","Exordium","TheBeyond","TheEnding"],"potions_floor_usage":[58,59],"damage_taken":[{"damage":12.0,"enemies":"Jaw Worm","floor":1.0,"turns":2.0},{"damage":0.0,"enemies":"Cultist","floor":4.0,"turns":2.0},{"damage":6.0,"enemies":"Small Slimes","floor":5.0,"turns":3.0},{"damage":12.0,"enemies":"3 Louse","floor":7.0,"turns":3.0},{"damage":14.0,"enemies":"Red Slaver","floor":8.0,"turns":3.0},{"damage":0.0,"enemies":"Lagavulin","floor":13.0,"turns":4.0},{"damage":11.0,"enemies":"Exordium Thugs","floor":14.0,"turns":2.0},{"damage":9.0,"enemies":"Large Slime","floor":15.0,"turns":4.0},{"damage":19.0,"enemies":"The Guardian","floor":17.0,"turns":7.0},{"damage":13.0,"enemies":"theJungle:GiantWrat","floor":19.0,"turns":5.0},{"damage":9.0,"enemies":"Shell Parasite","floor":22.0,"turns":4.0},{"damage":9.0,"enemies":"theJungle:Snecko_Cultist_And_Trap","floor":23.0,"turns":5.0},{"damage":7.0,"enemies":"theJungle:Lyon","floor":25.0,"turns":4.0},{"damage":5.0,"enemies":"theJungle:Cassacara","floor":26.0,"turns":4.0},{"damage":0.0,"enemies":"theJungle:JungleHuntersEncounter","floor":29.0,"turns":3.0},{"damage":31.0,"enemies":"theJungle:MamaSnecko","floor":34.0,"turns":5.0},{"damage":0.0,"enemies":"theJungle:FunGuy","floor":36.0,"turns":6.0},{"damage":8.0,"enemies":"Orb Walker","floor":38.0,"turns":2.0},{"damage":8.0,"enemies":"3 Darklings","floor":41.0,"turns":3.0},{"damage":26.0,"enemies":"Reptomancer","floor":44.0,"turns":4.0},{"damage":0.0,"enemies":"Giant Head","floor":48.0,"turns":6.0},{"damage":1.0,"enemies":"Spire Growth","floor":49.0,"turns":4.0},{"damage":0.0,"enemies":"Sphere and 2 Shapes","floor":52.0,"turns":4.0},{"damage":73.0,"enemies":"Awakened One","floor":54.0,"turns":7.0},{"damage":31,"enemies":"Shield and Spear","floor":58,"turns":5},{"damage":44,"enemies":"The Heart","floor":59,"turns":7}],"seed_played":"8325714516941951670","potions_obtained":[{"floor":4.0,"key":"Languid Potion"},{"floor":5.0,"key":"Flashbang"},{"floor":22.0,"key":"FairyPotion"},{"floor":42.0,"key":"DistilledChaos"}],"is_trial":false,"path_per_floor":["M","?","$","M","M","R","M","M","T","T","?","$","E","M","M","R","B",null,"M","?","$","M","M","R","M","E","T","T","M","$","$","T","R","E","R","B",null,"M","$","?","M","?","R","E","R","?","T","E","M","R","$","M","R","B",null,"R","$","E","B",null],"character_chosen":"DEFECT","items_purchased":["OrangePellets","Capacitor","Force Field","Frozen Egg 2","Storm+1","DollysMirror","CaptainsWheel","Leap","Self Repair+1","Go for the Eyes","Defragment+1","Lee\u0027s Waffle","ReplaySolidLightProjector","ReplayTheSpireMod:CursedCoin","Hello World+1","Force Field","Loop+1","Membership Card","PreservedInsect","Defragment+1","Ice Cream","FIFO Queue+1","BargainBundle","Cold Snap","Hologram","Replay:Bootleg Shield Generator+1","PowerPotion","Stack","Whetstone"],"campfire_rested":1,"item_purchase_floors":[0,0,0,0,0,0,0,0,0,0,3,12,12,21,21,21,31,39,39,39,51,51,51,51,51,51,51,57,57],"current_hp_per_floor":[20,20,20,20,24,45,43,29,29,29,29,78,78,67,68,68,59,73,70,70,70,71,72,72,65,60,60,60,60,60,60,60,78,57,78,78,78,78,78,78,78,78,78,72,78,71,71,78,78,78,78,78,78,25,65,78,78,67,43],"gold":53,"neow_bonus":"","is_daily":false,"chose_seed":false,"campfire_upgraded":12,"win_rate":0.0,"timestamp":1610787733,"path_taken":["M","?","$","?","M","R","M","M","T","T","?","$","E","M","M","R","BOSS","M","?","$","M","M","R","?","E","T","T","M","?","$","?","R","E","R","BOSS","M","$","?","M","?","R","E","R","?","T","E","?","R","$","M","R","BOSS","R","$","E","BOSS"],"items_purchased_type":["Relic","Card","Card","Relic","Card","Relic","Relic","Card","Card","Card","Card","Relic","Card","Relic","Card","Card","Card","Relic","Relic","Card","Relic","Card","Relic","Card","Card","Card","Potion","Card","Relic"],"build_version":"2020-12-22","purchased_purges":4,"victory":true,"max_hp_per_floor":[71,71,71,71,71,71,71,71,71,71,71,78,78,78,78,78,78,78,78,78,78,78,78,78,78,78,78,78,78,78,78,78,78,78,78,78,78,78,78,78,78,78,78,78,78,78,78,78,78,78,78,78,78,78,78,78,78,78,78],"card_choices":[{"not_picked":["Barrage","Sweeping Beam"],"picked":"Static Discharge+1","floor":1.0},{"not_picked":["Time Bomb","Reprogram"],"picked":"Cold Snap","floor":4.0},{"not_picked":["Skim","ReplayTheSpireMod:System Scan"],"picked":"Conserve Battery","floor":5.0},{"not_picked":["FTL","Recycle"],"picked":"Go for the Eyes","floor":7.0},{"not_picked":["Cold Snap","Redo","Rip and Tear"],"picked":"SKIP","floor":8.0},{"not_picked":["Redo","Consume","Coolheaded"],"picked":"SKIP","floor":13.0},{"not_picked":["Blizzard","Consume"],"picked":"Loop+1","floor":14.0},{"not_picked":["Fusion","Chaos"],"picked":"Panic Button","floor":15.0},{"not_picked":["Mirror Shield","Hyperbeam"],"picked":"ReplayTheSpireMod:Fabricate Wheel","floor":17.0},{"not_picked":["BasicCrystalCard","Sweeping Beam"],"picked":"Turbo","floor":19.0},{"not_picked":["ReplayTheSpireMod:Calculation Training","Go for the Eyes","Leap"],"picked":"SKIP","floor":19.0},{"not_picked":["Skim","Stack"],"picked":"Double Energy","floor":22.0},{"not_picked":["Coolheaded","FTL"],"picked":"Force Field+1","floor":22.0},{"not_picked":["ReplayTheSpireMod:Reroute Power+1","Redo"],"picked":"Core Surge","floor":23.0},{"not_picked":["Gash","Stack+1"],"picked":"Static Discharge+1","floor":23.0},{"not_picked":["FTL+1","Redo"],"picked":"Heatsinks+1","floor":25.0},{"not_picked":["Barrage","Turbo","Gash"],"picked":"SKIP","floor":25.0},{"not_picked":["Steam","BasicCrystalCard"],"picked":"Self Repair+1","floor":26.0},{"not_picked":["Steam","Rebound+1"],"picked":"Melter","floor":29.0},{"not_picked":["Consume","Rebound"],"picked":"Hologram+1","floor":29.0},{"not_picked":["Storm+1","Coolheaded"],"picked":"Static Discharge+1","floor":34.0},{"not_picked":["ReplayRNGCard","ReplayTheSpireMod:Fabricate Wheel"],"picked":"Creative AI+1","floor":36.0},{"not_picked":["Sweeping Beam"],"picked":"SKIP","floor":38.0},{"not_picked":["Compile Driver+1"],"picked":"SKIP","floor":38.0},{"not_picked":["ReplaySort+1"],"picked":"SKIP","floor":41.0},{"not_picked":["Reprogram"],"picked":"SKIP","floor":41.0},{"not_picked":[],"picked":"Coolheaded+1","floor":44.0},{"not_picked":["Panic Button"],"picked":"SKIP","floor":48.0},{"not_picked":[],"picked":"Loop+1","floor":49.0},{"not_picked":["ReplaySort"],"picked":"SKIP","floor":49.0},{"not_picked":[],"picked":"Leap","floor":52.0},{"not_picked":[],"picked":"Hologram+1","floor":52.0},{"not_picked":[],"picked":"Electrodynamics+1","floor":58}],"player_experience":280123,"relics_obtained":[{"floor":9.0,"key":"Garlic"},{"floor":10.0,"key":"StoneCalendar"},{"floor":13.0,"key":"ReplayTheSpireMod:Lightbulb"},{"floor":26.0,"key":"Lantern"},{"floor":28.0,"key":"Eternal Feather"},{"floor":32.0,"key":"ReplayFunnel"},{"floor":34.0,"key":"Sundial"},{"floor":40.0,"key":"Ring of Hypnosis"},{"floor":40.0,"key":"Ring of Misfortune"},{"floor":44.0,"key":"Replay:Arrowhead"},{"floor":47.0,"key":"Anchor"},{"floor":48.0,"key":"Blue Doll"},{"floor":58,"key":"Replay:WaspNest"}],"event_choices":[{"cards_removed":["Strike_B"],"damage_healed":0.0,"max_hp_gain":0.0,"max_hp_loss":0.0,"gold_gain":0.0,"event_name":"Purifier","player_choice":"Purged","floor":2.0,"gold_loss":0.0,"damage_taken":0.0},{"damage_healed":0.0,"max_hp_gain":0.0,"max_hp_loss":0.0,"gold_gain":175.0,"event_name":"betterThird:BetterSerpent","player_choice":"AGREE","floor":11.0,"gold_loss":0.0,"damage_taken":131.0},{"damage_healed":0.0,"max_hp_gain":0.0,"max_hp_loss":0.0,"gold_gain":0.0,"event_name":"Match and Keep!","player_choice":"1 cards matched","floor":20.0,"gold_loss":0.0,"damage_taken":0.0,"cards_obtained":["Electrodynamics"]},{"damage_healed":0.0,"max_hp_gain":0.0,"max_hp_loss":0.0,"gold_gain":114.0,"event_name":"betterSkull:BetterSkull","player_choice":"GO ","floor":46.0,"gold_loss":0.0,"damage_taken":8.0,"cards_upgraded":[],"relics_obtained":[]}],"is_beta":false,"boss_relics":[{"not_picked":["Coffee Dripper","Ectoplasm"],"picked":"Inserter"},{"not_picked":["Ring of Chaos","Replay:Fungal Core"],"picked":"Busted Crown"}],"items_purged_floors":[12,21,39,51],"is_endless":false,"potions_floor_spawned":[4,5,13,14,22,23,38,48,49,58],"ascension_level":14}}