{"host":"me7pax5d7uwssv6n","time":1610770758,"event":{"mods":["BaseMod","Hermit","Minty Spire (QoL Compilation)","Replay The Spire","StSLib"],"gold_per_floor":[119,136,211,231,231,231,245,276,276,276,305,7,18,38,38,133,133,146,146,146,146,164,178,178,178,206,206,252,252,63,73,85,101,101,202,202,222,222,232,244,244,278,297,297,297,297,329,391,404,449,449],"floor_reached":50,"language":"ENG","playtime":7899,"items_purged":[],"score":613,"play_id":"2f876be6-38f5-4bf5-8a16-b58a1a5a9ae6","local_time":"20210116121918","is_ascension_mode":false,"campfire_choices":[{"data":"hermit:CalledShot","floor":6.0,"key":"SMITH"},{"floor":10.0,"key":"REST"},{"data":"hermit:LoneWolf","floor":15.0,"key":"SMITH"},{"floor":25.0,"key":"RECALL"},{"floor":34.0,"key":"REST"},{"floor":46,"key":"REST"}],"circlet_count":0,"master_deck":["hermit:Strike_Hermit","hermit:Strike_Hermit","hermit:Strike_Hermit","hermit:Strike_Hermit","hermit:Defend_Hermit","hermit:Defend_Hermit","hermit:Defend_Hermit","hermit:Defend_Hermit","hermit:Snapshot","hermit:Covet","hermit:CalledShot+1","hermit:Spite","hermit:Deadeye","hermit:Vantage","hermit:FlashPowder","hermit:Reprieve","hermit:Quickdraw","hermit:LoneWolf+1","hermit:Roughhouse","hermit:Glare+1","hermit:GhostlyPresence+1","hermit:CalledShot+1","hermit:Adapt","ReplayTheSpireMod:Private Reserves","Parasite","hermit:GoldenBullet+1","hermit:ShadowCloak+1"],"relics":["hermit:Momento","NeowsBlessing","Ring of Hypnosis","ReplayTheSpireMod:Ring of Collecting","ReplayTheSpireMod:TigerMarble","ReplayTheSpireMod:Ring of Addiction","White Beast Statue","Toy Ornithopter","InkBottle","Replay:Towering Pillar of Hats","Fusion Hammer","Centennial Puzzle","Ancient Tea Set","Ring of Fangs","Sling","Replay:Grab Bag","Busted Crown","Painkiller Herb","Black Star","hermit:Spyglass","Bag of Preparation","ReplayTheSpireMod:Ring of Challenge","hermit:RyeStalk","Replay:Ringing Soul","Blood Vial"],"acts_visited":["Exordium","TheCity","TheBeyond"],"potions_floor_usage":[47,48,49,50,50],"damage_taken":[{"damage":0.0,"enemies":"Cultist","floor":1.0,"turns":1.0},{"damage":0.0,"enemies":"Jaw Worm","floor":2.0,"turns":1.0},{"damage":0.0,"enemies":"Small Slimes","floor":4.0,"turns":1.0},{"damage":16.0,"enemies":"Gremlin Gang","floor":7.0,"turns":5.0},{"damage":29.0,"enemies":"3 Sentries","floor":8.0,"turns":9.0},{"damage":7.0,"enemies":"Lagavulin","floor":11.0,"turns":5.0},{"damage":5.0,"enemies":"3 Louse","floor":13.0,"turns":6.0},{"damage":7.0,"enemies":"Exordium Wildlife","floor":14.0,"turns":3.0},{"damage":48.0,"enemies":"The Guardian","floor":16.0,"turns":11.0},{"damage":11.0,"enemies":"Shell Parasite","floor":18.0,"turns":4.0},{"damage":0.0,"enemies":"3 Byrds","floor":22.0,"turns":5.0},{"damage":7.0,"enemies":"Cultist and Chosen","floor":23.0,"turns":7.0},{"damage":0.0,"enemies":"3 Cultists","floor":24.0,"turns":1.0},{"damage":4.0,"enemies":"Replay:Snechameleon","floor":26.0,"turns":4.0},{"damage":7.0,"enemies":"Snecko","floor":31.0,"turns":6.0},{"damage":26.0,"enemies":"Centurion and Healer","floor":32.0,"turns":8.0},{"damage":0.0,"enemies":"Snake Plant","floor":33.0,"turns":3.0},{"damage":25.0,"enemies":"Automaton","floor":35.0,"turns":9.0},{"damage":0.0,"enemies":"3 Shapes","floor":37.0,"turns":4.0},{"damage":0.0,"enemies":"Orb Walker","floor":39.0,"turns":6.0},{"damage":8.0,"enemies":"Transient","floor":40.0,"turns":5.0},{"damage":48.0,"enemies":"Reptomancer","floor":42.0,"turns":9.0},{"damage":11,"enemies":"Maw","floor":43,"turns":7},{"damage":0,"enemies":"R_Hoarder","floor":47,"turns":7},{"damage":10,"enemies":"Writhing Mass","floor":48,"turns":12},{"damage":16,"enemies":"4 Shapes","floor":49,"turns":7},{"damage":55,"enemies":"Giant Head","floor":50,"turns":10}],"seed_played":"-2617099093161370143","potions_obtained":[{"floor":4.0,"key":"Dexterity Potion"},{"floor":8.0,"key":"PowerPotion"},{"floor":9.0,"key":"DistilledChaos"},{"floor":11.0,"key":"hermit:Tonic"},{"floor":13.0,"key":"SmokeBomb"},{"floor":14.0,"key":"hermit:BlackBile"},{"floor":16.0,"key":"Explosive Potion"},{"floor":18.0,"key":"Elixir"},{"floor":22.0,"key":"PowerPotion"},{"floor":23.0,"key":"EssenceOfSteel"},{"floor":26.0,"key":"SpeedPotion"},{"floor":31.0,"key":"Ancient Potion"},{"floor":32.0,"key":"ColorlessPotion"},{"floor":35.0,"key":"AttackPotion"},{"floor":39.0,"key":"hermit:BlackBile"},{"floor":40.0,"key":"GamblersBrew"},{"floor":42.0,"key":"FearPotion"},{"floor":43,"key":"Adrenaline Potion"},{"floor":47,"key":"Elixir"},{"floor":48,"key":"Energy Potion"},{"floor":49,"key":"Elixir"}],"is_trial":false,"path_per_floor":["M","M","?","M","?","R","M","E","T","R","E","$","M","M","R","B",null,"M","?","PTL","PTL","M","M","M","R","E","?","T","?","$","M","M","M","R","B",null,"?","?","?","?","T","E","?","?","T","T","E","?","?","E"],"character_chosen":"HERMIT","items_purchased":["Replay:Towering Pillar of Hats","hermit:CalledShot+1","Sling"],"campfire_rested":3,"item_purchase_floors":[12,30,30],"current_hp_per_floor":[75,75,64,64,64,64,48,19,19,41,39,39,47,45,45,10,75,65,65,65,65,65,66,71,71,71,71,71,71,71,68,45,45,66,61,71,71,71,69,61,61,23,12,12,12,32,41,45,43,0,0],"gold":449,"neow_bonus":"THREE_ENEMY_KILL","is_daily":false,"chose_seed":false,"campfire_upgraded":2,"win_rate":0.0,"timestamp":1610770758,"path_taken":["M","?","?","M","?","R","M","E","T","R","E","?","?","M","R","BOSS","M","?","PTL","PTL","M","M","?","R","E","?","T","?","?","M","M","M","R","BOSS","?","?","?","?","T","E","?","?","T","T","E","?","?","E"],"items_purchased_type":["Relic","Card","Relic"],"build_version":"2020-12-22","purchased_purges":0,"victory":false,"max_hp_per_floor":[75,75,75,75,75,75,75,75,75,75,75,75,75,75,75,75,75,75,75,75,75,73,73,73,73,73,73,73,73,71,71,71,71,71,71,71,71,71,69,69,69,69,69,69,69,67,67,70,73,73,73],"card_choices":[{"not_picked":["hermit:Horror","hermit:ItchyTrigger"],"picked":"hermit:CalledShot","floor":1.0},{"not_picked":["hermit:Coalescence","hermit:Headshot"],"picked":"hermit:Spite","floor":2.0},{"not_picked":["hermit:TrackingShot","hermit:Vantage"],"picked":"hermit:Deadeye","floor":4.0},{"not_picked":["hermit:CalledShot","hermit:BigShot"],"picked":"hermit:Vantage","floor":7.0},{"not_picked":["hermit:Ricochet","hermit:Vantage"],"picked":"hermit:FlashPowder","floor":8.0},{"not_picked":["hermit:Virtue","hermit:Feint"],"picked":"hermit:Reprieve","floor":11.0},{"not_picked":["hermit:Feint","hermit:Virtue"],"picked":"hermit:Quickdraw","floor":13.0},{"not_picked":["hermit:Manifest","hermit:HighCaliber"],"picked":"hermit:LoneWolf","floor":14.0},{"not_picked":["hermit:Reprieve","hermit:Purgatory"],"picked":"hermit:Roughhouse","floor":16.0},{"not_picked":["hermit:Misfire","hermit:Brawl","hermit:CalledShot"],"picked":"SKIP","floor":18.0},{"not_picked":["hermit:PistolWhip","hermit:LowProfile"],"picked":"hermit:Glare+1","floor":22.0},{"not_picked":["hermit:Combo","hermit:Desperado","hermit:Gestalt"],"picked":"SKIP","floor":23.0},{"not_picked":["hermit:SprayPray","hermit:Desperado"],"picked":"hermit:GhostlyPresence+1","floor":26.0},{"not_picked":["hermit:Roulette","hermit:Ricochet","hermit:LoneWolf"],"picked":"SKIP","floor":31.0},{"not_picked":["hermit:LowProfile","hermit:Misfire+1","hermit:Ricochet+1"],"picked":"SKIP","floor":32.0},{"not_picked":["hermit:EyeOfTheStorm","hermit:Showdown+1","hermit:Shortfuse"],"picked":"SKIP","floor":33.0},{"not_picked":["hermit:OverwhelmingPower","hermit:Purgatory"],"picked":"hermit:Adapt","floor":35.0},{"not_picked":["hermit:Combo+1"],"picked":"SKIP","floor":37.0},{"not_picked":["hermit:BodyArmor"],"picked":"SKIP","floor":39.0},{"not_picked":["hermit:Determination"],"picked":"SKIP","floor":40.0},{"not_picked":["hermit:LoneWolf+1"],"picked":"SKIP","floor":42.0},{"not_picked":["hermit:BodyArmor"],"picked":"SKIP","floor":43},{"not_picked":[],"picked":"ReplayTheSpireMod:Private Reserves","floor":44},{"not_picked":["hermit:Feint"],"picked":"SKIP","floor":47},{"not_picked":[],"picked":"hermit:GoldenBullet+1","floor":48},{"not_picked":[],"picked":"hermit:ShadowCloak+1","floor":49}],"player_experience":0,"relics_obtained":[{"floor":5.0,"key":"Ring of Hypnosis"},{"floor":5.0,"key":"ReplayTheSpireMod:Ring of Collecting"},{"floor":8.0,"key":"ReplayTheSpireMod:TigerMarble"},{"floor":9.0,"key":"ReplayTheSpireMod:Ring of Addiction"},{"floor":9.0,"key":"White Beast Statue"},{"floor":9.0,"key":"Toy Ornithopter"},{"floor":11.0,"key":"InkBottle"},{"floor":26.0,"key":"Centennial Puzzle"},{"floor":28.0,"key":"Ancient Tea Set"},{"floor":28.0,"key":"Ring of Fangs"},{"floor":42.0,"key":"hermit:Spyglass"},{"floor":42.0,"key":"Bag of Preparation"},{"floor":45,"key":"ReplayTheSpireMod:Ring of Challenge"},{"floor":45,"key":"hermit:RyeStalk"},{"floor":47,"key":"Replay:Ringing Soul"},{"floor":47,"key":"Blood Vial"}],"event_choices":[{"damage_healed":0.0,"max_hp_gain":0.0,"max_hp_loss":0.0,"gold_gain":75.0,"event_name":"World of Goop","player_choice":"Gather Gold","floor":3.0,"gold_loss":0.0,"damage_taken":11.0},{"cards_removed":["Delirium"],"damage_healed":0.0,"max_hp_gain":0.0,"max_hp_loss":0.0,"gold_gain":0.0,"event_name":"Purifier","player_choice":"Purged","floor":19.0,"gold_loss":0.0,"damage_taken":0.0},{"damage_healed":0.0,"max_hp_gain":0.0,"max_hp_loss":0.0,"gold_gain":0.0,"event_name":"Ghosts","player_choice":"Ignored","floor":27.0,"gold_loss":0.0,"damage_taken":0.0},{"damage_healed":0.0,"max_hp_gain":0.0,"max_hp_loss":0.0,"gold_gain":0.0,"event_name":"Vampires","player_choice":"Ignored","floor":29.0,"gold_loss":0.0,"damage_taken":0.0},{"damage_healed":0.0,"max_hp_gain":0.0,"max_hp_loss":0.0,"gold_gain":0.0,"event_name":"Tomb of Lord Red Mask","player_choice":"Ignored","floor":38.0,"gold_loss":0.0,"damage_taken":0.0},{"damage_healed":0,"gold_gain":0,"player_choice":"Memory 1","damage_taken":0,"max_hp_gain":0,"max_hp_loss":0,"event_name":"SensoryStone","floor":44,"gold_loss":0}],"is_beta":false,"boss_relics":[{"not_picked":["Tiny House","Ectoplasm"],"picked":"Fusion Hammer"},{"not_picked":["Empty Cage","Philosopher\u0027s Stone"],"picked":"Replay:Grab Bag"},{"not_picked":["Velvet Choker","ReplayTheSpireMod:DimensionalGlitch"],"picked":"Busted Crown"},{"not_picked":["Coffee Dripper","Replay:Bronze Core"],"picked":"Painkiller Herb"},{"not_picked":["hermit:ClaspedLocket","SlaversCollar"],"picked":"Black Star"}],"items_purged_floors":[],"is_endless":false,"potions_floor_spawned":[4,8,11,13,14,16,18,22,23,24,26,31,32,33,35,37,39,40,42,43,47,48,49],"killed_by":"Giant Head","ascension_level":0}}