{"host":"2yhbarjh4s9lrrzt","time":1610757350,"event":{"mods":["BaseMod","Better Third Choice","Minty Spire (QoL Compilation)","Replay The Spire","StSLib"],"gold_per_floor":[111,111,39,39,39,39,52,69,92,92,92,109,119,135,135,135,135],"floor_reached":16,"language":"ENG","playtime":899,"items_purged":[],"score":92,"play_id":"271701f1-06ca-48d2-80a0-c0bd08d5172c","local_time":"20210115193550","is_ascension_mode":false,"campfire_choices":[{"floor":6,"key":"RECALL"},{"data":"Vigilance","floor":10,"key":"SMITH"},{"floor":15,"key":"REST"}],"circlet_count":0,"master_deck":["Strike_P","Strike_P","Strike_P","Strike_P","Defend_P","Defend_P","Defend_P","Defend_P","Eruption+1","Vigilance+1","PathToVictory","EmptyBody","JustLucky","Delirium","Replay:Battleflow","FlyingSleeves","DeceiveReality","Establishment","Replay:DivineShield"],"relics":["PureWater","NeowsBlessing","Ring of Fangs","ReplayTheSpireMod:Ring of Challenge"],"acts_visited":["Exordium"],"potions_floor_usage":[16],"damage_taken":[{"damage":0,"enemies":"Cultist","floor":1,"turns":1},{"damage":0,"enemies":"Small Slimes","floor":7,"turns":1},{"damage":0,"enemies":"2 Louse","floor":8,"turns":2},{"damage":22,"enemies":"2 Fungi Beasts","floor":12,"turns":5},{"damage":15,"enemies":"Large Slime","floor":13,"turns":15},{"damage":15,"enemies":"Looter","floor":14,"turns":5},{"damage":41,"enemies":"Slime Boss","floor":16,"turns":9}],"seed_played":"6327876615884170932","potions_obtained":[{"floor":7,"key":"StancePotion"},{"floor":13,"key":"SteroidPotion"}],"is_trial":false,"path_per_floor":["M","?","$","?","?","R","M","M","T","R","?","M","M","M","R","B"],"character_chosen":"WATCHER","items_purchased":["EmptyBody","JustLucky"],"campfire_rested":1,"item_purchase_floors":[3,3],"current_hp_per_floor":[72,72,72,72,77,77,77,77,77,77,70,48,33,18,41,0,0],"gold":135,"neow_bonus":"THREE_ENEMY_KILL","is_daily":false,"chose_seed":false,"campfire_upgraded":1,"win_rate":0.0,"timestamp":1610757350,"path_taken":["M","?","$","?","?","R","M","M","T","R","?","M","M","M","R","BOSS"],"items_purchased_type":["Card","Card"],"build_version":"2020-12-22","purchased_purges":0,"victory":false,"max_hp_per_floor":[72,72,72,72,77,77,77,77,77,77,77,77,77,77,77,77,77],"card_choices":[{"not_picked":["FlurryOfBlows","Fasting2"],"picked":"PathToVictory","floor":1},{"not_picked":["Study","Sanctity"],"picked":"Replay:Battleflow","floor":7},{"not_picked":["EmptyBody","Replay:ManipulateFuture"],"picked":"FlyingSleeves","floor":8},{"not_picked":["Halt","FlurryOfBlows"],"picked":"DeceiveReality","floor":12},{"not_picked":["Replay:ManipulateFuture","Evaluate"],"picked":"Establishment","floor":13},{"not_picked":["JustLucky","EmptyBody"],"picked":"Replay:DivineShield","floor":14}],"player_experience":211740,"relics_obtained":[{"floor":4,"key":"Ring of Fangs"},{"floor":4,"key":"ReplayTheSpireMod:Ring of Challenge"}],"event_choices":[{"damage_healed":0,"gold_gain":0,"player_choice":"Grow","damage_taken":0,"max_hp_gain":0,"max_hp_loss":0,"event_name":"Living Wall","floor":2,"gold_loss":0,"cards_upgraded":["Eruption"]},{"damage_healed":0,"gold_gain":0,"player_choice":"Donut","damage_taken":0,"max_hp_gain":5,"max_hp_loss":0,"event_name":"Big Fish","floor":5,"gold_loss":0},{"damage_healed":0,"gold_gain":0,"player_choice":"Damaged","damage_taken":7,"max_hp_gain":0,"max_hp_loss":0,"event_name":"Wheel of Change","floor":11,"gold_loss":0}],"is_beta":false,"boss_relics":[],"items_purged_floors":[],"is_endless":false,"potions_floor_spawned":[7,13],"killed_by":"Slime Boss","ascension_level":0}}