{"host":"mal0jdk4f6ubgyb8","time":1610832251,"event":{"mods":["100% Spire Juice","Act Like it!","Arknights The Spire","Aspiration","BaseMod","Gensokyo","Hallownest","Koishi","Luminous","Marisa£®ÏF”Í°°ƒß¿Ì…≥£©","Minty Spire (QoL Compilation)","Quick Restart","Reimu£®≤©¿ˆ¡È√Œ£©","Relic Stats","Remilia£®¿Ÿ√◊¿Ú—«£©","StSLib","The Bug Knight","WarShipGirlsR/’ΩΩ¢…Ÿ≈ÆR mod","Yakumo Yukari mod","Youmu£®ªÍ∆«—˝√Œ£©","Yuri Mod","Yuyuko"],"gold_per_floor":[118,108,145,109,120,120,155,155,155,165,185,201,81,106,106,202,202,95,95,95,115,115,142,36,36,36,36,98,124,4,29,29,135,15,32,50,72,96,118,118,142,142,142,155,155,155],"floor_reached":45,"language":"ZHS","playtime":2609,"items_purged":[],"score":449,"play_id":"ef5b23d0-e3f5-419c-abe9-ebaf969579a3","local_time":"20210117052411","is_ascension_mode":false,"campfire_choices":[{"floor":6.0,"key":"RECALL"},{"data":"Moonworks:MetallicMonocoque","floor":15.0,"key":"SMITH"},{"floor":25.0,"key":"REST"},{"data":"Moonworks:EvilSpyWorkPreparation","floor":27.0,"key":"SMITH"},{"data":"Moonworks:EvilSpyWorkPreparation","floor":32.0,"key":"SMITH"},{"floor":40,"key":"REST"}],"circlet_count":0,"master_deck":["Moonworks:Strike","Moonworks:Strike","Moonworks:Strike","Moonworks:Defend","Moonworks:Defend","Moonworks:Defend","Moonworks:Defend","Moonworks:Ambush","Moonworks:LongDistanceShot","Moonworks:LulusLuckyEgg","Moonworks:EvilSpyWorkPreparation+1","Moonworks:AwakeningOfTalent","Moonworks:StarBlastingFuse+1","Moonworks:RagingMadness","Moonworks:ForcedRevival","Moonworks:MetallicMonocoque+1","Moonworks:LuckyCharm","Moonworks:MixPhenomenon","Moonworks:ForcedRevival","Moonworks:CrystalBarrier","Moonworks:AngelHand","Moonworks:EvilSpyWorkPreparation+1","Moonworks:Flamethrower+1","Moonworks:CloudOfSeagulls","Moonworks:RocketCannon","EarthLightRay+1","CasketOfStar","Moonworks:CloudOfSeagulls","Moonworks:CloudOfSeagulls","Moonworks:DevilHand","Moonworks:SelfDestruct","Moonworks:LulusLuckyEgg+1","ChargeUpSpray+1"],"relics":["Moonworks:BrokenBomb","Moonworks:Homemark","Bottled Tornado","Hallownest:DreamNailRelic","Hallownest:SalubrasBlessingRelic","Ginger","aspiration:MarisaSkillbook","Happy Flower","Bag of Marbles","CeramicFish","Sozu","aspiration:FetidBarrel"],"acts_visited":["Exordium","Hallownest:Greenpath","Hallownest:CityofTears"],"potions_floor_usage":[],"damage_taken":[{"damage":0.0,"enemies":"Hallownest:monsterHuskWarrior","floor":1.0,"turns":4.0},{"damage":0.0,"enemies":"2_ Uuma","floor":5.0,"turns":4.0},{"damage":13.0,"enemies":"Hallownest:eliteCrystalGuardian","floor":7.0,"turns":6.0},{"damage":3.0,"enemies":"Hallownest:2_Tiktiks_and_1_Crawlid","floor":10.0,"turns":3.0},{"damage":1.0,"enemies":"Hallownest:monsterMossCharger","floor":11.0,"turns":6.0},{"damage":16.0,"enemies":"Hallownest:1_Baldur_1_Crawlid_1_Warrior","floor":12.0,"turns":6.0},{"damage":10.0,"enemies":"Hallownest:eliteMossKnight","floor":14.0,"turns":5.0},{"damage":48.0,"enemies":"Hallownest:BossFalseKnight","floor":16.0,"turns":8.0},{"damage":11.0,"enemies":"Hallownest:Flukemon_and_Top","floor":18.0,"turns":6.0},{"damage":25.0,"enemies":"Hallownest:Guard_and_Sentry","floor":21.0,"turns":6.0},{"damage":15.0,"enemies":"Hallownest:eliteSoulWarrior","floor":23.0,"turns":5.0},{"damage":31.0,"enemies":"Hallownest:3_Mistakes","floor":24.0,"turns":9.0},{"damage":25.0,"enemies":"Hallownest:Glutton_and_Coward","floor":28.0,"turns":5.0},{"damage":5.0,"enemies":"Hallownest:2_Flukemon","floor":29.0,"turns":6.0},{"damage":12.0,"enemies":"Hallownest:Master_and_Novice","floor":31.0,"turns":4.0},{"damage":24,"enemies":"Hallownest:BossSoulMaster","floor":33,"turns":7},{"damage":33,"enemies":"Hallownest:2_Littles","floor":35,"turns":4},{"damage":10,"enemies":"Hallownest:Shield_Heavy","floor":37,"turns":3},{"damage":32,"enemies":"Hallownest:monsterPrimalAspid","floor":38,"turns":3},{"damage":9,"enemies":"Hallownest:2_Soldiers_and_1_Guardian","floor":39,"turns":5},{"damage":27,"enemies":"Hallownest:Shield_Sturdy","floor":41,"turns":5},{"damage":14,"enemies":"Hallownest:2_Great","floor":44,"turns":5},{"damage":15,"enemies":"Hallownest:2_Wing_and_1_Kings","floor":45,"turns":1}],"seed_played":"2852829401916180780","potions_obtained":[{"floor":5.0,"key":"SpeedPotion"},{"floor":10.0,"key":"FairyPotion"},{"floor":11.0,"key":"EssenceOfSteel"},{"floor":12.0,"key":"Regen Potion"},{"floor":18.0,"key":"Ancient Potion"},{"floor":21.0,"key":"GrandPatriotsElixir:ReiMu"},{"floor":24.0,"key":"SpeedPotion"},{"floor":29.0,"key":"ZuzhouPotion:ReiMu"}],"is_trial":false,"path_per_floor":["M","?","?","$","M","R","E","?","T","M","M","M","?","E","R","B",null,"M","?","?","M","?","E","M","R","T","R","M","M","$","M","R","B",null,"M","?","M","M","M","R","M","?","T","M","M"],"character_chosen":"THE_STARBREAKER","items_purchased":["Moonworks:RagingMadness"],"campfire_rested":2,"item_purchase_floors":[4],"current_hp_per_floor":[60,60,60,60,60,60,52,52,52,54,58,47,47,42,42,14,60,59,55,55,35,35,20,18,38,38,38,13,18,18,16,16,8,62,29,29,30,3,10,30,14,14,14,5,0,0],"gold":155,"neow_bonus":"THREE_CARDS","is_daily":false,"chose_seed":false,"campfire_upgraded":3,"win_rate":0.0,"timestamp":1610832251,"path_taken":["M","?","?","?","M","R","E","?","T","?","M","M","?","E","R","BOSS","M","?","?","M","?","E","M","R","T","R","M","M","$","?","R","BOSS","M","?","M","M","M","R","M","?","T","M","?"],"items_purchased_type":["Card"],"build_version":"2020-12-22","purchased_purges":0,"victory":false,"max_hp_per_floor":[60,60,60,60,60,60,60,60,60,60,60,60,60,60,60,60,60,60,60,60,60,60,60,60,62,62,62,62,62,62,62,62,62,62,62,62,62,62,62,64,64,64,64,64,64,64],"relic_stats":{"Sozu":4,"Happy Flower":[22],"counters":[23,116],"CeramicFish":90,"Ginger":[16],"obtain_stats":[{"Sozu":34,"Hallownest:SalubrasBlessingRelic":13,"Happy Flower":20,"aspiration:FetidBarrel":43,"Moonworks:Homemark":0,"CeramicFish":26,"Hallownest:DreamNailRelic":8,"Bag of Marbles":23,"Ginger":14,"Bottled Tornado":7,"aspiration:MarisaSkillbook":17,"Moonworks:BrokenBomb":0},{"Sozu":16,"Hallownest:SalubrasBlessingRelic":6,"Happy Flower":9,"aspiration:FetidBarrel":21,"Moonworks:Homemark":0,"CeramicFish":12,"Hallownest:DreamNailRelic":3,"Bag of Marbles":11,"Ginger":7,"Bottled Tornado":3,"aspiration:MarisaSkillbook":8,"Moonworks:BrokenBomb":0},{"Sozu":90,"Hallownest:SalubrasBlessingRelic":29,"Happy Flower":48,"aspiration:FetidBarrel":110,"Moonworks:Homemark":0,"CeramicFish":68,"Hallownest:DreamNailRelic":14,"Bag of Marbles":59,"Ginger":34,"Bottled Tornado":14,"aspiration:MarisaSkillbook":42,"Moonworks:BrokenBomb":0}]},"card_choices":[{"not_picked":["Moonworks:SakisCookie","Moonworks:DeployBits"],"picked":"Moonworks:LulusLuckyEgg","floor":0.0},{"not_picked":["Moonworks:LulusLuckyEgg","Moonworks:IntelligenceOfficer"],"picked":"Moonworks:EvilSpyWorkPreparation","floor":1.0},{"not_picked":[],"picked":"Moonworks:AwakeningOfTalent","floor":2.0},{"not_picked":[],"picked":"Moonworks:StarBlastingFuse","floor":2.0},{"not_picked":["Moonworks:IndiscriminateFireSupport","Moonworks:StiffCrystal"],"picked":"Moonworks:ForcedRevival","floor":5.0},{"not_picked":["Moonworks:LulusLuckyEgg","Moonworks:EvilSpyWorkPreparation"],"picked":"Moonworks:MetallicMonocoque","floor":7.0},{"not_picked":["Moonworks:DeployBits","Moonworks:JonathanRush"],"picked":"Moonworks:CloudOfSeagulls","floor":10.0},{"not_picked":["Moonworks:BigMagnum","Moonworks:Assault"],"picked":"Moonworks:LuckyCharm","floor":11.0},{"not_picked":["Moonworks:CastOff","Moonworks:LuckyCharm"],"picked":"Moonworks:MixPhenomenon","floor":12.0},{"not_picked":["Moonworks:DeployBits","Moonworks:BindingChains"],"picked":"Moonworks:ForcedRevival","floor":14.0},{"not_picked":["Moonworks:Accelerator","Moonworks:MetallicMonocoque"],"picked":"Moonworks:CrystalBarrier","floor":16.0},{"not_picked":["Moonworks:DeployBits","Moonworks:ImOnFire","LuminesStrike"],"picked":"Moonworks:AngelHand","floor":18.0},{"not_picked":["MachineGunSpark","Moonworks:SelfDestruct","Moonworks:ImOnFire"],"picked":"Moonworks:EvilSpyWorkPreparation","floor":21.0},{"not_picked":["MagicAbsorber+1","EarthLightRay","Moonworks:JonathanRush+1"],"picked":"Moonworks:Flamethrower+1","floor":23.0},{"not_picked":["GrandCross","OneTimeOff+1","Moonworks:JonathanRush+1"],"picked":"Moonworks:CloudOfSeagulls","floor":24.0},{"not_picked":["PowerUp+1","Moonworks:ImOnFire+1","Moonworks:ReproductionOfRecords"],"picked":"Moonworks:RocketCannon","floor":28.0},{"not_picked":["ShootingEcho","SporeBomb+1","Moonworks:ReproductionOfRecords"],"picked":"Moonworks:JonathanRush+1","floor":29.0},{"not_picked":["EventHorizon","AlicesGift","AsteroidBelt+1"],"picked":"EarthLightRay+1","floor":31.0},{"not_picked":["Moonworks:OutOfAmmo","StarDustReverie","Moonworks:ReflectiveShell"],"picked":"CasketOfStar","floor":33},{"not_picked":["DoubleSpark","UnstableBomb","GravityBeat","DC"],"picked":"SKIP","floor":35},{"not_picked":["RefractionSpark","OpenUniverse+1","DarkSpark+1"],"picked":"Moonworks:DevilHand","floor":37},{"not_picked":["GrandCross+1","UnstableBomb","GalacticHalo"],"picked":"Moonworks:SelfDestruct","floor":38},{"not_picked":["Moonworks:DeployBits+1","PropBag+1","Moonworks:StiffCrystal+1"],"picked":"Moonworks:LulusLuckyEgg+1","floor":39},{"not_picked":["Moonworks:JonathanRush","Moonworks:Poppoformation+1","StarBarrage+1"],"picked":"ChargeUpSpray+1","floor":41},{"not_picked":["Moonworks:BeyondHell+1","DC","OpenUniverse","Moonworks:MiracleWalker+1"],"picked":"SKIP","floor":44}],"player_experience":316547,"relics_obtained":[{"floor":7.0,"key":"Bottled Tornado"},{"floor":14.0,"key":"Ginger"},{"floor":23.0,"key":"Bag of Marbles"},{"floor":26.0,"key":"CeramicFish"},{"floor":43,"key":"aspiration:FetidBarrel"}],"event_choices":[],"is_beta":false,"boss_relics":[{"not_picked":["Fusion Hammer","aspiration:IroncladSkillbook"],"picked":"aspiration:MarisaSkillbook"},{"not_picked":["aspiration:SecretTechniqueScroll","Calling Bell"],"picked":"Sozu"}],"items_purged_floors":[],"is_endless":false,"potions_floor_spawned":[5,10,11,12,18,21,24,29,37,39,41,44],"killed_by":"Hallownest:2_Wing_and_1_Kings","ascension_level":0}}