{"host":"18uyx1ev7cnsl5lv","time":1610769983,"event":{"mods":["AchievementEnabler","BaseMod","Colored Map","Minty Spire (QoL Compilation)","Rare Cards Sparkle","StSLib","slay the spire mod where everything is the same but ironclad has a cowboy hat"],"gold_per_floor":[115,115,115,139,214,245,245,284,310,388,388,409,425,425,425,544,544,565,585,585,200,200,200,225,225,225,243,243,282,296,321,321,440,440,465,798,809,303,317,317,335,335,335,335,350,370,386,401,401,401],"floor_reached":51,"language":"ENG","playtime":9512,"items_purged":["Strike_R","Strike_R"],"score":812,"play_id":"07ef0ce3-ca5c-401d-8281-4c8e2d8913ff","local_time":"20210115230623","is_ascension_mode":true,"campfire_choices":[{"data":"Armaments","floor":7,"key":"SMITH"},{"floor":11,"key":"REST"},{"floor":15,"key":"REST"},{"floor":23,"key":"REST"},{"data":"Wild Strike","floor":25,"key":"SMITH"},{"floor":28,"key":"REST"},{"floor":32,"key":"REST"},{"floor":40,"key":"REST"},{"data":"Demon Form","floor":42,"key":"SMITH"},{"data":"Pommel Strike","floor":44,"key":"SMITH"},{"data":"Fire Breathing","floor":49,"key":"SMITH"}],"circlet_count":0,"master_deck":["Strike_R","Strike_R+1","Strike_R","Defend_R+1","Defend_R","Defend_R","Defend_R+1","Bash+1","Armaments+1","Injury","Sword Boomerang","Headbutt","Whirlwind+1","Spot Weakness+1","Wild Strike+1","Shrug It Off+1","Impervious+1","Sentinel+1","Pommel Strike+1","J.A.X.+1","Flex+1","Cleave+1","Demon Form+1","Iron Wave+1","Shrug It Off+1","Bandage Up+1","Fire Breathing+1","Secret Weapon+1","Carnage+1","Shrug It Off+1","Infernal Blade+1"],"relics":["Burning Blood","NeowsBlessing","Boot","InkBottle","War Paint","Toxic Egg 2","Mark of Pain","Membership Card","Nunchaku","Oddly Smooth Stone","Nilry\u0027s Codex","Mercury Hourglass","Happy Flower","SacredBark","Sling","Red Skull","Centennial Puzzle","Letter Opener"],"acts_visited":["Exordium","TheCity","TheBeyond"],"potions_floor_usage":[16,24,33,33,50,50,50],"damage_taken":[{"damage":0,"enemies":"2 Louse","floor":1,"turns":1},{"damage":0,"enemies":"Small Slimes","floor":4,"turns":1},{"damage":0,"enemies":"Gremlin Nob","floor":6,"turns":1},{"damage":24,"enemies":"3 Sentries","floor":8,"turns":10},{"damage":27,"enemies":"Gremlin Nob","floor":10,"turns":4},{"damage":7,"enemies":"Jaw Worm","floor":12,"turns":2},{"damage":0,"enemies":"Large Slime","floor":13,"turns":6},{"damage":56,"enemies":"The Guardian","floor":16,"turns":11},{"damage":17,"enemies":"2 Thieves","floor":18,"turns":4},{"damage":16,"enemies":"Spheric Guardian","floor":19,"turns":4},{"damage":17,"enemies":"Shelled Parasite and Fungi","floor":24,"turns":5},{"damage":18,"enemies":"Snake Plant","floor":27,"turns":3},{"damage":24,"enemies":"Book of Stabbing","floor":29,"turns":4},{"damage":5,"enemies":"Centurion and Healer","floor":30,"turns":4},{"damage":15,"enemies":"Snecko","floor":31,"turns":4},{"damage":23,"enemies":"Collector","floor":33,"turns":5},{"damage":13,"enemies":"3 Darklings","floor":35,"turns":4},{"damage":8,"enemies":"3 Shapes","floor":37,"turns":4},{"damage":33,"enemies":"Jaw Worm Horde","floor":39,"turns":4},{"damage":14,"enemies":"Transient","floor":41,"turns":5},{"damage":0,"enemies":"3 Darklings","floor":45,"turns":2},{"damage":3,"enemies":"Sphere and 2 Shapes","floor":46,"turns":4},{"damage":23,"enemies":"Spire Growth","floor":47,"turns":3},{"damage":2,"enemies":"4 Shapes","floor":48,"turns":4},{"damage":73,"enemies":"Donu and Deca","floor":50,"turns":7}],"seed_played":"3891127413009738004","potions_obtained":[{"floor":6,"key":"ElixirPotion"},{"floor":12,"key":"SpeedPotion"},{"floor":16,"key":"EssenceOfSteel"},{"floor":24,"key":"BlessingOfTheForge"},{"floor":29,"key":"LiquidBronze"},{"floor":31,"key":"PowerPotion"},{"floor":35,"key":"Swift Potion"},{"floor":39,"key":"LiquidBronze"},{"floor":41,"key":"Strength Potion"}],"is_trial":false,"path_per_floor":["M","?","?","M","?","E","R","E","T","?","R","M","M","?","R","B",null,"M","M","?","$","?","R","M","R","T","M","R","E","M","M","R","B",null,"M","?","M","$","M","R","M","R","T","R","M","M","M","M","R","B",null],"character_chosen":"IRONCLAD","items_purchased":["Membership Card","Nunchaku","Oddly Smooth Stone","Flex+1","Dexterity Potion","Sling","Red Skull","Centennial Puzzle","Bandage Up+1","Fire Breathing","CultistPotion","Secret Weapon+1"],"campfire_rested":6,"item_purchase_floors":[21,21,21,21,21,38,38,38,38,38,38,38],"current_hp_per_floor":[80,64,64,70,59,65,65,47,47,26,50,49,55,55,79,29,80,69,59,59,59,43,67,56,56,56,44,68,50,51,42,66,49,80,73,73,71,71,50,74,72,72,72,72,80,80,63,73,73,12],"gold":401,"neow_bonus":"THREE_ENEMY_KILL","is_daily":false,"chose_seed":false,"campfire_upgraded":5,"win_rate":0.0,"timestamp":1610769983,"path_taken":["M","?","?","M","?","E","R","E","T","?","R","M","M","?","R","BOSS","M","M","?","$","?","R","M","R","T","M","R","E","M","M","R","BOSS","M","?","M","$","M","R","M","R","T","R","M","M","M","M","R","BOSS"],"items_purchased_type":["Relic","Relic","Relic","Card","Potion","Relic","Relic","Relic","Card","Card","Potion","Card"],"build_version":"2020-12-22","purchased_purges":2,"victory":true,"max_hp_per_floor":[80,80,80,80,80,80,80,80,80,80,80,80,80,80,80,80,80,80,80,80,80,80,80,80,80,80,80,80,80,80,80,80,80,80,80,80,80,80,80,80,80,80,80,80,80,80,80,80,80,80],"card_choices":[{"not_picked":["Power Through","Uppercut"],"picked":"Armaments","floor":1},{"not_picked":["Rage","Armaments"],"picked":"Sword Boomerang","floor":4},{"not_picked":["Havoc","Twin Strike"],"picked":"Headbutt","floor":6},{"not_picked":["Rage","Sentinel"],"picked":"Whirlwind","floor":8},{"not_picked":["Wild Strike","Dark Embrace"],"picked":"Spot Weakness+1","floor":10},{"not_picked":["Heavy Blade","Headbutt"],"picked":"Wild Strike","floor":12},{"not_picked":["Pummel","Headbutt"],"picked":"Shrug It Off+1","floor":13},{"not_picked":["Exhume+1","Juggernaut"],"picked":"Impervious+1","floor":16},{"not_picked":["Evolve","Ghostly Armor+1"],"picked":"Sentinel+1","floor":18},{"not_picked":["True Grit+1","Havoc+1"],"picked":"Pommel Strike","floor":19},{"not_picked":["Searing Blow","Intimidate+1","Armaments+1"],"picked":"SKIP","floor":24},{"not_picked":["Clash+1","Flame Barrier+1","Intimidate+1"],"picked":"SKIP","floor":27},{"not_picked":["Bloodletting+1","Offering+1","Rampage+1"],"picked":"SKIP","floor":29},{"not_picked":["Perfected Strike","Rupture"],"picked":"Cleave+1","floor":30},{"not_picked":["Battle Trance+1","Cleave","Twin Strike"],"picked":"SKIP","floor":31},{"not_picked":["Corruption","Offering+1"],"picked":"Demon Form","floor":33},{"not_picked":["Thunderclap","Warcry+1"],"picked":"Iron Wave+1","floor":35},{"not_picked":["Shockwave+1","Clothesline+1"],"picked":"Shrug It Off+1","floor":37},{"not_picked":["Clothesline+1","Headbutt+1","Havoc+1"],"picked":"SKIP","floor":39},{"not_picked":["Bludgeon","Pummel"],"picked":"Carnage+1","floor":41},{"not_picked":["Clash+1","Armaments+1","Twin Strike"],"picked":"SKIP","floor":45},{"not_picked":["Iron Wave","Armaments+1"],"picked":"Shrug It Off+1","floor":46},{"not_picked":["True Grit+1","Havoc+1","Pommel Strike+1"],"picked":"SKIP","floor":47},{"not_picked":["Sword Boomerang+1","Clash"],"picked":"Infernal Blade+1","floor":48}],"player_experience":425390,"relics_obtained":[{"floor":6,"key":"Boot"},{"floor":8,"key":"InkBottle"},{"floor":9,"key":"War Paint"},{"floor":10,"key":"Toxic Egg 2"},{"floor":22,"key":"Nilry\u0027s Codex"},{"floor":26,"key":"Mercury Hourglass"},{"floor":29,"key":"Happy Flower"},{"floor":43,"key":"Letter Opener"}],"event_choices":[{"damage_healed":0,"gold_gain":0,"player_choice":"Entered Light","damage_taken":16,"max_hp_gain":0,"max_hp_loss":0,"event_name":"Shining Light","floor":2,"gold_loss":0,"cards_upgraded":["Strike_R","Bash"]},{"damage_healed":0,"gold_gain":0,"player_choice":"Take Wound","damage_taken":0,"relics_obtained":["Golden Idol"],"max_hp_gain":0,"max_hp_loss":0,"event_name":"Golden Idol","floor":3,"gold_loss":0,"cards_obtained":["Injury"]},{"damage_healed":0,"gold_gain":75,"player_choice":"Gather Gold","damage_taken":11,"max_hp_gain":0,"max_hp_loss":0,"event_name":"World of Goop","floor":5,"gold_loss":0},{"damage_healed":0,"gold_gain":0,"player_choice":"Searched \u00272\u0027 times","damage_taken":0,"max_hp_gain":0,"max_hp_loss":0,"event_name":"Dead Adventurer","floor":10,"gold_loss":0},{"damage_healed":0,"gold_gain":0,"player_choice":"Grow","damage_taken":0,"max_hp_gain":0,"max_hp_loss":0,"event_name":"Living Wall","floor":14,"gold_loss":0,"cards_upgraded":["Whirlwind"]},{"damage_healed":0,"gold_gain":0,"player_choice":"Obtain J.A.X.","damage_taken":0,"max_hp_gain":0,"max_hp_loss":0,"event_name":"Drug Dealer","floor":20,"gold_loss":0,"cards_obtained":["J.A.X."]},{"damage_healed":0,"gold_gain":0,"player_choice":"Obtained Book","damage_taken":16,"max_hp_gain":0,"max_hp_loss":0,"event_name":"Cursed Tome","floor":22,"gold_loss":0},{"damage_healed":0,"gold_gain":333,"player_choice":"Gave Idol","damage_taken":0,"max_hp_gain":0,"max_hp_loss":0,"event_name":"The Moai Head","floor":36,"relics_lost":["Golden Idol"],"gold_loss":0}],"is_beta":false,"boss_relics":[{"not_picked":["Coffee Dripper","Ectoplasm"],"picked":"Mark of Pain"},{"not_picked":["Snecko Eye","Black Star"],"picked":"SacredBark"}],"items_purged_floors":[21,38],"is_endless":false,"potions_floor_spawned":[6,12,16,24,29,30,31,35,39,41,48],"ascension_level":4}}