{"host":"pi8b3ffzwvxqztac","time":1610769372,"event":{"mods":["BaseMod","Colored Map","Downfall","Minty Spire (QoL Compilation)","StSLib","The Jungle"],"gold_per_floor":[199,212,228,378,478,490,564,464,479,479,496,513,513,528,543,543,543,543],"floor_reached":16,"language":"ENG","playtime":1196,"items_purged":[],"score":110,"play_id":"c8194b4e-a5a9-4993-aaed-47ea732ee4a3","local_time":"20210116165612","is_ascension_mode":true,"campfire_choices":[{"floor":1.0,"key":"RECALL"},{"floor":8.0,"key":"REST"},{"data":"champ:Taunt","floor":10.0,"key":"SMITH"},{"floor":13.0,"key":"REST"}],"circlet_count":0,"master_deck":["champ:Strike","champ:Strike","champ:Strike","champ:Strike","champ:Defend","champ:Defend","champ:Defend","champ:Defend","champ:Execute","champ:Taunt+1","champ:FlashCut","champ:FanOfKnives","downfall:Icky","champ:Shatter","champ:BringItOn","champ:StanceDance","champ:PreciseThrust"],"relics":["champ:ChampionCrown","CloakClasp","Mummified Hand","downfall:HeartBlessingRed"],"acts_visited":["Exordium"],"potions_floor_usage":[15,16,16],"damage_taken":[{"damage":20.0,"enemies":"Cultist","floor":2.0,"turns":4.0},{"damage":17.0,"enemies":"2 Louse","floor":3.0,"turns":3.0},{"damage":118.0,"enemies":"2 Louse","floor":5.0,"turns":11.0},{"damage":14.0,"enemies":"Small Slimes","floor":6.0,"turns":4.0},{"damage":0.0,"enemies":"3 Louse","floor":9.0,"turns":3.0},{"damage":7.0,"enemies":"Blue Slaver","floor":11.0,"turns":4.0},{"damage":9.0,"enemies":"Exordium Wildlife","floor":12.0,"turns":4.0},{"damage":10.0,"enemies":"Large Slime","floor":14.0,"turns":4.0},{"damage":7,"enemies":"Lots of Slimes","floor":15,"turns":3},{"damage":107,"enemies":"DF_ARCHETYPE_STREAMLINE","floor":16,"turns":14}],"seed_played":"-6741242385994875416","potions_obtained":[{"floor":3.0,"key":"bronze:BurnAndBuffPotion"},{"floor":9.0,"key":"Dexterity Potion"},{"floor":12.0,"key":"Guardian:BlockOnCardUsePotion"},{"floor":15,"key":"Dexterity Potion"}],"is_trial":false,"path_per_floor":["R","M","M","?","?","M","T","R","M","R","M","M","R","M","M","B"],"character_chosen":"THE_CHAMP","items_purchased":[],"campfire_rested":2,"item_purchase_floors":[],"current_hp_per_floor":[90,90,83,83,15,11,11,38,38,38,31,22,49,49,42,0,0,0],"gold":543,"neow_bonus":"HUNDRED_GOLD","is_daily":false,"chose_seed":false,"campfire_upgraded":1,"win_rate":0.0,"timestamp":1610769372,"path_taken":["R","M","?","?","?","M","T","R","M","R","M","M","R","M","M","BOSS"],"items_purchased_type":[],"build_version":"2020-12-22","purchased_purges":0,"victory":false,"max_hp_per_floor":[90,90,90,90,90,90,90,90,90,90,90,90,90,90,90,90,90,90],"card_choices":[{"not_picked":["champ:Circumvent","champ:RageSigil"],"picked":"champ:FlashCut","floor":2.0},{"not_picked":["champ:IronFortress","champ:Circumvent"],"picked":"champ:FanOfKnives","floor":3.0},{"not_picked":["champ:GutPunch","champ:RageSigil"],"picked":"champ:Shatter","floor":5.0},{"not_picked":["champ:Backstep","champ:FocusedBerserking","champ:BerserkersShout"],"picked":"SKIP","floor":6.0},{"not_picked":["champ:BladeFlurry","champ:BerserkersShout"],"picked":"champ:BringItOn","floor":9.0},{"not_picked":["champ:RapidStrikes","champ:FanOfKnives","champ:TornadoPunch"],"picked":"SKIP","floor":11.0},{"not_picked":["champ:SkillfulDodge","champ:Circumvent","champ:GutPunch"],"picked":"SKIP","floor":12.0},{"not_picked":["champ:Duel","champ:Lariat"],"picked":"champ:StanceDance","floor":14.0},{"not_picked":["champ:EnGarde","champ:BladeFlurry"],"picked":"champ:PreciseThrust","floor":15}],"player_experience":527444,"relics_obtained":[{"floor":5.0,"key":"CloakClasp"},{"floor":7.0,"key":"Mummified Hand"}],"event_choices":[],"is_beta":false,"boss_relics":[],"items_purged_floors":[],"is_endless":false,"potions_floor_spawned":[3,9,12,15],"killed_by":"DF_ARCHETYPE_STREAMLINE","ascension_level":3}}