{"host":"lnt5dzsuhru0aonl","time":1610813829,"event":{"mods":["2.2 Compatiblity","BaseMod","Colored Map","DeckTracker","Keyboard Shortcuts","Minty Spire (QoL Compilation)","Permanent Neow","StSLib","SuperFastMode","everything is the same but u backflip on backflip"],"gold_per_floor":[10,24,24,40,40,74,74,85,110,110,139,139,153,164,164,242,242,255,274,289,214,129,148,148,179,179,104,123,123,23,43,43,119,119,137,156,156,156],"floor_reached":37,"language":"KOR","playtime":1558,"items_purged":["Strike_P","Defend_P"],"score":749,"play_id":"109364e2-0198-49ff-b0dc-a278d6fcf028","local_time":"20210117011709","is_ascension_mode":true,"campfire_choices":[{"floor":10.0,"key":"REST"},{"floor":12.0,"key":"REST"},{"data":"Adaptation","floor":15.0,"key":"SMITH"},{"data":"Tantrum","floor":24.0,"key":"SMITH"},{"data":"Ragnarok","floor":32,"key":"SMITH"}],"circlet_count":0,"master_deck":["AscendersBane","Strike_P","Strike_P","Defend_P","Eruption+1","Vigilance","WheelKick+1","EmptyFist","Prostrate","Adaptation+1","Ragnarok+1","Tantrum+1","Scrawl"],"relics":["PureWater","Regal Pillow","Orichalcum","Centennial Puzzle","Dream Catcher","Cursed Key","Mummified Hand","Tiny Chest","Coffee Dripper"],"acts_visited":["Exordium","TheCity","TheBeyond"],"potions_floor_usage":[33],"damage_taken":[{"damage":7.0,"enemies":"Jaw Worm","floor":1.0,"turns":4.0},{"damage":1.0,"enemies":"Cultist","floor":2.0,"turns":3.0},{"damage":5.0,"enemies":"2 Louse","floor":4.0,"turns":2.0},{"damage":12.0,"enemies":"Lagavulin","floor":6.0,"turns":11.0},{"damage":4.0,"enemies":"Lots of Slimes","floor":8.0,"turns":4.0},{"damage":12.0,"enemies":"Gremlin Nob","floor":11.0,"turns":3.0},{"damage":8.0,"enemies":"3 Louse","floor":13.0,"turns":3.0},{"damage":13.0,"enemies":"Looter","floor":14.0,"turns":2.0},{"damage":35.0,"enemies":"Hexaghost","floor":16.0,"turns":9.0},{"damage":1.0,"enemies":"Shell Parasite","floor":18.0,"turns":2.0},{"damage":6.0,"enemies":"3 Byrds","floor":19.0,"turns":3.0},{"damage":1.0,"enemies":"Centurion and Healer","floor":20.0,"turns":2.0},{"damage":0.0,"enemies":"Snecko","floor":23.0,"turns":2.0},{"damage":0.0,"enemies":"Gremlin Leader","floor":25.0,"turns":2.0},{"damage":7,"enemies":"3 Cultists","floor":28,"turns":3},{"damage":0,"enemies":"Centurion and Healer","floor":31,"turns":3},{"damage":15,"enemies":"Champ","floor":33,"turns":5},{"damage":11,"enemies":"3 Darklings","floor":35,"turns":3},{"damage":37,"enemies":"3 Shapes","floor":36,"turns":3},{"damage":26,"enemies":"2 Orb Walkers","floor":37,"turns":3}],"seed_played":"-4905695696499056165","potions_obtained":[{"floor":1.0,"key":"Dexterity Potion"},{"floor":2.0,"key":"Dexterity Potion"},{"floor":6.0,"key":"CultistPotion"},{"floor":11.0,"key":"Swift Potion"},{"floor":14.0,"key":"FearPotion"},{"floor":20.0,"key":"LiquidMemories"},{"floor":28,"key":"Strength Potion"}],"is_trial":false,"path_per_floor":["M","M","?","M","?","E","?","M","T","R","E","R","M","M","R","B",null,"M","M","M","$","?","M","R","E","T","?","M","?","$","M","R","B",null,"M","M","?"],"character_chosen":"WATCHER","items_purchased":[],"campfire_rested":2,"item_purchase_floors":[],"current_hp_per_floor":[54,53,53,48,22,10,10,6,6,41,29,64,56,43,43,8,53,52,46,45,45,45,45,45,45,45,45,38,19,19,19,19,4,56,45,8,0,0],"gold":156,"neow_bonus":"REMOVE_TWO","is_daily":false,"chose_seed":false,"campfire_upgraded":3,"win_rate":0.0,"timestamp":1610813829,"path_taken":["M","M","?","?","?","E","?","?","T","R","E","R","M","M","R","BOSS","M","M","M","$","?","M","R","E","T","?","M","?","$","M","R","BOSS","M","M","?"],"items_purchased_type":[],"build_version":"2020-12-22","purchased_purges":2,"victory":false,"max_hp_per_floor":[68,68,68,68,68,68,68,68,68,68,68,68,68,68,68,68,68,68,68,68,68,68,68,68,68,68,68,68,73,73,73,73,73,73,73,73,73,73],"card_choices":[{"not_picked":["Collect","Halt"],"picked":"WheelKick","floor":1.0},{"not_picked":["JustLucky","Evaluate"],"picked":"EmptyFist","floor":2.0},{"not_picked":["Conclude","Wireheading"],"picked":"Prostrate","floor":4.0},{"not_picked":["Consecrate","SignatureMove","EmptyFist"],"picked":"SKIP","floor":6.0},{"not_picked":["ThirdEye","ReachHeaven","MasterReality"],"picked":"SKIP","floor":8.0},{"not_picked":["Wish","Wireheading","PathToVictory"],"picked":"SKIP","floor":11.0},{"not_picked":["ThirdEye","Perseverance"],"picked":"Adaptation","floor":13.0},{"not_picked":["CutThroughFate","Weave","BowlingBash"],"picked":"SKIP","floor":14.0},{"not_picked":["DevaForm","ConjureBlade"],"picked":"Ragnarok","floor":16.0},{"not_picked":["WaveOfTheHand","ThirdEye+1"],"picked":"Tantrum","floor":18.0},{"not_picked":["BowlingBash","ThirdEye","EmptyFist"],"picked":"SKIP","floor":19.0},{"not_picked":["Prostrate","CarveReality+1","FollowUp+1"],"picked":"SKIP","floor":20.0},{"not_picked":["Conclude","Evaluate","SashWhip"],"picked":"SKIP","floor":23.0},{"not_picked":["BowlingBash","Crescendo+1","Collect"],"picked":"SKIP","floor":25.0},{"not_picked":["ThirdEye","EmptyFist","PathToVictory"],"picked":"SKIP","floor":28},{"not_picked":["Blasphemy","ClearTheMind+1","DeceiveReality"],"picked":"SKIP","floor":31},{"not_picked":["LessonLearned","SpiritShield"],"picked":"Scrawl","floor":33},{"not_picked":["CrushJoints","FollowUp","WheelKick"],"picked":"SKIP","floor":35},{"not_picked":["Evaluate","BowlingBash","Collect"],"picked":"SKIP","floor":36}],"player_experience":672163,"relics_obtained":[{"floor":6.0,"key":"Orichalcum"},{"floor":9.0,"key":"Centennial Puzzle"},{"floor":11.0,"key":"Dream Catcher"},{"floor":25.0,"key":"Tiny Chest"}],"event_choices":[{"damage_healed":0.0,"max_hp_gain":0.0,"max_hp_loss":0.0,"gold_gain":0.0,"event_name":"Accursed Blacksmith","player_choice":"Forge","floor":3.0,"gold_loss":0.0,"damage_taken":0.0,"cards_upgraded":["Eruption"]},{"damage_healed":0.0,"max_hp_gain":0.0,"max_hp_loss":0.0,"gold_gain":0.0,"event_name":"Scrap Ooze","player_choice":"Success","floor":5.0,"gold_loss":0.0,"damage_taken":26.0,"relics_obtained":["Regal Pillow"]},{"damage_healed":0.0,"max_hp_gain":0.0,"max_hp_loss":0.0,"gold_gain":0.0,"event_name":"Upgrade Shrine","player_choice":"Upgraded","floor":7.0,"gold_loss":0.0,"damage_taken":0.0,"cards_upgraded":["WheelKick"]},{"damage_healed":0.0,"max_hp_gain":0.0,"max_hp_loss":0.0,"gold_gain":0.0,"event_name":"Addict","player_choice":"Obtained Relic","floor":22.0,"gold_loss":85.0,"damage_taken":0.0,"relics_obtained":["Mummified Hand"]},{"cards_removed":["Defend_P"],"damage_healed":0.0,"max_hp_gain":0.0,"max_hp_loss":0.0,"gold_gain":0.0,"event_name":"Beggar","player_choice":"Gave Gold","floor":27.0,"gold_loss":75.0,"damage_taken":0.0},{"damage_healed":0,"gold_gain":0,"player_choice":"Shed Blood","damage_taken":24,"max_hp_gain":5,"max_hp_loss":0,"event_name":"Forgotten Altar","floor":29,"gold_loss":0},{"damage_healed":0,"gold_gain":0,"player_choice":"Fight","damage_taken":0,"max_hp_gain":0,"max_hp_loss":0,"event_name":"Mysterious Sphere","floor":37,"gold_loss":0}],"is_beta":false,"boss_relics":[{"not_picked":["Snecko Eye","SacredBark"],"picked":"Cursed Key"},{"not_picked":["Calling Bell","Runic Dome"],"picked":"Coffee Dripper"}],"items_purged_floors":[21,30],"is_endless":false,"potions_floor_spawned":[1,2,6,11,14,20,28],"killed_by":"2 Orb Walkers","ascension_level":15}}