{"host":"xsuxkwaivmtd234a","time":1610807604,"event":{"mods":["BaseMod","Colored Map","Filter the Spire","Minty Spire (QoL Compilation)","Relic Stats","StSLib"],"gold_per_floor":[11,29,40,56,68,68,97,97,97,117,117,2,14,43,43,143,143,157,157,157,11,11,11,11,11,11,37,136,136,149,176,176,279,279,290,290,33,33,48,73,89,89,114,124,124,158,207,233,233,233],"floor_reached":51,"language":"ENG","playtime":2261,"items_purged":["Strike_R","Strike_R"],"score":895,"play_id":"b205d1ca-7b6c-4093-8580-0446cc5cc54f","local_time":"20210116093324","is_ascension_mode":true,"campfire_choices":[{"data":"Wild Strike","floor":6.0,"key":"SMITH"},{"data":"Armaments","floor":15.0,"key":"SMITH"},{"data":"Immolate","floor":23.0,"key":"SMITH"},{"data":"Bludgeon","floor":25.0,"key":"SMITH"},{"data":"Bash","floor":32,"key":"SMITH"},{"data":"Pommel Strike","floor":42,"key":"SMITH"},{"data":"Carnage","floor":45,"key":"SMITH"},{"floor":49,"key":"REST"}],"circlet_count":0,"master_deck":["Defend_R","Defend_R","Defend_R","Defend_R","Bash+1","Feel No Pain","Clothesline","Combust","Anger","Wild Strike+1","Pommel Strike+1","Armaments+1","Ghostly Armor","Immolate+1","Bludgeon+1","Carnage+1","Second Wind","Intimidate","Shrug It Off+1","Spot Weakness+1","Inflame+1","True Grit+1","Feed","Doubt","Parasite","Seeing Red+1","Impervious","Shrug It Off+1"],"relics":["Burning Blood","Incense Burner","HornCleat","Juzu Bracelet","White Beast Statue","Thread and Needle","Snecko Eye","ClockworkSouvenir","Darkstone Periapt","Eternal Feather","MealTicket","Bag of Preparation","Cursed Key","Bag of Marbles","Blue Candle","Anchor","Bird Faced Urn","Charon\u0027s Ashes","Oddly Smooth Stone"],"acts_visited":["Exordium","TheCity","TheBeyond"],"potions_floor_usage":[33,33,33,46,50,50],"damage_taken":[{"damage":0.0,"enemies":"Small Slimes","floor":1.0,"turns":3.0},{"damage":7.0,"enemies":"Cultist","floor":2.0,"turns":4.0},{"damage":3.0,"enemies":"Jaw Worm","floor":3.0,"turns":5.0},{"damage":12.0,"enemies":"2 Fungi Beasts","floor":4.0,"turns":3.0},{"damage":11.0,"enemies":"Looter","floor":5.0,"turns":3.0},{"damage":46.0,"enemies":"Lagavulin","floor":7.0,"turns":8.0},{"damage":5.0,"enemies":"Exordium Thugs","floor":10.0,"turns":5.0},{"damage":2.0,"enemies":"Blue Slaver","floor":13.0,"turns":3.0},{"damage":8.0,"enemies":"3 Sentries","floor":14.0,"turns":5.0},{"damage":44.0,"enemies":"The Guardian","floor":16.0,"turns":13.0},{"damage":18.0,"enemies":"Spheric Guardian","floor":18.0,"turns":4.0},{"damage":15,"enemies":"Slavers","floor":27,"turns":4},{"damage":3,"enemies":"2 Thieves","floor":30,"turns":2},{"damage":0,"enemies":"Book of Stabbing","floor":31,"turns":5},{"damage":3,"enemies":"Champ","floor":33,"turns":14},{"damage":4,"enemies":"3 Darklings","floor":35,"turns":5},{"damage":0,"enemies":"3 Shapes","floor":39,"turns":1},{"damage":5,"enemies":"Nemesis","floor":40,"turns":3},{"damage":2,"enemies":"Spire Growth","floor":41,"turns":3},{"damage":2,"enemies":"Writhing Mass","floor":44,"turns":5},{"damage":2,"enemies":"Reptomancer","floor":46,"turns":3},{"damage":1,"enemies":"2 Orb Walkers","floor":47,"turns":4},{"damage":39,"enemies":"Nemesis","floor":48,"turns":5},{"damage":40,"enemies":"Time Eater","floor":50,"turns":10}],"seed_played":"6798882140512826990","potions_obtained":[{"floor":2.0,"key":"LiquidBronze"},{"floor":7.0,"key":"ElixirPotion"},{"floor":10.0,"key":"FairyPotion"},{"floor":13.0,"key":"ElixirPotion"},{"floor":14.0,"key":"Fire Potion"},{"floor":16.0,"key":"BlessingOfTheForge"},{"floor":18.0,"key":"Weak Potion"},{"floor":27,"key":"ColorlessPotion"},{"floor":31,"key":"SkillPotion"},{"floor":33,"key":"FairyPotion"},{"floor":35,"key":"ColorlessPotion"},{"floor":39,"key":"HeartOfIron"},{"floor":46,"key":"SkillPotion"}],"is_trial":false,"path_per_floor":["M","M","M","M","M","R","E","?","T","M","$","$","M","E","R","B",null,"M","?","?","$","?","R","T","R","T","E","?","?","M","E","R","B",null,"M","?","$","?","M","E","M","R","T","M","R","E","?","E","R","B",null],"character_chosen":"IRONCLAD","items_purchased":["Ghostly Armor","ClockworkSouvenir","Bag of Marbles"],"campfire_rested":1,"item_purchase_floors":[12,21,37],"current_hp_per_floor":[80,79,80,74,69,69,29,29,29,30,30,30,34,32,32,20,80,68,68,53,53,53,53,53,53,53,44,44,44,47,53,65,68,85,85,85,85,81,81,81,81,81,87,96,96,96,99,71,102,71],"gold":233,"neow_bonus":"ONE_RARE_RELIC","is_daily":false,"chose_seed":false,"campfire_upgraded":7,"win_rate":0.0,"timestamp":1610807604,"path_taken":["M","M","M","M","M","R","E","?","T","M","?","$","M","E","R","BOSS","M","?","?","$","?","R","?","R","T","E","?","?","M","E","R","BOSS","M","?","$","?","M","E","M","R","T","M","R","E","?","E","R","BOSS"],"items_purchased_type":["Card","Relic","Relic"],"build_version":"2020-12-22","purchased_purges":2,"victory":true,"max_hp_per_floor":[80,80,80,80,80,80,80,80,80,80,80,80,80,80,80,80,80,80,80,85,85,85,85,85,85,85,85,85,85,85,85,85,85,85,85,85,85,81,81,81,81,81,87,96,96,96,99,102,102,102],"relic_stats":{"Darkstone Periapt":12,"counters":[24,120],"Blue Candle":[8],"Eternal Feather":27,"Charon\u0027s Ashes":[39],"Juzu Bracelet":2,"Bag of Preparation":[20],"Cursed Key":1,"Burning Blood":109,"Bird Faced Urn":[6],"Snecko Eye":[108,117,120,133],"MealTicket":0,"obtain_stats":[{"Darkstone Periapt":24,"Blue Candle":40,"Oddly Smooth Stone":48,"Thread and Needle":14,"Eternal Feather":26,"Charon\u0027s Ashes":47,"Incense Burner":0,"Juzu Bracelet":8,"Bag of Preparation":31,"Cursed Key":34,"Burning Blood":0,"White Beast Statue":9,"ClockworkSouvenir":21,"Anchor":43,"HornCleat":7,"Bird Faced Urn":46,"Snecko Eye":17,"MealTicket":27,"Bag of Marbles":37},{"Darkstone Periapt":11,"Blue Candle":18,"Oddly Smooth Stone":23,"Thread and Needle":9,"Eternal Feather":11,"Charon\u0027s Ashes":22,"Incense Burner":0,"Juzu Bracelet":6,"Bag of Preparation":14,"Cursed Key":15,"Burning Blood":0,"White Beast Statue":6,"ClockworkSouvenir":11,"Anchor":19,"HornCleat":6,"Bird Faced Urn":21,"Snecko Eye":10,"MealTicket":12,"Bag of Marbles":16},{"Darkstone Periapt":56,"Blue Candle":90,"Oddly Smooth Stone":110,"Thread and Needle":39,"Eternal Feather":56,"Charon\u0027s Ashes":105,"Incense Burner":0,"Juzu Bracelet":26,"Bag of Preparation":67,"Cursed Key":81,"Burning Blood":0,"White Beast Statue":26,"ClockworkSouvenir":56,"Anchor":93,"HornCleat":26,"Bird Faced Urn":101,"Snecko Eye":52,"MealTicket":60,"Bag of Marbles":86}]},"card_choices":[{"not_picked":["Headbutt","Iron Wave"],"picked":"Feel No Pain","floor":1.0},{"not_picked":["Thunderclap","Sword Boomerang"],"picked":"Clothesline","floor":2.0},{"not_picked":["Sword Boomerang","Warcry"],"picked":"Combust","floor":3.0},{"not_picked":["Armaments","Twin Strike"],"picked":"Anger","floor":4.0},{"not_picked":["Bloodletting","Clothesline"],"picked":"Wild Strike","floor":5.0},{"not_picked":["Rampage","Berserk"],"picked":"Pommel Strike","floor":7.0},{"not_picked":["Twin Strike","Metallicize"],"picked":"Armaments","floor":10.0},{"not_picked":["Thunderclap","Headbutt","Dark Embrace"],"picked":"SKIP","floor":13.0},{"not_picked":["Thunderclap","Bloodletting","Headbutt"],"picked":"SKIP","floor":14.0},{"not_picked":["Brutality","Berserk"],"picked":"Immolate","floor":16.0},{"not_picked":["Dropkick","Heavy Blade","Intimidate"],"picked":"SKIP","floor":18.0},{"not_picked":["Thunderclap","Dual Wield"],"picked":"Second Wind","floor":27},{"not_picked":["Heavy Blade","Warcry","Bloodletting"],"picked":"SKIP","floor":30},{"not_picked":["Seeing Red","Wild Strike"],"picked":"Shrug It Off+1","floor":31},{"not_picked":["Brutality","Immolate"],"picked":"Berserk","floor":33},{"not_picked":["Shrug It Off+1","Anger+1"],"picked":"Spot Weakness+1","floor":35},{"not_picked":["Warcry+1","Body Slam+1"],"picked":"Inflame+1","floor":39},{"not_picked":["Heavy Blade+1","Rupture"],"picked":"True Grit+1","floor":40},{"not_picked":["Clothesline","Rage+1"],"picked":"Feed","floor":41},{"not_picked":["Heavy Blade+1","Searing Blow"],"picked":"Seeing Red+1","floor":44},{"not_picked":["Shrug It Off+1","Headbutt+1"],"picked":"Impervious","floor":46},{"not_picked":["Cleave","Headbutt"],"picked":"Shrug It Off+1","floor":48}],"player_experience":1172618,"relics_obtained":[{"floor":7.0,"key":"HornCleat"},{"floor":9.0,"key":"White Beast Statue"},{"floor":14.0,"key":"Thread and Needle"},{"floor":24.0,"key":"Darkstone Periapt"},{"floor":26.0,"key":"Eternal Feather"},{"floor":27,"key":"MealTicket"},{"floor":31,"key":"Bag of Preparation"},{"floor":40,"key":"Blue Candle"},{"floor":43,"key":"Anchor"},{"floor":46,"key":"Bird Faced Urn"},{"floor":47,"key":"Charon\u0027s Ashes"},{"floor":48,"key":"Oddly Smooth Stone"}],"event_choices":[{"damage_healed":0.0,"max_hp_gain":0.0,"max_hp_loss":0.0,"gold_gain":0.0,"event_name":"WeMeetAgain","player_choice":"Gave Potion","floor":8.0,"gold_loss":0.0,"damage_taken":0.0,"relics_obtained":["Juzu Bracelet"]},{"damage_healed":0.0,"max_hp_gain":0.0,"max_hp_loss":0.0,"gold_gain":0.0,"event_name":"Beggar","player_choice":"Ignored","floor":19.0,"gold_loss":0.0,"damage_taken":0.0},{"damage_healed":0.0,"max_hp_gain":5.0,"max_hp_loss":0.0,"gold_gain":0.0,"event_name":"Forgotten Altar","player_choice":"Shed Blood","floor":20.0,"gold_loss":0.0,"damage_taken":20.0},{"damage_healed":0.0,"max_hp_gain":0.0,"max_hp_loss":0.0,"gold_gain":0.0,"cards_transformed":["Strike_R","Strike_R"],"event_name":"Drug Dealer","player_choice":"Became Test Subject","floor":22.0,"gold_loss":0.0,"damage_taken":0.0,"cards_obtained":["Bludgeon","Carnage"]},{"damage_healed":0,"gold_gain":99,"player_choice":"Stole From Cult","damage_taken":0,"max_hp_gain":0,"max_hp_loss":0,"event_name":"Nest","floor":28,"gold_loss":0},{"damage_healed":0,"gold_gain":0,"cards_transformed":["Strike_R"],"player_choice":"Transformed","damage_taken":0,"max_hp_gain":0,"max_hp_loss":0,"event_name":"Transmorgrifier","floor":29,"gold_loss":0,"cards_obtained":["Intimidate"]},{"cards_removed":["Berserk"],"damage_healed":0,"gold_gain":0,"player_choice":"Removed Power","damage_taken":0,"max_hp_gain":0,"max_hp_loss":0,"event_name":"Falling","floor":36,"gold_loss":0},{"damage_healed":0,"gold_gain":0,"player_choice":"Max HP","damage_taken":0,"max_hp_gain":0,"max_hp_loss":4,"event_name":"Winding Halls","floor":38,"gold_loss":0},{"damage_healed":0,"gold_gain":0,"player_choice":"Fight","damage_taken":0,"max_hp_gain":0,"max_hp_loss":0,"event_name":"Mysterious Sphere","floor":47,"gold_loss":0}],"is_beta":false,"boss_relics":[{"not_picked":["Busted Crown","Black Blood"],"picked":"Snecko Eye"},{"not_picked":["Tiny House","SacredBark"],"picked":"Cursed Key"}],"items_purged_floors":[12,37],"is_endless":false,"potions_floor_spawned":[2,7,10,13,14,16,18,27,30,31,33,35,39,40,41,44,46,47,48],"ascension_level":1}}