{"host":"yo9wwslrag05lh37","time":1610768300,"event":{"mods":["AchievementEnabler","BaseMod","Block Reminder","Colored Map","Colored Powertips","GifTheSpireLib","HexUI Lib","Highlight Path","Minty Spire (QoL Compilation)","Rare Cards Sparkle","Relic Stats","StSLib","everything is the same but u backflip on backflip"],"gold_per_floor":[118,131,142,160,160,46,60,60,60,60,60,60,100,20,20,20,20],"floor_reached":16,"language":"ENG","playtime":933,"items_purged":[],"score":140,"play_id":"db665f21-1e91-42a0-8a97-a4b85620fa38","local_time":"20210116043820","is_ascension_mode":true,"campfire_choices":[{"floor":10,"key":"REST"},{"floor":15,"key":"REST"}],"circlet_count":0,"master_deck":["Strike_P","Strike_P","Strike_P","Defend_P","Defend_P","Defend_P","Eruption","Vigilance","Devotion","Consecrate","Prostrate","BattleHymn","InnerPeace","Evaluate+1","EmptyMind","Wireheading","Study","Halt+1","MentalFortress"],"relics":["PureWater","Toxic Egg 2","Golden Idol","Ice Cream"],"acts_visited":["Exordium"],"potions_floor_usage":[],"damage_taken":[{"damage":0,"enemies":"2 Louse","floor":1,"turns":1},{"damage":10,"enemies":"Jaw Worm","floor":2,"turns":4},{"damage":4,"enemies":"Small Slimes","floor":3,"turns":3},{"damage":17,"enemies":"Looter","floor":4,"turns":2},{"damage":3,"enemies":"2 Fungi Beasts","floor":7,"turns":3},{"damage":32,"enemies":"Gremlin Nob","floor":13,"turns":4},{"damage":24,"enemies":"Hexaghost","floor":16,"turns":2}],"seed_played":"-5870211043752124997","potions_obtained":[{"floor":3,"key":"EssenceOfSteel"},{"floor":4,"key":"SpeedPotion"},{"floor":13,"key":"Swift Potion"}],"is_trial":false,"path_per_floor":["M","M","M","M","?","$","M","?","T","R","?","?","E","$","R","B"],"character_chosen":"WATCHER","items_purchased":["EmptyMind","Wireheading","MentalFortress"],"campfire_rested":2,"item_purchase_floors":[6,6,14],"current_hp_per_floor":[47,37,33,16,16,16,13,13,13,34,34,34,2,2,22,0,0],"gold":20,"neow_bonus":"TRANSFORM_TWO_CARDS","is_daily":false,"chose_seed":false,"campfire_upgraded":0,"win_rate":0.0,"timestamp":1610768300,"path_taken":["M","M","M","M","?","$","M","?","T","R","?","?","E","$","R","BOSS"],"items_purchased_type":["Card","Card","Card"],"build_version":"2020-12-22","purchased_purges":0,"victory":false,"max_hp_per_floor":[72,72,72,72,72,72,72,72,72,72,72,67,67,67,67,67,67],"relic_stats":{"counters":[7,19],"Golden Idol":8,"obtain_stats":[{"Ice Cream":13,"Golden Idol":12,"PureWater":0,"Toxic Egg 2":9},{"Ice Cream":6,"Golden Idol":5,"PureWater":0,"Toxic Egg 2":5},{"Ice Cream":17,"Golden Idol":13,"PureWater":0,"Toxic Egg 2":13}]},"card_choices":[{"not_picked":["FlyingSleeves","ReachHeaven"],"picked":"Prostrate","floor":1},{"not_picked":["FlurryOfBlows","Crescendo"],"picked":"BattleHymn","floor":2},{"not_picked":["SashWhip","DeceiveReality"],"picked":"InnerPeace","floor":3},{"not_picked":["Crescendo","InnerPeace"],"picked":"Evaluate","floor":4},{"not_picked":["Conclude","BattleHymn"],"picked":"Study","floor":7},{"not_picked":["Tantrum","CrushJoints"],"picked":"Halt+1","floor":13}],"player_experience":1498816,"relics_obtained":[{"floor":9,"key":"Toxic Egg 2"},{"floor":13,"key":"Ice Cream"}],"event_choices":[{"damage_healed":0,"gold_gain":0,"player_choice":"Grow","damage_taken":0,"max_hp_gain":0,"max_hp_loss":0,"event_name":"Living Wall","floor":5,"gold_loss":0,"cards_upgraded":["Evaluate"]},{"damage_healed":0,"gold_gain":0,"player_choice":"Ignored","damage_taken":0,"max_hp_gain":0,"max_hp_loss":0,"event_name":"Shining Light","floor":8,"gold_loss":0},{"damage_healed":0,"gold_gain":0,"player_choice":"Ignored","damage_taken":0,"max_hp_gain":0,"max_hp_loss":0,"event_name":"Liars Game","floor":11,"gold_loss":0},{"damage_healed":0,"gold_gain":0,"player_choice":"Lose Max HP","damage_taken":0,"relics_obtained":["Golden Idol"],"max_hp_gain":0,"max_hp_loss":5,"event_name":"Golden Idol","floor":12,"gold_loss":0}],"is_beta":false,"boss_relics":[],"items_purged_floors":[],"is_endless":false,"potions_floor_spawned":[3,4,13],"killed_by":"Hexaghost","ascension_level":8}}