{"host":"sc0o2qwpf9j16a4i","time":1610825855,"event":{"mods":["AchievementEnabler","BaseMod","BetterRewards","Block Reminder","Colored Map","Colored Powertips","Custom Start","Highlight Path","Minty Spire (QoL Compilation)","Relic Stats"],"gold_per_floor":[112,112,37,51,61,61,74,100,100,100,117,48,62,94,94,168,168,180,180,80,98,98,126,126,142,142,17,17,36,50,50,50,125,125,135,135,135,149,161,11,38,57,57,69,94,94,127,138,138,138,138,138],"floor_reached":51,"language":"ENG","playtime":2664,"items_purged":["Strike_R","Strike_R","Strike_R","Perfected Strike"],"score":1488,"play_id":"d798b10e-af67-481c-bdca-6fc1b443ad40","local_time":"20210116213735","is_ascension_mode":true,"campfire_choices":[{"data":"Bash","floor":6.0,"key":"SMITH"},{"floor":10.0,"key":"REST"},{"floor":15.0,"key":"REST"},{"data":"Whirlwind","floor":24,"key":"SMITH"},{"data":"Shockwave","floor":28,"key":"SMITH"},{"floor":32,"key":"REST"},{"floor":46,"key":"RECALL"},{"floor":49,"key":"REST"}],"circlet_count":0,"master_deck":["AscendersBane","Defend_R+1","Bash+1","Flame Barrier","Cleave","Battle Trance+1","Whirlwind+1","Ghostly Armor","Shockwave+1","Blood for Blood","Reaper","Warcry","Inflame+1","True Grit+1","Heavy Blade+1","Impervious","Shrug It Off+1","Parasite","Burning Pact","Feel No Pain"],"relics":["Empty Cage","Red Skull","Shuriken","Mummified Hand","Sozu","Nilry\u0027s Codex","Mercury Hourglass","Torii","Snecko Eye","Smiling Mask","White Beast Statue","War Paint"],"acts_visited":["Exordium","TheCity","TheBeyond"],"potions_floor_usage":[33],"damage_taken":[{"damage":7.0,"enemies":"Cultist","floor":1.0,"turns":4.0},{"damage":12.0,"enemies":"Small Slimes","floor":4.0,"turns":5.0},{"damage":0.0,"enemies":"Jaw Worm","floor":5.0,"turns":3.0},{"damage":5.0,"enemies":"3 Louse","floor":7.0,"turns":2.0},{"damage":63.0,"enemies":"Lagavulin","floor":8.0,"turns":11.0},{"damage":0.0,"enemies":"Lots of Slimes","floor":11.0,"turns":1.0},{"damage":0.0,"enemies":"Blue Slaver","floor":13.0,"turns":4.0},{"damage":8.0,"enemies":"Gremlin Nob","floor":14.0,"turns":3.0},{"damage":39,"enemies":"The Guardian","floor":16,"turns":15},{"damage":37,"enemies":"Chosen","floor":18,"turns":6},{"damage":0,"enemies":"3 Byrds","floor":21,"turns":4},{"damage":27,"enemies":"Gremlin Leader","floor":23,"turns":7},{"damage":14,"enemies":"Snecko","floor":25,"turns":5},{"damage":20,"enemies":"Centurion and Healer","floor":29,"turns":5},{"damage":25,"enemies":"Sentry and Sphere","floor":30,"turns":7},{"damage":44,"enemies":"Automaton","floor":33,"turns":14},{"damage":12,"enemies":"Orb Walker","floor":35,"turns":4},{"damage":3,"enemies":"3 Shapes","floor":38,"turns":6},{"damage":0,"enemies":"Transient","floor":39,"turns":6},{"damage":8,"enemies":"Reptomancer","floor":41,"turns":6},{"damage":20,"enemies":"Writhing Mass","floor":42,"turns":6},{"damage":0,"enemies":"Jaw Worm Horde","floor":44,"turns":2},{"damage":12,"enemies":"Nemesis","floor":45,"turns":5},{"damage":79,"enemies":"Reptomancer","floor":47,"turns":6},{"damage":22,"enemies":"Maw","floor":48,"turns":7},{"damage":27,"enemies":"Donu and Deca","floor":50,"turns":35},{"damage":102,"enemies":"Awakened One","floor":51,"turns":16}],"seed_played":"344091122288719053","potions_obtained":[{"floor":1.0,"key":"BloodPotion"},{"floor":4.0,"key":"SkillPotion"},{"floor":13.0,"key":"AttackPotion"},{"floor":16,"key":"Dexterity Potion"}],"is_trial":false,"path_per_floor":["M","?","$","M","M","R","M","E","T","R","M","?","M","E","R","B",null,"M","?","$","M","?","E","R","M","T","$","R","M","M","?","R","B",null,"M","?","?","M","M","$","E","M","T","M","E","R","E","M","R","B","B"],"character_chosen":"IRONCLAD","items_purchased":[],"campfire_rested":4,"item_purchase_floors":[],"current_hp_per_floor":[61,66,66,70,70,70,65,2,2,26,26,26,26,18,42,3,61,33,12,12,42,42,46,46,42,42,42,42,52,37,37,61,56,74,69,69,69,71,80,80,80,60,60,60,66,66,20,5,29,80,0,0],"gold":138,"neow_bonus":"BOSS_RELIC","is_daily":false,"chose_seed":false,"campfire_upgraded":3,"win_rate":0.0,"timestamp":1610825855,"path_taken":["M","?","$","M","M","R","M","E","T","R","M","?","M","E","R","BOSS","M","?","$","M","?","E","R","M","T","$","R","?","M","?","R","BOSS","M","?","?","M","M","$","E","M","T","?","E","R","E","M","R","BOSS","BOSS"],"items_purchased_type":[],"build_version":"2020-12-22","purchased_purges":4,"victory":false,"max_hp_per_floor":[75,80,80,80,80,80,80,80,80,80,80,80,80,80,80,80,80,80,80,80,80,80,80,80,80,80,80,80,80,80,80,80,80,80,80,80,80,80,80,80,80,80,80,80,80,80,80,80,80,80,80,80],"relic_stats":{"Sozu":8,"Torii":31,"counters":[27,194],"Shuriken":[21],"Mummified Hand":[66],"Snecko Eye":[165,177,155,171],"War Paint":["Defend_R","Battle Trance"],"Smiling Mask":0,"obtain_stats":[{"Torii":26,"Nilry\u0027s Codex":19,"War Paint":47,"Empty Cage":0,"Smiling Mask":41,"Burning Blood":0,"White Beast Statue":45,"Mercury Hourglass":23,"Sozu":17,"Shuriken":9,"Mummified Hand":14,"Snecko Eye":34,"Red Skull":8},{"Torii":13,"Nilry\u0027s Codex":10,"War Paint":24,"Empty Cage":0,"Smiling Mask":20,"Burning Blood":0,"White Beast Statue":23,"Mercury Hourglass":12,"Sozu":9,"Shuriken":5,"Mummified Hand":8,"Snecko Eye":16,"Red Skull":5},{"Torii":70,"Nilry\u0027s Codex":54,"War Paint":136,"Empty Cage":0,"Smiling Mask":117,"Burning Blood":0,"White Beast Statue":130,"Mercury Hourglass":65,"Sozu":48,"Shuriken":25,"Mummified Hand":33,"Snecko Eye":96,"Red Skull":25}],"Mercury Hourglass":[385]},"card_choices":[{"not_picked":["Combust","Hemokinesis"],"picked":"Flame Barrier","floor":1.0},{"not_picked":["Heavy Blade","Reckless Charge"],"picked":"Cleave","floor":4.0},{"not_picked":["Combust","Body Slam"],"picked":"Battle Trance","floor":5.0},{"not_picked":["True Grit","Dropkick"],"picked":"Whirlwind","floor":7.0},{"not_picked":["Warcry","Thunderclap"],"picked":"Ghostly Armor","floor":8.0},{"not_picked":["Rampage","Clash"],"picked":"Shockwave","floor":11.0},{"not_picked":["Battle Trance","Hemokinesis","Warcry"],"picked":"SKIP","floor":13.0},{"not_picked":["Dual Wield","Infernal Blade"],"picked":"Blood for Blood","floor":14.0},{"not_picked":["Immolate","Fiend Fire"],"picked":"Reaper","floor":16},{"not_picked":["Havoc","Whirlwind"],"picked":"Warcry","floor":18},{"not_picked":["Power Through","Flex"],"picked":"Inflame+1","floor":21},{"not_picked":["Iron Wave","Flex+1"],"picked":"True Grit+1","floor":23},{"not_picked":["Perfected Strike+1","Berserk","Cleave"],"picked":"SKIP","floor":25},{"not_picked":["Iron Wave","Body Slam","Havoc"],"picked":"SKIP","floor":29},{"not_picked":["Flex","Sword Boomerang"],"picked":"Heavy Blade","floor":30},{"not_picked":["Fiend Fire","Double Tap"],"picked":"Impervious","floor":33},{"not_picked":["Cleave","Sword Boomerang","Clothesline"],"picked":"SKIP","floor":35},{"not_picked":["Clothesline","Rupture"],"picked":"Shrug It Off+1","floor":38},{"not_picked":["Flex","Wild Strike+1","Berserk"],"picked":"SKIP","floor":39},{"not_picked":["Sword Boomerang","Warcry","Havoc"],"picked":"SKIP","floor":41},{"not_picked":["Wild Strike","Pommel Strike","True Grit"],"picked":"SKIP","floor":42},{"not_picked":["Sword Boomerang","Thunderclap"],"picked":"Burning Pact","floor":44},{"not_picked":["Clothesline+1","True Grit","Immolate"],"picked":"SKIP","floor":45},{"not_picked":["Armaments","True Grit","Perfected Strike"],"picked":"SKIP","floor":47},{"not_picked":["Spot Weakness+1","Pommel Strike"],"picked":"Feel No Pain","floor":48}],"player_experience":672765,"relics_obtained":[{"floor":8.0,"key":"Red Skull"},{"floor":9.0,"key":"Shuriken"},{"floor":14.0,"key":"Mummified Hand"},{"floor":19,"key":"Nilry\u0027s Codex"},{"floor":23,"key":"Mercury Hourglass"},{"floor":26,"key":"Torii"},{"floor":41,"key":"Smiling Mask"},{"floor":45,"key":"White Beast Statue"},{"floor":47,"key":"War Paint"}],"event_choices":[{"damage_healed":0.0,"max_hp_gain":5.0,"max_hp_loss":0.0,"gold_gain":0.0,"event_name":"Big Fish","player_choice":"Donut","floor":2.0,"gold_loss":0.0,"damage_taken":0.0},{"damage_healed":0.0,"max_hp_gain":0.0,"max_hp_loss":0.0,"gold_gain":0.0,"event_name":"World of Goop","player_choice":"Left Gold","floor":12.0,"gold_loss":69.0,"damage_taken":0.0},{"damage_healed":0,"gold_gain":0,"player_choice":"Obtained Book","damage_taken":21,"max_hp_gain":0,"max_hp_loss":0,"event_name":"Cursed Tome","floor":19,"gold_loss":0},{"cards_removed":["Strike_R"],"damage_healed":0,"gold_gain":0,"player_choice":"Offered Basic","damage_taken":0,"max_hp_gain":0,"max_hp_loss":0,"event_name":"Bonfire Elementals","floor":22,"gold_loss":0},{"damage_healed":0,"gold_gain":0,"player_choice":"Upgraded","damage_taken":0,"max_hp_gain":0,"max_hp_loss":0,"event_name":"Upgrade Shrine","floor":31,"gold_loss":0,"cards_upgraded":["Heavy Blade"]},{"cards_removed":["Defend_R"],"damage_healed":0,"gold_gain":0,"player_choice":"Removed Skill","damage_taken":0,"max_hp_gain":0,"max_hp_loss":0,"event_name":"Falling","floor":36,"gold_loss":0},{"damage_healed":0,"gold_gain":0,"cards_transformed":["Defend_R"],"player_choice":"Transformed","damage_taken":0,"max_hp_gain":0,"max_hp_loss":0,"event_name":"Transmorgrifier","floor":37,"gold_loss":0,"cards_obtained":["Perfected Strike"]}],"is_beta":false,"boss_relics":[{"not_picked":["Fusion Hammer","Cursed Key"],"picked":"Sozu"},{"not_picked":["SacredBark","Astrolabe"],"picked":"Snecko Eye"}],"items_purged_floors":[3,20,27,40],"is_endless":false,"potions_floor_spawned":[1,4,13,16,23,25,29,38,39,44,47,48],"killed_by":"Awakened One","ascension_level":20}}