{"host":"ockkdcgl3b18tfz9","time":1610789869,"event":{"mods":["2.2 Compatiblity","BaseMod","Better Skull","Better Third Choice","BetterRewards","Hermit","Minty Spire (QoL Compilation)","Quick Restart","Replay The Spire","Spicy Shops","StSLib","SuperFastMode","The Jungle"],"gold_per_floor":[112,130,145,145,165,165,184,184,184,184,184,184,196,208,208,208,208,332,332,356,369,369,387,63,63,63,63,63,63,86,122,143,182,206,239,239,239,239,239,255,318,318,318,318,318,356,379,427,76,114,127,146,164,164,164,164,164,2,36,36],"floor_reached":61,"language":"ENG","playtime":2046,"items_purged":["Decay","Grand Finale+1","Injury"],"score":2711,"play_id":"057e6c6c-dca6-4c70-b667-d17c800f7ae2","local_time":"20210116163749","is_ascension_mode":true,"campfire_choices":[{"floor":6.0,"key":"REST"},{"floor":11.0,"key":"REST"},{"floor":16.0,"key":"DIG"},{"floor":17.0,"key":"REST"},{"data":"Finisher","floor":27.0,"key":"SMITH"},{"data":"Footwork","floor":29.0,"key":"SMITH"},{"floor":36.0,"key":"DIG"},{"data":"Footwork","floor":37.0,"key":"SMITH"},{"floor":45.0,"key":"RECALL"},{"data":"Well Laid Plans","floor":54.0,"key":"SMITH"}],"circlet_count":0,"master_deck":["AscendersBane","Strike_G+1","Defend_G+1","Defend_G+1","Defend_G+1","Defend_G+1","Defend_G+1","Survivor","Neutralize","Deadly Poison","Well Laid Plans+1","Cloak And Dagger","Quick Slash","Dodge and Roll+1","Doppelganger+1","Footwork+1","Blur+1","Slice","Replay:Sssssssssshield+1","Finisher+1","Corpse Explosion+1","Leg Sweep+1","PiercingWail+1","Dagger Spray","Hidden Blade+1","Adrenaline+1","Deflect+1","Footwork+1","Cloak And Dagger+1","Backflip+1","Bane","Venomology+1","Underhanded Strike+1","Prepared+1","Acrobatics+1","Writhe","Deadly Poison+1","Backflip+1","Draining Mist+1","ReplayTheSpireMod:Speed Training+1","Cloak And Dagger+1","Slice+1"],"relics":["Ring of the Snake","Mummified Hand","StoneCalendar","Garlic","BargainBundle","Astrolabe","Toxic Egg 2","Byrd Skull","Ancient Tea Set","MealTicket","Ornamental Fan","Ginger","Golden Egg","Golden Idol","Pocketwatch","Busted Crown","Juzu Bracelet","Kunai","ReplayTheSpireMod:Lightbulb","Replay:Bottled Steam","Blue Candle","Vajra","InkBottle","Calling Bell","Bag of Preparation","Replay:Bottled Snecko","Torii","Incense Burner","Vampiric Spirits","Dream Catcher","Blue Doll","Turnip","Chameleon Ring","Replay:Rubber Ducky","Bottled Flame","Orichalcum"],"acts_visited":["Exordium","TheCity","TheBeyond","TheEnding"],"potions_floor_usage":[55,55,55,60,60,60],"damage_taken":[{"damage":5.0,"enemies":"2 Louse","floor":1.0,"turns":3.0},{"damage":8.0,"enemies":"Cultist","floor":2.0,"turns":5.0},{"damage":2.0,"enemies":"Small Slimes","floor":3.0,"turns":5.0},{"damage":0.0,"enemies":"Looter","floor":5.0,"turns":4.0},{"damage":0.0,"enemies":"Gremlin Gang","floor":7.0,"turns":5.0},{"damage":0.0,"enemies":"Blue Slaver","floor":13.0,"turns":4.0},{"damage":2.0,"enemies":"Large Slime","floor":14.0,"turns":7.0},{"damage":0.0,"enemies":"The Guardian","floor":18.0,"turns":8.0},{"damage":0.0,"enemies":"Spheric Guardian","floor":20.0,"turns":5.0},{"damage":0.0,"enemies":"2 Thieves","floor":21.0,"turns":4.0},{"damage":0.0,"enemies":"Cultist and Chosen","floor":23.0,"turns":7.0},{"damage":0.0,"enemies":"Slavers","floor":31.0,"turns":3.0},{"damage":0.0,"enemies":"Centurion and Healer","floor":32.0,"turns":6.0},{"damage":12.0,"enemies":"Gremlin Leader","floor":33.0,"turns":4.0},{"damage":4.0,"enemies":"Shelled Parasite and Fungi","floor":34.0,"turns":6.0},{"damage":0.0,"enemies":"Book of Stabbing","floor":35.0,"turns":7.0},{"damage":0.0,"enemies":"Collector","floor":38.0,"turns":7.0},{"damage":0.0,"enemies":"Orb Walker","floor":40.0,"turns":4.0},{"damage":0.0,"enemies":"Mind Bloom Boss Battle","floor":41.0,"turns":7.0},{"damage":0.0,"enemies":"Nemesis","floor":46.0,"turns":7.0},{"damage":0.0,"enemies":"R_Hoarder","floor":50.0,"turns":8.0},{"damage":0.0,"enemies":"3 Shapes","floor":51.0,"turns":5.0},{"damage":0.0,"enemies":"Jaw Worm Horde","floor":52.0,"turns":4.0},{"damage":0.0,"enemies":"4 Shapes","floor":53.0,"turns":3.0},{"damage":26,"enemies":"Time Eater","floor":55,"turns":17},{"damage":20,"enemies":"Shield and Spear","floor":59,"turns":6},{"damage":0,"enemies":"The Heart","floor":60,"turns":13}],"seed_played":"-8928066696073133925","potions_obtained":[{"floor":1.0,"key":"Death Potion"},{"floor":7.0,"key":"Strength Potion"},{"floor":13.0,"key":"AttackPotion"},{"floor":31.0,"key":"PowerPotion"},{"floor":33.0,"key":"Fire Potion"},{"floor":35.0,"key":"DistilledChaos"},{"floor":40.0,"key":"SpeedPotion"},{"floor":51.0,"key":"FearPotion"},{"floor":52.0,"key":"Block Potion"},{"floor":57,"key":"Dexterity Potion"},{"floor":57,"key":"Doom Potion"}],"is_trial":false,"path_per_floor":["M","M","M","?","M","R","M","?","T","T","R","?","M","M","?","R","R","B",null,"M","M","?","M","$","PTL","PTL","R","?","R","T","E","M","E","M","E","R","R","B",null,"M","?","?","T","?","R","E","T","T","$","E","M","M","M","R","B",null,"R","$","E","B",null],"character_chosen":"THE_SILENT","items_purchased":["Mummified Hand","Garlic","BargainBundle","Deadly Poison","Well Laid Plans","Cloak And Dagger","Quick Slash","Toxic Egg 2","Footwork","Blur+1","Ancient Tea Set","MealTicket","Ornamental Fan","Slice","Cloak And Dagger+1","Juzu Bracelet","Kunai","Turnip","Chameleon Ring","Replay:Rubber Ducky","Cloak And Dagger+1","Slice+1"],"campfire_rested":3,"item_purchase_floors":[0,0,0,0,0,0,0,0,0,0,0,0,0,0,24,24,24,49,49,49,58,58],"current_hp_per_floor":[16,8,6,6,6,27,27,27,27,27,48,48,48,46,46,46,67,67,69,69,69,69,69,70,70,70,70,70,70,70,70,70,58,54,54,54,54,54,66,66,66,70,70,70,70,70,70,70,70,70,70,70,70,70,44,64,64,70,50,61],"gold":36,"neow_bonus":"","is_daily":false,"chose_seed":false,"campfire_upgraded":4,"win_rate":0.0,"timestamp":1610789869,"path_taken":["M","M","M","?","M","R","?","?","T","T","R","?","?","M","?","R","R","BOSS","M","M","?","M","$","PTL","PTL","R","?","R","T","E","M","E","M","E","R","R","BOSS","M","?","?","?","?","R","E","?","T","$","E","M","M","M","R","BOSS","R","$","E","BOSS"],"items_purchased_type":["Relic","Relic","Relic","Card","Card","Card","Card","Relic","Card","Card","Relic","Relic","Relic","Card","Card","Relic","Relic","Relic","Relic","Relic","Card","Card"],"build_version":"2020-12-22","purchased_purges":3,"victory":true,"max_hp_per_floor":[70,70,70,70,70,70,70,70,70,70,70,70,70,70,70,70,70,70,70,70,70,70,70,70,70,70,70,70,70,70,70,70,70,70,70,70,70,70,70,70,70,70,70,70,70,70,70,70,70,70,70,70,70,70,70,70,70,70,70,70],"card_choices":[{"not_picked":["Dodge and Roll+1","Prepared+1"],"picked":"Finisher","floor":1.0},{"not_picked":["Sucker Punch","Flying Knee"],"picked":"Corpse Explosion+1","floor":2.0},{"not_picked":["ReplayTheSpireMod:The Works+1","Reflex+1"],"picked":"Leg Sweep+1","floor":3.0},{"not_picked":["Dagger Throw","Underhanded Strike"],"picked":"PiercingWail+1","floor":5.0},{"not_picked":["Eviscerate","Underhanded Strike","Bane"],"picked":"SKIP","floor":7.0},{"not_picked":["Dagger Throw","Sucker Punch"],"picked":"Dagger Spray","floor":13.0},{"not_picked":["PiercingWail+1","Toxin Wave+1"],"picked":"Hidden Blade+1","floor":14.0},{"not_picked":["Burst+1","Die Die Die"],"picked":"Adrenaline+1","floor":18.0},{"not_picked":[],"picked":"Deflect+1","floor":20.0},{"not_picked":["Finisher"],"picked":"SKIP","floor":21.0},{"not_picked":[],"picked":"Footwork","floor":23.0},{"not_picked":["Slice"],"picked":"SKIP","floor":31.0},{"not_picked":[],"picked":"Bane","floor":32.0},{"not_picked":[],"picked":"Venomology+1","floor":33.0},{"not_picked":[],"picked":"Underhanded Strike+1","floor":34.0},{"not_picked":[],"picked":"Prepared+1","floor":35.0},{"not_picked":["Bane"],"picked":"SKIP","floor":40.0},{"not_picked":[],"picked":"Acrobatics+1","floor":41.0},{"not_picked":[],"picked":"Deadly Poison+1","floor":46.0},{"not_picked":[],"picked":"Backflip+1","floor":50.0},{"not_picked":["ReplayTheSpireMod:Exploit Weakness+1"],"picked":"SKIP","floor":51.0},{"not_picked":[],"picked":"Draining Mist+1","floor":52.0},{"not_picked":[],"picked":"ReplayTheSpireMod:Speed Training+1","floor":53.0},{"not_picked":["Dagger Spray+1"],"picked":"SKIP","floor":59}],"player_experience":281803,"relics_obtained":[{"floor":9.0,"key":"Ginger"},{"floor":10.0,"key":"Golden Egg"},{"floor":16.0,"key":"Pocketwatch"},{"floor":30.0,"key":"ReplayTheSpireMod:Lightbulb"},{"floor":31.0,"key":"Replay:Bottled Steam"},{"floor":33.0,"key":"Blue Candle"},{"floor":35.0,"key":"Vajra"},{"floor":36.0,"key":"InkBottle"},{"floor":39.0,"key":"Bag of Preparation"},{"floor":39.0,"key":"Replay:Bottled Snecko"},{"floor":39.0,"key":"Torii"},{"floor":41.0,"key":"Incense Burner"},{"floor":46.0,"key":"Vampiric Spirits"},{"floor":47.0,"key":"Dream Catcher"},{"floor":48.0,"key":"Blue Doll"},{"floor":50.0,"key":"Bottled Flame"},{"floor":59,"key":"Orichalcum"}],"event_choices":[{"cards_removed":["Strike_G"],"damage_healed":0.0,"max_hp_gain":0.0,"max_hp_loss":0.0,"gold_gain":0.0,"event_name":"Bonfire Elementals","player_choice":"Offered Basic","floor":4.0,"gold_loss":0.0,"damage_taken":0.0},{"cards_removed":["Delirium"],"damage_healed":0.0,"max_hp_gain":0.0,"max_hp_loss":0.0,"gold_gain":0.0,"event_name":"Fountain of Cleansing","player_choice":"Removed Curses","floor":12.0,"gold_loss":0.0,"damage_taken":0.0},{"damage_healed":0.0,"max_hp_gain":0.0,"max_hp_loss":0.0,"gold_gain":0.0,"event_name":"Golden Idol","player_choice":"Take Wound","floor":15.0,"gold_loss":0.0,"damage_taken":0.0,"relics_obtained":["Golden Idol"],"cards_obtained":["Injury"]},{"damage_healed":0.0,"max_hp_gain":0.0,"max_hp_loss":6.0,"gold_gain":0.0,"event_name":"betterThird:BetterWriting","player_choice":"Simplicity","floor":22.0,"gold_loss":0.0,"damage_taken":0.0},{"damage_healed":0.0,"max_hp_gain":0.0,"max_hp_loss":0.0,"gold_gain":0.0,"event_name":"The Library","player_choice":"Read","floor":28.0,"gold_loss":0.0,"damage_taken":0.0,"cards_obtained":["Backflip"]},{"damage_healed":0.0,"max_hp_gain":0.0,"max_hp_loss":0.0,"gold_gain":0.0,"event_name":"MindBloom","player_choice":"Fight","floor":41.0,"gold_loss":0.0,"damage_taken":0.0},{"damage_healed":18.0,"max_hp_gain":0.0,"max_hp_loss":0.0,"gold_gain":0.0,"event_name":"Winding Halls","player_choice":"Writhe","floor":42.0,"gold_loss":0.0,"damage_taken":0.0,"cards_obtained":["Writhe"]},{"damage_healed":0.0,"max_hp_gain":0.0,"max_hp_loss":0.0,"gold_gain":0.0,"event_name":"SensoryStone","player_choice":"Memory 1","floor":44.0,"gold_loss":0.0,"damage_taken":0.0}],"is_beta":false,"boss_relics":[{"not_picked":["Honey Jar","Ring of Chaos"],"picked":"Busted Crown"},{"not_picked":["Runic Dome","ReplayTheSpireMod:DimensionalGlitch"],"picked":"Calling Bell"}],"items_purged_floors":[0,0,58],"is_endless":false,"potions_floor_spawned":[1,7,13,23,31,33,35,40,51,52],"ascension_level":10}}