{"host":"iymac52lby91rdnn","time":1610836320,"event":{"mods":["AchievementEnabler","Act Like it!","BaseMod","Colored Powertips","GifTheSpireLib","Minty Spire (QoL Compilation)","Permanent Neow","Quick Restart","Rare Cards Sparkle","Relic Filter","Relic Stats","StSLib","The IronCluck","slay the spire mod where everything is the same but ironclad has a cowboy hat"],"gold_per_floor":[19,36,36,51,62,97,97,125,125,140,169,60,235,267,267,372,372,389,140,158,170,187,187,213,213,238,238,257,167,167,200,200,303,303,315,325,54,54,68,97,97,129,129,154,154,154,0,15,15,15],"floor_reached":51,"language":"DEU","playtime":3277,"items_purged":["Strike_B","Zap","Defend_B"],"score":1459,"play_id":"c615e223-c4c1-4aa8-a6ae-c432d5351424","local_time":"20210116163200","is_ascension_mode":true,"campfire_choices":[{"floor":7.0,"key":"REST"},{"data":"Strike_B","floor":15.0,"key":"PURGE"},{"data":"Dualcast","floor":23.0,"key":"PURGE"},{"data":"Strike_B","floor":25.0,"key":"PURGE"},{"data":"Defend_B","floor":30.0,"key":"PURGE"},{"floor":32.0,"key":"RECALL"},{"data":"Defend_B","floor":41.0,"key":"PURGE"},{"data":"Self Repair+1","floor":49,"key":"PURGE"}],"circlet_count":0,"master_deck":["Defend_B+1","Hyperbeam+1","Gash+1","Melter+1","Gash+1","Self Repair+1","Reprogram+1","Hyperbeam+1","Self Repair+1","Doubt","Seek+1","Hologram+1","Reprogram+1","Echo Form+1","Machine Learning+1","Reinforced Body+1","Flash of Steel+1","Mayhem+1","Conserve Battery+1"],"relics":["Cracked Core","Gremlin Horn","Peace Pipe","Bird Faced Urn","Blue Candle","Pear","Philosopher\u0027s Stone","Tiny Chest","Dream Catcher","Pantograph","Nuclear Battery","Strawberry","Lantern","Smiling Mask","Happy Flower","Singing Bowl","Juzu Bracelet","Mark of the Bloom","Red Mask"],"acts_visited":["Exordium","TheCity","TheBeyond","TheEnding"],"potions_floor_usage":[50],"damage_taken":[{"damage":0.0,"enemies":"Small Slimes","floor":1.0,"turns":2.0},{"damage":2.0,"enemies":"Jaw Worm","floor":2.0,"turns":3.0},{"damage":0.0,"enemies":"Cultist","floor":4.0,"turns":2.0},{"damage":15.0,"enemies":"3 Louse","floor":5.0,"turns":3.0},{"damage":15.0,"enemies":"3 Sentries","floor":6.0,"turns":4.0},{"damage":35.0,"enemies":"Lagavulin","floor":8.0,"turns":5.0},{"damage":1.0,"enemies":"Exordium Thugs","floor":10.0,"turns":4.0},{"damage":18.0,"enemies":"3 Sentries","floor":11.0,"turns":4.0},{"damage":1.0,"enemies":"Gremlin Nob","floor":14.0,"turns":2.0},{"damage":1.0,"enemies":"Slime Boss","floor":16.0,"turns":6.0},{"damage":32.0,"enemies":"Shell Parasite","floor":18.0,"turns":5.0},{"damage":1.0,"enemies":"3 Byrds","floor":20.0,"turns":3.0},{"damage":0.0,"enemies":"3 Cultists","floor":21.0,"turns":2.0},{"damage":35.0,"enemies":"Chosen and Byrds","floor":22.0,"turns":5.0},{"damage":12.0,"enemies":"Gremlin Leader","floor":24.0,"turns":4.0},{"damage":15.0,"enemies":"Centurion and Healer","floor":28.0,"turns":4.0},{"damage":41.0,"enemies":"Slavers","floor":31.0,"turns":4.0},{"damage":15.0,"enemies":"Collector","floor":33.0,"turns":6.0},{"damage":24.0,"enemies":"3 Shapes","floor":35.0,"turns":3.0},{"damage":23.0,"enemies":"Orb Walker","floor":36.0,"turns":3.0},{"damage":16.0,"enemies":"3 Darklings","floor":39.0,"turns":3.0},{"damage":21.0,"enemies":"Reptomancer","floor":40.0,"turns":6.0},{"damage":43,"enemies":"Nemesis","floor":42,"turns":7},{"damage":19,"enemies":"Giant Head","floor":44,"turns":7},{"damage":1,"enemies":"Maw","floor":48,"turns":6},{"damage":80,"enemies":"Time Eater","floor":50,"turns":10}],"seed_played":"-2112938024577552608","potions_obtained":[{"floor":2.0,"key":"AttackPotion"},{"floor":5.0,"key":"GamblersBrew"},{"floor":10.0,"key":"FearPotion"},{"floor":11.0,"key":"FearPotion"},{"floor":14.0,"key":"SneckoOil"},{"floor":16.0,"key":"SneckoOil"},{"floor":18.0,"key":"FairyPotion"},{"floor":21.0,"key":"Block Potion"},{"floor":22.0,"key":"Weak Potion"},{"floor":36.0,"key":"SpeedPotion"},{"floor":44,"key":"LiquidBronze"},{"floor":48,"key":"ColorlessPotion"}],"is_trial":false,"path_per_floor":["M","M","?","M","M","E","R","E","T","M","E","$","?","E","R","B",null,"M","$","M","M","M","R","E","R","T","?","M","?","R","E","R","B",null,"M","M","$","?","M","E","R","E","T","E","T","?","?","M","R","B",null],"character_chosen":"DEFECT","items_purchased":["Self Repair","Tiny Chest","Strawberry"],"campfire_rested":1,"item_purchase_floors":[12,19,37],"current_hp_per_floor":[68,66,71,71,56,41,65,30,30,38,29,29,29,47,47,64,84,70,70,87,90,73,73,79,79,79,79,82,82,82,68,68,90,90,90,76,83,73,75,85,85,84,84,99,99,99,99,98,98,18],"gold":15,"neow_bonus":"THREE_RARE_CARDS","is_daily":false,"chose_seed":false,"campfire_upgraded":0,"win_rate":0.0,"timestamp":1610836320,"path_taken":["M","M","?","M","M","E","R","E","T","M","E","$","?","E","R","BOSS","M","$","M","M","M","R","E","R","T","?","M","?","R","E","R","BOSS","M","M","$","?","M","E","R","E","T","E","?","?","?","M","R","BOSS"],"items_purchased_type":["Card","Relic","Relic"],"build_version":"2020-12-22","purchased_purges":3,"victory":true,"max_hp_per_floor":[75,75,80,80,80,80,80,80,80,80,80,80,80,90,90,90,90,90,90,90,90,90,90,90,90,90,90,90,90,90,90,90,90,90,90,90,97,97,97,97,97,97,97,99,99,99,99,101,101,101],"relic_stats":{"Mark of the Bloom":171,"Gremlin Horn":[24,24],"Happy Flower":[7],"Singing Bowl":4,"counters":[26,113],"Blue Candle":[14],"Juzu Bracelet":1,"Smiling Mask":0,"Peace Pipe":6,"Dream Catcher":0,"Bird Faced Urn":[92],"Pantograph":22,"Tiny Chest":1,"obtain_stats":[{"Lantern":40,"Mark of the Bloom":46,"Pear":14,"Gremlin Horn":6,"Happy Flower":43,"Singing Bowl":44,"Blue Candle":11,"Juzu Bracelet":45,"Smiling Mask":42,"Nuclear Battery":34,"Peace Pipe":8,"Dream Catcher":24,"Bird Faced Urn":9,"Pantograph":31,"Strawberry":37,"Philosopher\u0027s Stone":17,"Tiny Chest":19,"Red Mask":47,"Cracked Core":0},{"Lantern":22,"Mark of the Bloom":24,"Pear":9,"Gremlin Horn":5,"Happy Flower":23,"Singing Bowl":24,"Blue Candle":8,"Juzu Bracelet":24,"Smiling Mask":23,"Nuclear Battery":18,"Peace Pipe":6,"Dream Catcher":15,"Bird Faced Urn":6,"Pantograph":17,"Strawberry":20,"Philosopher\u0027s Stone":10,"Tiny Chest":11,"Red Mask":24,"Cracked Core":0},{"Lantern":83,"Mark of the Bloom":97,"Pear":29,"Gremlin Horn":14,"Happy Flower":90,"Singing Bowl":97,"Blue Candle":27,"Juzu Bracelet":97,"Smiling Mask":90,"Nuclear Battery":68,"Peace Pipe":19,"Dream Catcher":54,"Bird Faced Urn":19,"Pantograph":62,"Strawberry":74,"Philosopher\u0027s Stone":35,"Tiny Chest":40,"Red Mask":97,"Cracked Core":0}]},"card_choices":[{"not_picked":["Thunder Strike","Buffer"],"picked":"Hyperbeam","floor":0.0},{"not_picked":["Barrage","Coolheaded"],"picked":"Gash","floor":1.0},{"not_picked":["Skim","Streamline","Stack"],"picked":"SKIP","floor":2.0},{"not_picked":["Barrage","Loop"],"picked":"Melter","floor":4.0},{"not_picked":["Sweeping Beam","Barrage"],"picked":"Gash","floor":5.0},{"not_picked":["Tempest","Compile Driver","Redo"],"picked":"SKIP","floor":6.0},{"not_picked":["Rebound","Steam"],"picked":"Self Repair","floor":8.0},{"not_picked":["Conserve Battery","Coolheaded"],"picked":"Reprogram","floor":10.0},{"not_picked":["Go for the Eyes","Aggregate"],"picked":"Hyperbeam","floor":11.0},{"not_picked":["Creative AI","Cold Snap","Hello World"],"picked":"SKIP","floor":14.0},{"not_picked":["Amplify","Rainbow"],"picked":"Seek","floor":16.0},{"not_picked":["Ball Lightning","Compile Driver","Go for the Eyes"],"picked":"SKIP","floor":18.0},{"not_picked":["Turbo+1","Auto Shields","Ball Lightning"],"picked":"SKIP","floor":20.0},{"not_picked":["Go for the Eyes+1","Streamline","Steam"],"picked":"SKIP","floor":21.0},{"not_picked":["Force Field","Beam Cell"],"picked":"Hologram","floor":22.0},{"not_picked":["Stack","Rebound"],"picked":"Reprogram+1","floor":24.0},{"not_picked":["Force Field+1","Darkness"],"picked":"Self Repair","floor":28.0},{"not_picked":["Recycle","Go for the Eyes"],"picked":"Echo Form","floor":31.0},{"not_picked":["Biased Cognition","Amplify"],"picked":"Machine Learning","floor":33.0},{"not_picked":["Compile Driver+1","Coolheaded","Skim"],"picked":"SKIP","floor":35.0},{"not_picked":["Turbo+1","Hello World+1"],"picked":"Reinforced Body+1","floor":36.0},{"not_picked":["Blind","Mind Blast"],"picked":"Flash of Steel","floor":38.0},{"not_picked":["Panacea","Jack Of All Trades"],"picked":"Mayhem","floor":38.0},{"not_picked":["Recycle+1","Steam","Cold Snap+1"],"picked":"SKIP","floor":39.0},{"not_picked":["Self Repair","Beam Cell+1"],"picked":"Conserve Battery+1","floor":40.0},{"not_picked":["Compile Driver","Glacier","Tempest+1"],"picked":"SKIP","floor":42},{"not_picked":["Go for the Eyes+1","Streamline","Multi-Cast"],"picked":"Singing Bowl","floor":44},{"not_picked":["Chaos","Scrape","Recycle"],"picked":"Singing Bowl","floor":48}],"player_experience":855254,"relics_obtained":[{"floor":6.0,"key":"Gremlin Horn"},{"floor":8.0,"key":"Peace Pipe"},{"floor":9.0,"key":"Bird Faced Urn"},{"floor":11.0,"key":"Blue Candle"},{"floor":14.0,"key":"Pear"},{"floor":24.0,"key":"Dream Catcher"},{"floor":31.0,"key":"Pantograph"},{"floor":40.0,"key":"Lantern"},{"floor":42,"key":"Smiling Mask"},{"floor":43,"key":"Happy Flower"},{"floor":44,"key":"Singing Bowl"},{"floor":45,"key":"Juzu Bracelet"}],"event_choices":[{"damage_healed":0.0,"max_hp_gain":5.0,"max_hp_loss":0.0,"gold_gain":0.0,"event_name":"Big Fish","player_choice":"Donut","floor":3.0,"gold_loss":0.0,"damage_taken":0.0},{"damage_healed":0.0,"max_hp_gain":0.0,"max_hp_loss":0.0,"gold_gain":175.0,"event_name":"Liars Game","player_choice":"AGREE","floor":13.0,"gold_loss":0.0,"damage_taken":0.0,"cards_obtained":["Doubt"]},{"damage_healed":0.0,"max_hp_gain":0.0,"max_hp_loss":0.0,"gold_gain":0.0,"event_name":"Ghosts","player_choice":"Ignored","floor":27.0,"gold_loss":0.0,"damage_taken":0.0},{"cards_removed":["Strike_B"],"damage_healed":0.0,"max_hp_gain":0.0,"max_hp_loss":0.0,"gold_gain":0.0,"event_name":"Designer","player_choice":"Upgrade and Remove","floor":29.0,"gold_loss":90.0,"damage_taken":0.0,"cards_upgraded":["Gash"]},{"damage_healed":0.0,"max_hp_gain":0.0,"max_hp_loss":0.0,"gold_gain":0.0,"event_name":"SensoryStone","player_choice":"Memory 3","floor":38.0,"gold_loss":0.0,"damage_taken":10.0},{"damage_healed":0,"gold_gain":0,"player_choice":"Upgrade","damage_taken":0,"relics_obtained":["Mark of the Bloom"],"max_hp_gain":0,"max_hp_loss":0,"event_name":"MindBloom","floor":46,"gold_loss":0,"cards_upgraded":["Defend_B","Hyperbeam","Gash","Melter","Self Repair","Reprogram","Hyperbeam","Self Repair","Seek","Hologram","Self Repair","Echo Form","Machine Learning","Flash of Steel","Mayhem"]},{"damage_healed":0,"gold_gain":0,"player_choice":"Paid","damage_taken":0,"relics_obtained":["Red Mask"],"max_hp_gain":0,"max_hp_loss":0,"event_name":"Tomb of Lord Red Mask","floor":47,"gold_loss":154}],"is_beta":false,"boss_relics":[{"not_picked":["SacredBark","Fusion Hammer"],"picked":"Philosopher\u0027s Stone"},{"not_picked":["Astrolabe","Empty Cage"],"picked":"Nuclear Battery"}],"items_purged_floors":[12,19,37],"is_endless":false,"potions_floor_spawned":[2,5,10,11,14,16,18,21,22,36,44,48],"ascension_level":8}}