{"host":"itwqv0qrbl3wcy1o","time":1610825133,"event":{"mods":["100% Spire Juice","ATMod(阿瑾Mod)","Act Like it!","Arknights The Spire","Aspiration","BaseMod","Colored Powertips","Conspire","Dota2Spire","Friendly Minions","Gensokyo","HololiveMod","HumanHunterMod(怪物杀人mod)","Kiyohime（清姬）","LagranYue(拉格朗・月)","Lobotomy","Minty Spire (QoL Compilation)","MostiFishMod","Pale of the Ancients","Prisma Mod","Quick Restart","Red Circlet Mod","Relic Stats","Replay The Spire","RumiaBox-露米娅的神秘盒子","Spicy Shops","StSLib","TestMod","The Animator","UnlockEverythingMod","WarShipGirlsR/战舰少女R mod","Yakumo Yukari mod","【功能Mod】混沌之环修复补丁","【功能Mod】聪明的最终Boss","【角色mod】十八桐人","【遗物卡牌】REMEMod"],"gold_per_floor":[-1321,-1306,-1306,-1294,-1294,-1269,-1235,-1206,-1152,-1122,-1122,-1094,-1094,-1080,-1080,-1008,-1008,-997,-997,-977,-977,-977,-949,-915,-835,-754,-714,-686,-653,-606,-594,-582,-495,-483,-458,-396,-384,-372,-327,-287,-275,-231,-195,-148,-1,40,66,77,77],"floor_reached":48,"language":"ZHS","playtime":2923,"items_purged":[],"score":2750,"play_id":"e01bbb2a-431f-4ca6-b95e-746f99186ead","local_time":"20210117032533","daily_mods":["SealedDeck","Vintage","Heirloom","Flight","Elite Swarm"],"is_ascension_mode":true,"campfire_choices":[{"data":"AT_KingSlayer","floor":15.0,"key":"SMITH"},{"data":"Hololive_StarCraft","floor":32.0,"key":"SMITH"}],"circlet_count":0,"master_deck":["AscendersBane","Hololive_CallShirakamiFubuki","Hololive_StrengthChampion","Hololive_CallNekomataOkayu","Hololive_StrengthChampion","Hololive_CallDoris","Hololive_CallUsadaPekora","Hololive_CallHoshimachiSuisei","Hololive_CallMurasakiShion","Hololive_CallYuzukiChoco","Hololive_CallTokoyamiTowa","AT_KingSlayer+1","PrismaMod:IllyaInstallRider","Injury","Hololive_StarCraft","Hololive_DDD","Hololive_MaximGun","Hololive_StarCraft+1","Hololive_DiamondStrike","Hololive_Nanodesu","Hololive_Thief","Hololive_DDD","Amnesia","Hololive_CallOkamiMio","MostiFishMod:IntelligentEquipment"],"relics":["Hololive_TheStar","replay:Trail_Library","AT_ATBox","testmod-TestBox","DaveBox","REME_ComplimentaryCards","aspiration:HatOfInfinitePower","testmod-Charity","SynthV:MejaisSoulstealer","testmod-FatalChain","SynthV:TestCard","Dota2Spire:Desolator","Dota2Spire:ArcaneBoots","AT_ForceNature","Calipers","conspire:Boomerang","Smiling Mask","aspiration:StickyExplosives","Dota2Spire:ArmletOfMordiggian","CaptainsWheel","AT_TrinityForce","Dota2Spire:MagicBottle","aspiration:ChemicalBlood","MutagenicStrength","conspire:BottledYoYo","StrikeDummy","conspire:InfiniteJournal","aspiration:Stabinomicon","testmod-Antiphasic","MawBank","Lantern","testmod-CardMagician","Anchor","Ring of Fangs","Dota2Spire:MaskOfMadness","testmod-HeartOfDaVinci","Dota2Spire:EchoSabre","AT_GoldPhoenixTree","conspire:IceCreamScoop","ZombieArmy"],"acts_visited":["Gensokyo:Gensokyo","TheCity","TheBeyond"],"potions_floor_usage":[],"damage_taken":[{"damage":0.0,"enemies":"Gensokyo:2_Kodama","floor":1.0,"turns":6.0},{"damage":0.0,"enemies":"Gensokyo:Python","floor":2.0,"turns":3.0},{"damage":0.0,"enemies":"Gensokyo:Gryphon","floor":4.0,"turns":3.0},{"damage":0.0,"enemies":"Gensokyo:Mamizou","floor":6.0,"turns":4.0},{"damage":0.0,"enemies":"Gensokyo:Cirno","floor":7.0,"turns":4.0},{"damage":0.0,"enemies":"Gensokyo:Aya","floor":8.0,"turns":2.0},{"damage":0.0,"enemies":"Gensokyo:Mamizou","floor":10.0,"turns":3.0},{"damage":0.0,"enemies":"Gensokyo:Aya","floor":12.0,"turns":2.0},{"damage":1.0,"enemies":"Gensokyo:VengefulSpirit","floor":14.0,"turns":1.0},{"damage":0.0,"enemies":"Gensokyo:Yukari","floor":16.0,"turns":4.0},{"damage":0.0,"enemies":"Spheric Guardian","floor":18.0,"turns":3.0},{"damage":0.0,"enemies":"Shell Parasite","floor":20.0,"turns":5.0},{"damage":0.0,"enemies":"conspire:Head Lice","floor":23.0,"turns":2.0},{"damage":0.0,"enemies":"Book of Stabbing","floor":24.0,"turns":6.0},{"damage":0.0,"enemies":"REME_1_Revenger","floor":25.0,"turns":7.0},{"damage":0.0,"enemies":"Book of Stabbing","floor":27.0,"turns":4.0},{"damage":0.0,"enemies":"Replay:Snechameleon","floor":28.0,"turns":1.0},{"damage":0.0,"enemies":"Snecko","floor":29.0,"turns":7.0},{"damage":19.0,"enemies":"Book of Stabbing","floor":30.0,"turns":3.0},{"damage":0.0,"enemies":"Automaton","floor":33.0,"turns":2.0},{"damage":7.0,"enemies":"Orb Walker","floor":35.0,"turns":2.0},{"damage":0.0,"enemies":"conspire:MimicChest","floor":39.0,"turns":3.0},{"damage":0.0,"enemies":"R_Hoarder","floor":40.0,"turns":2.0},{"damage":0.0,"enemies":"Reptomancer","floor":42.0,"turns":2.0},{"damage":0.0,"enemies":"R_Hoarder","floor":44.0,"turns":2.0},{"damage":0.0,"enemies":"3 Shapes","floor":45.0,"turns":12.0},{"damage":0.0,"enemies":"Reptomancer","floor":46.0,"turns":3.0},{"damage":9.0,"enemies":"Jaw Worm Horde","floor":47.0,"turns":3.0},{"damage":0,"enemies":"Nemesis","floor":48,"turns":9}],"seed_played":"-3295134147132080006","potions_obtained":[{"floor":2.0,"key":"Dexterity Potion"},{"floor":4.0,"key":"Explosive Potion"},{"floor":14.0,"key":"REME_GoldPotion"},{"floor":18.0,"key":"Languid Potion"},{"floor":20.0,"key":"Fruit Juice"},{"floor":28.0,"key":"Adrenaline Potion"},{"floor":30.0,"key":"Block Potion"},{"floor":33.0,"key":"REME_GoldPotion"},{"floor":39.0,"key":"Block Potion"}],"is_trial":true,"path_per_floor":["M","M","$","M","?","E","E","E","T","E","?","E","?","M","R","B",null,"M","?","M","$","?","E","E","E","T","E","E","M","E","?","R","B",null,"M","?","$","?","?","E","?","E","T","E","M","E","M","E"],"character_chosen":"Hololive_HololiveCharacter","items_purchased":[],"campfire_rested":0,"item_purchase_floors":[],"current_hp_per_floor":[28,29,29,30,30,31,32,33,34,35,35,36,35,35,35,36,40,41,41,47,47,47,48,49,102,103,110,111,133,116,117,118,120,136,131,133,134,135,141,147,156,159,161,163,289,313,320,385,385],"gold":77,"neow_bonus":"","is_daily":false,"chose_seed":false,"campfire_upgraded":2,"win_rate":0.0,"timestamp":1610825133,"path_taken":["M","M","?","M","?","E","E","E","T","E","?","E","?","?","R","BOSS","M","?","?","?","?","E","E","E","T","E","E","M","E","?","R","BOSS","M","?","?","?","?","E","?","E","T","E","?","E","?","E"],"items_purchased_type":[],"build_version":"2020-12-22","purchased_purges":0,"victory":false,"max_hp_per_floor":[31,32,32,33,33,34,35,36,37,38,38,39,39,40,40,41,41,42,42,48,48,48,49,50,103,104,111,112,134,136,137,138,140,141,143,145,146,147,153,155,156,159,161,163,289,313,329,394,394],"relic_stats":{"counters":[29,110],"Smiling Mask":0,"MawBank":225,"obtain_stats":[{"Dota2Spire:MaskOfMadness":39,"Dota2Spire:EchoSabre":42,"Lantern":30,"AT_ATBox":0,"Calipers":6,"DaveBox":0,"Dota2Spire:ArmletOfMordiggian":12,"aspiration:Stabinomicon":27,"Smiling Mask":9,"testmod-Charity":0,"conspire:InfiniteJournal":25,"Dota2Spire:MagicBottle":18,"Ring of Fangs":38,"AT_TrinityForce":17,"Dota2Spire:ArcaneBoots":4,"replay:Trail_Library":0,"aspiration:ChemicalBlood":20,"ZombieArmy":46,"AT_ForceNature":5,"aspiration:StickyExplosives":10,"testmod-TestBox":0,"SynthV:MejaisSoulstealer":0,"testmod-FatalChain":1,"AT_GoldPhoenixTree":44,"testmod-CardMagician":34,"conspire:Boomerang":8,"MawBank":29,"testmod-Antiphasic":28,"CaptainsWheel":14,"Anchor":35,"SynthV:TestCard":1,"MutagenicStrength":22,"Hololive_TheStar":0,"conspire:BottledYoYo":23,"aspiration:HatOfInfinitePower":0,"StrikeDummy":24,"conspire:IceCreamScoop":45,"REME_ComplimentaryCards":0,"Dota2Spire:Desolator":2,"testmod-HeartOfDaVinci":40},{"Dota2Spire:MaskOfMadness":22,"Dota2Spire:EchoSabre":24,"Lantern":19,"AT_ATBox":0,"Calipers":4,"DaveBox":0,"Dota2Spire:ArmletOfMordiggian":8,"aspiration:Stabinomicon":16,"Smiling Mask":6,"testmod-Charity":0,"conspire:InfiniteJournal":15,"Dota2Spire:MagicBottle":11,"Ring of Fangs":21,"AT_TrinityForce":10,"Dota2Spire:ArcaneBoots":3,"replay:Trail_Library":0,"aspiration:ChemicalBlood":12,"ZombieArmy":27,"AT_ForceNature":3,"aspiration:StickyExplosives":7,"testmod-TestBox":0,"SynthV:MejaisSoulstealer":0,"testmod-FatalChain":1,"AT_GoldPhoenixTree":25,"testmod-CardMagician":20,"conspire:Boomerang":6,"MawBank":18,"testmod-Antiphasic":17,"CaptainsWheel":9,"Anchor":21,"SynthV:TestCard":1,"MutagenicStrength":12,"Hololive_TheStar":0,"conspire:BottledYoYo":13,"aspiration:HatOfInfinitePower":0,"StrikeDummy":14,"conspire:IceCreamScoop":26,"REME_ComplimentaryCards":0,"Dota2Spire:Desolator":2,"testmod-HeartOfDaVinci":23},{"Dota2Spire:MaskOfMadness":77,"Dota2Spire:EchoSabre":81,"Lantern":70,"AT_ATBox":0,"Calipers":16,"DaveBox":0,"Dota2Spire:ArmletOfMordiggian":27,"aspiration:Stabinomicon":59,"Smiling Mask":22,"testmod-Charity":0,"conspire:InfiniteJournal":55,"Dota2Spire:MagicBottle":35,"Ring of Fangs":74,"AT_TrinityForce":32,"Dota2Spire:ArcaneBoots":12,"replay:Trail_Library":0,"aspiration:ChemicalBlood":40,"ZombieArmy":98,"AT_ForceNature":12,"aspiration:StickyExplosives":25,"testmod-TestBox":0,"SynthV:MejaisSoulstealer":0,"testmod-FatalChain":6,"AT_GoldPhoenixTree":83,"testmod-CardMagician":72,"conspire:Boomerang":22,"MawBank":67,"testmod-Antiphasic":60,"CaptainsWheel":28,"Anchor":74,"SynthV:TestCard":6,"MutagenicStrength":40,"Hololive_TheStar":0,"conspire:BottledYoYo":42,"aspiration:HatOfInfinitePower":0,"StrikeDummy":48,"conspire:IceCreamScoop":95,"REME_ComplimentaryCards":0,"Dota2Spire:Desolator":9,"testmod-HeartOfDaVinci":79}]},"card_choices":[{"not_picked":["Hololive_WolfAndLamb","Hololive_DurableLive","Hololive_OpenUp","Hololive_Recruit","Hololive_ScarfAndHalo"],"picked":"Hololive_StarCraft","floor":6.0},{"not_picked":["Hololive_ASMR","Hololive_DiamondStrike","Hololive_HighAtkLowDef","Hololive_WolfAndLamb","Hololive_Thief"],"picked":"Hololive_DDD","floor":7.0},{"not_picked":["Hololive_FlareMind","Hololive_IdolExercise","Hololive_AWSL","Hololive_WolfAndLamb","Hololive_Rebirth"],"picked":"Hololive_MaximGun","floor":8.0},{"not_picked":["Hololive_AWSL","Hololive_DiamondStrike","Hololive_HighAtkLowDef","Hololive_ASMR","Hololive_IdolExercise"],"picked":"Hololive_StarCraft","floor":10.0},{"not_picked":["Hololive_IdolExercise","Hololive_WolfAndLamb","Hololive_FlareMind","Hololive_Rebirth","Hololive_Nanodesu","Hololive_StarCraft"],"picked":"SKIP","floor":12.0},{"not_picked":["Hololive_HighAtkLowDef","Hololive_Nanodesu","Hololive_IdolExercise","Hololive_BeCareful","Hololive_ASMR","Hololive_WolfAndLamb"],"picked":"SKIP","floor":23.0},{"not_picked":["Hololive_WolfAndLamb","Hololive_StarCraft","Hololive_Rebirth","Hololive_ASMR","Hololive_DurableLive"],"picked":"Hololive_DiamondStrike","floor":24.0},{"not_picked":["Hololive_AWSL","Hololive_HighAtkLowDef","Hololive_StarCraft","Hololive_OpenUp","Hololive_ScarfAndHalo"],"picked":"Hololive_Nanodesu","floor":25.0},{"not_picked":["Hololive_Recruit","Hololive_DDD","Hololive_DiamondStrike","Hololive_ASMR","Hololive_MaximGun","Hololive_ScarfAndHalo"],"picked":"SKIP","floor":27.0},{"not_picked":["Hololive_BeCareful","Hololive_AWSL","Hololive_Nanodesu","Hololive_ASMR","Hololive_ScarfAndHalo"],"picked":"Hololive_Thief","floor":28.0},{"not_picked":["Hololive_AWSL","Hololive_BeCareful","Hololive_DiamondStrike","Hololive_OpenUp","Hololive_DDD","Hololive_FlareMind"],"picked":"SKIP","floor":30.0},{"not_picked":["Hololive_MaximGun","Hololive_Rebirth","Hololive_Thief","Hololive_OpenUp","Hololive_WolfAndLamb"],"picked":"Hololive_DDD","floor":33.0},{"not_picked":["Hololive_CallHimemoriLuna","Hololive_CallAiraniIofifteen","Hololive_CallShirakamiFubuki","Hololive_Trident+1","Hololive_RevenueBasedLive"],"picked":"Hololive_CallOkamiMio","floor":39.0},{"not_picked":["Hololive_MaximGun","Hololive_Recruit","Hololive_IdolExercise","Hololive_FlareMind","Hololive_ASMR","Hololive_AWSL"],"picked":"SKIP","floor":40.0},{"not_picked":["Hololive_DiamondStrike","Hololive_HighAtkLowDef","Hololive_OpenUp","Hololive_IdolExercise","Hololive_DurableLive","Hololive_BeCareful"],"picked":"SKIP","floor":42.0},{"not_picked":["Hololive_Rebirth","Hololive_DurableLive","Hololive_AWSL","Hololive_MaximGun","Hololive_Nanodesu","Hololive_ScarfAndHalo"],"picked":"SKIP","floor":44.0},{"not_picked":["Hololive_ASMR","Hololive_DDD","Hololive_OpenUp","Hololive_BeCareful","Hololive_HighAtkLowDef","Hololive_AWSL"],"picked":"SKIP","floor":46.0}],"player_experience":510043,"relics_obtained":[{"floor":1.0,"key":"testmod-FatalChain"},{"floor":1.0,"key":"SynthV:TestCard"},{"floor":2.0,"key":"Dota2Spire:Desolator"},{"floor":4.0,"key":"Dota2Spire:ArcaneBoots"},{"floor":6.0,"key":"Calipers"},{"floor":8.0,"key":"conspire:Boomerang"},{"floor":9.0,"key":"Smiling Mask"},{"floor":10.0,"key":"aspiration:StickyExplosives"},{"floor":12.0,"key":"Dota2Spire:ArmletOfMordiggian"},{"floor":14.0,"key":"CaptainsWheel"},{"floor":18.0,"key":"Dota2Spire:MagicBottle"},{"floor":20.0,"key":"aspiration:ChemicalBlood"},{"floor":23.0,"key":"conspire:BottledYoYo"},{"floor":24.0,"key":"StrikeDummy"},{"floor":25.0,"key":"conspire:InfiniteJournal"},{"floor":27.0,"key":"aspiration:Stabinomicon"},{"floor":28.0,"key":"testmod-Antiphasic"},{"floor":29.0,"key":"MawBank"},{"floor":30.0,"key":"Lantern"},{"floor":35.0,"key":"Anchor"},{"floor":38.0,"key":"Ring of Fangs"},{"floor":39.0,"key":"Dota2Spire:MaskOfMadness"},{"floor":40.0,"key":"testmod-HeartOfDaVinci"},{"floor":42.0,"key":"Dota2Spire:EchoSabre"},{"floor":44.0,"key":"AT_GoldPhoenixTree"},{"floor":45.0,"key":"conspire:IceCreamScoop"},{"floor":46.0,"key":"ZombieArmy"}],"event_choices":[{"damage_healed":0.0,"max_hp_gain":0.0,"max_hp_loss":0.0,"gold_gain":0.0,"event_name":"conspire:Investor","player_choice":"Leave","floor":13.0,"gold_loss":0.0,"damage_taken":0.0},{"damage_healed":0.0,"max_hp_gain":0.0,"max_hp_loss":0.0,"gold_gain":0.0,"event_name":"Match and Keep!","player_choice":"0 cards matched","floor":19.0,"gold_loss":0.0,"damage_taken":0.0,"cards_obtained":[]},{"damage_healed":0.0,"max_hp_gain":0.0,"max_hp_loss":0.0,"gold_gain":0.0,"event_name":"Drug Dealer","player_choice":"Inject Mutagens","floor":22.0,"gold_loss":0.0,"damage_taken":0.0,"relics_obtained":["MutagenicStrength"]},{"damage_healed":0.0,"max_hp_gain":0.0,"max_hp_loss":0.0,"gold_gain":50.0,"event_name":"Golden Shrine","player_choice":"Pray","floor":36.0,"gold_loss":0.0,"damage_taken":0.0}],"is_beta":false,"boss_relics":[{"not_picked":["Snecko Heart","MoonlightInvasionPlan"],"picked":"AT_TrinityForce"},{"not_picked":["GreenFoldingFan","testmod-KeyOfTheVoid"],"picked":"testmod-CardMagician"}],"items_purged_floors":[],"is_endless":true,"potions_floor_spawned":[2,4,10,12,14,18,20,28,33,39,42,44],"killed_by":"Nemesis","ascension_level":20}}