{"host":"oeotdbd679q6m6vu","time":1610758428,"event":{"mods":["Act Like it!","BaseMod","Colored Map","Decade(王小明)","Downfall","Friendly Minions","Gensokyo","GifTheSpireLib","Highlight Path","Marisa（F雨　魔理沙）","Minty Spire (QoL Compilation)","Rare Cards Sparkle","Reimu（博丽灵梦）","StSLib","The Animator","Youmu（魂魄妖梦）"],"gold_per_floor":[99,99,90,107,106,85,85,85],"floor_reached":6,"language":"ZHS","playtime":206,"items_purged":[],"score":36,"play_id":"a17d5557-98bf-4309-8f60-68bcf42d0e5f","local_time":"20210115195348","is_ascension_mode":false,"campfire_choices":[{"floor":1,"key":"RECALL"}],"circlet_count":0,"master_deck":["hexamod:Strike","hexamod:Strike","hexamod:Strike","hexamod:Strike","hexamod:Defend","hexamod:Defend","hexamod:Defend","hexamod:Defend","hexamod:Sear","hexamod:Float","downfall:Aged","Poor:ReiMu","hexamod:SpectersWail","hexamod:ChargedBarrage","hexamod:RadiantFlame"],"relics":["hexamod:SpiritBrand","YidongShenshe:ReiMu"],"acts_visited":["Exordium"],"potions_floor_usage":[],"damage_taken":[{"damage":0,"enemies":"Small Slimes","floor":3,"turns":3},{"damage":0,"enemies":"2 Louse","floor":4,"turns":2},{"damage":1,"enemies":"Cultist","floor":5,"turns":3},{"damage":0,"enemies":"Gremlin Nob","floor":6,"turns":1}],"seed_played":"2771049506488624941","potions_obtained":[{"floor":3,"key":"Fire Potion"}],"is_trial":false,"path_per_floor":["R","?","M","M","M","E"],"character_chosen":"THE_SPIRIT","items_purchased":[],"campfire_rested":0,"item_purchase_floors":[],"current_hp_per_floor":[84,84,84,84,83,83,83,83],"gold":85,"neow_bonus":"TWENTY_PERCENT_HP_BONUS","is_daily":false,"chose_seed":false,"campfire_upgraded":0,"win_rate":0.0,"timestamp":1610758428,"path_taken":["R","?","M","M","M","E"],"items_purchased_type":[],"build_version":"2020-12-22","purchased_purges":0,"victory":false,"max_hp_per_floor":[84,84,84,84,84,84,84,84],"card_choices":[{"not_picked":["hexamod:GhostLash","hexamod:CatchUp"],"picked":"hexamod:SpectersWail","floor":3},{"not_picked":["hexamod:ThermalTransfer","hexamod:SkipABeat"],"picked":"hexamod:ChargedBarrage","floor":4},{"not_picked":["hexamod:NightmareGuise","hexamod:HauntingEcho"],"picked":"hexamod:RadiantFlame","floor":5}],"player_experience":326106,"relics_obtained":[],"event_choices":[{"damage_healed":0,"gold_gain":0,"player_choice":"带走神社","damage_taken":0,"relics_obtained":["YidongShenshe:ReiMu"],"max_hp_gain":0,"max_hp_loss":0,"event_name":"yidonshenshe","floor":2,"gold_loss":0,"cards_obtained":["Poor:ReiMu"]}],"is_beta":false,"boss_relics":[],"items_purged_floors":[],"is_endless":false,"potions_floor_spawned":[3],"killed_by":"Gremlin Nob","ascension_level":0}}