{"host":"440aydzcd8mkncjo","time":1610836505,"event":{"mods":["2.2 Compatiblity","Act Like it!","Aspiration","Astrologer","Bard","BaseMod","Beaked The Cultist","Challenge The Spire","Chen","Colored Map","Conspire","Energized Spire","Friendly Minions","Gensokyo","Gremlin Mod","Halation","Hallownest","Hubris","Infinite Spire","Jedi Mod","Jorbs\u0027s Wanderer Trilogy","Koishi","Mad Scientist","Marisa????????","Mimic Mod","Minty Spire (QoL Compilation)","Rare Cards Sparkle","Reimu??????","Relic Sorter","Remilia??????","Replay The Spire","Shade Mod","Shop Mod","Somnambulant","StSLib","The Administrix","The Alterego","The Blackbeard","The Bug Knight","The Construct","The Cursed","The Elementalist","The Florist","The Gatherer","The Hierophant","The Jungle","The Marked","The Mystic","The Problem Sleuth","The Runesmith","The Servant 0.9.4","TheBandit","TheSwordswoman","Unknown Chances","Waifu the Spire","Youmu??????","Yuri Mod","Yuyuko","thorton","vexMod"],"gold_per_floor":[113,163,163,181,192,192,192,212,252,286,306,306,325,325,325,424,424,443,492,511,523,534,534,534],"floor_reached":23,"language":"ENG","playtime":1613,"items_purged":[],"score":220,"play_id":"e8394894-8e84-4956-af3a-d3fdd422fdcc","local_time":"20210116223505","is_ascension_mode":false,"campfire_choices":[{"data":"Shade:TouchOfTheGrave","floor":6,"key":"SMITH"},{"data":"Shade:AuraOfUnlife","floor":12,"key":"SMITH"},{"data":"Shade:BoneShards","floor":15,"key":"SMITH"}],"circlet_count":0,"master_deck":["Shade:Strike_Shade","Shade:Strike_Shade","Shade:Strike_Shade","Shade:Strike_Shade","Shade:Defend_Shade","Shade:Defend_Shade","Shade:Defend_Shade","Shade:Defend_Shade","Shade:AnimateDead","Shade:CarefulCut","Shade:TouchOfTheGrave+1","Shade:AuraOfUnlife+1","Shade:CommandSoldier","Shade:ExtraLimbs","Shade:Brains","Shade:BoneShards+1","Shade:Bonestorm+1","Shade:Excise","Shade:Tombstone","Shade:ClawBack","Shade:WallOfFlesh","Shade:Bite_Shade","Shade:SoulToxin"],"relics":["Shade:YorickSkull","NeowsBlessing","halation:EternalFortune","Hallownest:DreamNailRelic","Pet Ghost","Strawberry","construct:WeddingRing","jedi:shrinkray"],"acts_visited":["Hallownest:Greenpath","TheCity"],"potions_floor_usage":[8,16,16,16,18,20],"damage_taken":[{"damage":0,"enemies":"Hallownest:2_MossCreeps","floor":1,"turns":1},{"damage":0,"enemies":"2_ Uuma","floor":4,"turns":1},{"damage":0,"enemies":"Hallownest:monsterHuskWarrior","floor":5,"turns":1},{"damage":22,"enemies":"Hallownest:Guard_and_Warrior","floor":8,"turns":6},{"damage":0,"enemies":"Hallownest:monsterAspidMother","floor":9,"turns":6},{"damage":8,"enemies":"Hallownest:eliteCrystalGuardian","floor":10,"turns":5},{"damage":1,"enemies":"Hallownest:monsterAspidMother","floor":11,"turns":4},{"damage":0,"enemies":"Hallownest:Wandering_and_Horned","floor":13,"turns":5},{"damage":6,"enemies":"Hallownest:BossBrokenVessel","floor":16,"turns":7},{"damage":13,"enemies":"2 Thieves","floor":18,"turns":3},{"damage":0,"enemies":"Spheric Guardian","floor":20,"turns":2},{"damage":27,"enemies":"Cultist and Chosen","floor":21,"turns":8},{"damage":16,"enemies":"conspire:HollyBat","floor":22,"turns":8},{"damage":41,"enemies":"Nightmare","floor":23,"turns":9}],"seed_played":"5566057903984670291","potions_obtained":[{"floor":1,"key":"Explosive Potion"},{"floor":8,"key":"LifebloodPotion"},{"floor":10,"key":"ColorlessPotion"},{"floor":13,"key":"Regen Potion"},{"floor":16,"key":"Flashbang"},{"floor":18,"key":"Fire Potion"},{"floor":21,"key":"PowerPotion"}],"is_trial":false,"path_per_floor":["M","?","?","M","M","R","?","M","MIM","E","M","R","M","?","R","B",null,"M","T","M","M","M","NM"],"character_chosen":"SHADE","items_purchased":[],"campfire_rested":0,"item_purchase_floors":[],"current_hp_per_floor":[65,65,68,68,71,71,71,52,52,51,50,50,50,50,50,59,81,68,68,68,41,29,0,0],"gold":534,"neow_bonus":"THREE_ENEMY_KILL","is_daily":false,"chose_seed":false,"campfire_upgraded":3,"win_rate":0.0,"timestamp":1610836505,"path_taken":["M","?","?","?","M","R","?","?","MIM","E","M","R","M","?","R","BOSS","M","?","M","?","M","NM"],"items_purchased_type":[],"build_version":"2020-12-22","purchased_purges":0,"victory":false,"max_hp_per_floor":[65,65,68,68,71,71,71,74,74,81,81,81,81,81,81,81,81,81,81,81,81,81,81,81],"card_choices":[{"not_picked":["Shade:AncientSpear","Shade:CoffinDance"],"picked":"Shade:TouchOfTheGrave","floor":1},{"not_picked":["Shade:SanguineRitual","Shade:GraveStillness"],"picked":"Shade:AuraOfUnlife","floor":4},{"not_picked":["Shade:BoneShards","Shade:CoffinDance"],"picked":"Shade:CommandSoldier","floor":5},{"not_picked":["Shade:SkeletonHug","Shade:Doomsay"],"picked":"Shade:ExtraLimbs","floor":8},{"not_picked":["Shade:ClawBack","Shade:RavenousHorde"],"picked":"Shade:Brains","floor":9},{"not_picked":["Shade:Premonition","Shade:SkeletonHug"],"picked":"Shade:BoneShards","floor":10},{"not_picked":["Shade:FuneraryArmor","Shade:GraveStillness"],"picked":"Shade:Bonestorm","floor":11},{"not_picked":["Shade:SensePrey","Shade:SpontaneousRitual"],"picked":"Shade:Excise","floor":13},{"not_picked":["Shade:MadHubris","Shade:OneIsEnough"],"picked":"Shade:Tombstone","floor":16},{"not_picked":["Shade:RavenousHorde","Shade:PotionOfRestlessness"],"picked":"Shade:ClawBack","floor":18},{"not_picked":["Shade:SanguineRitual","Shade:FingerOfDeath"],"picked":"Shade:WallOfFlesh","floor":20},{"not_picked":["Shade:FuneraryArmor+1","Shade:FleshLikeOak"],"picked":"Shade:Bite_Shade","floor":21},{"not_picked":["Shade:AblativeArmor+1","Shade:TouchOfTheGrave"],"picked":"Shade:SoulToxin","floor":22}],"player_experience":707569,"relics_obtained":[{"floor":5,"key":"halation:EternalFortune"},{"floor":8,"key":"halation:EternalFortune"},{"floor":9,"key":"Pet Ghost"},{"floor":10,"key":"Strawberry"},{"floor":19,"key":"jedi:shrinkray"}],"event_choices":[],"is_beta":false,"boss_relics":[{"not_picked":["Replay:Wanted Poster","Ectoplasm"],"picked":"construct:WeddingRing"}],"items_purged_floors":[],"is_endless":false,"potions_floor_spawned":[1,8,10,13,16,18,21],"killed_by":"Nightmare","ascension_level":0}}