{"host":"04hh9gplt9wkfmr1","time":1610804700,"event":{"mods":["AchievementEnabler","BaseMod","Colored Map","KOR Keyword Fix","Minty Spire (QoL Compilation)","Rare Cards Sparkle","SuperFastMode"],"gold_per_floor":[110,129,142,156,170,186,211,211,234,245,275,287,313,338,350,462,474,505,532,560,672,697,709,754,766,802,828,840,877,908,920,932,1042,1054,1079,1167,1195,1207,743,743,419,438,490,490,490,490,790,824,824,824],"floor_reached":51,"language":"KOR","playtime":1346,"items_purged":["Defend_R"],"score":840,"play_id":"fc0199d8-7a9b-41d6-b046-87628f672d25","local_time":"20210116224500","is_ascension_mode":true,"campfire_choices":[{"data":"Armaments","floor":8.0,"key":"SMITH"},{"data":"Perfected Strike","floor":12.0,"key":"SMITH"},{"data":"Perfected Strike","floor":15.0,"key":"SMITH"},{"data":"Dual Wield","floor":23.0,"key":"SMITH"},{"floor":25.0,"key":"REST"},{"data":"Feed","floor":28.0,"key":"SMITH"},{"floor":32.0,"key":"REST"},{"data":"Berserk","floor":40,"key":"SMITH"},{"data":"Perfected Strike","floor":44,"key":"SMITH"},{"data":"Enlightenment","floor":46,"key":"SMITH"},{"floor":49,"key":"REST"}],"circlet_count":0,"master_deck":["Strike_R","Strike_R","Strike_R","Strike_R","Strike_R","Defend_R","Defend_R","Defend_R","Bash","Pommel Strike","Perfected Strike+1","Armaments+1","Perfected Strike+1","Inflame","Rage","Feed+1","Dual Wield+1","Ghostly Armor+1","Inflame+1","Headbutt","Necronomicurse","Berserk+1","Secret Technique","Forethought","Enlightenment+1","Finesse","Perfected Strike+1"],"relics":["Burning Blood","Tiny Chest","Centennial Puzzle","MawBank","Philosopher\u0027s Stone","Regal Pillow","Nunchaku","MealTicket","Necronomicon","Busted Crown","Pear","Bronze Scales","Self Forming Clay","Question Card","Juzu Bracelet","Champion Belt","Gremlin Horn"],"acts_visited":["Exordium","TheCity","TheBeyond"],"potions_floor_usage":[],"damage_taken":[{"damage":1.0,"enemies":"Cultist","floor":1.0,"turns":3.0},{"damage":4.0,"enemies":"2 Louse","floor":2.0,"turns":3.0},{"damage":0.0,"enemies":"Small Slimes","floor":3.0,"turns":3.0},{"damage":7.0,"enemies":"Blue Slaver","floor":4.0,"turns":3.0},{"damage":5.0,"enemies":"Looter","floor":5.0,"turns":2.0},{"damage":23.0,"enemies":"Lots of Slimes","floor":6.0,"turns":5.0},{"damage":14.0,"enemies":"Gremlin Nob","floor":7.0,"turns":3.0},{"damage":1.0,"enemies":"3 Louse","floor":10.0,"turns":3.0},{"damage":20.0,"enemies":"Lagavulin","floor":11.0,"turns":7.0},{"damage":0.0,"enemies":"Gremlin Gang","floor":13.0,"turns":1.0},{"damage":12.0,"enemies":"2 Fungi Beasts","floor":14.0,"turns":2.0},{"damage":19.0,"enemies":"Slime Boss","floor":16.0,"turns":7.0},{"damage":7.0,"enemies":"3 Byrds","floor":18.0,"turns":5.0},{"damage":2.0,"enemies":"Chosen","floor":19.0,"turns":3.0},{"damage":24.0,"enemies":"Snake Plant","floor":20.0,"turns":2.0},{"damage":24.0,"enemies":"Shelled Parasite and Fungi","floor":22.0,"turns":6.0},{"damage":46.0,"enemies":"Slavers","floor":24.0,"turns":6.0},{"damage":21.0,"enemies":"Snecko","floor":27.0,"turns":5.0},{"damage":10.0,"enemies":"Gremlin Leader","floor":29.0,"turns":5.0},{"damage":17.0,"enemies":"Centurion and Healer","floor":30.0,"turns":11.0},{"damage":53.0,"enemies":"Automaton","floor":33.0,"turns":7.0},{"damage":16.0,"enemies":"Orb Walker","floor":35.0,"turns":3.0},{"damage":10,"enemies":"3 Shapes","floor":37,"turns":4},{"damage":44,"enemies":"Spire Growth","floor":42,"turns":3},{"damage":23,"enemies":"Nemesis","floor":48,"turns":3},{"damage":103,"enemies":"Awakened One","floor":50,"turns":9}],"seed_played":"-2998483353762650122","potions_obtained":[{"floor":2.0,"key":"LiquidMemories"},{"floor":3.0,"key":"Swift Potion"},{"floor":7.0,"key":"Explosive Potion"},{"floor":11.0,"key":"Explosive Potion"},{"floor":13.0,"key":"SpeedPotion"},{"floor":14.0,"key":"Dexterity Potion"},{"floor":16.0,"key":"LiquidMemories"},{"floor":18.0,"key":"AttackPotion"},{"floor":19.0,"key":"SneckoOil"},{"floor":27.0,"key":"SteroidPotion"},{"floor":30.0,"key":"SneckoOil"},{"floor":35,"key":"BlessingOfTheForge"},{"floor":42,"key":"SpeedPotion"}],"is_trial":false,"path_per_floor":["M","M","M","M","M","M","E","R","T","M","E","R","M","M","R","B",null,"M","M","M","?","M","R","E","R","T","M","R","E","M","?","R","B",null,"M","T","M","?","$","R","$","M","T","R","T","R","?","E","R","B",null],"character_chosen":"IRONCLAD","items_purchased":["Bronze Scales","Self Forming Clay","Question Card","Finesse"],"campfire_rested":3,"item_purchase_floors":[39,39,41,41],"current_hp_per_floor":[88,88,88,87,88,71,63,63,63,68,54,54,60,54,54,41,88,90,91,76,76,62,62,22,66,66,51,51,47,40,24,69,22,102,92,102,98,88,103,103,112,74,74,74,74,74,74,57,105,8],"gold":824,"neow_bonus":"TEN_PERCENT_HP_BONUS","is_daily":false,"chose_seed":false,"campfire_upgraded":8,"win_rate":0.0,"timestamp":1610804700,"path_taken":["M","M","M","M","M","M","E","R","T","M","E","R","M","M","R","BOSS","M","M","M","?","?","R","E","R","T","M","R","E","M","?","R","BOSS","M","?","M","?","$","R","$","M","T","R","?","R","?","E","R","BOSS"],"items_purchased_type":["Relic","Relic","Relic","Card"],"build_version":"2020-12-22","purchased_purges":1,"victory":true,"max_hp_per_floor":[88,88,88,88,88,88,88,88,88,88,88,88,88,88,88,88,88,91,91,94,94,98,98,98,98,98,98,98,98,102,102,102,102,102,102,112,112,112,112,112,112,112,112,112,112,112,112,112,112,112],"card_choices":[{"not_picked":["Headbutt","Heavy Blade"],"picked":"Pommel Strike","floor":1.0},{"not_picked":["Heavy Blade","Impervious"],"picked":"Perfected Strike","floor":2.0},{"not_picked":["Flex","Searing Blow"],"picked":"Armaments","floor":3.0},{"not_picked":["Cleave","Warcry","Pummel"],"picked":"SKIP","floor":4.0},{"not_picked":["Heavy Blade","Wild Strike","Shrug It Off"],"picked":"SKIP","floor":5.0},{"not_picked":["Carnage","Anger"],"picked":"Perfected Strike","floor":6.0},{"not_picked":["Spot Weakness","Uppercut","Carnage"],"picked":"SKIP","floor":7.0},{"not_picked":["Clash","Warcry"],"picked":"Inflame","floor":10.0},{"not_picked":["Flame Barrier","Spot Weakness","Hemokinesis"],"picked":"SKIP","floor":11.0},{"not_picked":["Corruption","Armaments"],"picked":"Rage","floor":13.0},{"not_picked":["Spot Weakness","Rupture","Clash"],"picked":"SKIP","floor":14.0},{"not_picked":["Corruption","Barricade"],"picked":"Feed","floor":16.0},{"not_picked":["Body Slam","Wild Strike"],"picked":"Dual Wield","floor":18.0},{"not_picked":["Shockwave","Cleave+1"],"picked":"Ghostly Armor+1","floor":19.0},{"not_picked":["Anger","Warcry","Heavy Blade"],"picked":"SKIP","floor":20.0},{"not_picked":["Body Slam","Burning Pact","Heavy Blade"],"picked":"SKIP","floor":22.0},{"not_picked":["Wild Strike","Rupture"],"picked":"Inflame+1","floor":24.0},{"not_picked":["Shrug It Off","Warcry","Entrench"],"picked":"SKIP","floor":27.0},{"not_picked":["True Grit","Immolate"],"picked":"Headbutt","floor":29.0},{"not_picked":["Cleave","Anger","Wild Strike"],"picked":"SKIP","floor":30.0},{"not_picked":["Feed","Bludgeon"],"picked":"Berserk","floor":33.0},{"not_picked":["Warcry"],"picked":"SKIP","floor":35},{"not_picked":["Feel No Pain+1"],"picked":"SKIP","floor":37},{"not_picked":[],"picked":"Secret Technique","floor":38},{"not_picked":[],"picked":"Forethought","floor":38},{"not_picked":[],"picked":"Enlightenment","floor":38},{"not_picked":["Metallicize"],"picked":"Perfected Strike","floor":42},{"not_picked":["Sword Boomerang","Flame Barrier+1"],"picked":"SKIP","floor":48}],"player_experience":39711,"relics_obtained":[{"floor":7.0,"key":"Tiny Chest"},{"floor":9.0,"key":"Centennial Puzzle"},{"floor":11.0,"key":"MawBank"},{"floor":24.0,"key":"Regal Pillow"},{"floor":26.0,"key":"Nunchaku"},{"floor":29.0,"key":"MealTicket"},{"floor":31.0,"key":"Necronomicon"},{"floor":36,"key":"Pear"},{"floor":43,"key":"Juzu Bracelet"},{"floor":45,"key":"Champion Belt"},{"floor":48,"key":"Gremlin Horn"}],"event_choices":[{"damage_healed":0.0,"max_hp_gain":0.0,"max_hp_loss":0.0,"gold_gain":100.0,"event_name":"Golden Shrine","player_choice":"Pray","floor":21.0,"gold_loss":0.0,"damage_taken":0.0},{"damage_healed":0.0,"max_hp_gain":0.0,"max_hp_loss":0.0,"gold_gain":0.0,"event_name":"Cursed Tome","player_choice":"Obtained Book","floor":31.0,"gold_loss":0.0,"damage_taken":16.0},{"damage_healed":0,"gold_gain":0,"player_choice":"Memory 3","damage_taken":10,"max_hp_gain":0,"max_hp_loss":0,"event_name":"SensoryStone","floor":38,"gold_loss":0},{"damage_healed":0,"gold_gain":300,"player_choice":"Gold","damage_taken":0,"max_hp_gain":0,"max_hp_loss":0,"event_name":"Wheel of Change","floor":47,"gold_loss":0}],"is_beta":false,"boss_relics":[{"not_picked":["Astrolabe","Runic Cube"],"picked":"Philosopher\u0027s Stone"},{"not_picked":["Calling Bell","Snecko Eye"],"picked":"Busted Crown"}],"items_purged_floors":[39],"is_endless":false,"potions_floor_spawned":[2,3,7,11,13,14,16,18,19,27,30,35,42],"ascension_level":1}}