{"host":"sav7uxregyirlf69","time":1610800513,"event":{"mods":["AchievementEnabler","BaseMod","Colored Map","DeckTracker","Keyboard Shortcuts","Minty Spire (QoL Compilation)","READ ME - Guardian Mod","StSLib","SuperFastMode"],"gold_per_floor":[10,26,41,41,57,57,90,90,90,103,103,135,210,81,81,155,155,169,180,180,200,90,90,101,112,163,163,193,193,222,240,240,312,312,328,17,17,35,53,53,53,53],"floor_reached":41,"language":"KOR","playtime":934,"items_purged":["Strike_B","Strike_B"],"score":911,"play_id":"593d3d80-e2c7-41aa-a596-18cfdd14f317","local_time":"20210116213513","is_ascension_mode":true,"campfire_choices":[{"data":"Fission","floor":6,"key":"SMITH"},{"floor":11,"key":"REST"},{"data":"Zap","floor":15,"key":"SMITH"},{"data":"Go for the Eyes","floor":23,"key":"SMITH"},{"data":"White Noise","floor":27,"key":"SMITH"},{"data":"Blizzard","floor":32,"key":"SMITH"},{"data":"Hologram","floor":40,"key":"SMITH"}],"circlet_count":0,"master_deck":["AscendersBane","Strike_B","Defend_B","Defend_B","Defend_B","Defend_B","Zap+1","Dualcast","Ball Lightning","Chill","BootSequence","Coolheaded","Compile Driver","Cold Snap+1","Go for the Eyes+1","Electrodynamics","Chill","White Noise+1","Hologram+1","Compile Driver+1","Glacier","Blizzard+1","Reboot","Coolheaded+1"],"relics":["FrozenCore","PreservedInsect","Cables","Emotion Chip","Mango","Pocketwatch","Inserter","ClockworkSouvenir"],"acts_visited":["Exordium","TheCity","TheBeyond"],"potions_floor_usage":[7,12,16,18,24,25,33,41],"damage_taken":[{"damage":0,"enemies":"2 Louse","floor":1,"turns":2},{"damage":1,"enemies":"Cultist","floor":2,"turns":3},{"damage":4,"enemies":"Jaw Worm","floor":3,"turns":3},{"damage":2,"enemies":"Lots of Slimes","floor":5,"turns":5},{"damage":41,"enemies":"Lagavulin","floor":7,"turns":8},{"damage":0,"enemies":"2 Fungi Beasts","floor":10,"turns":2},{"damage":4,"enemies":"3 Sentries","floor":12,"turns":5},{"damage":15,"enemies":"The Guardian","floor":16,"turns":11},{"damage":14,"enemies":"Chosen","floor":18,"turns":6},{"damage":1,"enemies":"Spheric Guardian","floor":19,"turns":4},{"damage":8,"enemies":"3 Cultists","floor":21,"turns":3},{"damage":2,"enemies":"Centurion and Healer","floor":24,"turns":7},{"damage":16,"enemies":"Chosen and Byrds","floor":25,"turns":8},{"damage":7,"enemies":"Book of Stabbing","floor":28,"turns":4},{"damage":8,"enemies":"Slavers","floor":30,"turns":6},{"damage":21,"enemies":"Snecko","floor":31,"turns":6},{"damage":62,"enemies":"Automaton","floor":33,"turns":10},{"damage":30,"enemies":"3 Darklings","floor":35,"turns":4},{"damage":3,"enemies":"3 Shapes","floor":38,"turns":5},{"damage":4,"enemies":"Sphere and 2 Shapes","floor":39,"turns":6},{"damage":55,"enemies":"Nemesis","floor":41,"turns":5}],"seed_played":"5851179218362702444","potions_obtained":[{"floor":2,"key":"PotionOfCapacity"},{"floor":3,"key":"Strength Potion"},{"floor":8,"key":"FairyPotion"},{"floor":16,"key":"FearPotion"},{"floor":19,"key":"Block Potion"},{"floor":24,"key":"SneckoOil"},{"floor":25,"key":"Strength Potion"},{"floor":38,"key":"ColorlessPotion"}],"is_trial":false,"path_per_floor":["M","M","M","?","M","R","E","?","T","M","R","E","?","$","R","B",null,"M","M","?","M","?","R","M","M","T","R","E","?","E","M","R","B",null,"M","$","?","M","M","R","E"],"character_chosen":"DEFECT","items_purchased":["BlessingOfTheForge","ClockworkSouvenir","Energy Potion"],"campfire_rested":1,"item_purchase_floors":[14,36,36],"current_hp_per_floor":[64,63,59,71,69,69,28,28,28,28,49,45,34,34,34,19,58,44,43,81,73,73,73,71,55,55,55,62,62,54,33,33,18,76,46,46,46,43,39,39,0,0],"gold":53,"neow_bonus":"THREE_RARE_CARDS","is_daily":false,"chose_seed":false,"campfire_upgraded":6,"win_rate":0.0,"timestamp":1610800513,"path_taken":["M","M","M","?","?","R","E","?","T","?","R","E","?","$","R","BOSS","M","M","?","?","?","R","?","M","T","R","E","?","E","M","R","BOSS","M","$","?","M","M","R","E"],"items_purchased_type":["Potion","Relic","Potion"],"build_version":"2020-12-22","purchased_purges":2,"victory":false,"max_hp_per_floor":[71,71,71,71,71,71,71,71,71,71,71,71,71,71,71,71,71,71,71,81,81,81,81,81,81,81,81,95,95,95,95,95,95,95,95,95,90,90,90,90,90,90],"card_choices":[{"not_picked":["Reboot","All For One"],"picked":"Fission","floor":0},{"not_picked":["Leap","Go for the Eyes"],"picked":"Ball Lightning","floor":1},{"not_picked":["Compile Driver","Reinforced Body"],"picked":"Chill","floor":2},{"not_picked":["Beam Cell","Scrape"],"picked":"BootSequence","floor":3},{"not_picked":["Gash","Turbo"],"picked":"Coolheaded","floor":5},{"not_picked":["Go for the Eyes","Hyperbeam"],"picked":"Compile Driver","floor":7},{"not_picked":["Hello World","Streamline"],"picked":"Cold Snap","floor":10},{"not_picked":["BootSequence","Cold Snap"],"picked":"Go for the Eyes","floor":12},{"not_picked":["Thunder Strike","All For One"],"picked":"Electrodynamics","floor":16},{"not_picked":["Tempest","Static Discharge"],"picked":"Chill","floor":18},{"not_picked":["Go for the Eyes","Ball Lightning"],"picked":"White Noise","floor":19},{"not_picked":["Stack","Force Field","Genetic Algorithm"],"picked":"SKIP","floor":21},{"not_picked":["Stack","Coolheaded"],"picked":"Hologram","floor":24},{"not_picked":["Turbo","Go for the Eyes"],"picked":"Compile Driver+1","floor":25},{"not_picked":["Aggregate","All For One","Sunder"],"picked":"SKIP","floor":28},{"not_picked":["Skim","Darkness"],"picked":"Glacier","floor":30},{"not_picked":["Conserve Battery+1","Go for the Eyes"],"picked":"Blizzard","floor":31},{"not_picked":["Machine Learning","Electrodynamics"],"picked":"Reboot","floor":33},{"not_picked":["Heatsinks","Stack","Ball Lightning"],"picked":"SKIP","floor":35},{"not_picked":["Storm","Hologram"],"picked":"Coolheaded+1","floor":38},{"not_picked":["Conserve Battery+1","Beam Cell","Lockon+1"],"picked":"SKIP","floor":39}],"player_experience":1291031,"relics_obtained":[{"floor":7,"key":"PreservedInsect"},{"floor":9,"key":"Cables"},{"floor":12,"key":"Emotion Chip"},{"floor":28,"key":"Mango"},{"floor":30,"key":"Pocketwatch"}],"event_choices":[{"damage_healed":12,"gold_gain":0,"player_choice":"Full Heal","damage_taken":0,"max_hp_gain":0,"max_hp_loss":0,"event_name":"Wheel of Change","floor":4,"gold_loss":0},{"damage_healed":0,"gold_gain":0,"player_choice":"Got Potions","damage_taken":0,"max_hp_gain":0,"max_hp_loss":0,"event_name":"Lab","floor":8,"gold_loss":0},{"damage_healed":0,"gold_gain":75,"player_choice":"Gather Gold","damage_taken":11,"max_hp_gain":0,"max_hp_loss":0,"event_name":"World of Goop","floor":13,"gold_loss":0},{"cards_removed":["Fission"],"damage_healed":28,"gold_gain":0,"player_choice":"Offered Rare","damage_taken":0,"max_hp_gain":10,"max_hp_loss":0,"event_name":"Bonfire Elementals","floor":20,"gold_loss":0},{"cards_removed":["Strike_B"],"damage_healed":0,"gold_gain":0,"player_choice":"Upgrade and Remove","damage_taken":0,"max_hp_gain":0,"max_hp_loss":0,"event_name":"Designer","floor":22,"gold_loss":110,"cards_upgraded":["Cold Snap"]},{"damage_healed":0,"gold_gain":0,"player_choice":"Ignored","damage_taken":0,"max_hp_gain":0,"max_hp_loss":0,"event_name":"The Mausoleum","floor":29,"gold_loss":0},{"damage_healed":0,"gold_gain":0,"player_choice":"Max HP","damage_taken":0,"max_hp_gain":0,"max_hp_loss":5,"event_name":"Winding Halls","floor":37,"gold_loss":0}],"is_beta":false,"boss_relics":[{"not_picked":["Fusion Hammer","Tiny House"],"picked":"FrozenCore"},{"not_picked":["Busted Crown","SlaversCollar"],"picked":"Inserter"}],"items_purged_floors":[14,36],"is_endless":false,"potions_floor_spawned":[2,3,5,16,19,21,24,25,31,38,39],"killed_by":"Nemesis","ascension_level":20}}