{"host":"ibtxpp7hbhk6t4eo","time":1610788832,"event":{"mods":["BaseMod","Downfall","Minty Spire (QoL Compilation)","StSLib"],"gold_per_floor":[99,116,101,119,130,141,192,22,22,33,33,33],"floor_reached":11,"language":"ZHS","playtime":788,"items_purged":[],"score":65,"play_id":"9e834a3b-a3e4-4f02-887b-6128fb6e2907","local_time":"20210116172032","is_ascension_mode":false,"campfire_choices":[],"circlet_count":0,"master_deck":["sneckomod:Strike","sneckomod:Strike","sneckomod:Strike","sneckomod:Defend","sneckomod:Defend","sneckomod:Defend","sneckomod:TailWhip","sneckomod:SnekBite","sneckomod:Unknown","Slimebound:CheckThePlaybook","sneckomod:UnendingSupply","Pommel Strike","sneckomod:UnknownCommonAttack","sneckomod:UnknownCommonSkill","sneckomod:UnknownStrike","Guardian:Gem_Red","sneckomod:UnlimitedRolls","sneckomod:DangerNoodle"],"relics":["sneckomod:SneckoSoul","Vajra","Membership Card"],"acts_visited":["Exordium"],"potions_floor_usage":[8,8,11,11,11],"damage_taken":[{"damage":9,"enemies":"Cultist","floor":2,"turns":2},{"damage":24,"enemies":"downfall:FleeingMerchant","floor":3,"turns":4},{"damage":6,"enemies":"Small Slimes","floor":4,"turns":2},{"damage":6,"enemies":"Jaw Worm","floor":5,"turns":3},{"damage":17,"enemies":"Gremlin Gang","floor":6,"turns":4},{"damage":15,"enemies":"downfall:FleeingMerchant","floor":8,"turns":4},{"damage":8,"enemies":"Large Slime","floor":10,"turns":4},{"damage":16,"enemies":"3 Sentries","floor":11,"turns":2}],"seed_played":"8078787647532776935","potions_obtained":[{"floor":2,"key":"bronze:BurnAndBuffPotion"},{"floor":5,"key":"Energy Potion"},{"floor":6,"key":"Strength Potion"},{"floor":9,"key":"CultistPotion"},{"floor":9,"key":"LiquidMemories"}],"is_trial":false,"path_per_floor":["R","M","$","M","M","M","T","$","?","M","E"],"character_chosen":"THE_SNECKO","items_purchased":["Membership Card"],"campfire_rested":0,"item_purchase_floors":[8],"current_hp_per_floor":[99,90,66,60,54,37,37,22,22,14,0,0],"gold":33,"neow_bonus":"TEN_PERCENT_HP_BONUS","is_daily":false,"chose_seed":false,"campfire_upgraded":0,"win_rate":0.0,"timestamp":1610788832,"path_taken":["R","M","$","M","M","M","T","?","?","?","E"],"items_purchased_type":["Relic"],"build_version":"2020-12-22","purchased_purges":0,"victory":false,"max_hp_per_floor":[99,99,99,99,99,99,99,99,99,99,99,99],"card_choices":[{"not_picked":["Iron Wave","Clash"],"picked":"sneckomod:UnendingSupply","floor":2},{"not_picked":["hexamod:ThermalTransfer","hexamod:AdvancingGuard"],"picked":"Pommel Strike","floor":3},{"not_picked":["hexamod:HeatCrush","sneckomod:RainOfDice"],"picked":"sneckomod:UnknownCommonAttack","floor":4},{"not_picked":["Reckless Charge","Headbutt"],"picked":"sneckomod:UnknownCommonSkill","floor":5},{"not_picked":["hexamod:Again","Battle Trance"],"picked":"sneckomod:UnknownStrike","floor":6},{"not_picked":["Guardian:Gem_Green","Guardian:Gem_Lightblue"],"picked":"Guardian:Gem_Red","floor":6},{"not_picked":["Perfected Strike","sneckomod:SoulRoll"],"picked":"sneckomod:UnlimitedRolls","floor":8},{"not_picked":["sneckomod:UnknownBlock","hexamod:FastForward"],"picked":"sneckomod:DangerNoodle","floor":10}],"player_experience":56130,"relics_obtained":[{"floor":7,"key":"Vajra"}],"event_choices":[{"damage_healed":0,"gold_gain":0,"player_choice":"Got Potions","damage_taken":0,"max_hp_gain":0,"max_hp_loss":0,"event_name":"Lab","floor":9,"gold_loss":0}],"is_beta":false,"boss_relics":[],"items_purged_floors":[],"is_endless":false,"potions_floor_spawned":[2,5,6,10],"killed_by":"3 Sentries","ascension_level":0}}