{"host":"q9hwjkbjmh6bz9mm","time":1610778468,"event":{"mods":["2.2 Compatiblity","Act Like it!","Aspiration","BaseMod","Better Match","Better Third Choice","BetterRewards","Conspire","DNKmod","Dark Map","Exacting","Friendly Minions","GifTheSpireLib","GungeonMod","Halation","Hubris","KinomotoSakuraMod(????)","Luminous","Minty Spire (QoL Compilation)","MostiFishMod","Quarter Circle Forward PUNCH!","Replay The Spire","Robot Space Explorer","Small Relic Pack","StSLib","Td1madao Mod","The Alterego","The Animator","The Bladedancer","The Blue Laboratory","The Exalted","The Marked","The Saiyan","The Wild Card","Waifu the Spire","Yakumo Yukari mod","???Mod??????Boss","??????REMEMod"],"gold_per_floor":[1031,903,931,956,971,1000,1017,1017,1017,1083,1111,1146,1198,879,879,981,981,981],"floor_reached":17,"language":"ENG","playtime":2560,"items_purged":[],"score":441,"play_id":"5a988c67-1430-4061-bd09-32a224d59515","local_time":"20210115222748","is_ascension_mode":true,"campfire_choices":[{"data":"animator:Millim","floor":15,"key":"SMITH"}],"circlet_count":0,"master_deck":["animator:Strike_AccelWorld","animator:Defend_AccelWorld","animator:Strike","animator:Strike","animator:Strike","animator:Defend","animator:Defend","animator:Defend","animator:Kuroyukihime","animator:LimeBell","animator:Hans","MostiFishMod:SephirahHod+1","animator:Emilia","animator:TukaLunaMarceau","animator:Saitama","animator:Gillette","animator:SilverFang","animator:Mitsurugi","animator:Lancer","animator:Eris","animator:Millim+1","animator:PinaCoLada","animator:Nanami","animator:Assassin","animator:Kira","animator:Kagari","animator:QuestionMark","animator:Shizu"],"relics":["animator:LivingPicture","animator:TheMissingPiece","DaveBox","REME_ComplimentaryCards","MostiFishMod:Hod","qcfpunch:Fighting_Gloves","Orichalcum","aspiration:HummingbirdHeart","SynthV:TestCard","Blue Candle","FossilizedHelix","conspire:DecoderRing","DemoMod:JetPack","Nunchaku","ReplayTheSpireMod:ShopPack","DemoMod:GlassGuonStoneRelic","aspiration:PoetsPen"],"acts_visited":["Exordium","TheCity"],"potions_floor_usage":[16],"damage_taken":[{"damage":0,"enemies":"Jaw Worm","floor":1,"turns":4},{"damage":9,"enemies":"Cultist","floor":3,"turns":6},{"damage":1,"enemies":"Small Slimes","floor":4,"turns":3},{"damage":19,"enemies":"Gremlin Gang","floor":5,"turns":4},{"damage":3,"enemies":"Gremlin Nob","floor":6,"turns":5},{"damage":0,"enemies":"conspire:2 RoseBushes","floor":7,"turns":5},{"damage":0,"enemies":"3 Sentries","floor":10,"turns":6},{"damage":0,"enemies":"Large Slime","floor":11,"turns":4},{"damage":0,"enemies":"Red Slaver","floor":12,"turns":3},{"damage":0,"enemies":"Lagavulin","floor":13,"turns":5},{"damage":0,"enemies":"Hexaghost","floor":16,"turns":7}],"seed_played":"5495131763607678986","potions_obtained":[{"floor":6,"key":"blueLaboratory:Moonshine"},{"floor":10,"key":"Swift Potion"},{"floor":12,"key":"Elixir"},{"floor":16,"key":"LiquidBronze"}],"is_trial":false,"path_per_floor":["M","?","M","M","M","E","M","?","T","E","M","M","E","$","R","B",null],"character_chosen":"THE_ANIMATOR","items_purchased":["animator:Emilia","Orichalcum","aspiration:HummingbirdHeart","Nunchaku","animator:Assassin","ReplayTheSpireMod:ShopPack"],"campfire_rested":0,"item_purchase_floors":[0,0,0,14,14,14],"current_hp_per_floor":[100,100,91,90,72,69,69,69,69,69,75,82,94,94,94,103,103,103],"gold":981,"neow_bonus":"","is_daily":false,"chose_seed":false,"campfire_upgraded":1,"win_rate":0.0,"timestamp":1610778468,"path_taken":["M","?","M","M","M","E","?","?","T","E","M","M","E","$","R","BOSS"],"items_purchased_type":["Card","Relic","Relic","Relic","Card","Relic"],"build_version":"2020-12-22","purchased_purges":0,"victory":false,"max_hp_per_floor":[100,100,100,100,101,101,101,101,101,101,101,102,102,102,102,103,103,103],"card_choices":[{"not_picked":["animator:Konayuki","animator:TsurugaMeisai"],"picked":"animator:TukaLunaMarceau","floor":1},{"not_picked":["animator:YunYun","animator:SakuraMatou","animator:Hitei","animator:Darkness"],"picked":"animator:Saitama","floor":3},{"not_picked":["animator:Shichika","animator:Kaijin","animator:TukaLunaMarceau","animator:Alexander"],"picked":"animator:Gillette","floor":4},{"not_picked":["animator:Tatsumaki","animator:Sonic","animator:Melzalgald","animator:MetalKnight"],"picked":"animator:SilverFang","floor":5},{"not_picked":["animator:Gillette","animator:SilverFang","animator:TukaLunaMarceau","animator:Kuribayashi"],"picked":"animator:Mitsurugi","floor":6},{"not_picked":["animator:Caster","animator:Kuribayashi","animator:RinTohsaka","animator:Sonic"],"picked":"animator:Lancer","floor":7},{"not_picked":["animator:Alexander","animator:Wiz","animator:Azekura","animator:Aqua"],"picked":"animator:Eris","floor":10},{"not_picked":["animator:Hakurou","animator:Kaijin","animator:Vesta","animator:GazelDwargon"],"picked":"animator:Millim","floor":11},{"not_picked":["animator:Archer","animator:Azekura","animator:Illya","animator:RinTohsaka"],"picked":"animator:PinaCoLada","floor":12},{"not_picked":["animator:Fredrika","animator:MumenRider","animator:Vanir","animator:Hakurou"],"picked":"animator:Nanami","floor":13},{"not_picked":["animator:Emilia","animator:HarukoHaruhara","animator:Hibiki","animator:KotoriKanbe"],"picked":"animator:Kira","floor":14},{"not_picked":["animator:Canti","animator:LimeBell","animator:Kuroyukihime","animator:NononJakuzure"],"picked":"animator:Kagari","floor":14},{"not_picked":["animator:Magilou","animator:HarukoHaruhara","animator:NononJakuzure","animator:Kuroyukihime"],"picked":"animator:QuestionMark","floor":14},{"not_picked":["animator:AcuraShin","animator:Wiz","animator:Boros","animator:Rimuru"],"picked":"animator:Shizu","floor":16}],"player_experience":972266,"relics_obtained":[{"floor":1,"key":"SynthV:TestCard"},{"floor":6,"key":"FossilizedHelix"},{"floor":10,"key":"conspire:DecoderRing"},{"floor":13,"key":"DemoMod:JetPack"}],"event_choices":[{"damage_healed":0,"gold_gain":0,"player_choice":"Paid Gold","damage_taken":0,"relics_obtained":["Blue Candle"],"max_hp_gain":0,"max_hp_loss":0,"event_name":"WeMeetAgain","floor":2,"gold_loss":128},{"damage_healed":0,"gold_gain":0,"player_choice":"Forge","damage_taken":0,"max_hp_gain":0,"max_hp_loss":0,"event_name":"Accursed Blacksmith","floor":8,"gold_loss":0,"cards_upgraded":["MostiFishMod:SephirahHod"]}],"is_beta":false,"boss_relics":[{"not_picked":["Bromod:ArcaneBarrier","Mark of Pain"],"picked":"aspiration:PoetsPen"}],"items_purged_floors":[],"is_endless":false,"potions_floor_spawned":[6,10,12,13,16],"ascension_level":8}}