{"host":"ymn6un3ro3vi042j","time":1610772650,"event":{"mods":["AchievementEnabler","Act Like it!","BaseMod","Bestiary","Better Third Choice","BetterRewards","Colored Map","Colored Powertips","Curses Come First","Dark Map","DeckTracker","Downfall","Highlight Path","Minty Spire (QoL Compilation)","Poor People Problems","Rare Cards Sparkle","StSLib","everything is the same but u backflip on backflip"],"gold_per_floor":[110,110,73,98,198,198,117,136,136,150,188,188,211,232,232,352,352,368,368,568,593,593,627,627,63,63,63,79,79,4,25,25,144,207,227,75,408,408,408],"floor_reached":38,"language":"ENG","playtime":2165,"items_purged":["Shame","Doubt"],"score":567,"play_id":"0e45f2bf-cd77-4a43-a1b2-fd9022056faf","local_time":"20210115205050","is_ascension_mode":false,"campfire_choices":[{"data":"Doppelganger","floor":6,"key":"SMITH"},{"floor":12,"key":"REST"},{"floor":15,"key":"REST"},{"floor":24,"key":"REST"},{"floor":27,"key":"REST"},{"data":"Venomology","floor":29,"key":"SMITH"},{"data":"Enlightenment","floor":32,"key":"SMITH"}],"circlet_count":0,"master_deck":["Strike_G","Strike_G","Strike_G","Strike_G","Strike_G","Defend_G","Defend_G","Defend_G","Defend_G","Defend_G+1","Survivor","Neutralize","Dagger Throw","Injury","Flying Knee","CurseOfTheBell","Doubt","Parasite","Doppelganger+1","Injury","Enlightenment+1","Noxious Fumes","Envenom","Well Laid Plans","Underhanded Strike","Bouncing Flask+1","Wraith Form v2","Backflip+1","Catalyst","Finisher+1","Venomology+1","Terror","Sadistic Nature","Caltrops+1","Noxious Fumes","Infinite Blades","Deadly Poison+1","Envenom","Outmaneuver","Catalyst+1"],"relics":["Ring of the Snake","Snake Skull","betterThird:SlimedRelic","Calling Bell","MealTicket","Kunai","Tingsha","Bag of Preparation","Bird Faced Urn","SlaversCollar","Happy Flower","Nunchaku","Bottled Flame","War Paint","Tiny House"],"acts_visited":["Exordium","TheCity","TheBeyond"],"potions_floor_usage":[16,16,16,31,31,33,33,35,38,38],"damage_taken":[{"damage":0,"enemies":"2 Louse","floor":1,"turns":4},{"damage":0,"enemies":"Jaw Worm","floor":4,"turns":5},{"damage":6,"enemies":"Cultist","floor":8,"turns":6},{"damage":16,"enemies":"Large Slime","floor":10,"turns":6},{"damage":31,"enemies":"Lagavulin","floor":11,"turns":8},{"damage":5,"enemies":"3 Louse","floor":13,"turns":3},{"damage":43,"enemies":"Exordium Thugs","floor":14,"turns":7},{"damage":3,"enemies":"Slime Boss","floor":16,"turns":10},{"damage":15,"enemies":"Chosen","floor":18,"turns":6},{"damage":33,"enemies":"Shell Parasite","floor":21,"turns":8},{"damage":42,"enemies":"Slavers","floor":23,"turns":8},{"damage":20,"enemies":"3 Cultists","floor":28,"turns":5},{"damage":2,"enemies":"Snake Plant","floor":31,"turns":3},{"damage":20,"enemies":"Champ","floor":33,"turns":7},{"damage":29,"enemies":"3 Shapes","floor":35,"turns":5},{"damage":90,"enemies":"2 Orb Walkers","floor":38,"turns":4}],"seed_played":"5175947053528384351","potions_obtained":[{"floor":1,"key":"LiquidMemories"},{"floor":4,"key":"champ:CounterPotion"},{"floor":11,"key":"FearPotion"},{"floor":13,"key":"LiquidBronze"},{"floor":28,"key":"Poison Potion"},{"floor":33,"key":"LiquidBronze"},{"floor":34,"key":"Strength Potion"},{"floor":35,"key":"sneckomod:MuddlingPotion"}],"is_trial":false,"path_per_floor":["M","?","?","M","?","R","$","M","T","M","E","R","M","M","R","B",null,"M","?","?","M","?","E","R","$","T","R","M","R","$","M","R","B",null,"M","$","?","?"],"character_chosen":"THE_SILENT","items_purchased":["Enlightenment","Venomology","Terror","Sadistic Nature","Caltrops","Infinite Blades","Poison Potion"],"campfire_rested":4,"item_purchase_floors":[7,25,25,25,25,30,36],"current_hp_per_floor":[70,70,59,59,64,64,75,69,69,53,22,44,45,8,30,33,75,64,64,64,39,39,5,27,42,42,64,56,56,71,75,75,68,80,59,74,74,0,0],"gold":408,"neow_bonus":"RANDOM_COMMON_RELIC","is_daily":false,"chose_seed":false,"campfire_upgraded":3,"win_rate":0.0,"timestamp":1610772650,"path_taken":["M","?","?","M","?","R","?","M","T","M","E","R","?","?","R","BOSS","M","?","?","?","?","E","R","$","T","R","M","R","$","M","R","BOSS","M","$","?","?"],"items_purchased_type":["Card","Card","Card","Card","Card","Card","Potion"],"build_version":"2020-12-22","purchased_purges":2,"victory":false,"max_hp_per_floor":[70,70,70,70,75,75,75,75,75,75,75,75,75,75,75,75,75,75,75,75,75,75,75,75,75,75,75,75,75,75,75,75,75,80,80,80,80,80,80],"card_choices":[{"not_picked":["All Out Attack","Dagger Spray"],"picked":"Dagger Throw","floor":1},{"not_picked":["Blade Dance","Quick Slash"],"picked":"Flying Knee","floor":4},{"not_picked":["Acrobatics","Quick Slash"],"picked":"Noxious Fumes","floor":8},{"not_picked":["Dagger Throw","Footwork"],"picked":"Envenom","floor":10},{"not_picked":["Deflect","Dodge and Roll"],"picked":"Well Laid Plans","floor":11},{"not_picked":["Prepared","Dash"],"picked":"Underhanded Strike","floor":13},{"not_picked":["Dagger Throw","Dagger Spray"],"picked":"Bouncing Flask","floor":14},{"not_picked":["Malaise","Unload"],"picked":"Wraith Form v2","floor":16},{"not_picked":["All Out Attack","Underhanded Strike+1"],"picked":"Backflip+1","floor":18},{"not_picked":["Heel Hook","Calculated Gamble"],"picked":"Catalyst","floor":21},{"not_picked":["Flying Knee","Prepared"],"picked":"Finisher+1","floor":23},{"not_picked":["Dodge and Roll","Expertise+1"],"picked":"Noxious Fumes","floor":28},{"not_picked":["Flying Knee+1","Skewer"],"picked":"Deadly Poison+1","floor":31},{"not_picked":["Bullet Time","Die Die Die"],"picked":"Envenom","floor":33},{"not_picked":["Acrobatics+1","Endless Agony"],"picked":"Outmaneuver","floor":34},{"not_picked":["Slice","Poisoned Stab"],"picked":"Catalyst+1","floor":35}],"player_experience":33639,"relics_obtained":[{"floor":5,"key":"MealTicket"},{"floor":5,"key":"Kunai"},{"floor":5,"key":"Tingsha"},{"floor":9,"key":"Bag of Preparation"},{"floor":11,"key":"Bird Faced Urn"},{"floor":23,"key":"Bottled Flame"},{"floor":26,"key":"War Paint"}],"event_choices":[{"damage_healed":0,"gold_gain":0,"player_choice":"Take Wound","damage_taken":0,"relics_obtained":["Golden Idol"],"max_hp_gain":0,"max_hp_loss":0,"event_name":"Golden Idol","floor":2,"gold_loss":0,"cards_obtained":["Injury"]},{"damage_healed":0,"gold_gain":0,"player_choice":"Slimed","damage_taken":11,"max_hp_gain":0,"max_hp_loss":0,"event_name":"betterThird:BetterGoop","floor":3,"gold_loss":37},{"damage_healed":0,"gold_gain":0,"player_choice":"Stole Relic","damage_taken":0,"relics_obtained":["Happy Flower"],"max_hp_gain":0,"max_hp_loss":0,"event_name":"Addict","floor":19,"gold_loss":0,"cards_obtained":["Shame"]},{"damage_healed":0,"gold_gain":250,"player_choice":"Bet on Owner","damage_taken":0,"max_hp_gain":0,"max_hp_loss":0,"event_name":"The Joust","floor":20,"gold_loss":50},{"damage_healed":0,"gold_gain":0,"player_choice":"Opened","damage_taken":0,"relics_obtained":["Nunchaku"],"max_hp_gain":0,"max_hp_loss":0,"event_name":"The Mausoleum","floor":22,"gold_loss":0},{"damage_healed":0,"gold_gain":333,"player_choice":"Gave Idol","damage_taken":0,"max_hp_gain":0,"max_hp_loss":0,"event_name":"The Moai Head","floor":37,"relics_lost":["Golden Idol"],"gold_loss":0},{"damage_healed":0,"gold_gain":0,"player_choice":"Fight","damage_taken":0,"max_hp_gain":0,"max_hp_loss":0,"event_name":"Mysterious Sphere","floor":38,"gold_loss":0}],"is_beta":false,"boss_relics":[{"not_picked":["Cursed Key","Sozu"],"picked":"SlaversCollar"},{"not_picked":["Coffee Dripper","WristBlade"],"picked":"Tiny House"}],"items_purged_floors":[25,36],"is_endless":false,"potions_floor_spawned":[1,4,11,13,28,33,35],"killed_by":"2 Orb Walkers","ascension_level":0}}