{"host":"qheym18ww6mhskxf","time":1610778433,"event":{"mods":["BaseMod","CapriCore","Friendly Minions","KOR Keyword Fix","Kiyohime£¨?ýï£©","Minty Spire (QoL Compilation)","Prisma Mod","Quick Restart","RRrroohrrRGHHhhh!!","Rare Cards Sparkle","Shop Mod","StSLib","Td1madao Mod","Username Fix"],"gold_per_floor":[114,94,108,38,61,61,78,97,171,183,199,6,34,59,59,164,164,182,281,196,3,3,30,30,57,84,84,110,110,127,152,152,152,152],"floor_reached":33,"language":"KOR","playtime":964,"items_purged":["Strike_C"],"score":734,"play_id":"b999733a-6ca8-4199-bc30-30e1be225473","local_time":"20210116152713","daily_mods":["Heirloom","Time Dilation","DeadlyEvents","Elite Swarm"],"is_ascension_mode":true,"campfire_choices":[{"data":"PrismaMod:ChloeCaladbolg","floor":6.0,"key":"SMITH"},{"data":"PrismaMod:ChloeCaladbolg","floor":15.0,"key":"SMITH"},{"data":"PrismaMod:ChloeRhongomyniad","floor":24.0,"key":"SMITH"},{"data":"Black Contract","floor":27.0,"key":"SMITH"},{"floor":29.0,"key":"REST"},{"data":"Cooling Song","floor":32.0,"key":"SMITH"}],"circlet_count":0,"master_deck":["Strike_C","Strike_C","Strike_C","Defend_C","Defend_C","Defend_C","Defend_C","Knight Kick","Chip","Preloading","PrismaMod:ChloeCaladbolg+1","PrismaMod:ChloeCheapDefendTwo","Twin Teeth","PrismaMod:ChloeCaladbolg+1","PrismaMod:ChloeCarnivalAttack","PrismaMod:ChloeRhongomyniad+1","Cooling Song+1","PrismaMod:ChloeCaladbolg+1","Black Contract+1","Light Attack+1","PrismaMod:ChloeCarnivalDefend"],"relics":["Apod","Thread and Needle","Bottled Flame","MerchantsRug","Cut Hand","Orichalcum","Torii","Membership Card","Bronze Scales","Happy Flower","Akabeko","Funny","rorgmod:Ceramic Fish"],"acts_visited":["Exordium","TheCity"],"potions_floor_usage":[33,33],"damage_taken":[{"damage":0.0,"enemies":"Small Slimes","floor":1.0,"turns":3.0},{"damage":0.0,"enemies":"Cultist","floor":3.0,"turns":4.0},{"damage":0.0,"enemies":"Jaw Worm","floor":7.0,"turns":3.0},{"damage":2.0,"enemies":"Exordium Thugs","floor":8.0,"turns":5.0},{"damage":0.0,"enemies":"Gremlin Gang","floor":10.0,"turns":1.0},{"damage":0.0,"enemies":"3 Louse","floor":11.0,"turns":1.0},{"damage":6.0,"enemies":"3 Sentries","floor":13.0,"turns":3.0},{"damage":0.0,"enemies":"Gremlin Nob","floor":14.0,"turns":4.0},{"damage":16.0,"enemies":"Hexaghost","floor":16.0,"turns":8.0},{"damage":4.0,"enemies":"Shell Parasite","floor":18.0,"turns":3.0},{"damage":17.0,"enemies":"Gremlin Leader","floor":23.0,"turns":5.0},{"damage":17.0,"enemies":"Book of Stabbing","floor":25.0,"turns":4.0},{"damage":0.0,"enemies":"Slavers","floor":28.0,"turns":1.0},{"damage":0.0,"enemies":"3 Byrds","floor":30.0,"turns":2.0},{"damage":0.0,"enemies":"Gremlin Leader","floor":31.0,"turns":4.0},{"damage":57,"enemies":"Champ","floor":33,"turns":8}],"seed_played":"-3436880400568010711","potions_obtained":[{"floor":1.0,"key":"Fire Potion"},{"floor":2.0,"key":"Regen Potion"},{"floor":10.0,"key":"SneckoOil"},{"floor":11.0,"key":"DistilledChaos"},{"floor":13.0,"key":"Regen Potion"},{"floor":25.0,"key":"Strength Potion"},{"floor":30.0,"key":"Swift Potion"},{"floor":31.0,"key":"Strength Potion"}],"is_trial":true,"path_per_floor":["M","?","M","$","T","R","M","M","T","M","M","$","E","E","R","B",null,"M","?","?","$","?","E","R","E","T","R","E","R","M","E","R","B"],"character_chosen":"TD1MADAO_CLASS","items_purchased":["PrismaMod:ChloeCaladbolg","MerchantsRug","PrismaMod:ChloeCaladbolg","Membership Card","Cooling Song"],"campfire_rested":1,"item_purchase_floors":[4,12,12,21,21],"current_hp_per_floor":[63,63,63,63,63,63,63,61,61,61,61,61,55,55,55,54,66,62,62,62,62,62,45,45,28,28,28,28,49,49,49,49,0,0],"gold":152,"neow_bonus":"","is_daily":false,"chose_seed":false,"campfire_upgraded":5,"win_rate":0.0,"timestamp":1610778433,"path_taken":["M","?","M","$","?","R","M","?","T","M","M","$","?","?","R","BOSS","M","?","?","$","?","E","R","E","T","R","E","R","M","?","R","BOSS"],"items_purchased_type":["Card","Relic","Card","Relic","Card"],"build_version":"2020-12-22","purchased_purges":1,"victory":false,"max_hp_per_floor":[70,70,70,70,70,70,70,70,70,70,70,70,70,70,70,70,70,70,70,70,70,70,70,70,70,70,70,70,70,70,70,70,70,70],"card_choices":[{"not_picked":["Thunder Jump","PrismaMod:ChloeRitsuka"],"picked":"Preloading","floor":1.0},{"not_picked":["Break Into","PrismaMod:ChloeDiscardRecovery","PrismaMod:ChloeCheapDefend"],"picked":"SKIP","floor":3.0},{"not_picked":["Trader","PrismaMod:ChloeDemonicTutor"],"picked":"PrismaMod:ChloeCheapDefendTwo","floor":7.0},{"not_picked":["Machining","Resistance","Trader"],"picked":"SKIP","floor":8.0},{"not_picked":["PrismaMod:ChloeCheapDefend","Cursed Blade","PrismaMod:ChloeCheapAttackTwo"],"picked":"SKIP","floor":10.0},{"not_picked":["PrismaMod:ChloeExhaustTwo","Preloading"],"picked":"Twin Teeth","floor":11.0},{"not_picked":["PrismaMod:ChloeReshuffleDiscard","PrismaMod:ChloeDoubleRelicSpeed","PrismaMod:ChloeAnyPowerTrace"],"picked":"SKIP","floor":13.0},{"not_picked":["Black Warm Hole","Retrieval Recycling"],"picked":"PrismaMod:ChloeCarnivalAttack","floor":14.0},{"not_picked":["Preparedness+1","PrismaMod:ChloeDiscardRecovery+1"],"picked":"PrismaMod:ChloeRhongomyniad","floor":18.0},{"not_picked":["PrismaMod:ChloeGreatTracePools","PrismaMod:ChloeAnyRareTrace"],"picked":"Black Contract","floor":23.0},{"not_picked":["PrismaMod:ChloeAnyPowerTrace","Black Warm Hole","Overclocking"],"picked":"SKIP","floor":25.0},{"not_picked":["Bursts","Black Contract","Chip Synthesis"],"picked":"SKIP","floor":28.0},{"not_picked":["Floating Swing Kick","PrismaMod:ChloeGaeBolg"],"picked":"Light Attack+1","floor":30.0},{"not_picked":["PrismaMod:ChloeReshuffleDiscard","PrismaMod:ChloeCarnivalAttack"],"picked":"PrismaMod:ChloeCarnivalDefend","floor":31.0}],"player_experience":404667,"relics_obtained":[{"floor":5.0,"key":"Lsj Skin"},{"floor":9.0,"key":"Bottled Flame"},{"floor":13.0,"key":"Cut Hand"},{"floor":14.0,"key":"Orichalcum"},{"floor":23.0,"key":"Bronze Scales"},{"floor":25.0,"key":"Happy Flower"},{"floor":26.0,"key":"Akabeko"},{"floor":28.0,"key":"Funny"},{"floor":31.0,"key":"rorgmod:Ceramic Fish"}],"event_choices":[{"damage_healed":0.0,"max_hp_gain":0.0,"max_hp_loss":0.0,"gold_gain":0.0,"event_name":"The Woman in Blue","player_choice":"Bought 1 Potion","floor":2.0,"gold_loss":0.0,"damage_taken":0.0},{"damage_healed":0.0,"max_hp_gain":0.0,"max_hp_loss":0.0,"gold_gain":99.0,"event_name":"Nest","player_choice":"Stole From Cult","floor":19.0,"gold_loss":0.0,"damage_taken":0.0},{"damage_healed":0.0,"max_hp_gain":0.0,"max_hp_loss":0.0,"gold_gain":0.0,"event_name":"Addict","player_choice":"Obtained Relic","floor":20.0,"gold_loss":85.0,"damage_taken":0.0,"relics_obtained":["Torii"]},{"damage_healed":0.0,"max_hp_gain":0.0,"max_hp_loss":0.0,"gold_gain":0.0,"event_name":"Duplicator","player_choice":"Copied","floor":22.0,"gold_loss":0.0,"damage_taken":0.0,"cards_obtained":["PrismaMod:ChloeCaladbolg"]}],"is_beta":false,"boss_relics":[{"not_picked":["Runic Dome","Pandora\u0027s Box","rorgmod:Empty Cage"]}],"items_purged_floors":[12],"is_endless":true,"potions_floor_spawned":[1,10,11,13,25,30,31],"killed_by":"Champ","ascension_level":9}}