{"host":"0ueeacaatm8t6jyh","time":1610786090,"event":{"mods":["AchievementEnabler","BaseMod","Colored Powertips","Minty Spire (QoL Compilation)","Quick Restart","Rare Cards Sparkle","Shop Mod","StSLib"],"gold_per_floor":[117,117,117,42,61,87,87,98,179,179,8,19,19,49,49,49,49],"floor_reached":16,"language":"ZHS","playtime":693,"items_purged":["Strike_G","Strike_G"],"score":186,"play_id":"257b73c7-13f6-4048-8e8e-659239451c5b","local_time":"20210116163450","is_ascension_mode":true,"campfire_choices":[{"data":"Adrenaline","floor":7.0,"key":"SMITH"},{"data":"Tactician","floor":15,"key":"SMITH"}],"circlet_count":0,"master_deck":["Strike_G","Strike_G","Strike_G","Defend_G","Defend_G","Defend_G","Defend_G","Defend_G","Survivor","Neutralize+1","Dagger Throw","Adrenaline+1","Bouncing Flask","Reflex","Tactician+1"],"relics":["Ring of the Snake","NeowsBlessing","Tiny Chest","Nunchaku","Bottled Lightning","Happy Flower","Gremlin Horn"],"acts_visited":["Exordium"],"potions_floor_usage":[14,16],"damage_taken":[{"damage":0.0,"enemies":"Jaw Worm","floor":1.0,"turns":1.0},{"damage":0.0,"enemies":"Small Slimes","floor":5.0,"turns":1.0},{"damage":0.0,"enemies":"3 Sentries","floor":6.0,"turns":1.0},{"damage":0.0,"enemies":"2 Louse","floor":8.0,"turns":2.0},{"damage":11,"enemies":"Exordium Thugs","floor":12,"turns":4},{"damage":12,"enemies":"Gremlin Nob","floor":14,"turns":3},{"damage":42,"enemies":"Slime Boss","floor":16,"turns":9}],"seed_played":"8204695816834781084","potions_obtained":[{"floor":8.0,"key":"Poison Potion"},{"floor":12,"key":"Weak Potion"}],"is_trial":false,"path_per_floor":["M","?","?","$","M","E","R","M","T","?","$","M","T","E","R","B"],"character_chosen":"THE_SILENT","items_purchased":["Reflex"],"campfire_rested":0,"item_purchase_floors":[11],"current_hp_per_floor":[63,68,61,61,61,61,61,61,61,61,61,50,50,38,38,0,0],"gold":49,"neow_bonus":"THREE_ENEMY_KILL","is_daily":false,"chose_seed":false,"campfire_upgraded":2,"win_rate":0.0,"timestamp":1610786090,"path_taken":["M","?","?","$","M","E","R","?","T","?","?","M","?","E","R","BOSS"],"items_purchased_type":["Card"],"build_version":"2020-12-22","purchased_purges":2,"victory":false,"max_hp_per_floor":[70,75,75,75,75,75,75,75,75,75,75,75,75,75,75,75,75],"card_choices":[{"not_picked":["Bane","Calculated Gamble"],"picked":"Dagger Throw","floor":1.0},{"not_picked":["Dagger Spray","Flying Knee","PiercingWail"],"picked":"SKIP","floor":5.0},{"not_picked":["Dodge and Roll","Cloak And Dagger"],"picked":"Adrenaline","floor":6.0},{"not_picked":["Dagger Spray","Dagger Throw"],"picked":"Bouncing Flask","floor":8.0},{"not_picked":["Bane","Blade Dance","Dodge and Roll"],"picked":"SKIP","floor":12},{"not_picked":["Sucker Punch","Glass Knife"],"picked":"Tactician","floor":14}],"player_experience":375319,"relics_obtained":[{"floor":6.0,"key":"Nunchaku"},{"floor":9.0,"key":"Bottled Lightning"},{"floor":13,"key":"Happy Flower"},{"floor":14,"key":"Gremlin Horn"}],"event_choices":[{"damage_healed":0.0,"max_hp_gain":5.0,"max_hp_loss":0.0,"gold_gain":0.0,"event_name":"Big Fish","player_choice":"Donut","floor":2.0,"gold_loss":0.0,"damage_taken":0.0},{"damage_healed":0.0,"max_hp_gain":0.0,"max_hp_loss":0.0,"gold_gain":0.0,"event_name":"Scrap Ooze","player_choice":"Success","floor":3.0,"gold_loss":0.0,"damage_taken":7.0,"relics_obtained":["Tiny Chest"]},{"damage_healed":0,"gold_gain":0,"player_choice":"Forge","damage_taken":0,"max_hp_gain":0,"max_hp_loss":0,"event_name":"Accursed Blacksmith","floor":10,"gold_loss":0,"cards_upgraded":["Neutralize"]}],"is_beta":false,"boss_relics":[],"items_purged_floors":[4,11],"is_endless":false,"potions_floor_spawned":[8,12],"killed_by":"Slime Boss","ascension_level":8}}