{"host":"xb2tau8pgi8aflss","time":1610804210,"event":{"mods":["AchievementEnabler","BaseMod","Minty Spire (QoL Compilation)","StSLib","SuperFastMode"],"gold_per_floor":[119,137,22,22,22,62,62,102,125,125,145,164,164,189,189,312,312,325,0,15,15,28,28,51,74,99,99,99,122,137,161,161,289,289,302,326,339,249,249,249],"floor_reached":39,"language":"KOR","playtime":1648,"items_purged":["Reprogram"],"score":679,"play_id":"33ab5b7a-5cf9-467b-bf10-7b3c6e57d50e","local_time":"20210116223650","is_ascension_mode":true,"campfire_choices":[{"floor":10,"key":"REST"},{"data":"Dualcast","floor":13,"key":"SMITH"},{"data":"Glacier","floor":15,"key":"SMITH"},{"data":"Hologram","floor":23,"key":"SMITH"},{"data":"Aggregate","floor":27,"key":"SMITH"},{"floor":32,"key":"REST"}],"circlet_count":0,"master_deck":["Zap","Dualcast+1","FTL","Chill","Blizzard","Glacier+1","All For One+1","Stack","Chill","Double Energy+1","Cold Snap","Buffer","Melter+1","Machine Learning","Aggregate+1","Creative AI","Recycle","White Noise","Conserve Battery","Hologram+1","Loop","Sweeping Beam","Buffer","Loop+1","Rebound+1","Coolheaded+1","Glacier","Cold Snap+1","Hologram","Meteor Strike","Glacier","Consume"],"relics":["Cracked Core","NeowsBlessing","Golden Idol","Happy Flower","Bag of Preparation","Regal Pillow","Pandora\u0027s Box","Blood Vial","Centennial Puzzle","Inserter"],"acts_visited":["Exordium","TheCity","TheBeyond"],"potions_floor_usage":[16,24,29,30,35,36],"damage_taken":[{"damage":0,"enemies":"Small Slimes","floor":1,"turns":1},{"damage":0,"enemies":"2 Louse","floor":2,"turns":1},{"damage":0,"enemies":"3 Sentries","floor":6,"turns":1},{"damage":16,"enemies":"Lagavulin","floor":8,"turns":7},{"damage":0,"enemies":"Cultist","floor":11,"turns":3},{"damage":18,"enemies":"Exordium Wildlife","floor":12,"turns":3},{"damage":1,"enemies":"Red Slaver","floor":14,"turns":4},{"damage":43,"enemies":"The Guardian","floor":16,"turns":13},{"damage":8,"enemies":"Spheric Guardian","floor":18,"turns":4},{"damage":7,"enemies":"Shell Parasite","floor":20,"turns":6},{"damage":7,"enemies":"Centurion and Healer","floor":22,"turns":8},{"damage":0,"enemies":"Snecko","floor":24,"turns":7},{"damage":11,"enemies":"Sentry and Sphere","floor":25,"turns":4},{"damage":32,"enemies":"Shelled Parasite and Fungi","floor":29,"turns":8},{"damage":0,"enemies":"Snecko","floor":30,"turns":4},{"damage":2,"enemies":"Sentry and Sphere","floor":31,"turns":5},{"damage":12,"enemies":"Champ","floor":33,"turns":12},{"damage":22,"enemies":"3 Darklings","floor":35,"turns":8},{"damage":28,"enemies":"Orb Walker","floor":36,"turns":9},{"damage":20,"enemies":"Maw","floor":37,"turns":14},{"damage":10,"enemies":"Sphere and 2 Shapes","floor":39,"turns":3}],"seed_played":"-6003840333900064412","potions_obtained":[{"floor":8,"key":"Regen Potion"},{"floor":11,"key":"Strength Potion"},{"floor":14,"key":"Swift Potion"},{"floor":16,"key":"EssenceOfSteel"},{"floor":18,"key":"ColorlessPotion"},{"floor":24,"key":"PotionOfCapacity"},{"floor":29,"key":"SneckoOil"},{"floor":33,"key":"DistilledChaos"},{"floor":35,"key":"SneckoOil"},{"floor":36,"key":"LiquidBronze"}],"is_trial":false,"path_per_floor":["M","M","$","?","?","E","?","E","T","R","M","M","R","M","R","B",null,"M","$","M","?","M","R","M","M","T","R","?","M","M","M","R","B",null,"M","M","M","?","M"],"character_chosen":"DEFECT","items_purchased":["Blizzard","Glacier","Hologram","Loop","Blood Vial"],"campfire_rested":2,"item_purchase_floors":[3,3,19,19,19],"current_hp_per_floor":[68,68,68,73,53,53,37,21,21,60,60,42,42,41,41,13,63,55,55,50,50,45,45,47,38,38,38,38,8,10,10,49,39,70,50,24,6,6,0,0],"gold":249,"neow_bonus":"THREE_ENEMY_KILL","is_daily":false,"chose_seed":false,"campfire_upgraded":4,"win_rate":0.0,"timestamp":1610804210,"path_taken":["M","M","$","?","?","E","?","E","T","R","M","M","R","M","R","BOSS","M","$","M","?","M","R","M","?","T","R","?","M","?","M","R","BOSS","M","M","M","?","M"],"items_purchased_type":["Card","Card","Card","Card","Relic"],"build_version":"2020-12-22","purchased_purges":1,"victory":false,"max_hp_per_floor":[75,75,75,80,80,80,80,80,80,80,80,80,80,80,80,80,80,80,80,80,80,80,80,80,80,80,80,80,80,80,80,80,80,80,80,80,80,80,80,80],"card_choices":[{"not_picked":["Steam","Turbo"],"picked":"FTL","floor":1},{"not_picked":["Compile Driver","Redo"],"picked":"Chill","floor":2},{"not_picked":["Recycle","Leap"],"picked":"All For One","floor":6},{"not_picked":["White Noise","Doom and Gloom"],"picked":"Stack","floor":8},{"not_picked":["Loop","Rebound"],"picked":"Chill","floor":11},{"not_picked":["Loop","Beam Cell"],"picked":"Double Energy","floor":12},{"not_picked":["Rebound","Chill"],"picked":"Cold Snap","floor":14},{"not_picked":["Creative AI","Seek"],"picked":"Buffer","floor":16},{"not_picked":["Redo","BootSequence"],"picked":"Conserve Battery","floor":18},{"not_picked":["Hello World+1","Streamline+1"],"picked":"Sweeping Beam","floor":20},{"not_picked":["Rip and Tear","Force Field"],"picked":"Loop+1","floor":22},{"not_picked":["Turbo","Steam"],"picked":"Rebound+1","floor":24},{"not_picked":["Gash","All For One"],"picked":"Coolheaded+1","floor":25},{"not_picked":["Go for the Eyes","Cold Snap"],"picked":"Glacier","floor":29},{"not_picked":["Ball Lightning","Turbo"],"picked":"Cold Snap+1","floor":30},{"not_picked":["Beam Cell","Cold Snap+1"],"picked":"Hologram","floor":31},{"not_picked":["All For One","Echo Form"],"picked":"Meteor Strike","floor":33},{"not_picked":["Rebound+1","Darkness"],"picked":"Glacier","floor":35},{"not_picked":["Turbo+1","Go for the Eyes"],"picked":"Consume","floor":36},{"not_picked":["Sweeping Beam","Go for the Eyes+1","Melter+1"],"picked":"SKIP","floor":37}],"player_experience":737326,"relics_obtained":[{"floor":6,"key":"Happy Flower"},{"floor":8,"key":"Bag of Preparation"},{"floor":9,"key":"Regal Pillow"},{"floor":26,"key":"Centennial Puzzle"}],"event_choices":[{"damage_healed":0,"gold_gain":0,"player_choice":"Donut","damage_taken":0,"max_hp_gain":5,"max_hp_loss":0,"event_name":"Big Fish","floor":4,"gold_loss":0},{"damage_healed":0,"gold_gain":0,"player_choice":"Take Damage","damage_taken":20,"relics_obtained":["Golden Idol"],"max_hp_gain":0,"max_hp_loss":0,"event_name":"Golden Idol","floor":5,"gold_loss":0},{"damage_healed":0,"gold_gain":0,"player_choice":"Entered Light","damage_taken":16,"max_hp_gain":0,"max_hp_loss":0,"event_name":"Shining Light","floor":7,"gold_loss":0,"cards_upgraded":["Defend_B","All For One"]},{"damage_healed":0,"gold_gain":0,"player_choice":"Copied","damage_taken":0,"max_hp_gain":0,"max_hp_loss":0,"event_name":"Duplicator","floor":21,"gold_loss":0,"cards_obtained":["Buffer"]},{"damage_healed":0,"gold_gain":0,"player_choice":"Upgraded","damage_taken":0,"max_hp_gain":0,"max_hp_loss":0,"event_name":"Upgrade Shrine","floor":28,"gold_loss":0,"cards_upgraded":["Double Energy"]},{"cards_removed":["Glacier"],"damage_healed":0,"gold_gain":0,"player_choice":"Upgrade and Remove","damage_taken":0,"max_hp_gain":0,"max_hp_loss":0,"event_name":"Designer","floor":38,"gold_loss":90,"cards_upgraded":["Melter"]}],"is_beta":false,"boss_relics":[{"not_picked":["SacredBark","Black Star"],"picked":"Pandora\u0027s Box"},{"not_picked":["Runic Pyramid","Nuclear Battery"],"picked":"Inserter"}],"items_purged_floors":[19],"is_endless":false,"potions_floor_spawned":[8,11,14,16,18,20,24,29,33,35,36,37],"killed_by":"Sphere and 2 Shapes","ascension_level":6}}