{"host":"hzinic87vu8p95wn","time":1610812696,"event":{"mods":["BaseMod","Minty Spire (QoL Compilation)"],"gold_per_floor":[109,31,31,31,57,100,118,118,118,43,68,86,86,119,119,208,208,182,196,196,63,63,63,63,63,111,61,72,88,114,133,133,133,133],"floor_reached":33,"language":"ENG","playtime":1455,"items_purged":["Defend_P","Strike_P"],"score":566,"play_id":"12342733-35c3-426f-b4a8-3cf9dd774d65","local_time":"20210117025816","is_ascension_mode":true,"campfire_choices":[{"floor":8.0,"key":"REST"},{"floor":13.0,"key":"REST"},{"floor":15.0,"key":"REST"},{"floor":23,"key":"REST"},{"floor":25,"key":"REST"},{"floor":32,"key":"REST"}],"circlet_count":0,"master_deck":["AscendersBane","Strike_P","Strike_P","Defend_P","Defend_P","Eruption","Vigilance","CutThroughFate","BattleHymn+1","EmptyFist+1","JustLucky","FollowUp+1","DevaForm","CarveReality+1","Evaluate","LikeWater","MasterReality","Prostrate"],"relics":["PureWater","NeowsBlessing","Bloody Idol","Smiling Mask","Potion Belt","Letter Opener","TeardropLocket","Black Star","Whetstone","White Beast Statue","Pear"],"acts_visited":["Exordium","TheCity"],"potions_floor_usage":[30,33,33],"damage_taken":[{"damage":0.0,"enemies":"Small Slimes","floor":1.0,"turns":1.0},{"damage":0.0,"enemies":"Lagavulin","floor":6.0,"turns":2.0},{"damage":0.0,"enemies":"Jaw Worm","floor":7.0,"turns":1.0},{"damage":0.0,"enemies":"2 Louse","floor":11.0,"turns":2.0},{"damage":42.0,"enemies":"Exordium Wildlife","floor":12.0,"turns":3.0},{"damage":32.0,"enemies":"3 Sentries","floor":14.0,"turns":8.0},{"damage":32.0,"enemies":"Hexaghost","floor":16.0,"turns":7.0},{"damage":17.0,"enemies":"2 Thieves","floor":18.0,"turns":4.0},{"damage":19.0,"enemies":"3 Byrds","floor":19.0,"turns":6.0},{"damage":33,"enemies":"Centurion and Healer","floor":28,"turns":5},{"damage":6,"enemies":"3 Cultists","floor":29,"turns":4},{"damage":33,"enemies":"Slavers","floor":30,"turns":3},{"damage":0,"enemies":"Snecko","floor":31,"turns":4},{"damage":62,"enemies":"Automaton","floor":33,"turns":6}],"seed_played":"7806144241663794542","potions_obtained":[{"floor":7.0,"key":"FairyPotion"},{"floor":14.0,"key":"Energy Potion"},{"floor":19.0,"key":"Explosive Potion"},{"floor":29,"key":"DistilledChaos"},{"floor":31,"key":"Strength Potion"}],"is_trial":false,"path_per_floor":["M","$","?","?","T","E","M","R","T","?","M","M","R","E","R","B",null,"M","M","?","$","?","R","?","R","T","$","M","M","E","M","R","B"],"character_chosen":"WATCHER","items_purchased":["BattleHymn","LikeWater"],"campfire_rested":6,"item_purchase_floors":[2,21],"current_hp_per_floor":[61,61,61,38,38,38,38,58,58,58,58,16,36,4,24,20,56,39,20,20,20,20,40,40,60,65,65,37,36,18,23,46,0,0],"gold":133,"neow_bonus":"THREE_ENEMY_KILL","is_daily":false,"chose_seed":false,"campfire_upgraded":0,"win_rate":0.0,"timestamp":1610812696,"path_taken":["M","$","?","?","?","E","M","R","T","?","M","?","R","E","R","BOSS","M","M","?","$","?","R","?","R","T","$","M","?","E","M","R","BOSS"],"items_purchased_type":["Card","Card"],"build_version":"2020-12-22","purchased_purges":2,"victory":false,"max_hp_per_floor":[68,68,68,68,68,68,68,68,68,68,68,68,68,68,68,68,68,68,68,68,68,68,68,68,68,68,68,68,68,78,78,78,78,78],"card_choices":[{"not_picked":["BowlingBash","WheelKick"],"picked":"CutThroughFate","floor":1.0},{"not_picked":["Wireheading","DeceiveReality"],"picked":"EmptyFist","floor":6.0},{"not_picked":["Halt","WreathOfFlame"],"picked":"JustLucky","floor":7.0},{"not_picked":["CutThroughFate","Fasting2"],"picked":"FollowUp","floor":11.0},{"not_picked":["CrushJoints","FollowUp","ThirdEye"],"picked":"SKIP","floor":12.0},{"not_picked":["EmptyFist","Halt","SashWhip"],"picked":"SKIP","floor":14.0},{"not_picked":["Ragnarok","Scrawl"],"picked":"DevaForm","floor":16.0},{"not_picked":["EmptyBody","CutThroughFate+1"],"picked":"CarveReality+1","floor":18.0},{"not_picked":["Collect","Weave+1"],"picked":"Evaluate","floor":19.0},{"not_picked":["EmptyMind","Worship","Evaluate"],"picked":"SKIP","floor":28},{"not_picked":["Conclude","LikeWater"],"picked":"Prostrate","floor":29},{"not_picked":["Blasphemy","Vengeance","CutThroughFate"],"picked":"SKIP","floor":30},{"not_picked":["EmptyFist","SashWhip","Study"],"picked":"SKIP","floor":31}],"player_experience":1576235,"relics_obtained":[{"floor":5.0,"key":"Smiling Mask"},{"floor":6.0,"key":"Potion Belt"},{"floor":9.0,"key":"Letter Opener"},{"floor":14.0,"key":"TeardropLocket"},{"floor":26,"key":"Whetstone"},{"floor":30,"key":"White Beast Statue"},{"floor":30,"key":"Pear"}],"event_choices":[{"damage_healed":0.0,"max_hp_gain":0.0,"max_hp_loss":0.0,"gold_gain":0.0,"event_name":"Living Wall","player_choice":"Grow","floor":3.0,"gold_loss":0.0,"damage_taken":0.0,"cards_upgraded":["BattleHymn"]},{"damage_healed":0.0,"max_hp_gain":0.0,"max_hp_loss":0.0,"gold_gain":0.0,"event_name":"Golden Idol","player_choice":"Take Damage","floor":4.0,"gold_loss":0.0,"damage_taken":23.0,"relics_obtained":["Golden Idol"]},{"cards_removed":["Strike_P"],"damage_healed":0.0,"max_hp_gain":0.0,"max_hp_loss":0.0,"gold_gain":0.0,"event_name":"The Cleric","player_choice":"Card Removal","floor":10.0,"gold_loss":75.0,"damage_taken":0.0},{"damage_healed":0.0,"max_hp_gain":0.0,"max_hp_loss":0.0,"gold_gain":0.0,"event_name":"Forgotten Altar","player_choice":"Gave Idol","floor":20.0,"relics_lost":["Golden Idol"],"gold_loss":0.0,"damage_taken":0.0,"relics_obtained":["Bloody Idol"]},{"damage_healed":0,"gold_gain":0,"player_choice":"Ignored","damage_taken":0,"max_hp_gain":0,"max_hp_loss":0,"event_name":"Cursed Tome","floor":22,"gold_loss":0},{"damage_healed":0,"gold_gain":0,"cards_transformed":["Defend_P"],"player_choice":"Transformed","damage_taken":0,"max_hp_gain":0,"max_hp_loss":0,"event_name":"Transmorgrifier","floor":24,"gold_loss":0,"cards_obtained":["MasterReality"]}],"is_beta":false,"boss_relics":[{"not_picked":["SacredBark","Pandora\u0027s Box"],"picked":"Black Star"}],"items_purged_floors":[21,27],"is_endless":false,"potions_floor_spawned":[7,14,19,29,31],"killed_by":"Automaton","ascension_level":18}}