{"host":"g5ztulhog0otympt","time":1610818090,"event":{"mods":["AchievementEnabler","BaseMod","Downfall","Hermit","Minty Spire (QoL Compilation)","StSLib","The Cursed"],"gold_per_floor":[117,117,117,134,134,160,176,189,242,18,29,40,40,59,59,162,162,182,182,39,39,58,89,89,102,126,126,145,145,162,17,17,119,119,131,157,157,11,25,50,50,50,74,93,93,93,121,132,132,132,132],"floor_reached":50,"language":"ENG","playtime":1789,"items_purged":[],"score":547,"play_id":"b00037ab-6c22-41d3-bf8f-d5bb32425896","local_time":"20210116192810","is_ascension_mode":false,"campfire_choices":[{"floor":13.0,"key":"REST"},{"floor":15.0,"key":"REST"},{"floor":24.0,"key":"REST"},{"data":"Venomology","floor":27.0,"key":"SMITH"},{"data":"Endless Agony","floor":29.0,"key":"SMITH"},{"data":"Corpse Explosion","floor":32.0,"key":"SMITH"},{"floor":41.0,"key":"REST"},{"floor":49.0,"key":"REST"}],"circlet_count":0,"master_deck":["Strike_G+1","Strike_G","Strike_G","Strike_G","Strike_G","Defend_G","Defend_G","Defend_G","Defend_G","Defend_G","Survivor","Neutralize","Endless Agony+1","Deadly Poison","Poisoned Stab+1","Corpse Explosion+1","Dagger Spray+1","Bane+1","Die Die Die+1","Dagger Spray+1","Sucker Punch+1","Quick Slash+1","Predator+1","Venomology+1","Dash+1","Glass Knife+1","PiercingWail","Deadly Poison+1","Slice+1","Die Die Die+1","Prepared+1","Blade Dance+1","Adrenaline","Backstab+1","Slice+1","Finisher+1","Quick Slash+1","Dagger Throw+1","Parasite","Deadly Poison+1"],"relics":["Ring of the Snake","Molten Egg 2","Anchor","bronze:MakeshiftBattery","Vajra","MealTicket","Boot","Happy Flower","Black Star","Whetstone","Lantern","Ninja Scroll","Meat on the Bone","Oddly Smooth Stone","Pear","Eternal Feather"],"acts_visited":["Exordium","TheCity","TheBeyond"],"potions_floor_usage":[50,50],"damage_taken":[{"damage":7.0,"enemies":"Small Slimes","floor":1.0,"turns":2.0},{"damage":6.0,"enemies":"2 Louse","floor":4.0,"turns":3.0},{"damage":32.0,"enemies":"Lagavulin","floor":6.0,"turns":6.0},{"damage":0.0,"enemies":"Cultist","floor":7.0,"turns":3.0},{"damage":0.0,"enemies":"2 Fungi Beasts","floor":8.0,"turns":1.0},{"damage":9.0,"enemies":"Exordium Thugs","floor":11.0,"turns":2.0},{"damage":0.0,"enemies":"Red Slaver","floor":12.0,"turns":2.0},{"damage":0.0,"enemies":"3 Louse","floor":14.0,"turns":1.0},{"damage":39.0,"enemies":"Hexaghost","floor":16.0,"turns":6.0},{"damage":10.0,"enemies":"2 Thieves","floor":18.0,"turns":2.0},{"damage":0.0,"enemies":"Chosen","floor":22.0,"turns":1.0},{"damage":19.0,"enemies":"Gremlin Leader","floor":23.0,"turns":4.0},{"damage":0.0,"enemies":"Sentry and Sphere","floor":25.0,"turns":3.0},{"damage":12.0,"enemies":"Shelled Parasite and Fungi","floor":28.0,"turns":4.0},{"damage":0.0,"enemies":"Chosen and Byrds","floor":30.0,"turns":4.0},{"damage":47.0,"enemies":"Champ","floor":33.0,"turns":9.0},{"damage":2.0,"enemies":"3 Shapes","floor":35.0,"turns":1.0},{"damage":0.0,"enemies":"3 Darklings","floor":39.0,"turns":1.0},{"damage":14.0,"enemies":"Reptomancer","floor":40.0,"turns":3.0},{"damage":2.0,"enemies":"4 Shapes","floor":44.0,"turns":1.0},{"damage":67.0,"enemies":"Giant Head","floor":47.0,"turns":7.0},{"damage":7.0,"enemies":"Writhing Mass","floor":48.0,"turns":4.0},{"damage":79,"enemies":"Time Eater","floor":50,"turns":7}],"seed_played":"2900704823319683931","potions_obtained":[{"floor":1.0,"key":"DistilledChaos"},{"floor":11.0,"key":"PowerPotion"},{"floor":12.0,"key":"ColorlessPotion"},{"floor":23.0,"key":"hexamod:SoulburnPotion"},{"floor":30.0,"key":"FearPotion"},{"floor":33.0,"key":"ColorlessPotion"},{"floor":35.0,"key":"Swift Potion"},{"floor":44.0,"key":"Fruit Juice"},{"floor":47.0,"key":"LiquidMemories"},{"floor":48.0,"key":"Ancient Potion"}],"is_trial":false,"path_per_floor":["M","?","?","M","$","E","M","M","T","$","M","M","R","M","R","B",null,"M","?","$","$","M","E","R","M","T","R","M","R","M","$","R","B",null,"M","T","?","$","M","E","R","$","T","M","?","?","E","M","R","B"],"character_chosen":"THE_SILENT","items_purchased":["Die Die Die+1","Noxious Fumes","Dagger Spray+1","Vajra","Happy Flower","Lantern"],"campfire_rested":5,"item_purchase_floors":[10,10,10,20,31,38],"current_hp_per_floor":[63,63,63,57,57,25,25,25,25,25,16,16,37,37,58,19,70,60,60,60,60,60,41,62,62,62,62,59,59,59,70,70,23,70,68,68,68,70,70,56,70,70,70,68,68,66,26,31,79,0,0],"gold":132,"neow_bonus":"THREE_CARDS","is_daily":false,"chose_seed":false,"campfire_upgraded":3,"win_rate":0.0,"timestamp":1610818090,"path_taken":["M","?","?","M","$","E","M","M","T","$","?","M","R","M","R","BOSS","M","?","?","$","?","E","R","M","T","R","M","R","M","$","R","BOSS","M","?","?","$","M","E","R","$","T","M","?","?","E","M","R","BOSS"],"items_purchased_type":["Card","Card","Card","Relic","Relic","Relic"],"build_version":"2020-12-22","purchased_purges":0,"victory":false,"max_hp_per_floor":[70,70,70,70,70,70,70,70,70,70,70,70,70,70,70,70,70,70,70,70,70,70,70,70,70,70,70,70,70,70,70,70,70,70,70,70,70,70,70,70,70,70,70,70,70,66,81,81,81,81,81],"card_choices":[{"not_picked":["Dagger Spray","Poisoned Stab"],"picked":"Endless Agony","floor":0.0},{"not_picked":["Infinite Blades","Eviscerate"],"picked":"Deadly Poison","floor":1.0},{"not_picked":["Dodge and Roll","Underhanded Strike"],"picked":"Poisoned Stab","floor":4.0},{"not_picked":["Dagger Throw+1","Malaise"],"picked":"Corpse Explosion","floor":6.0},{"not_picked":["Slice+1","Dash+1"],"picked":"Dagger Spray+1","floor":7.0},{"not_picked":["Dagger Spray+1","Dagger Throw+1"],"picked":"Bane+1","floor":8.0},{"not_picked":["Deadly Poison","Calculated Gamble"],"picked":"Sucker Punch+1","floor":11.0},{"not_picked":["Blade Dance","Skewer+1"],"picked":"Quick Slash+1","floor":12.0},{"not_picked":["Acrobatics","PiercingWail"],"picked":"Predator+1","floor":14.0},{"not_picked":["Glass Knife+1","A Thousand Cuts"],"picked":"Venomology","floor":16.0},{"not_picked":["Deflect","Dagger Throw+1"],"picked":"Dash+1","floor":18.0},{"not_picked":["Backflip","Prepared"],"picked":"Deadly Poison+1","floor":22.0},{"not_picked":["Underhanded Strike+1","Noxious Fumes"],"picked":"Slice+1","floor":23.0},{"not_picked":["Backflip","Quick Slash+1"],"picked":"Die Die Die+1","floor":25.0},{"not_picked":["Outmaneuver","Predator+1"],"picked":"Prepared+1","floor":28.0},{"not_picked":["Dodge and Roll","Deadly Poison"],"picked":"Blade Dance+1","floor":30.0},{"not_picked":["Tools of the Trade","Corpse Explosion"],"picked":"Adrenaline","floor":33.0},{"not_picked":["Caltrops+1","Reflex"],"picked":"Backstab+1","floor":35.0},{"not_picked":["Acrobatics","Heel Hook+1"],"picked":"Slice+1","floor":39.0},{"not_picked":["Dagger Spray+1","Deflect"],"picked":"Finisher+1","floor":40.0},{"not_picked":["Dodge and Roll","Tactician"],"picked":"Quick Slash+1","floor":44.0},{"not_picked":["Acrobatics","Sucker Punch+1"],"picked":"Dagger Throw+1","floor":47.0},{"not_picked":["Choke+1","Reflex+1"],"picked":"Deadly Poison+1","floor":48.0}],"player_experience":76023,"relics_obtained":[{"floor":6.0,"key":"Molten Egg 2"},{"floor":9.0,"key":"Anchor"},{"floor":23.0,"key":"MealTicket"},{"floor":26.0,"key":"Boot"},{"floor":36.0,"key":"Whetstone"},{"floor":40.0,"key":"Ninja Scroll"},{"floor":40.0,"key":"Meat on the Bone"},{"floor":43.0,"key":"Oddly Smooth Stone"},{"floor":47.0,"key":"Pear"},{"floor":47.0,"key":"Eternal Feather"}],"event_choices":[{"damage_healed":0.0,"max_hp_gain":0.0,"max_hp_loss":0.0,"gold_gain":0.0,"event_name":"Golden Wing","player_choice":"Ignored","floor":2.0,"gold_loss":0.0,"damage_taken":0.0},{"damage_healed":0.0,"max_hp_gain":0.0,"max_hp_loss":0.0,"gold_gain":0.0,"event_name":"Purifier","player_choice":"Ignored","floor":3.0,"gold_loss":0.0,"damage_taken":0.0},{"damage_healed":0.0,"max_hp_gain":0.0,"max_hp_loss":0.0,"gold_gain":0.0,"event_name":"Match and Keep!","player_choice":"2 cards matched","floor":19.0,"gold_loss":0.0,"damage_taken":0.0,"cards_obtained":["Glass Knife","PiercingWail"]},{"damage_healed":0.0,"max_hp_gain":0.0,"max_hp_loss":0.0,"gold_gain":0.0,"event_name":"Mysterious Sphere","player_choice":"Ignored","floor":37.0,"gold_loss":0.0,"damage_taken":0.0},{"cards_removed":["Noxious Fumes"],"damage_healed":0.0,"max_hp_gain":0.0,"max_hp_loss":0.0,"gold_gain":0.0,"event_name":"Falling","player_choice":"Removed Power","floor":45.0,"gold_loss":0.0,"damage_taken":0.0},{"damage_healed":0.0,"max_hp_gain":0.0,"max_hp_loss":4.0,"gold_gain":0.0,"event_name":"Winding Halls","player_choice":"Max HP","floor":46.0,"gold_loss":0.0,"damage_taken":0.0}],"is_beta":false,"boss_relics":[{"not_picked":["Coffee Dripper","Sozu"],"picked":"bronze:MakeshiftBattery"},{"not_picked":["Velvet Choker","Runic Dome"],"picked":"Black Star"}],"items_purged_floors":[],"is_endless":false,"potions_floor_spawned":[1,11,12,23,30,33,35,44,47,48],"killed_by":"Time Eater","ascension_level":0}}