{"host":"l60rmjjsfi0fipmi","time":1610806864,"event":{"mods":["BaseMod","Colored Map","DeckTracker","Highlight Path","Minty Spire (QoL Compilation)","StSLib","The Cursed"],"gold_per_floor":[110,110,16,33,52,79,79,79,79,91,105,125,47,59,59,157,157,176,146,162,174,229,229,119,119,119,131,31,61,61,61,61],"floor_reached":31,"language":"ENG","playtime":1908,"items_purged":["Strike_R","Strike_R"],"score":298,"play_id":"0cf56be1-77d2-4178-930a-63f367f28e91","local_time":"20210116092104","is_ascension_mode":true,"campfire_choices":[{"data":"Infernal Blade","floor":8,"key":"SMITH"},{"data":"Swift Strike","floor":15,"key":"SMITH"},{"floor":23,"key":"REST"},{"data":"Entrench","floor":25,"key":"SMITH"}],"circlet_count":0,"master_deck":["Strike_R","Strike_R","Defend_R","Defend_R","Defend_R","Defend_R","Bash","Flame Barrier","Whirlwind","Swift Strike+1","Infernal Blade+1","Iron Wave","Shrug It Off","Fire Breathing","Battle Trance","Juggernaut","Entrench+1","Evolve","Barricade+1","Seeing Red","Armaments+1","True Grit+1","Metallicize"],"relics":["Burning Blood","White Beast Statue","Anchor","SlaversCollar","Blood Vial","Lantern","Potion Belt"],"acts_visited":["Exordium","TheCity"],"potions_floor_usage":[19,20,21,27,27,31],"damage_taken":[{"damage":3,"enemies":"Cultist","floor":1,"turns":5},{"damage":0,"enemies":"2 Louse","floor":4,"turns":1},{"damage":0,"enemies":"Small Slimes","floor":5,"turns":2},{"damage":36,"enemies":"Gremlin Nob","floor":6,"turns":5},{"damage":5,"enemies":"Looter","floor":10,"turns":3},{"damage":0,"enemies":"Large Slime","floor":11,"turns":7},{"damage":0,"enemies":"2 Fungi Beasts","floor":12,"turns":2},{"damage":0,"enemies":"Exordium Thugs","floor":14,"turns":4},{"damage":48,"enemies":"Hexaghost","floor":16,"turns":12},{"damage":24,"enemies":"Spheric Guardian","floor":18,"turns":5},{"damage":7,"enemies":"2 Thieves","floor":19,"turns":5},{"damage":41,"enemies":"Centurion and Healer","floor":20,"turns":14},{"damage":28,"enemies":"Snake Plant","floor":21,"turns":5},{"damage":8,"enemies":"Sentry and Sphere","floor":27,"turns":9},{"damage":35,"enemies":"Book of Stabbing","floor":29,"turns":7},{"damage":24,"enemies":"Shelled Parasite and Fungi","floor":31,"turns":4}],"seed_played":"-3720233851964836612","potions_obtained":[{"floor":6,"key":"SkillPotion"},{"floor":10,"key":"AttackPotion"},{"floor":11,"key":"Ancient Potion"},{"floor":12,"key":"Dexterity Potion"},{"floor":16,"key":"BloodPotion"},{"floor":19,"key":"ElixirPotion"},{"floor":20,"key":"SpeedPotion"},{"floor":21,"key":"Explosive Potion"},{"floor":27,"key":"Strength Potion"},{"floor":29,"key":"SteroidPotion"}],"is_trial":false,"path_per_floor":["M","?","$","M","M","E","?","R","T","M","M","M","$","M","R","B",null,"M","M","M","M","T","R","$","R","T","M","$","E","?","M"],"character_chosen":"IRONCLAD","items_purchased":["Swift Strike","Evolve","Metallicize"],"campfire_rested":1,"item_purchase_floors":[3,13,24],"current_hp_per_floor":[80,73,73,79,80,50,50,50,50,51,57,63,63,69,69,27,80,62,61,42,20,20,44,44,44,44,44,44,17,17,0,0],"gold":61,"neow_bonus":"THREE_CARDS","is_daily":false,"chose_seed":false,"campfire_upgraded":3,"win_rate":0.0,"timestamp":1610806864,"path_taken":["M","?","$","M","M","E","?","R","T","M","?","M","$","M","R","BOSS","M","?","M","M","?","R","$","R","T","M","$","E","?","M"],"items_purchased_type":["Card","Card","Card"],"build_version":"2020-12-22","purchased_purges":2,"victory":false,"max_hp_per_floor":[80,80,80,80,80,80,80,80,80,80,80,80,80,80,80,80,80,80,80,80,80,80,80,80,80,80,80,80,80,80,80,80],"card_choices":[{"not_picked":["True Grit","Headbutt"],"picked":"Flame Barrier","floor":0},{"not_picked":["Headbutt","Inflame"],"picked":"Whirlwind","floor":1},{"not_picked":["Sever Soul","Body Slam"],"picked":"Infernal Blade","floor":4},{"not_picked":["Twin Strike","Flex"],"picked":"Iron Wave","floor":5},{"not_picked":["Infernal Blade","Havoc"],"picked":"Shrug It Off","floor":6},{"not_picked":["Dual Wield","Burning Pact"],"picked":"Battle Trance","floor":10},{"not_picked":["Sword Boomerang","True Grit"],"picked":"Juggernaut","floor":11},{"not_picked":["Cleave","Wild Strike"],"picked":"Entrench","floor":12},{"not_picked":["Intimidate","Pummel","Twin Strike"],"picked":"SKIP","floor":14},{"not_picked":["Immolate","Demon Form"],"picked":"Barricade","floor":16},{"not_picked":["Dark Embrace+1","Cleave"],"picked":"Seeing Red","floor":18},{"not_picked":["Cleave+1","Havoc"],"picked":"Armaments+1","floor":19},{"not_picked":["Clothesline+1","Second Wind"],"picked":"True Grit+1","floor":20},{"not_picked":["Spot Weakness","Bloodletting+1","Clothesline"],"picked":"SKIP","floor":21},{"not_picked":["Flex","Clash","Rampage+1"],"picked":"SKIP","floor":27},{"not_picked":["Whirlwind","Heavy Blade","Headbutt"],"picked":"SKIP","floor":29}],"player_experience":423698,"relics_obtained":[{"floor":6,"key":"White Beast Statue"},{"floor":9,"key":"Anchor"},{"floor":22,"key":"Blood Vial"},{"floor":26,"key":"Lantern"},{"floor":29,"key":"Potion Belt"}],"event_choices":[{"cards_removed":["Strike_R"],"damage_healed":0,"gold_gain":0,"player_choice":"Card Removal","damage_taken":7,"max_hp_gain":0,"max_hp_loss":0,"event_name":"Golden Wing","floor":2,"gold_loss":0},{"damage_healed":0,"gold_gain":0,"player_choice":"1 cards matched","damage_taken":0,"max_hp_gain":0,"max_hp_loss":0,"event_name":"Match and Keep!","floor":7,"gold_loss":0,"cards_obtained":["Fire Breathing"]},{"damage_healed":0,"gold_gain":0,"player_choice":"1 cards matched","damage_taken":0,"max_hp_gain":0,"max_hp_loss":0,"event_name":"Match and Keep!","floor":7,"gold_loss":0,"cards_obtained":["Fire Breathing"]},{"damage_healed":0,"gold_gain":0,"player_choice":"Upgraded","damage_taken":0,"max_hp_gain":0,"max_hp_loss":0,"event_name":"Upgrade Shrine","floor":30,"gold_loss":0,"cards_upgraded":["Barricade"]}],"is_beta":false,"boss_relics":[{"not_picked":["Runic Pyramid","SacredBark"],"picked":"SlaversCollar"}],"items_purged_floors":[24,28],"is_endless":false,"potions_floor_spawned":[6,10,11,12,14,16,18,19,20,21,27,29],"killed_by":"Shelled Parasite and Fungi","ascension_level":3}}