{"host":"2pmmafybkq7zb6na","time":1610782315,"event":{"mods":["AchievementEnabler","BaseMod","Colored Map","Highlight Path","Minty Spire (QoL Compilation)","Quick Restart","StSLib","SuperFastMode"],"gold_per_floor":[13,30,30,105,124,154,215,105,105,134,134,149,159,159,159],"floor_reached":14,"language":"KOR","playtime":653,"items_purged":["Strike_G"],"score":125,"play_id":"622b5137-3868-4c1f-8c93-f4c9e2c1a090","local_time":"20210116163155","is_ascension_mode":false,"campfire_choices":[],"circlet_count":0,"master_deck":["Strike_G","Strike_G","Strike_G","Defend_G","Defend_G","Defend_G","Defend_G","Defend_G","Survivor","Neutralize","Slice","Infinite Blades","Dagger Spray","Infinite Blades","Reflex","Blade Dance","Infinite Blades","Neutralize","Finesse","Well Laid Plans","Blade Dance"],"relics":["Ring of the Snake","White Beast Statue","Tiny Chest","Pear","Thread and Needle"],"acts_visited":["Exordium"],"potions_floor_usage":[14],"damage_taken":[{"damage":9.0,"enemies":"Cultist","floor":1.0,"turns":4.0},{"damage":0.0,"enemies":"2 Louse","floor":2.0,"turns":3.0},{"damage":9.0,"enemies":"Jaw Worm","floor":5.0,"turns":4.0},{"damage":23.0,"enemies":"3 Sentries","floor":6.0,"turns":7.0},{"damage":16.0,"enemies":"3 Sentries","floor":7.0,"turns":7.0},{"damage":19.0,"enemies":"Gremlin Nob","floor":10.0,"turns":5.0},{"damage":0.0,"enemies":"Blue Slaver","floor":12.0,"turns":3.0},{"damage":0.0,"enemies":"3 Louse","floor":13.0,"turns":4.0},{"damage":0,"enemies":"3 Sentries","floor":14,"turns":2}],"seed_played":"-7000390512212513923","potions_obtained":[{"floor":5.0,"key":"ColorlessPotion"},{"floor":7.0,"key":"SteroidPotion"},{"floor":10.0,"key":"Energy Potion"},{"floor":12.0,"key":"GhostInAJar"},{"floor":13.0,"key":"Poison Potion"}],"is_trial":false,"path_per_floor":["M","M","?","?","M","E","?","$","T","E","?","M","M","E"],"character_chosen":"THE_SILENT","items_purchased":["Infinite Blades"],"campfire_rested":0,"item_purchase_floors":[8],"current_hp_per_floor":[75,75,75,64,55,32,16,16,26,7,7,7,7,7,7],"gold":159,"neow_bonus":"TWENTY_PERCENT_HP_BONUS","is_daily":false,"chose_seed":false,"campfire_upgraded":0,"win_rate":0.0,"timestamp":1610782315,"path_taken":["M","M","?","?","M","E","?","$","T","E","?","M","?","E"],"items_purchased_type":["Card"],"build_version":"2020-12-22","purchased_purges":1,"victory":false,"max_hp_per_floor":[84,84,84,84,84,84,84,84,94,94,94,94,94,94,94],"card_choices":[{"not_picked":["Outmaneuver","Predator"],"picked":"Slice","floor":1.0},{"not_picked":["Deflect","Catalyst"],"picked":"Infinite Blades","floor":2.0},{"not_picked":["PiercingWail","Riddle With Holes"],"picked":"Infinite Blades","floor":5.0},{"not_picked":["All Out Attack","Dodge and Roll"],"picked":"Reflex","floor":6.0},{"not_picked":["Distraction","Dagger Spray"],"picked":"Blade Dance","floor":7.0},{"not_picked":["Noxious Fumes","Expertise","Dash"],"picked":"SKIP","floor":10.0},{"not_picked":["Riddle With Holes","Sucker Punch"],"picked":"Well Laid Plans","floor":12.0},{"not_picked":["Underhanded Strike","Outmaneuver"],"picked":"Blade Dance","floor":13.0}],"player_experience":47244,"relics_obtained":[{"floor":6.0,"key":"White Beast Statue"},{"floor":7.0,"key":"Tiny Chest"},{"floor":9.0,"key":"Pear"},{"floor":10.0,"key":"Thread and Needle"}],"event_choices":[{"damage_healed":0.0,"max_hp_gain":0.0,"max_hp_loss":0.0,"gold_gain":0.0,"cards_transformed":["Strike_G"],"event_name":"Living Wall","player_choice":"Change","floor":3.0,"gold_loss":0.0,"damage_taken":0.0,"cards_obtained":["Dagger Spray"]},{"damage_healed":0.0,"max_hp_gain":0.0,"max_hp_loss":0.0,"gold_gain":75.0,"event_name":"World of Goop","player_choice":"Gather Gold","floor":4.0,"gold_loss":0.0,"damage_taken":11.0},{"damage_healed":0.0,"max_hp_gain":0.0,"max_hp_loss":0.0,"gold_gain":30.0,"event_name":"Dead Adventurer","player_choice":"Searched \u00272\u0027 times","floor":7.0,"gold_loss":0.0,"damage_taken":0.0},{"damage_healed":0.0,"max_hp_gain":0.0,"max_hp_loss":0.0,"gold_gain":0.0,"event_name":"Match and Keep!","player_choice":"2 cards matched","floor":11.0,"gold_loss":0.0,"damage_taken":0.0,"cards_obtained":["Neutralize","Finesse"]}],"is_beta":false,"boss_relics":[],"items_purged_floors":[8],"is_endless":false,"potions_floor_spawned":[5,7,10,12,13],"killed_by":"3 Sentries","ascension_level":0}}