{"host":"56d873i5r3uhle0q","time":1610768385,"event":{"mods":["100% Spire Juice","Act Like it!","Aspiration","BaseMod","Block Reminder","Conspire","Gensokyo","Hermit","Jedi Mod","Marisa????????","Marked Mod","Minty Spire (QoL Compilation)","Replay The Spire","StSLib","The Animator","The Bug Knight","The Cursed","The Jungle","The Marked","The Servant 0.9.4","everything is the same but u backflip on backflip","vexMod","??????REMEMod"],"gold_per_floor":[112,25,25,230,230,260,260,205,253,269,283,283,299,325,325,427,439,466,478,490,502,534,546,570,582,619,526,538,598,621,833,833],"floor_reached":31,"language":"ENG","playtime":1182,"items_purged":[],"score":258,"play_id":"d12af656-ad3a-4053-ace5-862acab32d58","local_time":"20210115203945","is_ascension_mode":false,"campfire_choices":[{"data":"ReplayReversal","floor":7.0,"key":"SMITH"},{"data":"Replay:Bootleg Shield Generator","floor":12.0,"key":"SMITH"},{"data":"Battle Trance","floor":15.0,"key":"SMITH"},{"floor":23.0,"key":"REST"},{"floor":25.0,"key":"REST"},{"data":"Ghostly Armor","floor":28,"key":"SMITH"}],"circlet_count":0,"master_deck":["Strike_R","Strike_R","Defend_R","Defend_R","Defend_R","Defend_R+1","Bash","The Bomb","ReplayReversal+1","Replay:Bootleg Shield Generator+1","Battle Trance+1","Power Through","conspire:Purge","Ghostly Armor+1","Thunderclap","Gensokyo:BlemishedSteel","Entrench"],"relics":["Burning Blood","REME_ComplimentaryCards","NeowsBlessing","aspiration:ChemicalBlood","Simple Rune","REME_HandOfSuture","MawBank","ReplayTheSpireMod:DimensionalGlitch","jedi:maincommand","Tiny Chest"],"acts_visited":["Gensokyo:Gensokyo","Gensokyo:Gensokyoer"],"potions_floor_usage":[29,29,30,30],"damage_taken":[{"damage":0.0,"enemies":"Gensokyo:3_Fairies","floor":1.0,"turns":2.0},{"damage":0.0,"enemies":"Gensokyo:Cirno","floor":6.0,"turns":2.0},{"damage":0.0,"enemies":"Gensokyo:Gryphon","floor":10.0,"turns":1.0},{"damage":11.0,"enemies":"Gensokyo:2_Kodama","floor":11.0,"turns":3.0},{"damage":0.0,"enemies":"Gensokyo:LivingMonolith","floor":13.0,"turns":3.0},{"damage":46.0,"enemies":"Gensokyo:Yukari","floor":16.0,"turns":11.0},{"damage":25.0,"enemies":"Gensokyo:CosmicMonolith","floor":18.0,"turns":6.0},{"damage":35.0,"enemies":"Gensokyo:3_Dogs","floor":22.0,"turns":6.0},{"damage":12.0,"enemies":"Gensokyo:Slime_Group","floor":24.0,"turns":8.0},{"damage":20,"enemies":"Gensokyo:Wraith","floor":29,"turns":7},{"damage":28,"enemies":"Gensokyo:Swordslinger","floor":30,"turns":10},{"damage":53,"enemies":"Gensokyo:3_Gloops","floor":31,"turns":4}],"seed_played":"-3363069558230946303","potions_obtained":[{"floor":6.0,"key":"BlessingOfTheForge"},{"floor":18.0,"key":"ColorlessPotion"},{"floor":22.0,"key":"Regen Potion"},{"floor":29,"key":"REME_GoldPotion"},{"floor":30,"key":"Regen Potion"}],"is_trial":false,"path_per_floor":["M","$","?","?","?","E","R","COS","T","M","M","R","M","T","R","B",null,"M","?","?","?","M","R","M","R","T","COS","R","M","M","M"],"character_chosen":"IRONCLAD","items_purchased":["Replay:Bootleg Shield Generator"],"campfire_rested":2,"item_purchase_floors":[2],"current_hp_per_floor":[80,80,88,88,88,88,88,88,88,88,83,83,88,88,88,48,88,66,66,66,66,34,60,51,77,77,77,77,69,53,0,0],"gold":833,"neow_bonus":"THREE_ENEMY_KILL","is_daily":false,"chose_seed":false,"campfire_upgraded":4,"win_rate":0.0,"timestamp":1610768385,"path_taken":["M","$","?","?","?","E","R","COS","T","M","?","R","M","?","R","BOSS","M","?","?","?","M","R","M","R","T","COS","R","M","M","?"],"items_purchased_type":["Card"],"build_version":"2020-12-22","purchased_purges":0,"victory":false,"max_hp_per_floor":[80,80,88,88,88,88,88,88,88,88,88,88,88,88,88,88,88,88,88,88,88,88,88,88,88,88,88,88,88,88,88,88],"card_choices":[{"not_picked":["ReplayTheSpireMod:Corrosion Curse","Cleave"],"picked":"ReplayReversal","floor":1.0},{"not_picked":["Searing Blow","Seeing Red"],"picked":"Battle Trance","floor":4.0},{"not_picked":["jedi:MakeshiftSword","Wild Strike"],"picked":"Power Through","floor":6.0},{"not_picked":["jedi:fear","Pommel Strike","Clash"],"picked":"SKIP","floor":10.0},{"not_picked":["Wild Strike","Havoc","Sword Boomerang"],"picked":"SKIP","floor":11.0},{"not_picked":["Clothesline","jedi:MakeshiftSword","Thunderclap"],"picked":"SKIP","floor":13.0},{"not_picked":["jedi:bloodyhammer","jedi:harder"],"picked":"conspire:Purge","floor":16.0},{"not_picked":["REME_SingleHolding","Sword Boomerang"],"picked":"Ghostly Armor","floor":18.0},{"not_picked":["Life Link","conspire:Charge"],"picked":"Thunderclap","floor":22.0},{"not_picked":["Anger+1","conspire:Purge","Sword Boomerang+1"],"picked":"SKIP","floor":24.0},{"not_picked":["REME_Scribble","Inflame+1"],"picked":"Entrench","floor":29},{"not_picked":["True Grit+1","Intimidate+1","Clash"],"picked":"SKIP","floor":30}],"player_experience":529973,"relics_obtained":[{"floor":6.0,"key":"aspiration:ChemicalBlood"},{"floor":9.0,"key":"Simple Rune"},{"floor":14.0,"key":"REME_HandOfSuture"},{"floor":26,"key":"jedi:command_common"}],"event_choices":[{"damage_healed":0.0,"max_hp_gain":0.0,"max_hp_loss":0.0,"gold_gain":0.0,"event_name":"conspire:Investor","player_choice":"Leave","floor":5.0,"gold_loss":0.0,"damage_taken":0.0}],"is_beta":false,"boss_relics":[{"not_picked":["Painkiller Herb","Replay:Drink Me"],"picked":"ReplayTheSpireMod:DimensionalGlitch"}],"items_purged_floors":[],"is_endless":false,"potions_floor_spawned":[6,22],"killed_by":"Gensokyo:3_Gloops","ascension_level":0}}