{"host":"cdcsem0stf6rethc","time":1610771272,"event":{"mods":["AchievementEnabler","BaseMod","Colored Map","Highlight Path","Minty Spire (QoL Compilation)","StSLib","The Bug Knight"],"gold_per_floor":[109,34,49,27,27,27,47,47,100,100,114,114,165,185,185,287,287,302,153,103,77,92,92,107,107,157,169,169,180,180,211,211,308,358,369,383,383,383],"floor_reached":37,"language":"ENG","playtime":2503,"items_purged":[],"score":379,"play_id":"28358145-26f2-499c-a21c-376135833653","local_time":"20210116122752","is_ascension_mode":false,"campfire_choices":[{"data":"HollowMod:QuirrelsAssistance","floor":6,"key":"SMITH"},{"data":"HollowMod:SharpenedShadows","floor":10,"key":"SMITH"},{"data":"HollowMod:NewJinnsSoul","floor":12,"key":"SMITH"},{"data":"HollowMod:DashSlash","floor":15,"key":"SMITH"},{"data":"HollowMod:LifebloodCore","floor":23,"key":"SMITH"},{"data":"HollowMod:Weaversong","floor":30,"key":"SMITH"},{"data":"HollowMod:CoiledNail","floor":32,"key":"SMITH"}],"circlet_count":0,"master_deck":["HollowMod:NailStrikeStart","HollowMod:NailStrikeStart","HollowMod:NailStrikeStart","HollowMod:NailStrikeStart","HollowMod:QuickDashStart","HollowMod:QuickDashStart+1","HollowMod:QuickDashStart","HollowMod:QuickDashStart","HollowMod:FocusHealStart","HollowMod:PogoStrike","HollowMod:QuirrelsAssistance+1","HollowMod:DescendingDark+1","HollowMod:ShadowDash","HollowMod:SharpenedShadows+1","HollowMod:NewJinnsSoul+1","HollowMod:DashSlash+1","HollowMod:Weaversong+1","HollowMod:SoulVessel","HollowMod:LifebloodCore+1","HollowMod:SoulSplash","HollowMod:CoiledNail+1","HollowMod:PureNailStrike","HollowMod:DoubleDash","HollowMod:Weaversong","HollowMod:CycloneSlash","HollowMod:DescendingDark+1","HollowMod:SharpenedNail"],"relics":["HollowMod:VesselMask","Lantern","Thread and Needle","PreservedInsect","Velvet Choker","Nilry\u0027s Codex","Bag of Preparation","Eternal Feather","Tiny House"],"acts_visited":["Exordium","TheCity","TheBeyond"],"potions_floor_usage":[16,33,33,33,37],"damage_taken":[{"damage":6,"enemies":"Cultist","floor":1,"turns":3},{"damage":4,"enemies":"2 Louse","floor":3,"turns":3},{"damage":0,"enemies":"Small Slimes","floor":7,"turns":2},{"damage":0,"enemies":"Gremlin Gang","floor":11,"turns":1},{"damage":3,"enemies":"Looter","floor":14,"turns":2},{"damage":48,"enemies":"The Guardian","floor":16,"turns":12},{"damage":3,"enemies":"Shell Parasite","floor":18,"turns":3},{"damage":0,"enemies":"Chosen","floor":22,"turns":4},{"damage":9,"enemies":"Centurion and Healer","floor":24,"turns":6},{"damage":5,"enemies":"Chosen and Byrds","floor":27,"turns":4},{"damage":0,"enemies":"Snecko","floor":29,"turns":5},{"damage":19,"enemies":"Slavers","floor":31,"turns":4},{"damage":36,"enemies":"Collector","floor":33,"turns":9},{"damage":19,"enemies":"Orb Walker","floor":35,"turns":4},{"damage":21,"enemies":"3 Shapes","floor":36,"turns":2},{"damage":55,"enemies":"HollowMod:SlobberingHusk","floor":37,"turns":4}],"seed_played":"1064161498057034042","potions_obtained":[{"floor":7,"key":"FearPotion"},{"floor":11,"key":"Strength Potion"},{"floor":16,"key":"DistilledChaos"},{"floor":18,"key":"Fire Potion"},{"floor":27,"key":"Block Potion"},{"floor":28,"key":"Fire Potion"},{"floor":33,"key":"LiquidMemories"},{"floor":34,"key":"Dexterity Potion"}],"is_trial":false,"path_per_floor":["M","?","M","$","?","R","M","?","T","R","M","R","?","M","R","B",null,"M","$","?","$","M","R","M","?","T","M","?","M","R","E","R","B",null,"M","M","M"],"character_chosen":"THE_BUGKNIGHT","items_purchased":["HollowMod:ShadowDash","HollowMod:LifebloodCore","HollowMod:SoulSplash"],"campfire_rested":0,"item_purchase_floors":[4,19,21],"current_hp_per_floor":[69,74,70,70,70,70,70,70,70,70,70,70,70,67,67,19,80,77,77,77,77,77,77,68,52,52,47,47,47,47,28,40,4,85,66,45,0,0],"gold":383,"neow_bonus":"RANDOM_COMMON_RELIC","is_daily":false,"chose_seed":false,"campfire_upgraded":7,"win_rate":0.0,"timestamp":1610771272,"path_taken":["M","?","M","$","?","R","M","?","T","R","?","R","?","M","R","BOSS","M","$","?","?","?","R","M","?","T","M","?","M","R","E","R","BOSS","M","M","M"],"items_purchased_type":["Card","Card","Card"],"build_version":"2020-12-22","purchased_purges":0,"victory":false,"max_hp_per_floor":[75,80,80,80,80,80,80,80,80,80,80,80,80,80,80,80,80,80,80,80,80,80,80,80,80,80,80,80,80,80,80,80,80,85,85,85,85,85],"card_choices":[{"not_picked":["HollowMod:DescendingDark","HollowMod:SoulSplash"],"picked":"HollowMod:QuirrelsAssistance","floor":1},{"not_picked":["HollowMod:InfectedCysts","HollowMod:ShapeofUnn"],"picked":"HollowMod:DescendingDark","floor":3},{"not_picked":["HollowMod:CornifersMapStart","HollowMod:SoulEater"],"picked":"HollowMod:SharpenedShadows","floor":7},{"not_picked":["HollowMod:LifebloodCocoon","HollowMod:NewGlowingWomb"],"picked":"HollowMod:NewJinnsSoul","floor":11},{"not_picked":["HollowMod:DungDefenderAura","HollowMod:CornifersMapStart"],"picked":"HollowMod:DashSlash","floor":14},{"not_picked":["HollowMod:SoulMaster","HollowMod:ZotesMagnificence"],"picked":"HollowMod:Weaversong","floor":16},{"not_picked":["HollowMod:CloakDash","HollowMod:HeavyBlow"],"picked":"HollowMod:SoulVessel","floor":18},{"not_picked":["HollowMod:GoodIntentions+1","HollowMod:DashSlash"],"picked":"HollowMod:CoiledNail","floor":22},{"not_picked":["HollowMod:DesolateDive","HollowMod:FallenFury"],"picked":"HollowMod:PureNailStrike","floor":24},{"not_picked":["HollowMod:AbyssShriek","HollowMod:HowlingWraiths"],"picked":"HollowMod:DoubleDash","floor":27},{"not_picked":["HollowMod:HornetsHelp","HollowMod:CornifersMapStart","HollowMod:CloakDash"],"picked":"SKIP","floor":29},{"not_picked":["HollowMod:InfectionAssault","HollowMod:CornifersMapStart","HollowMod:ShadowDash"],"picked":"SKIP","floor":31},{"not_picked":["HollowMod:ElderbugsWisdom","HollowMod:Hiveblood"],"picked":"HollowMod:Weaversong","floor":33},{"not_picked":["HollowMod:SiblingsSouls","HollowMod:GoodIntentions"],"picked":"HollowMod:CycloneSlash","floor":34},{"not_picked":["HollowMod:NewJinnsSoul+1","HollowMod:CloakDash+1"],"picked":"HollowMod:DescendingDark+1","floor":35},{"not_picked":["HollowMod:SoulSplash+1","HollowMod:DashSlash"],"picked":"HollowMod:SharpenedNail","floor":36}],"player_experience":74789,"relics_obtained":[{"floor":9,"key":"PreservedInsect"},{"floor":25,"key":"Nilry\u0027s Codex"},{"floor":26,"key":"Bag of Preparation"},{"floor":31,"key":"Eternal Feather"}],"event_choices":[{"damage_healed":0,"gold_gain":0,"player_choice":"Grow","damage_taken":0,"max_hp_gain":0,"max_hp_loss":0,"event_name":"Living Wall","floor":5,"gold_loss":0,"cards_upgraded":["HollowMod:DescendingDark"]},{"damage_healed":0,"gold_gain":0,"player_choice":"Gave Potion","damage_taken":0,"relics_obtained":["Thread and Needle"],"max_hp_gain":0,"max_hp_loss":0,"event_name":"WeMeetAgain","floor":8,"gold_loss":0},{"damage_healed":0,"gold_gain":51,"player_choice":"Gained Gold","damage_taken":0,"max_hp_gain":0,"max_hp_loss":0,"event_name":"Golden Wing","floor":13,"gold_loss":0},{"damage_healed":0,"gold_gain":0,"player_choice":"Bet on Murderer","damage_taken":0,"max_hp_gain":0,"max_hp_loss":0,"event_name":"The Joust","floor":20,"gold_loss":50},{"damage_healed":0,"gold_gain":0,"player_choice":"Obtained Book","damage_taken":16,"max_hp_gain":0,"max_hp_loss":0,"event_name":"Cursed Tome","floor":25,"gold_loss":0},{"damage_healed":0,"gold_gain":0,"player_choice":"Got Potions","damage_taken":0,"max_hp_gain":0,"max_hp_loss":0,"event_name":"Lab","floor":28,"gold_loss":0}],"is_beta":false,"boss_relics":[{"not_picked":["Coffee Dripper","Sozu"],"picked":"Velvet Choker"},{"not_picked":["Black Star","Runic Dome"],"picked":"Tiny House"}],"items_purged_floors":[],"is_endless":false,"potions_floor_spawned":[7,11,16,18,27,33],"killed_by":"HollowMod:SlobberingHusk","ascension_level":0}}