{"host":"5l3fd535wdxfzl1g","time":1610791526,"event":{"mods":["2.2 Compatiblity","AchievementEnabler","BaseMod","Better Third Choice","Better Vampires","Colored Powertips","Minty Spire (QoL Compilation)","Quick Restart","Rare Cards Sparkle","Replay The Spire","StSLib","UnlockEverythingMod"],"gold_per_floor":[116,135,135,151,151,151,114,84,108,108,134,145,145,135,135,236,236,236,236],"floor_reached":18,"language":"ZHS","playtime":487,"items_purged":[],"score":160,"play_id":"bc9764b3-f5f5-49ba-8004-d2e2cee906f6","local_time":"20210116180526","is_ascension_mode":false,"campfire_choices":[{"data":"Zap","floor":6.0,"key":"SMITH"},{"floor":10.0,"key":"RECALL"},{"floor":15.0,"key":"DIG"}],"circlet_count":0,"master_deck":["Strike_B","Strike_B","Strike_B","Defend_B","Defend_B","Defend_B","Defend_B","Zap+1","Dualcast","Barrage","Fission","Buffer"],"relics":["Cracked Core","NeowsBlessing","Thread and Needle","betterThird:SlimedRelic","Juzu Bracelet","Pet Ghost","Emotion Chip","Black Star"],"acts_visited":["Exordium","TheCity"],"potions_floor_usage":[],"damage_taken":[{"damage":0.0,"enemies":"2 Louse","floor":1.0,"turns":1.0},{"damage":0.0,"enemies":"Cultist","floor":2.0,"turns":1.0},{"damage":0.0,"enemies":"Jaw Worm","floor":4.0,"turns":1.0},{"damage":20.0,"enemies":"3 Sentries","floor":11.0,"turns":11.0},{"damage":0.0,"enemies":"Looter","floor":12.0,"turns":4.0},{"damage":5.0,"enemies":"Exordium Thugs","floor":14.0,"turns":4.0},{"damage":21.0,"enemies":"Slime Boss","floor":16.0,"turns":4.0},{"damage":0,"enemies":"3 Byrds","floor":18,"turns":1}],"seed_played":"-1440730779568187022","potions_obtained":[{"floor":1.0,"key":"FocusPotion"},{"floor":8.0,"key":"EssenceOfDarkness"},{"floor":8.0,"key":"Fire Potion"},{"floor":11.0,"key":"SkillPotion"}],"is_trial":false,"path_per_floor":["M","M","?","M","?","R","?","?","T","R","E","M","?","M","R","B",null,"M"],"character_chosen":"DEFECT","items_purchased":[],"campfire_rested":0,"item_purchase_floors":[],"current_hp_per_floor":[75,75,75,75,68,68,57,57,57,57,37,37,37,32,32,11,75,75,75],"gold":236,"neow_bonus":"THREE_ENEMY_KILL","is_daily":false,"chose_seed":false,"campfire_upgraded":1,"win_rate":0.0,"timestamp":1610791526,"path_taken":["M","M","?","?","?","R","?","?","T","R","E","M","?","M","R","BOSS","M"],"items_purchased_type":[],"build_version":"2020-12-22","purchased_purges":0,"victory":false,"max_hp_per_floor":[75,75,75,75,75,75,75,75,75,75,75,75,75,75,75,75,75,75,75],"card_choices":[{"not_picked":["BootSequence","Go for the Eyes","Stack"],"picked":"SKIP","floor":1.0},{"not_picked":["ReplayTheSpireMod:Calculation Training","Hologram","Compile Driver"],"picked":"SKIP","floor":2.0},{"not_picked":["Steam","Compile Driver","Streamline"],"picked":"SKIP","floor":4.0},{"not_picked":["BootSequence","Ball Lightning","ReplayTheSpireMod:GoodbyeWorld"],"picked":"SKIP","floor":11.0},{"not_picked":["Gash","Rebound"],"picked":"Barrage","floor":12.0},{"not_picked":["Doom and Gloom","Sweeping Beam"],"picked":"Fission","floor":14.0},{"not_picked":["Meteor Strike","Echo Form"],"picked":"Buffer","floor":16.0}],"player_experience":98335,"relics_obtained":[{"floor":9.0,"key":"Juzu Bracelet"},{"floor":11.0,"key":"Pet Ghost"},{"floor":15.0,"key":"Emotion Chip"}],"event_choices":[{"cards_removed":["Strike_B"],"damage_healed":0.0,"max_hp_gain":0.0,"max_hp_loss":0.0,"gold_gain":0.0,"event_name":"Bonfire Elementals","player_choice":"Offered Basic","floor":3.0,"gold_loss":0.0,"damage_taken":0.0},{"damage_healed":0.0,"max_hp_gain":0.0,"max_hp_loss":0.0,"gold_gain":0.0,"event_name":"betterThird:BetterScrap","player_choice":"Relic ","floor":5.0,"gold_loss":0.0,"damage_taken":7.0,"cards_obtained":["Combust"]},{"damage_healed":0.0,"max_hp_gain":0.0,"max_hp_loss":0.0,"gold_gain":0.0,"event_name":"betterThird:BetterGoop","player_choice":"Slimed","floor":7.0,"gold_loss":37.0,"damage_taken":11.0},{"damage_healed":0.0,"max_hp_gain":0.0,"max_hp_loss":0.0,"gold_gain":0.0,"event_name":"The Woman in Blue","player_choice":"Bought 2 Potions","floor":8.0,"gold_loss":0.0,"damage_taken":0.0},{"damage_healed":0.0,"max_hp_gain":0.0,"max_hp_loss":0.0,"gold_gain":0.0,"event_name":"betterThird:BetterSerpent","player_choice":"Ignored","floor":13.0,"gold_loss":0.0,"damage_taken":145.0}],"is_beta":false,"boss_relics":[{"not_picked":["Honey Jar","Pandora\u0027s Box"],"picked":"Black Star"}],"items_purged_floors":[],"is_endless":false,"potions_floor_spawned":[1,11],"killed_by":"3 Byrds","ascension_level":0}}