{"host":"dwyzfvnzfcqffr30","time":1610828961,"event":{"mods":["2.2 Compatiblity","Act Like it!","BaseMod","Beaked The Cultist","Better Altar","Better Match","Better Note","Better Sensory Stone","Better Skull","Better Third Choice","Clockwork Mod","Colored Map","Colored Powertips","Conspire","Elementarium","GifTheSpireLib","Halation","Hermit","Hubris","Infinite Spire","Ironclad Rager","Jedi Mod","Menagerie","Mimic Mod","Minty Spire (QoL Compilation)","Permanent Neow","Random Character Button","Replay The Spire","Spicy Shops","Spikes Relics","StSLib","Stuff the Spire","The Construct","The Disciple","The Druid","The Marked","TheFirefly","Trackpad","Wandering Minibosses","vexMod"],"gold_per_floor":[125,149,174,202,228,228,269,302,337,391,426,467,508,508,508,636,636,693,693,693,748,748,822,822,904,954,1043,1122,1122,1122,1215,1215,1393,1393,1500,1617,1733,1865,1912,2069,2095,2260,2260,2417,2585,2767,2767,2767,2767,2767,2767,2767,2253,4535,4535],"floor_reached":56,"language":"ENG","playtime":3734,"items_purged":["theMarked:Parkour+1"],"score":2023,"play_id":"8cdf42db-a336-4dcf-8eae-09819b55dd7e","local_time":"20210116122921","is_ascension_mode":true,"campfire_choices":[{"floor":6,"key":"RECALL"},{"data":"theMarked:ParalyzingBlade+1","floor":15,"key":"SMITH"},{"data":"theMarked:ParalyzingBlade+1","floor":24,"key":"SMITH"},{"floor":29,"key":"REST"},{"data":"theMarked:SoldierForm+1","floor":32,"key":"SMITH"},{"floor":47,"key":"REST"},{"data":"theMarked:RogueSparks+1","floor":49,"key":"SMITH"},{"data":"BlessedFruit+3","floor":52,"key":"SMITH"}],"circlet_count":0,"master_deck":["BlessedFruit+4","theMarked:Strike+1","theMarked:Strike+1","theMarked:Strike+1","theMarked:Strike+1","theMarked:Strike+1","theMarked:Defend+1","theMarked:Defend+1","theMarked:Defend+1","theMarked:Defend+1","ReplayTheSpireMod:Uncanny Aura+1","Apotheosis+1","MasterReality+1","theMarked:SwordAndMagic+1","theMarked:ChainLightning+1","theMarked:AttractMetal+1","theMarked:Opportunist+1","theMarked:EmpowerWeapon+1","theMarked:ParalyzingBlade+2","Reaper+1","theMarked:ParalyzingBlade+2","infinitespire:Execution+1","theMarked:ComboAttacks+1","Elementarium:FireblessedBlade+1","Elementarium:WindblessedBlade+1","Elementarium:EarthblessedBlade+1","Elementarium:IceblessedBlade+1","Elementarium:VoidblessedBlade+1","theMarked:SoldierForm+2","theMarked:Challenge+1","theMarked:RogueSparks+2","theMarked:RogueSparks+1","theMarked:StartUp+1"],"relics":["Iron Core","Frozen Egg 2","Toxic Egg 2","Molten Egg 2","Quantum Egg","conspire:InfiniteJournal","Bottled Tornado","infinitespire:EvilPickle","PreservedInsect","infinitespire:EmpoweringShard","infinitespire:Cubic Diamond","Painkiller Herb","wanderingMiniBosses:OtherGremlinHorn","trackpad:DisasterInABottle","Elementarium:FlickeringLantern","Ginger","Bottled Lightning","Elementarium:ElementariumTrophy","hubris:TerracottaHorce","Replay:Kaleidoscope","RetroEgg","Replay:Wax Seal","Boot","beaked:ShinyBauble","hubris:Towel","StuffTheSpire:Rhapsscallions","Membership Card","Magic Flower","Lantern","hubris:NiceRug","halation:Thesaurus","trackpad:WritersBlock","Nunchaku","vexMod:PlasmaPancake"],"acts_visited":["Exordium","Elementarium:Elementarium","TheBeyond","TheEnding"],"potions_floor_usage":[7,13,16,18,27,27,33,35,41,45,46,50,50,50,55,55,55,55],"damage_taken":[{"damage":0,"enemies":"conspire:RoseBush","floor":1,"turns":3},{"damage":1,"enemies":"Cultist","floor":2,"turns":3},{"damage":0,"enemies":"2 Louse","floor":3,"turns":2},{"damage":0,"enemies":"Lots of Slimes","floor":4,"turns":3},{"damage":0,"enemies":"Blue Slaver","floor":5,"turns":3},{"damage":11,"enemies":"3 Sentries","floor":7,"turns":5},{"damage":0,"enemies":"3 Louse","floor":8,"turns":2},{"damage":0,"enemies":"2 Fungi Beasts","floor":9,"turns":4},{"damage":9,"enemies":"Lagavulin","floor":10,"turns":4},{"damage":4,"enemies":"2 Fungi Beasts","floor":11,"turns":2},{"damage":3,"enemies":"Looter","floor":12,"turns":2},{"damage":0,"enemies":"Exordium Wildlife","floor":13,"turns":4},{"damage":0,"enemies":"Slime Boss","floor":16,"turns":3},{"damage":12,"enemies":"Elementarium:2_ELEMENTALS","floor":18,"turns":5},{"damage":1,"enemies":"Elementarium:VoidCorruption","floor":21,"turns":2},{"damage":8,"enemies":"Elementarium:FIRE_NOBILITY","floor":23,"turns":4},{"damage":20,"enemies":"Elementarium:WarGolem","floor":25,"turns":2},{"damage":3,"enemies":"Elementarium:ElementalPortal","floor":27,"turns":3},{"damage":8,"enemies":"Elementarium:Hydrostalker","floor":28,"turns":2},{"damage":0,"enemies":"Elementarium:VOID_CORRUPTION_AND_ORB_OF_FIRE","floor":31,"turns":3},{"damage":20,"enemies":"Elementarium:GoldenDragon","floor":33,"turns":3},{"damage":0,"enemies":"3 Shapes","floor":35,"turns":4},{"damage":0,"enemies":"Orb Walker","floor":36,"turns":2},{"damage":0,"enemies":"Maw","floor":37,"turns":4},{"damage":11,"enemies":"Jaw Worm Horde","floor":38,"turns":3},{"damage":16,"enemies":"2 Orb Walkers","floor":39,"turns":3},{"damage":0,"enemies":"Giant Head","floor":40,"turns":4},{"damage":0,"enemies":"conspire:MimicChest","floor":41,"turns":3},{"damage":28,"enemies":"Nemesis","floor":42,"turns":3},{"damage":0,"enemies":"Transient","floor":44,"turns":4},{"damage":1,"enemies":"Spire Growth","floor":45,"turns":3},{"damage":12,"enemies":"Writhing Mass","floor":46,"turns":3},{"damage":18,"enemies":"hubris:GrandSnecko","floor":50,"turns":4},{"damage":6,"enemies":"hubris:Merchant","floor":53,"turns":4},{"damage":0,"enemies":"Shield and Spear","floor":54,"turns":6},{"damage":12,"enemies":"The Heart","floor":55,"turns":5}],"seed_played":"-6550133832687004294","potions_obtained":[{"floor":3,"key":"ColorlessPotion"},{"floor":8,"key":"BlessingOfTheForge"},{"floor":11,"key":"Languid Potion"},{"floor":12,"key":"Cursed Concoction"},{"floor":13,"key":"BlessingOfTheForge"},{"floor":21,"key":"DuplicationPotion"},{"floor":23,"key":"FearPotion"},{"floor":33,"key":"Block Potion"},{"floor":35,"key":"PowerPotion"},{"floor":38,"key":"BlessingOfTheForge"},{"floor":40,"key":"SteroidPotion"},{"floor":45,"key":"jedi:StrikingPotion"}],"is_trial":false,"path_per_floor":["M","M","M","M","M","R","E","M","MIM","E","M","M","M","?","R","B",null,"?","AVR","?","?","?","E","T","E","T","E","?","T","?","?","T","B",null,"?","?","?","?","?","E","?","E","T","?","?","?","T","?","T","B",null,"T","T","E","B",null],"character_chosen":"THE_DEFAULT","items_purchased":["StuffTheSpire:Rhapsscallions","Membership Card","Magic Flower","Lantern","CultistPotion","LiquidBronze","Venom Potion"],"campfire_rested":2,"item_purchase_floors":[53,53,53,53,53,53,53],"current_hp_per_floor":[75,79,83,88,92,92,86,86,90,86,86,83,87,87,87,92,113,113,113,113,116,77,74,74,58,58,83,80,96,96,96,96,81,96,96,101,111,100,89,116,121,93,93,98,116,109,136,136,136,123,137,137,132,147,135],"gold":4535,"neow_bonus":"RANDOM_COLORLESS","is_daily":false,"chose_seed":false,"campfire_upgraded":5,"win_rate":0.0,"timestamp":1610828961,"path_taken":["M","M","?","M","?","R","E","M","MIM","E","M","?","M","?","R","BOSS","?","AVR","?","?","?","E","T","E","T","E","?","T","?","?","T","BOSS","?","?","?","?","?","E","?","E","T","?","?","?","T","?","T","BOSS","T","T","E","BOSS"],"items_purchased_type":["Relic","Relic","Relic","Relic","Potion","Potion","Potion"],"build_version":"2020-12-22","purchased_purges":1,"victory":true,"max_hp_per_floor":[75,80,84,89,93,93,98,98,102,107,111,111,115,115,115,120,120,124,124,124,128,77,82,82,86,86,91,96,96,96,96,96,101,101,101,106,111,111,116,116,121,121,121,126,131,136,136,136,136,141,141,141,142,154,154],"card_choices":[{"not_picked":["StuffTheSpire:FreeRealEstate","Blind"],"picked":"ReplayTheSpireMod:Uncanny Aura","floor":0},{"not_picked":["theMarked:Electrocute+1","theMarked:WardOff+1"],"picked":"theMarked:SwordAndMagic+1","floor":1},{"not_picked":["theMarked:WastefulAttack+1","theMarked:Reabsorb+1"],"picked":"theMarked:ChainLightning+1","floor":2},{"not_picked":["theMarked:MysticalArsenal+1","theMarked:Aftermath+1"],"picked":"theMarked:AttractMetal+1","floor":3},{"not_picked":["theMarked:WardOff+1","theMarked:Static+1"],"picked":"theMarked:Parkour+1","floor":4},{"not_picked":["theMarked:ElectricStrings+1","theMarked:Standoff+1"],"picked":"theMarked:Opportunist+1","floor":5},{"not_picked":["theMarked:WastefulDefense+1","theMarked:Frustration+1","theMarked:WardOff+1"],"picked":"SKIP","floor":7},{"not_picked":["theMarked:ResourceFulStrike+1","theMarked:EnhanceMovement+1"],"picked":"theMarked:EmpowerWeapon+1","floor":8},{"not_picked":["theMarked:Panic+1","theMarked:EmpowerWeapon+1","theMarked:WardOff+1"],"picked":"SKIP","floor":10},{"not_picked":["theMarked:ChainLightning+1","theMarked:Improvise+1","theMarked:UnarmedFury+1"],"picked":"SKIP","floor":11},{"not_picked":["theMarked:BanishingStrike+1","theMarked:TakeCover+1"],"picked":"theMarked:ParalyzingBlade+1","floor":12},{"not_picked":["theMarked:WastefulDefense+1","theMarked:ChainLightning+1","theMarked:HeightenedSenses+1"],"picked":"SKIP","floor":13},{"not_picked":["Barricade+1","theMarked:FavorableWinds+1"],"picked":"Reaper+1","floor":16},{"not_picked":["theMarked:Parkour+1","theMarked:BanishingStrike+1"],"picked":"theMarked:ParalyzingBlade+1","floor":18},{"not_picked":["theMarked:PowerFlow+1","theMarked:Overthink+1"],"picked":"theMarked:ComboAttacks+1","floor":21},{"not_picked":["theMarked:Polarize+1","theMarked:Opportunist+1","theMarked:Generate+1"],"picked":"SKIP","floor":23},{"not_picked":["theMarked:CreepingChasm+1","theMarked:SwordAndMagic+1"],"picked":"theMarked:SoldierForm+1","floor":25},{"not_picked":["theMarked:SwordAndMagic+1","theMarked:ParalyzingBlade+1","theMarked:Opportunist+1"],"picked":"SKIP","floor":27},{"not_picked":["theMarked:Polarize+1","theMarked:PowerFlow+1","theMarked:EmpowerWeapon+1"],"picked":"SKIP","floor":28},{"not_picked":["theMarked:ChainLightning+1","theMarked:Indomitable+1","theMarked:ReduceFriction+1"],"picked":"SKIP","floor":31},{"not_picked":["theMarked:MagicAdept+1","theMarked:BindingBlade+1"],"picked":"theMarked:Challenge+1","floor":33},{"not_picked":["theMarked:HeightenedSenses+1","theMarked:Improvise+1","theMarked:Electrocute+1"],"picked":"SKIP","floor":35},{"not_picked":["theMarked:Static+1","theMarked:RepellingDischarge+1","theMarked:Reabsorb+1"],"picked":"SKIP","floor":36},{"not_picked":["theMarked:ContemptForTheProud+1","theMarked:BanishingStrike+1","theMarked:ThrowWeapon+1"],"picked":"SKIP","floor":37},{"not_picked":["theMarked:Overthink+1","theMarked:Parkour+1","theMarked:WastefulDefense+1"],"picked":"SKIP","floor":38},{"not_picked":["theMarked:WastefulDefense+1","theMarked:Aftermath+1"],"picked":"theMarked:RogueSparks+1","floor":39},{"not_picked":["theMarked:WardOff+1","theMarked:Parkour+1","theMarked:Improvise+1"],"picked":"SKIP","floor":40},{"not_picked":["theMarked:CreepingChasm+1","theMarked:BanishingStrike+1"],"picked":"theMarked:RogueSparks+1","floor":42},{"not_picked":["theMarked:HeightenedSenses+1","theMarked:EmpowerWeapon+1","theMarked:WastefulDefense+1"],"picked":"SKIP","floor":44},{"not_picked":["theMarked:ResourceFulStrike+1","theMarked:RepellingDischarge+1"],"picked":"theMarked:StartUp+1","floor":45},{"not_picked":["theMarked:ComboAttacks+1","theMarked:SelfDefenseTraining+1","theMarked:MysticalArsenal+1"],"picked":"SKIP","floor":46},{"not_picked":["theMarked:WastefulAttack+1"],"picked":"SKIP","floor":53},{"not_picked":["theMarked:LightningStrikesTwice+1"],"picked":"SKIP","floor":53},{"not_picked":["theMarked:Static+1"],"picked":"SKIP","floor":53},{"not_picked":["theMarked:HeightenedSenses+1"],"picked":"SKIP","floor":53},{"not_picked":["theMarked:DeterminationOfTheMarked+1"],"picked":"SKIP","floor":53},{"not_picked":["Replay:Sssssssssshield+1"],"picked":"SKIP","floor":53},{"not_picked":["Mayhem+1"],"picked":"SKIP","floor":53},{"not_picked":["theMarked:Overthink+1","theMarked:Parkour+1","theMarked:WastefulDefense+1"],"picked":"SKIP","floor":54}],"player_experience":2135126,"relics_obtained":[{"floor":9,"key":"PreservedInsect"},{"floor":10,"key":"infinitespire:EmpoweringShard"},{"floor":18,"key":"wanderingMiniBosses:OtherGremlinHorn"},{"floor":23,"key":"Ginger"},{"floor":25,"key":"Bottled Lightning"},{"floor":27,"key":"Centennial Puzzle"},{"floor":39,"key":"Replay:Kaleidoscope"},{"floor":40,"key":"RetroEgg"},{"floor":41,"key":"Replay:Wax Seal"},{"floor":42,"key":"Boot"},{"floor":43,"key":"beaked:ShinyBauble"},{"floor":53,"key":"halation:Thesaurus"},{"floor":53,"key":"Nunchaku"},{"floor":54,"key":"vexMod:PlasmaPancake"}],"event_choices":[{"damage_healed":0,"gold_gain":0,"player_choice":"Simplicity","damage_taken":0,"max_hp_gain":0,"max_hp_loss":9,"event_name":"betterThird:BetterWriting","floor":0,"gold_loss":0},{"damage_healed":0,"gold_gain":0,"player_choice":"Take","damage_taken":0,"relics_obtained":["Elementarium:FlickeringLantern"],"max_hp_gain":0,"max_hp_loss":0,"event_name":"Elementarium:HeartOfTheVoid","floor":20,"gold_loss":0},{"damage_healed":0,"gold_gain":0,"player_choice":"Touch","damage_taken":0,"max_hp_gain":0,"max_hp_loss":51,"event_name":"Elementarium:ElementalBlades","floor":22,"gold_loss":0,"cards_obtained":["Elementarium:FireblessedBlade","Elementarium:WindblessedBlade","Elementarium:EarthblessedBlade","Elementarium:IceblessedBlade","Elementarium:VoidblessedBlade"]},{"damage_healed":0,"gold_gain":0,"player_choice":"Fight","damage_taken":0,"max_hp_gain":0,"max_hp_loss":0,"event_name":"Mysterious Sphere","floor":39,"gold_loss":0}],"is_beta":false,"boss_relics":[{"not_picked":["conspire:RunicOctahedron","Runic Dome"],"picked":"Painkiller Herb"},{"not_picked":["Abe\u0027s Treasure","halation:MonkeysPaw"],"picked":"hubris:TerracottaHorce"}],"items_purged_floors":[19],"is_endless":false,"potions_floor_spawned":[3,8,11,12,13,21,23,25,33,35,38,40,44,45],"ascension_level":10}}