{"host":"41vgbr386mrj4p17","time":1610769803,"event":{"mods":["AchievementEnabler","AlwaysNeverKeys","BaseMod","Bestiary","Better Altar","Better Match","Better Note","Better Sensory Stone","Better Skull","Better Third Choice","Colored Map","Curses Come First","Downfall","Googly Eyes","Hermit","Highlight Path","Minty Spire (QoL Compilation)","Shade Mod","StSLib","The Cursed"],"gold_per_floor":[114,114,39,139,149,182,192,232,308,339,353,365,374,403,403,510,510,528,233,255,255,354,397,397,438,462,462,462,476,40,67,67,168,168,182,182,29,48,58,58,109,134,134,134,134],"floor_reached":44,"language":"ENG","playtime":3906,"items_purged":["Shade:Strike_Shade","Shade:Defend_Shade","Shade:Strike_Shade"],"score":834,"play_id":"9b7cba73-f920-41a0-ad58-48357f3b994b","local_time":"20210115230323","is_ascension_mode":true,"campfire_choices":[{"data":"Shade:SpontaneousRitual","floor":15,"key":"SMITH"},{"data":"Shade:Carnophage","floor":24,"key":"SMITH"},{"floor":27,"key":"REST"},{"floor":32,"key":"REST"},{"data":"Shade:FreshBones","floor":40,"key":"SMITH"}],"circlet_count":0,"master_deck":["Shade:Strike_Shade","Shade:Strike_Shade","Shade:Defend_Shade","Shade:Defend_Shade","Shade:Defend_Shade","Shade:AnimateDead+1","Shade:CarefulCut","Shade:Excise","Shade:OpenGraves","Shade:LoseControl","Shade:SpontaneousRitual+1","Deep Breath","Shade:LichForm","Shade:FuneraryArmor","Shade:Carnophage+1","Shade:Excise","Shade:AuraOfUnlife+1","Shade:FreshBones+1"],"relics":["Shade:YorickSkull","Girya","CeramicFish","InkBottle","Thread and Needle","Boot","Philosopher\u0027s Stone","Pen Nib","Nunchaku","Molten Egg 2","Blood Vial","Bird Faced Urn","Busted Crown","Bronze Scales","Omamori","The Courier"],"acts_visited":["Exordium","TheCity","TheBeyond"],"potions_floor_usage":[6,12,14,18,18,20,20,20,20,25,28,38,41,41,44],"damage_taken":[{"damage":0,"enemies":"Jaw Worm","floor":1,"turns":5},{"damage":0,"enemies":"Cultist","floor":5,"turns":3},{"damage":3,"enemies":"Lagavulin","floor":6,"turns":7},{"damage":0,"enemies":"Small Slimes","floor":7,"turns":3},{"damage":14,"enemies":"3 Sentries","floor":8,"turns":10},{"damage":4,"enemies":"Lagavulin","floor":10,"turns":5},{"damage":0,"enemies":"2 Fungi Beasts","floor":11,"turns":4},{"damage":0,"enemies":"3 Louse","floor":12,"turns":4},{"damage":0,"enemies":"Gremlin Nob","floor":14,"turns":4},{"damage":14,"enemies":"The Guardian","floor":16,"turns":10},{"damage":19,"enemies":"2 Thieves","floor":18,"turns":4},{"damage":10,"enemies":"3 Byrds","floor":20,"turns":3},{"damage":2,"enemies":"Book of Stabbing","floor":23,"turns":6},{"damage":22,"enemies":"Slavers","floor":25,"turns":6},{"damage":0,"enemies":"Gremlin Leader","floor":28,"turns":2},{"damage":19,"enemies":"Snake Plant","floor":29,"turns":4},{"damage":7,"enemies":"3 Cultists","floor":31,"turns":6},{"damage":0,"enemies":"Champ","floor":33,"turns":8},{"damage":42,"enemies":"3 Darklings","floor":35,"turns":6},{"damage":10,"enemies":"3 Shapes","floor":38,"turns":3},{"damage":19,"enemies":"Writhing Mass","floor":39,"turns":5},{"damage":0,"enemies":"2 Orb Walkers","floor":41,"turns":5},{"damage":5,"enemies":"Giant Head","floor":42,"turns":7},{"damage":64,"enemies":"Reptomancer","floor":44,"turns":2}],"seed_played":"8427289353928198922","potions_obtained":[{"floor":5,"key":"Weak Potion"},{"floor":6,"key":"DuplicationPotion"},{"floor":10,"key":"SkillPotion"},{"floor":11,"key":"BlessingOfTheForge"},{"floor":12,"key":"SpeedPotion"},{"floor":16,"key":"EntropicBrew"},{"floor":20,"key":"Explosive Potion"},{"floor":25,"key":"SmokeBomb"},{"floor":29,"key":"Weak Potion"},{"floor":35,"key":"SpeedPotion"},{"floor":39,"key":"Fire Potion"},{"floor":41,"key":"BlessingOfTheForge"},{"floor":42,"key":"SteroidPotion"}],"is_trial":false,"path_per_floor":["M","?","$","?","M","E","M","E","T","E","M","M","?","E","R","B",null,"M","$","M","?","?","E","R","E","T","R","E","M","$","M","R","B",null,"M","?","$","M","M","R","?","E","T","E"],"character_chosen":"SHADE","items_purchased":["Shade:FuneraryArmor","Pen Nib","Bird Faced Urn","Bronze Scales"],"campfire_rested":2,"item_purchase_floors":[19,19,30,37],"current_hp_per_floor":[59,59,59,59,59,56,56,42,42,38,38,38,38,38,38,24,55,36,36,26,26,26,24,24,2,2,21,23,6,6,9,28,38,58,25,25,25,25,16,16,26,31,31,0,0],"gold":134,"neow_bonus":"UPGRADE_CARD","is_daily":false,"chose_seed":false,"campfire_upgraded":3,"win_rate":0.0,"timestamp":1610769803,"path_taken":["M","?","$","?","M","E","?","E","T","E","M","M","?","E","R","BOSS","M","$","M","?","?","E","R","E","T","R","E","M","$","M","R","BOSS","M","?","$","M","M","R","?","E","T","E"],"items_purchased_type":["Card","Relic","Relic","Relic"],"build_version":"2020-12-22","purchased_purges":3,"victory":false,"max_hp_per_floor":[65,65,65,65,65,65,65,65,65,65,65,65,65,65,65,65,65,65,65,65,65,65,65,65,65,65,65,65,65,65,65,65,65,65,65,65,65,65,65,65,65,65,65,65,65],"card_choices":[{"not_picked":["Shade:WallOfFlesh","Shade:FingerOfDeath","Shade:FeralStrike"],"picked":"SKIP","floor":1},{"not_picked":["Shade:FuneraryArmor","Shade:Haruspicy"],"picked":"Shade:Excise","floor":5},{"not_picked":["Shade:SkeletonHug","Shade:Premonition"],"picked":"Shade:OpenGraves","floor":6},{"not_picked":["Shade:Trample","Shade:Bonestorm"],"picked":"Shade:LoseControl","floor":7},{"not_picked":["Shade:FreshBones","Shade:CloudOfShrapnel"],"picked":"Shade:SpontaneousRitual","floor":8},{"not_picked":["Shade:FeralStrike","Shade:Trample","Shade:Brains"],"picked":"SKIP","floor":10},{"not_picked":["Shade:Bonestorm","Shade:SkeletonHug","Shade:AblativeArmor"],"picked":"SKIP","floor":11},{"not_picked":["Shade:SkeletonHug","Shade:LyeBath","Shade:AblativeArmor"],"picked":"SKIP","floor":12},{"not_picked":["Dark Shackles","Good Instincts"],"picked":"Deep Breath","floor":13},{"not_picked":["Shade:Asphyxiate","Shade:BoneShards","Shade:CloudOfShrapnel"],"picked":"SKIP","floor":14},{"not_picked":["Shade:LastGasp","Shade:Tombstone"],"picked":"Shade:LichForm","floor":16},{"not_picked":["Shade:FingerOfDeath+1","Shade:ClawBack","Shade:Awaken"],"picked":"SKIP","floor":18},{"not_picked":["Shade:FeralStrike","Shade:ExtraLimbs"],"picked":"Shade:Carnophage","floor":20},{"not_picked":["Shade:OminousRitual","Shade:LyeBath"],"picked":"Shade:Excise","floor":23},{"not_picked":["Shade:Bite_Shade+1","Shade:OpenGraves"],"picked":"Shade:AuraOfUnlife+1","floor":25},{"not_picked":["Shade:SpectralStrikes+1","Shade:Asphyxiate+1","Shade:FeralStrike+1"],"picked":"SKIP","floor":29},{"not_picked":["Shade:Excise+1","Shade:Trample+1"],"picked":"Shade:FreshBones","floor":31},{"not_picked":["Shade:FeralStrike+1"],"picked":"SKIP","floor":35},{"not_picked":["Shade:FeralStrike+1"],"picked":"SKIP","floor":38},{"not_picked":["Shade:SkeletonHug+1"],"picked":"SKIP","floor":39},{"not_picked":["Shade:Doomsay+1"],"picked":"SKIP","floor":42}],"player_experience":1035672,"relics_obtained":[{"floor":6,"key":"Girya"},{"floor":8,"key":"CeramicFish"},{"floor":9,"key":"InkBottle"},{"floor":10,"key":"Thread and Needle"},{"floor":14,"key":"Boot"},{"floor":23,"key":"Nunchaku"},{"floor":25,"key":"Molten Egg 2"},{"floor":26,"key":"Blood Vial"},{"floor":42,"key":"Omamori"},{"floor":43,"key":"The Courier"}],"event_choices":[{"damage_healed":59,"gold_gain":0,"player_choice":"Leave","damage_taken":0,"max_hp_gain":0,"max_hp_loss":65,"event_name":"betterThird:BetterShining","floor":2,"gold_loss":0},{"damage_healed":0,"gold_gain":100,"player_choice":"Pray","damage_taken":0,"max_hp_gain":0,"max_hp_loss":0,"event_name":"Golden Shrine","floor":4,"gold_loss":0},{"damage_healed":0,"gold_gain":1,"player_choice":"1","damage_taken":0,"max_hp_gain":0,"max_hp_loss":0,"event_name":"betterStone:BetterStone","floor":13,"gold_loss":0},{"damage_healed":0,"gold_gain":0,"player_choice":"Ignored","damage_taken":0,"max_hp_gain":0,"max_hp_loss":0,"event_name":"Ghosts","floor":21,"gold_loss":0},{"damage_healed":0,"gold_gain":99,"player_choice":"Steal","damage_taken":0,"max_hp_gain":0,"max_hp_loss":0,"event_name":"betterThird:BetterNest","floor":22,"gold_loss":0},{"damage_healed":0,"gold_gain":0,"player_choice":"Ignored","damage_taken":0,"max_hp_gain":0,"max_hp_loss":0,"event_name":"Tomb of Lord Red Mask","floor":36,"gold_loss":0},{"damage_healed":0,"gold_gain":0,"player_choice":"Fight","damage_taken":0,"max_hp_gain":0,"max_hp_loss":0,"event_name":"Mysterious Sphere","floor":41,"gold_loss":0}],"is_beta":false,"boss_relics":[{"not_picked":["Cursed Key","Calling Bell"],"picked":"Philosopher\u0027s Stone"},{"not_picked":["Velvet Choker","SacredBark"],"picked":"Busted Crown"}],"items_purged_floors":[3,19,30],"is_endless":false,"potions_floor_spawned":[5,6,10,11,12,16,20,25,29,35,39,41,42],"killed_by":"Reptomancer","ascension_level":7}}