{"host":"m5bsg12zcyqnofur","time":1610777153,"event":{"mods":["AchievementEnabler","BaseMod","BetterRewards","Colored Powertips","Hermit","Highlight Path","Minty Spire (QoL Compilation)","Quick Restart","Replay The Spire","Shop Mod","StSLib","The Bug Knight"],"gold_per_floor":[117,136,155,169,183,183,210,160,230,260,260,285,285,315,315,411,411,431,446,99,109,109,141,141,172,254,283,283,303,403,430,430,528,528,540,560,610,510,524,551,567,600,649,684,703,703,723,756,756,859,859,870,870,644,644,662,689,689,703,757,789,789,817,356,374,466,561,561,580,592,353,372,404,430,430,463,494,494,528,528,528,195,270,288,288,383,383,301,363,379,397,397,454,202,214,248,34,62,77,107,137,190,289,289,303,37,37,39,102,102,102,162,192,207,207,226,236,271,271,368,368,368],"floor_reached":121,"language":"ENG","playtime":5979,"items_purged":["HollowMod:WhiteLadysBlessing","HollowMod:DoubleDash","HollowMod:VengefulVoid","HollowMod:DescendingDark","HollowMod:WraithStrike+1","HollowMod:VengefulVoid","Amnesia","HollowMod:DescendingDark","HollowMod:CloakDash","HollowMod:BlackTendrils"],"score":4285,"play_id":"45e0f60d-12e1-4f93-89bb-dd8f4b1f3438","local_time":"20210116000553","daily_mods":["SealedDeck","DeadlyEvents","Elite Swarm"],"is_ascension_mode":true,"campfire_choices":[{"data":"HollowMod:ShadowDash","floor":6.0,"key":"SMITH"},{"data":"HollowMod:ShadowDash","floor":13.0,"key":"SMITH"},{"data":"HollowMod:MantisMark","floor":15,"key":"SMITH"},{"data":"HollowMod:SlysStrikes","floor":24,"key":"SMITH"},{"floor":32,"key":"DIG"},{"data":"HollowMod:SlysStrikes","floor":46,"key":"SMITH"},{"data":"1","floor":49,"key":"LIFT"},{"data":"2","floor":58,"key":"LIFT"},{"data":"3","floor":62,"key":"LIFT"},{"data":"HollowMod:DescendingDark","floor":75,"key":"SMITH"},{"floor":85,"key":"DIG"},{"data":"HollowMod:ShadowDash+1","floor":110,"key":"PURGE"},{"data":"HollowMod:VengefulVoid","floor":115,"key":"PURGE"},{"data":"HollowMod:WraithStrike","floor":119,"key":"SMITH"}],"circlet_count":0,"master_deck":["HollowMod:ShapeofUnn+1","HollowMod:MantisMark+1","HollowMod:VengefulVoid+1","HollowMod:ShadowDash+1","HollowMod:VoidDash+1","HollowMod:SiblingsShadow+1","HollowMod:SlysStrikes+1","HollowMod:SiblingsSouls+1","HollowMod:DescendingDark+1","HollowMod:SlysStrikes+1","HollowMod:WraithStrike+1","HollowMod:ShapeofUnn+1","Pot Of Greed+1","Pot Of Greed+1"],"relics":["Unceasing Top","Ancient Tea Set","Pantograph","Replay:Multitool","Chameleon Ring","Replay:Bottled Eggs","Replay:Baseball","Bag of Preparation","Toxic Egg 2","Ring of Chaos","Replay:Kaleidoscope","Centennial Puzzle","ReplayTheSpireMod:TigerMarble","Pear","Girya","ReplayTheSpireMod:DimensionalGlitch","Membership Card","ReplayTheSpireMod:Ninjato","Replay:Rubber Ducky","MerchantsRug","Coffee Dripper","Torii","TungstenRod","HollowMod:JonisBlessing","Happy Flower","Replay:Ancient Bell","Pen Nib","Singing Bowl","Pondfish Scales","Kunai","Grinning Jar","Busted Crown","Medical Kit","War Paint","Shuriken","Gremlin Horn","SacredBark"],"acts_visited":["Exordium","TheCity","TheBeyond","Exordium","TheCity","TheBeyond","Exordium","TheCity"],"potions_floor_usage":[30,36,73],"damage_taken":[{"damage":0.0,"enemies":"2 Louse","floor":1.0,"turns":1.0},{"damage":0.0,"enemies":"Small Slimes","floor":2.0,"turns":2.0},{"damage":10.0,"enemies":"Jaw Worm","floor":3.0,"turns":2.0},{"damage":2.0,"enemies":"Looter","floor":4.0,"turns":2.0},{"damage":0.0,"enemies":"Gremlin Gang","floor":5.0,"turns":1.0},{"damage":0.0,"enemies":"3 Sentries","floor":7.0,"turns":3.0},{"damage":0.0,"enemies":"Lagavulin","floor":10.0,"turns":5.0},{"damage":0.0,"enemies":"Gremlin Nob","floor":12.0,"turns":3.0},{"damage":0,"enemies":"3 Sentries","floor":14,"turns":2},{"damage":0,"enemies":"Fading Forest","floor":16,"turns":11},{"damage":0,"enemies":"3 Byrds","floor":18,"turns":2},{"damage":0,"enemies":"Chosen","floor":19,"turns":3},{"damage":0,"enemies":"Snake Plant","floor":21,"turns":2},{"damage":2,"enemies":"Book of Stabbing","floor":23,"turns":3},{"damage":12,"enemies":"HollowMod:Nosk","floor":25,"turns":4},{"damage":0,"enemies":"Replay:Snechameleon","floor":27,"turns":3},{"damage":14,"enemies":"Shelled Parasite and Fungi","floor":29,"turns":2},{"damage":6,"enemies":"Colosseum Slavers","floor":30,"turns":4},{"damage":0,"enemies":"Colosseum Nobs","floor":30,"turns":3},{"damage":0,"enemies":"Book of Stabbing","floor":31,"turns":2},{"damage":14,"enemies":"Pondfish","floor":33,"turns":5},{"damage":0,"enemies":"Orb Walker","floor":35,"turns":2},{"damage":0,"enemies":"3 Darklings","floor":36,"turns":2},{"damage":0,"enemies":"Mind Bloom Boss Battle","floor":37,"turns":3},{"damage":0,"enemies":"Sphere and 2 Shapes","floor":39,"turns":1},{"damage":0,"enemies":"Giant Head","floor":40,"turns":3},{"damage":0,"enemies":"Writhing Mass","floor":41,"turns":2},{"damage":0,"enemies":"R_Hoarder","floor":42,"turns":5},{"damage":0,"enemies":"Reptomancer","floor":44,"turns":3},{"damage":10,"enemies":"Jaw Worm Horde","floor":45,"turns":2},{"damage":16,"enemies":"Sphere and 2 Shapes","floor":47,"turns":2},{"damage":0,"enemies":"Nemesis","floor":48,"turns":3},{"damage":0,"enemies":"Replay:Hell Engine","floor":50,"turns":3},{"damage":0,"enemies":"Small Slimes","floor":52,"turns":1},{"damage":0,"enemies":"2 Louse","floor":56,"turns":1},{"damage":0,"enemies":"Lagavulin","floor":57,"turns":4},{"damage":0,"enemies":"Cultist","floor":59,"turns":1},{"damage":0,"enemies":"3 Sentries","floor":61,"turns":1},{"damage":0,"enemies":"Lagavulin","floor":63,"turns":1},{"damage":0,"enemies":"Gremlin Gang","floor":65,"turns":1},{"damage":0,"enemies":"The Guardian","floor":67,"turns":3},{"damage":0,"enemies":"3 Byrds","floor":69,"turns":2},{"damage":0,"enemies":"Chosen","floor":70,"turns":1},{"damage":0,"enemies":"Sentry and Sphere","floor":72,"turns":1},{"damage":15,"enemies":"Slavers","floor":73,"turns":2},{"damage":0,"enemies":"Gremlin Leader","floor":74,"turns":2},{"damage":0,"enemies":"Slavers","floor":76,"turns":1},{"damage":0,"enemies":"Book of Stabbing","floor":77,"turns":2},{"damage":0,"enemies":"HollowMod:Nosk","floor":79,"turns":1},{"damage":0,"enemies":"Snake Plant","floor":84,"turns":1},{"damage":0,"enemies":"Collector","floor":86,"turns":2},{"damage":0,"enemies":"3 Darklings","floor":88,"turns":3},{"damage":0,"enemies":"Orb Walker","floor":90,"turns":1},{"damage":6,"enemies":"Spire Growth","floor":91,"turns":2},{"damage":0,"enemies":"Writhing Mass","floor":95,"turns":1},{"damage":0,"enemies":"Giant Head","floor":96,"turns":2},{"damage":0,"enemies":"Reptomancer","floor":98,"turns":2},{"damage":0,"enemies":"3 Darklings","floor":99,"turns":1},{"damage":0,"enemies":"HollowMod:StalkingDevout","floor":100,"turns":2},{"damage":0,"enemies":"Reptomancer","floor":101,"turns":2},{"damage":0,"enemies":"Time Eater","floor":103,"turns":3},{"damage":0,"enemies":"2 Louse","floor":105,"turns":1},{"damage":0,"enemies":"Gremlin Nob","floor":109,"turns":2},{"damage":0,"enemies":"Lagavulin","floor":113,"turns":2},{"damage":0,"enemies":"Cultist","floor":114,"turns":1},{"damage":0,"enemies":"Small Slimes","floor":116,"turns":1},{"damage":0,"enemies":"2 Fungi Beasts","floor":117,"turns":2},{"damage":0,"enemies":"3 Sentries","floor":118,"turns":2},{"damage":0,"enemies":"The Guardian","floor":120,"turns":3}],"seed_played":"-1556417567378298242","potions_obtained":[{"floor":4.0,"key":"DuplicationPotion"},{"floor":5.0,"key":"Block Potion"},{"floor":12.0,"key":"PowerPotion"},{"floor":14,"key":"LiquidMemories"},{"floor":30,"key":"Weak Potion"},{"floor":36,"key":"Elixir"},{"floor":77,"key":"Explosive Potion"},{"floor":88,"key":"FairyPotion"}],"is_trial":true,"path_per_floor":["M","M","M","M","M","R","E","$","T","E","R","E","R","E","R","B",null,"M","M","$","M","?","E","R","E","T","E","R","M","?","E","R","B",null,"M","M","?","$","M","E","M","E","T","E","M","R","M","E","R","B",null,"M","?","$","?","M","E","R","M","T","E","R","E","$","M","R","B",null,"M","M","$","M","E","E","R","E","E","R","E","PTL","PTL","$","?","M","R","B",null,"M","$","M","M","?","R","$","M","E","$","E","M","E","E","R","B",null,"M","$","?","$","?","R","$","R","E","M","R","M","M","E","R","B",null],"character_chosen":"THE_BUGKNIGHT","items_purchased":["HollowMod:ShadowDash","Replay:Baseball","HollowMod:SiblingsShadow","HollowMod:VengefulVoid","Fruit Juice","Membership Card","ReplayTheSpireMod:Ninjato","Replay:Rubber Ducky","MerchantsRug","Torii","TungstenRod","HollowMod:JonisBlessing","Kunai","Grinning Jar","Medical Kit","War Paint","Shuriken"],"campfire_rested":0,"item_purchase_floors":[8,20,20,20,54,64,64,64,64,71,82,82,94,97,106,106,108],"current_hp_per_floor":[75,75,65,67,67,67,71,71,71,71,75,75,75,75,75,75,75,75,75,75,75,75,73,73,68,68,75,75,68,75,75,75,61,75,75,75,75,75,75,75,75,75,75,85,75,75,59,62,62,85,85,85,85,85,85,85,85,85,85,85,85,85,85,85,85,85,85,85,85,85,85,85,74,77,77,81,81,92,92,92,92,92,84,84,84,84,108,110,110,110,106,106,106,106,108,110,110,112,114,116,118,118,120,126,128,128,133,133,135,135,135,135,137,139,139,141,143,145,145,147,147,147],"gold":368,"neow_bonus":"","is_daily":false,"chose_seed":false,"campfire_upgraded":7,"win_rate":0.0,"timestamp":1610777153,"path_taken":["M","M","M","M","M","R","E","$","T","E","R","E","R","E","R","BOSS","M","M","$","M","?","E","R","E","T","E","R","M","?","E","R","BOSS","M","M","?","$","M","E","M","E","T","E","M","R","M","E","R","BOSS","M","?","$","?","?","E","R","?","T","E","R","E","$","M","R","BOSS","M","M","$","?","?","E","R","E","E","R","E","PTL","PTL","$","?","M","R","BOSS","M","$","M","?","?","R","$","M","E","$","E","M","?","E","R","BOSS","M","$","?","$","?","R","?","R","E","M","R","M","M","?","R","BOSS"],"items_purchased_type":["Card","Relic","Card","Card","Potion","Relic","Relic","Relic","Relic","Relic","Relic","Relic","Relic","Relic","Relic","Relic","Relic"],"build_version":"2020-12-22","purchased_purges":10,"victory":false,"max_hp_per_floor":[75,75,75,75,75,75,75,75,75,75,75,75,75,75,75,75,75,75,75,75,75,75,75,75,75,75,75,75,75,75,75,75,75,75,75,75,75,75,75,75,75,75,75,85,85,85,85,85,85,85,85,85,85,85,85,85,85,85,85,85,85,85,85,85,85,85,85,85,85,85,85,85,92,92,92,92,92,92,92,92,92,92,92,92,92,92,108,110,110,110,112,112,112,112,114,116,116,118,120,122,124,124,126,126,128,128,133,133,135,135,135,135,137,139,139,141,143,145,145,147,147,147],"card_choices":[{"not_picked":["HollowMod:HeavyBlow","HollowMod:CrystalDash"],"picked":"HollowMod:WraithStrike","floor":1.0},{"not_picked":["HollowMod:LifebloodCocoon","HollowMod:NewGlowingWomb","HollowMod:TaintedHusks"],"picked":"SKIP","floor":2.0},{"not_picked":["HollowMod:TaintedHusks","HollowMod:NewJinnsSoul","HollowMod:QuirrelsAssistance"],"picked":"SKIP","floor":3.0},{"not_picked":["HollowMod:NewGlowingWomb","HollowMod:SoulEater","HollowMod:CrystalDash"],"picked":"SKIP","floor":4.0},{"not_picked":["HollowMod:InfectionAssault","HollowMod:VoidDash"],"picked":"HollowMod:VengefulVoid","floor":5.0},{"not_picked":["HollowMod:HornetsHelp","HollowMod:Hiveblood","HollowMod:ZotesMagnificence"],"picked":"SKIP","floor":7.0},{"not_picked":["HollowMod:ZotesMagnificence","HollowMod:HornetsHelp"],"picked":"HollowMod:WhiteLadysBlessing","floor":10.0},{"not_picked":["HollowMod:Weaversong","HollowMod:AwokenDreamNail","HollowMod:theNailsmith"],"picked":"SKIP","floor":12.0},{"not_picked":["HollowMod:VoidDash","HollowMod:LifebloodCore","HollowMod:AwokenDreamNail"],"picked":"SKIP","floor":14},{"not_picked":["HollowMod:AwokenDreamNail","HollowMod:RadiancesLament"],"picked":"HollowMod:VoidDash","floor":16},{"not_picked":["HollowMod:MonomonsArchive","HollowMod:ChannelNail","HollowMod:HeavyBlow+1"],"picked":"SKIP","floor":18},{"not_picked":["HollowMod:InfectedCysts","HollowMod:HeavyBlow+1","HollowMod:ChannelNail"],"picked":"SKIP","floor":19},{"not_picked":["HollowMod:InfectedAttack","HollowMod:WraithStrike","HollowMod:SoulSplash"],"picked":"SKIP","floor":21},{"not_picked":["HollowMod:LifebloodCore","HollowMod:WhiteLadysBlessing"],"picked":"HollowMod:SlysStrikes","floor":23},{"not_picked":["HollowMod:AwokenDreamNail","HollowMod:NewInfectedGuardian","HollowMod:LifebloodCore"],"picked":"SKIP","floor":25},{"not_picked":["HollowMod:ElderbugsWisdom","HollowMod:LifebloodCore+1","HollowMod:WhiteLadysBlessing"],"picked":"SKIP","floor":27},{"not_picked":["HollowMod:TaintedHusks+1","HollowMod:ShadowDash+1","HollowMod:CoiledNail+1"],"picked":"SKIP","floor":29},{"not_picked":["HollowMod:SharpenedShadows","HollowMod:VengefulVoid+1"],"picked":"HollowMod:SiblingsSouls+1","floor":30},{"not_picked":["HollowMod:ZotesMagnificence","HollowMod:HerrahsAnger+1","HollowMod:WhiteLadysBlessing"],"picked":"SKIP","floor":31},{"not_picked":["HollowMod:HowlingWraiths","HollowMod:BaldurShell","HollowMod:NewJinnsSoul+1"],"picked":"SKIP","floor":35},{"not_picked":["HollowMod:LifebloodCocoon+1","HollowMod:SharpenedShadows","HollowMod:ShadowDash+1"],"picked":"SKIP","floor":36},{"not_picked":["HollowMod:Grubsong","HollowMod:CycloneSlash+1"],"picked":"HollowMod:DescendingDark","floor":37},{"not_picked":["HollowMod:DashSlash","HollowMod:VengefulVoid","HollowMod:GrimmsGift+1"],"picked":"SKIP","floor":39},{"not_picked":["HollowMod:SoulMaster","HollowMod:PaleKingsBlessing+1","HollowMod:Hiveblood+1"],"picked":"SKIP","floor":40},{"not_picked":["HollowMod:InfectedCysts","HollowMod:DesolateDive+1","HollowMod:ShadowDash+1"],"picked":"SKIP","floor":41},{"not_picked":["HollowMod:SoulMaster","HollowMod:theNailsmith+1"],"picked":"HollowMod:SlysStrikes","floor":42},{"not_picked":["HollowMod:VoidDash+1","HollowMod:HerrahsAnger+1","HollowMod:RadiancesLament+1"],"picked":"SKIP","floor":44},{"not_picked":["HollowMod:SiblingsSouls+1","HollowMod:CloakDash+1","HollowMod:MothsMistake"],"picked":"SKIP","floor":45},{"not_picked":["HollowMod:CoiledNail","HollowMod:ChannelNail+1","HollowMod:GoodIntentions+1"],"picked":"SKIP","floor":47},{"not_picked":["HollowMod:WhiteLadysBlessing","HollowMod:ElderbugsWisdom","HollowMod:RadiancesLament+1"],"picked":"SKIP","floor":48},{"not_picked":["HollowMod:TaintedHusks+1","HollowMod:ShadowDash+1","HollowMod:SoulSplash+1"],"picked":"SKIP","floor":52},{"not_picked":["HollowMod:Grubsong","HollowMod:SiblingsShadow+1","HollowMod:MothsMistake"],"picked":"SKIP","floor":56},{"not_picked":["HollowMod:WhiteLadysBlessing","HollowMod:MidwifesHunger","HollowMod:AwokenDreamNail"],"picked":"SKIP","floor":57},{"not_picked":["HollowMod:Grubsong","HollowMod:HeavyBlow","HollowMod:NewJinnsSoul+1"],"picked":"SKIP","floor":59},{"not_picked":["HollowMod:NewInfectedGuardian+1","HollowMod:MidwifesHunger","HollowMod:ElderbugsWisdom"],"picked":"SKIP","floor":61},{"not_picked":["HollowMod:WhiteLadysBlessing","HollowMod:PaleKingsBlessing+1","HollowMod:ElderbugsWisdom"],"picked":"SKIP","floor":63},{"not_picked":["HollowMod:SoulStrike","HollowMod:DashSlash","HollowMod:ChannelNail+1"],"picked":"SKIP","floor":65},{"not_picked":["HollowMod:InfectedCysts","HollowMod:MawleksShell+1","HollowMod:InfectedAttack"],"picked":"SKIP","floor":69},{"not_picked":["HollowMod:BaldurShell","HollowMod:Grubsong+1"],"picked":"HollowMod:WraithStrike","floor":70},{"not_picked":["HollowMod:ChannelNail+1","HollowMod:PureNailStrike","HollowMod:CrystalDash+1"],"picked":"SKIP","floor":72},{"not_picked":["HollowMod:VoidDash+1","HollowMod:SoulMaster","HollowMod:Weaversong"],"picked":"SKIP","floor":73},{"not_picked":["HollowMod:HornetsHelp","HollowMod:theNailsmith+1","HollowMod:NewInfectedGuardian+1"],"picked":"SKIP","floor":74},{"not_picked":["HollowMod:PaleKingsBlessing+1","HollowMod:RadiancesLament+1","HollowMod:WhiteLadysBlessing"],"picked":"SKIP","floor":76},{"not_picked":["HollowMod:PaleKingsBlessing+1","HollowMod:HornetsHelp","HollowMod:LifebloodCore+1"],"picked":"SKIP","floor":77},{"not_picked":["HollowMod:ElderbugsWisdom","HollowMod:WhiteLadysBlessing","HollowMod:PaleKingsBlessing+1"],"picked":"SKIP","floor":79},{"not_picked":["HollowMod:SoulStrike","HollowMod:MothsMistake+1","HollowMod:SharpenedNail"],"picked":"SKIP","floor":84},{"not_picked":["Normality","CurseOfTheBell","Injury"],"picked":"Singing Bowl","floor":87},{"not_picked":["Injury","Sickly","Amnesia"],"picked":"Singing Bowl","floor":87},{"not_picked":["Overencumbered","Languid"],"picked":"ReplayTheSpireMod:IOU","floor":87},{"not_picked":["HollowMod:QuirrelsAssistance+1","HollowMod:FastStrike","HollowMod:ElderbugsWisdom"],"picked":"Singing Bowl","floor":88},{"not_picked":["HollowMod:ShadowDash+1","HollowMod:FastStrike"],"picked":"HollowMod:ShapeofUnn","floor":90},{"not_picked":["HollowMod:HeavyBlow","HollowMod:NewJinnsSoul+1","HollowMod:ShadowDash+1"],"picked":"Singing Bowl","floor":91},{"not_picked":["HollowMod:CoiledNail+1","HollowMod:PerfectDash+1","HollowMod:SoulSplash+1"],"picked":"Singing Bowl","floor":95},{"not_picked":["HollowMod:VoidDash+1","HollowMod:PaleKingsBlessing+1","HollowMod:RadiancesLament+1"],"picked":"Singing Bowl","floor":96},{"not_picked":["HollowMod:NewInfectedGuardian+1","HollowMod:PaleKingsBlessing+1","HollowMod:Weaversong"],"picked":"Singing Bowl","floor":98},{"not_picked":["HollowMod:PerfectDash+1","HollowMod:ChannelNail+1","HollowMod:SharpenedNail+1"],"picked":"Singing Bowl","floor":99},{"not_picked":["HollowMod:HornetsHelp","HollowMod:ZotesMagnificence","HollowMod:theNailsmith+1"],"picked":"Singing Bowl","floor":100},{"not_picked":["HollowMod:SoulMaster","HollowMod:LifebloodCore+1","HollowMod:Weaversong"],"picked":"Singing Bowl","floor":101},{"not_picked":["HollowMod:LifebloodCore+1","HollowMod:Weaversong","HollowMod:RadiancesLament+1"],"picked":"Singing Bowl","floor":103},{"not_picked":["HollowMod:GrimmsGift+1"],"picked":"Singing Bowl","floor":105},{"not_picked":["HollowMod:MothsMistake"],"picked":"Singing Bowl","floor":109},{"not_picked":["HollowMod:Weaversong"],"picked":"Singing Bowl","floor":113},{"not_picked":["HollowMod:MawleksShell+1"],"picked":"Singing Bowl","floor":114},{"not_picked":["HollowMod:ShadowDash+1"],"picked":"Singing Bowl","floor":116},{"not_picked":["HollowMod:CycloneSlash"],"picked":"Singing Bowl","floor":117},{"not_picked":["HollowMod:PaleKingsBlessing+1"],"picked":"Singing Bowl","floor":118},{"not_picked":["HollowMod:WhiteLadysBlessing"],"picked":"Singing Bowl","floor":120}],"player_experience":239738,"relics_obtained":[{"floor":7.0,"key":"Ancient Tea Set"},{"floor":9.0,"key":"Pantograph"},{"floor":10.0,"key":"Replay:Multitool"},{"floor":12.0,"key":"Chameleon Ring"},{"floor":14,"key":"Replay:Bottled Eggs"},{"floor":23,"key":"CaptainsWheel"},{"floor":25,"key":"Bag of Preparation"},{"floor":26,"key":"Toxic Egg 2"},{"floor":30,"key":"Du-Vu Doll"},{"floor":30,"key":"Replay:WaspNest"},{"floor":31,"key":"Omamori"},{"floor":32,"key":"Darkstone Periapt"},{"floor":37,"key":"Replay:Kaleidoscope"},{"floor":40,"key":"Centennial Puzzle"},{"floor":42,"key":"Art of War"},{"floor":43,"key":"ReplayTheSpireMod:TigerMarble"},{"floor":44,"key":"Pear"},{"floor":48,"key":"Girya"},{"floor":60,"key":"HollowMod:PaleOreRelic"},{"floor":85,"key":"Happy Flower"},{"floor":109,"key":"Gremlin Horn"}],"event_choices":[{"damage_healed":0,"gold_gain":0,"player_choice":"Fight","damage_taken":0,"max_hp_gain":0,"max_hp_loss":0,"event_name":"Colosseum","floor":30,"gold_loss":0},{"damage_healed":0,"gold_gain":0,"player_choice":"Fought Nobs","damage_taken":0,"max_hp_gain":0,"max_hp_loss":0,"event_name":"Colosseum","floor":30,"gold_loss":0},{"damage_healed":0,"gold_gain":0,"player_choice":"Fight","damage_taken":0,"max_hp_gain":0,"max_hp_loss":0,"event_name":"MindBloom","floor":37,"gold_loss":0},{"damage_healed":0,"gold_gain":75,"player_choice":"Touch","damage_taken":9,"max_hp_gain":0,"max_hp_loss":0,"event_name":"FaceTrader","floor":83,"gold_loss":0},{"damage_healed":0,"gold_gain":0,"player_choice":"Ignored","damage_taken":0,"max_hp_gain":0,"max_hp_loss":0,"event_name":"Transmorgrifier","floor":92,"gold_loss":0},{"damage_healed":0,"gold_gain":0,"player_choice":"Donut","damage_taken":0,"max_hp_gain":5,"max_hp_loss":0,"event_name":"Big Fish","floor":107,"gold_loss":0},{"damage_healed":0,"gold_gain":30,"player_choice":"Searched \u00272\u0027 times","damage_taken":0,"max_hp_gain":0,"max_hp_loss":0,"event_name":"Dead Adventurer","floor":109,"gold_loss":0}],"is_beta":false,"boss_relics":[{"not_picked":["Calling Bell","Replay:Grab Bag","Velvet Choker"]},{"not_picked":["Sozu","Snecko Eye"],"picked":"Ring of Chaos"},{"not_picked":["Runic Dome","Astrolabe"],"picked":"ReplayTheSpireMod:DimensionalGlitch"},{"not_picked":["Tiny House","Black Star"],"picked":"Coffee Dripper"},{"not_picked":["Cursed Key","Abe\u0027s Treasure"],"picked":"Replay:Ancient Bell"},{"not_picked":["CeramicFish","Blood Vial"],"picked":"Pen Nib"},{"not_picked":["HollowMod:LumaflyLanternRelic","HornCleat"],"picked":"Singing Bowl"},{"not_picked":["Replay:PocketPolymizer","Pocketwatch"],"picked":"Pondfish Scales"},{"not_picked":["Philosopher\u0027s Stone","Painkiller Herb"],"picked":"Busted Crown"},{"not_picked":["Velvet Choker","Snecko Heart"],"picked":"SacredBark"}],"items_purged_floors":[20,38,54,64,71,82,89,94,97,106],"is_endless":true,"potions_floor_spawned":[4,5,12,14,23,25,29,30,31,36,39,41,42,48,52,61,63,65,70,77,79,84,88,96,98,105,109,116],"ascension_level":4}}