{"host":"i4yzoangb31cseo0","time":1610802540,"event":{"mods":["AchievementEnabler","BaseMod","Colored Powertips","Curses Come First","Downfall","Hermit","Minty Spire (QoL Compilation)","StSLib","The Servant 0.9.4"],"gold_per_floor":[110,110,60,87,103,136,136,163,163,163,180,66,85,100,100,200,200,214,214,244,261,273,273,299,315,315,327,347,49,49,49,49,149,149,162,178,191,241,241,241,241],"floor_reached":40,"language":"ENG","playtime":3168,"items_purged":[],"score":423,"play_id":"ba5155b5-e1d8-4b09-bd5b-b17651641c0a","local_time":"20210116233900","is_ascension_mode":false,"campfire_choices":[{"floor":10,"key":"REST"},{"data":"Consume","floor":15,"key":"SMITH"},{"floor":23,"key":"REST"},{"floor":30,"key":"REST"},{"floor":32,"key":"REST"}],"circlet_count":0,"master_deck":["Strike_B","Strike_B","Strike_B","Defend_B","Defend_B","Defend_B","Zap","Dualcast","Go for the Eyes","Conserve Battery","Rebound","Consume+1","Streamline","FTL","Loop","Ball Lightning","Streamline","Electrodynamics","Leap+1","Conserve Battery+1","White Noise+1","Conserve Battery+1","Aggregate+1","Defragment+1","Beam Cell+1","Storm","Seek+1","Ball Lightning","Darkness+1","White Noise+1","Storm+1"],"relics":["Cracked Core","NeowsBlessing","Regal Pillow","Tiny Chest","Pen Nib","Toxic Egg 2","Nuclear Battery","Red Mask","Nunchaku","PreservedInsect","Bottled Lightning","Philosopher\u0027s Stone","StoneCalendar","TungstenRod"],"acts_visited":["Exordium","TheCity","TheBeyond"],"potions_floor_usage":[16,20,22,22,25,38],"damage_taken":[{"damage":0,"enemies":"Jaw Worm","floor":1,"turns":1},{"damage":0,"enemies":"Small Slimes","floor":5,"turns":1},{"damage":0,"enemies":"3 Sentries","floor":6,"turns":1},{"damage":38,"enemies":"Gremlin Nob","floor":8,"turns":5},{"damage":5,"enemies":"2 Louse","floor":11,"turns":2},{"damage":5,"enemies":"Looter","floor":13,"turns":3},{"damage":0,"enemies":"Blue Slaver","floor":14,"turns":3},{"damage":32,"enemies":"Slime Boss","floor":16,"turns":8},{"damage":15,"enemies":"3 Byrds","floor":18,"turns":3},{"damage":23,"enemies":"Masked Bandits","floor":20,"turns":4},{"damage":10,"enemies":"Spheric Guardian","floor":21,"turns":3},{"damage":0,"enemies":"3 Cultists","floor":22,"turns":2},{"damage":15,"enemies":"Chosen and Byrds","floor":25,"turns":5},{"damage":4,"enemies":"Cultist and Chosen","floor":27,"turns":5},{"damage":23,"enemies":"Snake Plant","floor":28,"turns":5},{"damage":79,"enemies":"Automaton","floor":33,"turns":9},{"damage":12,"enemies":"3 Darklings","floor":35,"turns":3},{"damage":3,"enemies":"3 Shapes","floor":36,"turns":3},{"damage":6,"enemies":"Transient","floor":37,"turns":5},{"damage":20,"enemies":"Mind Bloom Boss Battle","floor":38,"turns":6},{"damage":65,"enemies":"Giant Head","floor":40,"turns":6}],"seed_played":"-2351743972566287498","potions_obtained":[{"floor":5,"key":"sneckomod:MuddlingPotion"},{"floor":8,"key":"AttackPotion"},{"floor":13,"key":"DuplicationPotion"},{"floor":18,"key":"Weak Potion"},{"floor":21,"key":"DuplicationPotion"},{"floor":22,"key":"Block Potion"},{"floor":36,"key":"Weak Potion"}],"is_trial":false,"path_per_floor":["M","?","?","T","M","E","?","E","T","R","M","$","M","M","R","B",null,"M","?","?","M","M","R","T","M","T","M","M","$","R","?","R","B",null,"M","M","M","?","T","E"],"character_chosen":"DEFECT","items_purchased":["FTL","Loop","Storm","Bottled Lightning"],"campfire_rested":4,"item_purchase_floors":[12,12,29,29],"current_hp_per_floor":[75,75,75,75,75,75,68,30,30,67,62,62,57,57,57,25,75,60,46,23,13,13,52,52,37,37,33,10,10,49,49,80,1,80,68,65,59,39,39,0,0],"gold":241,"neow_bonus":"THREE_ENEMY_KILL","is_daily":false,"chose_seed":false,"campfire_upgraded":1,"win_rate":0.0,"timestamp":1610802540,"path_taken":["M","?","?","?","M","E","?","E","T","R","M","$","M","M","R","BOSS","M","?","?","M","M","R","?","M","T","M","M","?","R","?","R","BOSS","M","M","M","?","?","E"],"items_purchased_type":["Card","Card","Card","Relic"],"build_version":"2020-12-22","purchased_purges":0,"victory":false,"max_hp_per_floor":[75,75,75,75,75,75,75,75,75,75,75,75,75,75,75,75,75,75,80,80,80,80,80,80,80,80,80,80,80,80,80,80,80,80,80,80,80,80,80,80,80],"card_choices":[{"not_picked":["Chill","Cold Snap"],"picked":"Go for the Eyes","floor":1},{"not_picked":["Barrage","Reprogram"],"picked":"Conserve Battery","floor":5},{"not_picked":["Reprogram","Turbo"],"picked":"Rebound","floor":6},{"not_picked":["Leap","Hologram"],"picked":"Consume","floor":8},{"not_picked":["Barrage","Compile Driver"],"picked":"Streamline","floor":11},{"not_picked":["Coolheaded+1","Skim+1"],"picked":"Ball Lightning","floor":13},{"not_picked":["Beam Cell","Reboot+1"],"picked":"Streamline","floor":14},{"not_picked":["Seek+1","Rainbow+1"],"picked":"Electrodynamics","floor":16},{"not_picked":["Steam+1","Gash"],"picked":"Leap+1","floor":18},{"not_picked":["Ball Lightning","Genetic Algorithm+1"],"picked":"Conserve Battery+1","floor":20},{"not_picked":["Redo+1","Undo+1"],"picked":"White Noise+1","floor":21},{"not_picked":["Rebound","Ball Lightning"],"picked":"Conserve Battery+1","floor":22},{"not_picked":["Capacitor","Scrape"],"picked":"Aggregate+1","floor":25},{"not_picked":["Beam Cell","Conserve Battery+1"],"picked":"Defragment+1","floor":27},{"not_picked":["Hyperbeam","Cold Snap"],"picked":"Beam Cell+1","floor":28},{"not_picked":["Buffer","Machine Learning"],"picked":"Seek+1","floor":33},{"not_picked":["Beam Cell","Hologram+1"],"picked":"Ball Lightning","floor":35},{"not_picked":["Auto Shields+1","Gash+1"],"picked":"Darkness+1","floor":36},{"not_picked":["Buffer","Hologram+1"],"picked":"White Noise+1","floor":37},{"not_picked":["Redo+1","Reinforced Body+1"],"picked":"Storm+1","floor":38}],"player_experience":92443,"relics_obtained":[{"floor":4,"key":"Regal Pillow"},{"floor":6,"key":"Tiny Chest"},{"floor":8,"key":"Pen Nib"},{"floor":9,"key":"Toxic Egg 2"},{"floor":20,"key":"Red Mask"},{"floor":24,"key":"Nunchaku"},{"floor":26,"key":"PreservedInsect"},{"floor":38,"key":"StoneCalendar"},{"floor":39,"key":"TungstenRod"}],"event_choices":[{"damage_healed":0,"gold_gain":0,"player_choice":"Ignored","damage_taken":0,"max_hp_gain":0,"max_hp_loss":0,"event_name":"Golden Idol","floor":2,"gold_loss":0},{"cards_removed":["Strike_B"],"damage_healed":0,"gold_gain":0,"player_choice":"Card Removal","damage_taken":0,"max_hp_gain":0,"max_hp_loss":0,"event_name":"The Cleric","floor":3,"gold_loss":50},{"cards_removed":["Defend_B"],"damage_healed":0,"gold_gain":0,"player_choice":"Card Removal","damage_taken":7,"max_hp_gain":0,"max_hp_loss":0,"event_name":"Golden Wing","floor":7,"gold_loss":0},{"damage_healed":0,"gold_gain":0,"player_choice":"Shed Blood","damage_taken":19,"max_hp_gain":5,"max_hp_loss":0,"event_name":"Forgotten Altar","floor":19,"gold_loss":0},{"damage_healed":0,"gold_gain":0,"player_choice":"Fought Bandits","damage_taken":0,"max_hp_gain":0,"max_hp_loss":0,"event_name":"Masked Bandits","floor":20,"gold_loss":0},{"damage_healed":0,"gold_gain":0,"player_choice":"Ignored","damage_taken":0,"max_hp_gain":0,"max_hp_loss":0,"event_name":"Ghosts","floor":31,"gold_loss":0},{"damage_healed":0,"gold_gain":0,"player_choice":"Fight","damage_taken":0,"max_hp_gain":0,"max_hp_loss":0,"event_name":"MindBloom","floor":38,"gold_loss":0}],"is_beta":false,"boss_relics":[{"not_picked":["Fusion Hammer","Snecko Eye"],"picked":"Nuclear Battery"},{"not_picked":["Black Star","Runic Dome"],"picked":"Philosopher\u0027s Stone"}],"items_purged_floors":[],"is_endless":false,"potions_floor_spawned":[5,8,13,14,18,21,22,36],"killed_by":"Giant Head","ascension_level":0}}