{"host":"ydg0vn0pu4pubmdt","time":1610831691,"event":{"mods":["AchievementEnabler","BaseMod","Colored Map","Gold Saver","Minty Spire (QoL Compilation)","Quick Restart","SuperFastMode"],"gold_per_floor":[1045,1060,1071,800,817,851,1126,1126,1126,506,539,555,555,455,455,556,556,570,581,601,618,380,380,400,433,433,449,469,508,508,607,607,721,721,749,767,789,649,664,704,722,722,722,740,751,751,591,619,619,619,619],"floor_reached":50,"language":"KOR","playtime":1808,"items_purged":["Defend_B","Defend_B","Regret","Strike_B","Strike_B","Madness"],"score":936,"play_id":"d0d0911d-4f7a-4564-866e-eb6093aa30e8","local_time":"20210117061451","is_ascension_mode":true,"campfire_choices":[{"data":"Zap","floor":8.0,"key":"SMITH"},{"data":"Turbo","floor":13.0,"key":"SMITH"},{"data":"Darkness","floor":15.0,"key":"SMITH"},{"floor":23.0,"key":"REST"},{"data":"Skim","floor":30.0,"key":"SMITH"},{"data":"Seek","floor":32.0,"key":"SMITH"},{"data":"Steam Power","floor":42.0,"key":"SMITH"},{"data":"Apotheosis","floor":49,"key":"SMITH"}],"circlet_count":0,"master_deck":["Strike_B","Defend_B","Defend_B+1","Zap+1","Dualcast+1","Sweeping Beam","Cold Snap","Conserve Battery","Coolheaded","Streamline","Darkness+1","Meteor Strike","Multi-Cast","Seek+1","Turbo+1","Electrodynamics","Hologram","Chill","Coolheaded+1","Glacier+1","Skim+1","Reboot","Turbo+1","Madness","Compile Driver","Steam Power+1","Purity","Apotheosis+1","Fusion"],"relics":["Cracked Core","OrangePellets","War Paint","StrikeDummy","Ice Cream","The Courier","Cursed Key","Bag of Preparation","Ornamental Fan","CeramicFish","Runic Pyramid","Anchor"],"acts_visited":["Exordium","TheCity","TheBeyond"],"potions_floor_usage":[50,50,50],"damage_taken":[{"damage":6.0,"enemies":"Cultist","floor":1.0,"turns":3.0},{"damage":2.0,"enemies":"Small Slimes","floor":2.0,"turns":3.0},{"damage":0.0,"enemies":"Jaw Worm","floor":3.0,"turns":5.0},{"damage":1.0,"enemies":"Looter","floor":5.0,"turns":4.0},{"damage":14.0,"enemies":"3 Sentries","floor":6.0,"turns":7.0},{"damage":5.0,"enemies":"Lagavulin","floor":11.0,"turns":4.0},{"damage":3.0,"enemies":"2 Fungi Beasts","floor":12.0,"turns":3.0},{"damage":0.0,"enemies":"Slime Boss","floor":16.0,"turns":5.0},{"damage":2.0,"enemies":"Chosen","floor":18.0,"turns":3.0},{"damage":10.0,"enemies":"Spheric Guardian","floor":19.0,"turns":4.0},{"damage":21.0,"enemies":"Centurion and Healer","floor":20.0,"turns":4.0},{"damage":10.0,"enemies":"Chosen and Byrds","floor":21.0,"turns":2.0},{"damage":6.0,"enemies":"Snecko","floor":24.0,"turns":5.0},{"damage":1.0,"enemies":"Slavers","floor":25.0,"turns":5.0},{"damage":3.0,"enemies":"3 Cultists","floor":27.0,"turns":5.0},{"damage":3.0,"enemies":"Shelled Parasite and Fungi","floor":28.0,"turns":6.0},{"damage":0.0,"enemies":"Book of Stabbing","floor":29.0,"turns":5.0},{"damage":24.0,"enemies":"Automaton","floor":33.0,"turns":8.0},{"damage":0.0,"enemies":"Orb Walker","floor":35.0,"turns":2.0},{"damage":0.0,"enemies":"3 Shapes","floor":37.0,"turns":2.0},{"damage":0.0,"enemies":"3 Darklings","floor":39.0,"turns":5.0},{"damage":0.0,"enemies":"Reptomancer","floor":40.0,"turns":4.0},{"damage":0.0,"enemies":"Sphere and 2 Shapes","floor":41.0,"turns":2.0},{"damage":0.0,"enemies":"4 Shapes","floor":45.0,"turns":2.0},{"damage":3,"enemies":"Jaw Worm Horde","floor":48,"turns":3},{"damage":43,"enemies":"Time Eater","floor":50,"turns":4}],"seed_played":"9015910987603515912","potions_obtained":[{"floor":2.0,"key":"PotionOfCapacity"},{"floor":6.0,"key":"BlessingOfTheForge"},{"floor":12.0,"key":"LiquidBronze"},{"floor":16.0,"key":"Strength Potion"},{"floor":20.0,"key":"FocusPotion"},{"floor":21.0,"key":"EntropicBrew"},{"floor":37.0,"key":"Fruit Juice"},{"floor":41.0,"key":"EssenceOfSteel"},{"floor":48,"key":"Fire Potion"}],"is_trial":false,"path_per_floor":["M","M","M","$","M","E","?","R","T","$","E","M","R","$","R","B",null,"M","M","M","M","$","R","M","E","T","M","M","E","R","?","R","B",null,"M","?","M","$","M","E","M","R","T","?","M","T","$","M","R","B"],"character_chosen":"DEFECT","items_purchased":["OrangePellets","Coolheaded","Ice Cream","Meteor Strike","Multi-Cast","Bag of Preparation"],"campfire_rested":1,"item_purchase_floors":[4,4,10,10,10,22],"current_hp_per_floor":[62,60,60,60,59,45,45,45,45,45,40,37,37,37,37,37,66,64,54,33,23,23,45,39,38,38,35,32,32,32,32,32,8,58,58,49,49,49,49,54,54,54,54,44,44,44,44,41,41,0,0],"gold":619,"neow_bonus":"REMOVE_CARD","is_daily":false,"chose_seed":false,"campfire_upgraded":7,"win_rate":0.0,"timestamp":1610831691,"path_taken":["M","M","?","$","M","E","?","R","T","$","E","M","R","$","R","BOSS","M","M","M","M","$","R","M","E","T","M","?","E","R","?","R","BOSS","M","?","M","$","M","E","M","R","T","?","M","?","$","M","R","BOSS"],"items_purchased_type":["Relic","Card","Relic","Card","Card","Relic"],"build_version":"2020-12-22","purchased_purges":6,"victory":false,"max_hp_per_floor":[75,75,75,75,75,75,75,75,75,75,75,75,75,75,75,75,75,75,75,75,75,75,75,75,75,75,75,75,75,75,75,75,75,75,75,75,75,75,75,80,80,80,80,80,80,80,80,80,80,80,80],"card_choices":[{"not_picked":["Ball Lightning","Turbo"],"picked":"Sweeping Beam","floor":1.0},{"not_picked":["Darkness","Sunder"],"picked":"Cold Snap","floor":2.0},{"not_picked":["Go for the Eyes","Storm"],"picked":"Conserve Battery","floor":3.0},{"not_picked":["Compile Driver","Heatsinks"],"picked":"Streamline","floor":5.0},{"not_picked":["Ball Lightning","Go for the Eyes"],"picked":"Darkness","floor":6.0},{"not_picked":["Darkness","Sunder"],"picked":"Seek","floor":11.0},{"not_picked":["BootSequence","Go for the Eyes"],"picked":"Turbo","floor":12.0},{"not_picked":["Echo Form","Amplify"],"picked":"Electrodynamics","floor":16.0},{"not_picked":["Gash","Cold Snap"],"picked":"Hologram","floor":18.0},{"not_picked":["Chaos+1","Sweeping Beam+1","Barrage"],"picked":"SKIP","floor":19.0},{"not_picked":["Chaos+1","Sweeping Beam+1","Barrage"],"picked":"SKIP","floor":19.0},{"not_picked":["Hello World","Leap"],"picked":"Chill","floor":20.0},{"not_picked":["Darkness","Streamline"],"picked":"Coolheaded+1","floor":21.0},{"not_picked":["Steam+1","Storm","Heatsinks"],"picked":"SKIP","floor":24.0},{"not_picked":["Auto Shields","Double Energy","Cold Snap"],"picked":"SKIP","floor":25.0},{"not_picked":["Echo Form","Ball Lightning"],"picked":"Glacier+1","floor":27.0},{"not_picked":["Beam Cell","Turbo","Leap"],"picked":"SKIP","floor":28.0},{"not_picked":["Go for the Eyes+1","Lockon"],"picked":"Skim","floor":29.0},{"not_picked":["All For One","Multi-Cast"],"picked":"Reboot","floor":33.0},{"not_picked":["Reprogram+1","Gash"],"picked":"Turbo+1","floor":35.0},{"not_picked":["Chaos+1","Turbo"],"picked":"Compile Driver","floor":37.0},{"not_picked":["Force Field+1","Compile Driver+1","Beam Cell+1"],"picked":"SKIP","floor":39.0},{"not_picked":["Reinforced Body+1","Ball Lightning"],"picked":"Steam Power","floor":40.0},{"not_picked":["Undo+1","Static Discharge","Scrape"],"picked":"SKIP","floor":41.0},{"not_picked":["Discovery","Secret Weapon"],"picked":"Purity","floor":44.0},{"not_picked":["Impatience","Trip"],"picked":"Apotheosis","floor":44.0},{"not_picked":["Sweeping Beam+1","Conserve Battery+1","Steam"],"picked":"SKIP","floor":45.0},{"not_picked":["Sweeping Beam+1","Darkness+1"],"picked":"Fusion","floor":48}],"player_experience":420549,"relics_obtained":[{"floor":6.0,"key":"War Paint"},{"floor":9.0,"key":"StrikeDummy"},{"floor":11.0,"key":"The Courier"},{"floor":25.0,"key":"Ornamental Fan"},{"floor":29.0,"key":"CeramicFish"},{"floor":40.0,"key":"Anchor"}],"event_choices":[{"damage_healed":0.0,"max_hp_gain":0.0,"max_hp_loss":0.0,"gold_gain":275.0,"event_name":"Golden Shrine","player_choice":"Desecrate","floor":7.0,"gold_loss":0.0,"damage_taken":0.0,"cards_obtained":["Regret"]},{"damage_healed":0.0,"max_hp_gain":0.0,"max_hp_loss":0.0,"gold_gain":99.0,"event_name":"Nest","player_choice":"Stole From Cult","floor":31.0,"gold_loss":0.0,"damage_taken":0.0},{"damage_healed":0.0,"max_hp_gain":0.0,"max_hp_loss":0.0,"gold_gain":0.0,"event_name":"Winding Halls","player_choice":"Embrace Madness","floor":36.0,"gold_loss":0.0,"damage_taken":9.0,"cards_obtained":["Madness","Madness"]},{"damage_healed":0.0,"max_hp_gain":0.0,"max_hp_loss":0.0,"gold_gain":0.0,"event_name":"SensoryStone","player_choice":"Memory 3","floor":44.0,"gold_loss":0.0,"damage_taken":10.0}],"is_beta":false,"boss_relics":[{"not_picked":["Ectoplasm","Philosopher\u0027s Stone"],"picked":"Cursed Key"},{"not_picked":["Sozu","SlaversCollar"],"picked":"Runic Pyramid"}],"items_purged_floors":[4,10,14,22,38,47],"is_endless":false,"potions_floor_spawned":[2,6,12,16,18,20,21,33,37,41,48],"killed_by":"Time Eater","ascension_level":8}}