{"host":"gg","time":1610775805,"event":{"mods":["BaseMod","Colored Map","Googly Eyes","Minty Spire (QoL Compilation)","Permanent Neow","Relic Stats","The IronCluck"],"gold_per_floor":[109,159,177,28,41,41,70,70,70,85,85,112,172,198,198,269,269,279,204,222,222,233,260,260,278,328,353,353,385,385,413,413,413,413],"floor_reached":33,"language":"ENG","playtime":2802,"items_purged":[],"score":707,"play_id":"9a058164-c13b-49be-b154-469e4d1bf4dd","local_time":"20210115214325","is_ascension_mode":true,"campfire_choices":[{"data":"Electrodynamics","floor":6,"key":"SMITH"},{"floor":8,"key":"REST"},{"floor":15,"key":"REST"},{"data":"Hyperbeam","floor":24,"key":"SMITH"},{"data":"White Noise","floor":30,"key":"SMITH"},{"data":"Hologram","floor":32,"key":"SMITH"}],"circlet_count":0,"master_deck":["AscendersBane","Strike_B","Strike_B","Defend_B","Defend_B","Defend_B","Defend_B","Zap","Dualcast","Coolheaded","Glacier","Hyperbeam+1","Electrodynamics+1","Go for the Eyes","White Noise+1","Cold Snap","Conserve Battery","Core Surge","Reprogram","Self Repair","Steam","Ball Lightning+1","Rebound","Hologram+1","Ball Lightning","Chill","Genetic Algorithm+1"],"relics":["Runic Pyramid","Ginger","Mango","Tiny Chest","Bottled Tornado","Incense Burner","Black Star","DataDisk","Darkstone Periapt","HornCleat","Akabeko","Nunchaku","Shuriken","Gremlin Horn","Bottled Lightning","StrikeDummy","Pear"],"acts_visited":["Exordium","TheCity"],"potions_floor_usage":[12,16,23,27],"damage_taken":[{"damage":12,"enemies":"Small Slimes","floor":1,"turns":3},{"damage":2,"enemies":"Cultist","floor":3,"turns":4},{"damage":13,"enemies":"Jaw Worm","floor":5,"turns":5},{"damage":14,"enemies":"3 Sentries","floor":7,"turns":3},{"damage":7,"enemies":"2 Fungi Beasts","floor":10,"turns":2},{"damage":8,"enemies":"Lagavulin","floor":12,"turns":6},{"damage":5,"enemies":"3 Sentries","floor":13,"turns":2},{"damage":16,"enemies":"3 Sentries","floor":14,"turns":3},{"damage":18,"enemies":"Slime Boss","floor":16,"turns":14},{"damage":17,"enemies":"Chosen","floor":18,"turns":5},{"damage":24,"enemies":"Shell Parasite","floor":20,"turns":9},{"damage":9,"enemies":"Snake Plant","floor":22,"turns":4},{"damage":9,"enemies":"Gremlin Leader","floor":23,"turns":6},{"damage":1,"enemies":"Centurion and Healer","floor":25,"turns":5},{"damage":20,"enemies":"Book of Stabbing","floor":27,"turns":6},{"damage":9,"enemies":"Gremlin Leader","floor":29,"turns":4},{"damage":8,"enemies":"Slavers","floor":31,"turns":3},{"damage":89,"enemies":"Champ","floor":33,"turns":15}],"seed_played":"-3478090947670106953","potions_obtained":[{"floor":7,"key":"EssenceOfSteel"},{"floor":13,"key":"BlessingOfTheForge"},{"floor":14,"key":"Energy Potion"},{"floor":18,"key":"CultistPotion"}],"is_trial":false,"path_per_floor":["M","?","M","$","M","R","E","R","T","M","?","E","?","E","R","B",null,"M","?","M","T","M","E","R","M","T","E","?","E","R","E","R","B"],"character_chosen":"DEFECT","items_purchased":["Hyperbeam"],"campfire_rested":2,"item_purchase_floors":[4],"current_hp_per_floor":[52,52,50,50,37,37,23,44,58,51,56,48,43,27,54,36,77,60,60,43,43,41,39,39,45,45,32,50,48,48,57,57,0,0],"gold":413,"neow_bonus":"BOSS_RELIC","is_daily":false,"chose_seed":false,"campfire_upgraded":4,"win_rate":0.0,"timestamp":1610775805,"path_taken":["M","?","M","$","?","R","E","R","T","M","?","E","?","E","R","BOSS","M","?","?","?","M","E","R","M","T","E","?","E","R","E","R","BOSS"],"items_purchased_type":["Card"],"build_version":"2020-12-18","purchased_purges":0,"victory":false,"max_hp_per_floor":[71,71,71,71,71,71,71,71,85,85,90,90,90,90,90,90,90,90,90,90,90,90,90,90,90,90,90,90,90,90,100,100,100,100],"relic_stats":{"Darkstone Periapt":0,"Nunchaku":[3],"Gremlin Horn":[1,1],"counters":[18,99],"Shuriken":[7],"Tiny Chest":1,"Black Star":4,"Ginger":[8],"obtain_stats":[{"Darkstone Periapt":23,"Pear":31,"Gremlin Horn":29,"Mango":9,"Incense Burner":14,"Ginger":7,"Bottled Tornado":13,"Akabeko":26,"DataDisk":21,"Nunchaku":27,"HornCleat":23,"Shuriken":27,"Tiny Chest":12,"Black Star":17,"Bottled Lightning":29,"Cracked Core":0,"StrikeDummy":31,"Runic Pyramid":0},{"Darkstone Periapt":13,"Pear":17,"Gremlin Horn":16,"Mango":4,"Incense Burner":8,"Ginger":4,"Bottled Tornado":7,"Akabeko":14,"DataDisk":11,"Nunchaku":15,"HornCleat":13,"Shuriken":15,"Tiny Chest":6,"Black Star":9,"Bottled Lightning":16,"Cracked Core":0,"StrikeDummy":17,"Runic Pyramid":0},{"Darkstone Periapt":66,"Pear":84,"Gremlin Horn":81,"Mango":15,"Incense Burner":28,"Ginger":15,"Bottled Tornado":25,"Akabeko":71,"DataDisk":56,"Nunchaku":77,"HornCleat":66,"Shuriken":77,"Tiny Chest":23,"Black Star":42,"Bottled Lightning":81,"Cracked Core":0,"StrikeDummy":84,"Runic Pyramid":0}]},"card_choices":[{"not_picked":["Barrage","Hologram"],"picked":"Coolheaded","floor":1},{"not_picked":["Conserve Battery","Coolheaded"],"picked":"Glacier","floor":3},{"not_picked":["Ball Lightning","Stack"],"picked":"Electrodynamics","floor":5},{"not_picked":["Stack","Redo"],"picked":"Go for the Eyes","floor":7},{"not_picked":["Streamline","Tempest","Creative AI"],"picked":"SKIP","floor":10},{"not_picked":["Sweeping Beam","Hologram"],"picked":"White Noise","floor":12},{"not_picked":["Sweeping Beam","Skim"],"picked":"Cold Snap","floor":13},{"not_picked":["Barrage","Loop"],"picked":"Conserve Battery","floor":14},{"not_picked":["Electrodynamics","Buffer"],"picked":"Core Surge","floor":16},{"not_picked":["Undo","Redo","Beam Cell"],"picked":"SKIP","floor":18},{"not_picked":["Cold Snap","Beam Cell"],"picked":"Steam","floor":20},{"not_picked":["Beam Cell","Undo"],"picked":"Ball Lightning+1","floor":22},{"not_picked":["Ball Lightning","Cold Snap"],"picked":"Rebound","floor":23},{"not_picked":["Coolheaded","Steam"],"picked":"Hologram","floor":25},{"not_picked":["Stack","Redo"],"picked":"Ball Lightning","floor":27},{"not_picked":["Ball Lightning","Go for the Eyes"],"picked":"Chill","floor":29},{"not_picked":["Chaos","Fission"],"picked":"Genetic Algorithm+1","floor":31}],"player_experience":1194866,"relics_obtained":[{"floor":7,"key":"Ginger"},{"floor":9,"key":"Mango"},{"floor":12,"key":"Tiny Chest"},{"floor":13,"key":"Bottled Tornado"},{"floor":14,"key":"Incense Burner"},{"floor":21,"key":"DataDisk"},{"floor":23,"key":"Darkstone Periapt"},{"floor":23,"key":"HornCleat"},{"floor":26,"key":"Akabeko"},{"floor":27,"key":"Nunchaku"},{"floor":27,"key":"Shuriken"},{"floor":29,"key":"Gremlin Horn"},{"floor":29,"key":"Bottled Lightning"},{"floor":31,"key":"StrikeDummy"},{"floor":31,"key":"Pear"}],"event_choices":[{"damage_healed":0,"gold_gain":50,"player_choice":"Pray","damage_taken":0,"max_hp_gain":0,"max_hp_loss":0,"event_name":"Golden Shrine","floor":2,"gold_loss":0},{"damage_healed":0,"gold_gain":0,"player_choice":"Donut","damage_taken":0,"max_hp_gain":5,"max_hp_loss":0,"event_name":"Big Fish","floor":11,"gold_loss":0},{"damage_healed":0,"gold_gain":0,"player_choice":"Searched \u00271\u0027 times","damage_taken":0,"max_hp_gain":0,"max_hp_loss":0,"event_name":"Dead Adventurer","floor":13,"gold_loss":0},{"damage_healed":0,"gold_gain":0,"cards_transformed":["Strike_B","Strike_B"],"player_choice":"Transformed Cards","damage_taken":0,"max_hp_gain":0,"max_hp_loss":0,"event_name":"Designer","floor":19,"gold_loss":75,"cards_obtained":["Reprogram","Self Repair"]},{"damage_healed":18,"gold_gain":0,"player_choice":"Heal","damage_taken":0,"max_hp_gain":0,"max_hp_loss":0,"event_name":"The Library","floor":28,"gold_loss":0}],"is_beta":true,"boss_relics":[{"not_picked":["Calling Bell","Ectoplasm"],"picked":"Black Star"}],"items_purged_floors":[],"is_endless":false,"potions_floor_spawned":[7,13,14,18,20],"killed_by":"Champ","ascension_level":20}}