{"host":"Bilverbakes","time":1610788375,"event":{"mods":["2.2 Compatiblity","AchievementEnabler","BaseMod","Bestiary","Colored Map","Minty Spire (QoL Compilation)","Relic Stats","StSLib","ojb\u0027s Info Mod"],"gold_per_floor":[117,127,127,144,144,174,174,209,209,222,372,23,23,53,53,127,127,145,164,164,184,203,230,230,250,274,307,113,113,123,172,172,248,248,298,340,390,405,451,476,476,476,476,504,529,529,563,603,603,663,663,663,663,49,74,74],"floor_reached":57,"language":"ENG","playtime":3954,"items_purged":["Doubt","SignatureMove+1"],"score":3058,"play_id":"86c40206-4aab-4621-b718-8f4541df1389","local_time":"20210116031255","is_ascension_mode":true,"campfire_choices":[{"data":"Conclude","floor":7.0,"key":"SMITH"},{"data":"SandsOfTime","floor":13.0,"key":"SMITH"},{"data":"Scrawl","floor":15.0,"key":"SMITH"},{"data":"Vengeance","floor":24.0,"key":"SMITH"},{"data":"Wish","floor":29.0,"key":"SMITH"},{"data":"InnerPeace","floor":32.0,"key":"SMITH"},{"floor":42.0,"key":"RECALL"},{"floor":49.0,"key":"REST"},{"floor":53.0,"key":"REST"}],"circlet_count":0,"master_deck":["AscendersBane","Strike_P","Defend_P","Defend_P","Defend_P","Eruption+1","Vigilance","FlyingSleeves","Conclude+1","CutThroughFate","ClearTheMind","Scrawl+1","SandsOfTime+1","Ragnarok+1","FlyingSleeves+1","EmptyBody+1","Halt+1","DeusExMachina","Vengeance+1","InnerPeace+1","Tantrum+1","Wish+1","Adaptation+1","JustLucky+1","WaveOfTheHand+1","DevaForm+1","Sanctity+1","Devotion+1","Fasting2+1","Trip","MentalFortress+1","Wallop+1","Tantrum+1"],"relics":["PureWater","TeardropLocket","Kunai","Thread and Needle","Frozen Egg 2","Molten Egg 2","Singing Bowl","Astrolabe","Oddly Smooth Stone","MealTicket","StrikeDummy","Fusion Hammer","Incense Burner","Orichalcum","Torii","Dead Branch","Pen Nib","Bottled Tornado","Vajra"],"acts_visited":["Exordium","TheCity","TheBeyond","TheEnding"],"potions_floor_usage":[56,56],"damage_taken":[{"damage":0.0,"enemies":"2 Louse","floor":1.0,"turns":3.0},{"damage":4.0,"enemies":"Jaw Worm","floor":2.0,"turns":3.0},{"damage":0.0,"enemies":"Small Slimes","floor":4.0,"turns":2.0},{"damage":0.0,"enemies":"3 Sentries","floor":6.0,"turns":2.0},{"damage":25.0,"enemies":"Gremlin Nob","floor":8.0,"turns":4.0},{"damage":0.0,"enemies":"Gremlin Gang","floor":10.0,"turns":3.0},{"damage":0.0,"enemies":"Lagavulin","floor":14.0,"turns":3.0},{"damage":14.0,"enemies":"Slime Boss","floor":16.0,"turns":5.0},{"damage":0.0,"enemies":"Shell Parasite","floor":18.0,"turns":1.0},{"damage":0.0,"enemies":"Chosen","floor":19.0,"turns":1.0},{"damage":2.0,"enemies":"Snake Plant","floor":21.0,"turns":3.0},{"damage":0.0,"enemies":"3 Cultists","floor":22.0,"turns":3.0},{"damage":15.0,"enemies":"Slavers","floor":23.0,"turns":3.0},{"damage":0.0,"enemies":"Centurion and Healer","floor":25.0,"turns":3.0},{"damage":5.0,"enemies":"Gremlin Leader","floor":27.0,"turns":3.0},{"damage":0.0,"enemies":"Snecko","floor":30.0,"turns":2.0},{"damage":0.0,"enemies":"3 Cultists","floor":31.0,"turns":3.0},{"damage":12.0,"enemies":"Champ","floor":33.0,"turns":6.0},{"damage":7.0,"enemies":"3 Shapes","floor":35.0,"turns":5.0},{"damage":0.0,"enemies":"Orb Walker","floor":36.0,"turns":4.0},{"damage":1.0,"enemies":"Writhing Mass","floor":37.0,"turns":7.0},{"damage":1.0,"enemies":"3 Darklings","floor":38.0,"turns":3.0},{"damage":0.0,"enemies":"Sphere and 2 Shapes","floor":39.0,"turns":6.0},{"damage":0.0,"enemies":"Reptomancer","floor":40.0,"turns":3.0},{"damage":0.0,"enemies":"Giant Head","floor":44.0,"turns":5.0},{"damage":16.0,"enemies":"Mind Bloom Boss Battle","floor":45.0,"turns":4.0},{"damage":0.0,"enemies":"Reptomancer","floor":47.0,"turns":4.0},{"damage":0.0,"enemies":"Transient","floor":48.0,"turns":6.0},{"damage":14.0,"enemies":"Donu and Deca","floor":50.0,"turns":9.0},{"damage":1.0,"enemies":"Awakened One","floor":51.0,"turns":9.0},{"damage":26.0,"enemies":"Shield and Spear","floor":55.0,"turns":10.0},{"damage":49,"enemies":"The Heart","floor":56,"turns":8}],"seed_played":"-2944199585332083948","potions_obtained":[{"floor":6.0,"key":"PowerPotion"},{"floor":8.0,"key":"Swift Potion"},{"floor":21.0,"key":"Strength Potion"},{"floor":30.0,"key":"Weak Potion"},{"floor":31.0,"key":"DuplicationPotion"},{"floor":33.0,"key":"Strength Potion"},{"floor":35.0,"key":"Regen Potion"},{"floor":36.0,"key":"DistilledChaos"},{"floor":38.0,"key":"CultistPotion"},{"floor":47.0,"key":"StancePotion"}],"is_trial":false,"path_per_floor":["M","M","?","M","?","E","R","E","T","M","?","$","R","E","R","B",null,"M","M","?","M","M","E","R","M","T","E","$","R","M","M","R","B",null,"M","M","M","M","M","E","?","R","T","E","?","?","E","M","R","B","B",null,"R","$","E","B",null],"character_chosen":"WATCHER","items_purchased":["Molten Egg 2","Adaptation+1","JustLucky+1","Wallop+1","Pen Nib","Bottled Tornado","StancePotion"],"campfire_rested":2,"item_purchase_floors":[12,28,28,54,54,54,54],"current_hp_per_floor":[61,57,52,52,57,57,57,32,32,32,32,32,32,34,34,20,61,61,63,63,61,61,46,46,48,48,43,58,58,60,60,60,48,73,66,68,67,68,70,72,72,72,72,72,58,58,58,60,86,72,71,85,89,89,63,14],"gold":74,"neow_bonus":"UPGRADE_CARD","is_daily":false,"chose_seed":false,"campfire_upgraded":6,"win_rate":0.0,"timestamp":1610788375,"path_taken":["M","M","?","M","?","E","R","E","T","M","?","$","R","E","R","BOSS","M","M","?","M","M","E","R","M","T","E","$","R","M","M","R","BOSS","M","M","?","M","M","E","?","R","T","E","?","?","E","M","R","BOSS","BOSS","R","$","E","BOSS"],"items_purchased_type":["Relic","Card","Card","Card","Relic","Relic","Potion"],"build_version":"2020-12-18","purchased_purges":2,"victory":true,"max_hp_per_floor":[68,68,68,68,73,73,73,73,73,73,73,73,73,75,75,75,75,75,77,77,77,77,77,77,79,79,79,79,79,81,81,81,81,81,81,83,83,85,87,89,85,85,85,85,87,87,87,89,89,89,89,89,89,89,89,89],"relic_stats":{"Singing Bowl":20,"Torii":16,"counters":[32,136],"Astrolabe":["FlyingSleeves","SignatureMove","EmptyBody"],"Dead Branch":[53],"MealTicket":15,"Pen Nib":[3],"Kunai":[53],"Orichalcum":[36],"obtain_stats":[{"Singing Bowl":14,"Torii":45,"Astrolabe":17,"Dead Branch":47,"Oddly Smooth Stone":23,"Vajra":55,"Thread and Needle":8,"Pen Nib":54,"Incense Burner":40,"TeardropLocket":3,"Frozen Egg 2":9,"Orichalcum":44,"Bottled Tornado":54,"Molten Egg 2":12,"MealTicket":26,"Fusion Hammer":34,"Kunai":6,"PureWater":0,"StrikeDummy":27},{"Singing Bowl":7,"Torii":26,"Astrolabe":8,"Dead Branch":27,"Oddly Smooth Stone":13,"Vajra":31,"Thread and Needle":5,"Pen Nib":30,"Incense Burner":24,"TeardropLocket":2,"Frozen Egg 2":5,"Orichalcum":25,"Bottled Tornado":30,"Molten Egg 2":6,"MealTicket":14,"Fusion Hammer":18,"Kunai":4,"PureWater":0,"StrikeDummy":15},{"Singing Bowl":20,"Torii":90,"Astrolabe":25,"Dead Branch":94,"Oddly Smooth Stone":36,"Vajra":128,"Thread and Needle":14,"Pen Nib":118,"Incense Burner":81,"TeardropLocket":6,"Frozen Egg 2":14,"Orichalcum":86,"Bottled Tornado":118,"Molten Egg 2":17,"MealTicket":39,"Fusion Hammer":53,"Kunai":10,"PureWater":0,"StrikeDummy":42}]},"card_choices":[{"not_picked":["PathToVictory","Crescendo"],"picked":"FlyingSleeves","floor":1.0},{"not_picked":["EmptyBody","Prostrate"],"picked":"Conclude","floor":2.0},{"not_picked":["Protect","WindmillStrike"],"picked":"CutThroughFate","floor":4.0},{"not_picked":["CrushJoints","Pray"],"picked":"ClearTheMind","floor":6.0},{"not_picked":["Sanctity","DevaForm"],"picked":"Scrawl","floor":8.0},{"not_picked":["Crescendo","Collect"],"picked":"SandsOfTime","floor":10.0},{"not_picked":["Worship","EmptyBody","BattleHymn+1"],"picked":"Singing Bowl","floor":14.0},{"not_picked":["DevaForm+1","Blasphemy"],"picked":"Ragnarok+1","floor":16.0},{"not_picked":["WreathOfFlame+1","Perseverance"],"picked":"Halt+1","floor":18.0},{"not_picked":["SandsOfTime+1","ThirdEye","CutThroughFate+1"],"picked":"Singing Bowl","floor":19.0},{"not_picked":["PathToVictory","LikeWater+1"],"picked":"Vengeance","floor":21.0},{"not_picked":["Wish","SashWhip+1"],"picked":"InnerPeace","floor":22.0},{"not_picked":["CutThroughFate+1","Perseverance+1"],"picked":"Tantrum+1","floor":23.0},{"not_picked":["Halt","Crescendo","Prostrate"],"picked":"Singing Bowl","floor":25.0},{"not_picked":["EmptyFist+1","Brilliance+1"],"picked":"Wish","floor":27.0},{"not_picked":["Protect","Study+1","Halt"],"picked":"Singing Bowl","floor":30.0},{"not_picked":["CrushJoints+1","FlyingSleeves+1"],"picked":"WaveOfTheHand+1","floor":31.0},{"not_picked":["Wish","SpiritShield"],"picked":"DevaForm+1","floor":33.0},{"not_picked":["Protect","EmptyFist+1"],"picked":"Sanctity+1","floor":35.0},{"not_picked":["Prostrate+1","Crescendo","ForeignInfluence"],"picked":"Singing Bowl","floor":36.0},{"not_picked":["Halt+1","Crescendo+1"],"picked":"Devotion+1","floor":37.0},{"not_picked":["ClearTheMind+1","Indignation+1","CarveReality+1"],"picked":"Singing Bowl","floor":38.0},{"not_picked":["PathToVictory+1","FollowUp+1","Weave+1"],"picked":"Singing Bowl","floor":39.0},{"not_picked":["ClearTheMind","SashWhip+1","Study+1"],"picked":"Singing Bowl","floor":40.0},{"not_picked":["BowlingBash+1","FollowUp+1"],"picked":"Fasting2+1","floor":44.0},{"not_picked":["Study+1","BowlingBash+1","Consecrate+1"],"picked":"Singing Bowl","floor":45.0},{"not_picked":["Discovery","Metamorphosis"],"picked":"Trip","floor":46.0},{"not_picked":["ForeignInfluence","Nirvana+1"],"picked":"MentalFortress+1","floor":47.0},{"not_picked":["DeceiveReality","SashWhip+1","Swivel"],"picked":"Singing Bowl","floor":48.0},{"not_picked":["WheelKick+1","Sanctity"],"picked":"Tantrum+1","floor":55.0}],"player_experience":697305,"relics_obtained":[{"floor":6.0,"key":"Kunai"},{"floor":8.0,"key":"Thread and Needle"},{"floor":9.0,"key":"Frozen Egg 2"},{"floor":14.0,"key":"Singing Bowl"},{"floor":23.0,"key":"Oddly Smooth Stone"},{"floor":26.0,"key":"MealTicket"},{"floor":27.0,"key":"StrikeDummy"},{"floor":40.0,"key":"Incense Burner"},{"floor":44.0,"key":"Orichalcum"},{"floor":45.0,"key":"Torii"},{"floor":47.0,"key":"Dead Branch"},{"floor":55.0,"key":"Vajra"}],"event_choices":[{"damage_healed":0.0,"max_hp_gain":0.0,"max_hp_loss":0.0,"gold_gain":0.0,"event_name":"Scrap Ooze","player_choice":"Success","floor":3.0,"gold_loss":0.0,"damage_taken":5.0,"relics_obtained":["TeardropLocket"]},{"damage_healed":0.0,"max_hp_gain":5.0,"max_hp_loss":0.0,"gold_gain":0.0,"event_name":"Big Fish","player_choice":"Donut","floor":5.0,"gold_loss":0.0,"damage_taken":0.0},{"damage_healed":0.0,"max_hp_gain":0.0,"max_hp_loss":0.0,"gold_gain":150.0,"event_name":"Liars Game","player_choice":"AGREE","floor":11.0,"gold_loss":0.0,"damage_taken":0.0,"cards_obtained":["Doubt"]},{"damage_healed":0.0,"max_hp_gain":0.0,"max_hp_loss":0.0,"gold_gain":0.0,"cards_transformed":["Strike_P"],"event_name":"Transmorgrifier","player_choice":"Transformed","floor":20.0,"gold_loss":0.0,"damage_taken":0.0,"cards_obtained":["DeusExMachina"]},{"damage_healed":0.0,"max_hp_gain":0.0,"max_hp_loss":4.0,"gold_gain":0.0,"event_name":"Winding Halls","player_choice":"Max HP","floor":41.0,"gold_loss":0.0,"damage_taken":0.0},{"damage_healed":0.0,"max_hp_gain":0.0,"max_hp_loss":0.0,"gold_gain":0.0,"event_name":"MindBloom","player_choice":"Fight","floor":45.0,"gold_loss":0.0,"damage_taken":0.0},{"damage_healed":0.0,"max_hp_gain":0.0,"max_hp_loss":0.0,"gold_gain":0.0,"event_name":"SensoryStone","player_choice":"Memory 1","floor":46.0,"gold_loss":0.0,"damage_taken":0.0}],"is_beta":true,"boss_relics":[{"not_picked":["Runic Dome","Ectoplasm"],"picked":"Astrolabe"},{"not_picked":["Coffee Dripper","Tiny House"],"picked":"Fusion Hammer"}],"items_purged_floors":[12,28],"is_endless":false,"potions_floor_spawned":[6,8,21,30,31,33,35,36,38,44,47],"ascension_level":20}}