{"host":"w9yruvs4bqht6bhw","time":1610836212,"event":{"mods":["BaseMod","Colored Powertips","Minty Spire (QoL Compilation)"],"gold_per_floor":[210,175,175,256,114,148,165,184,184,161,161,193,193,220,220,325,375,391,490,490,6,6,6,6],"floor_reached":23,"language":"ENG","playtime":627,"items_purged":[],"score":325,"play_id":"8bc4e6e9-edbb-44e4-b5e7-4536989eff78","local_time":"20210116173012","is_ascension_mode":true,"campfire_choices":[{"data":"Discovery","floor":11,"key":"SMITH"},{"floor":13,"key":"REST"},{"data":"True Grit","floor":15,"key":"SMITH"}],"circlet_count":0,"master_deck":["AscendersBane","Strike_R+1","Strike_R+1","Strike_R+1","Strike_R+1","Strike_R+1","Defend_R+1","Defend_R+1","Defend_R+1","Defend_R+1","Bash+1","Discovery+1","Flame Barrier","Clash","Dark Embrace","True Grit+1","Limit Break","Shrug It Off+1","Writhe"],"relics":["Burning Blood","StrikeDummy","Oddly Smooth Stone","Mummified Hand","Dead Branch","Gremlin Horn","Tiny House","HornCleat","Meat on the Bone","War Paint"],"acts_visited":["Exordium","TheCity"],"potions_floor_usage":[6,6,12,23],"damage_taken":[{"damage":10,"enemies":"Small Slimes","floor":1,"turns":3},{"damage":15,"enemies":"Lagavulin","floor":6,"turns":3},{"damage":0,"enemies":"Jaw Worm","floor":7,"turns":3},{"damage":8,"enemies":"2 Louse","floor":8,"turns":2},{"damage":29,"enemies":"Gremlin Nob","floor":12,"turns":5},{"damage":22,"enemies":"Lagavulin","floor":14,"turns":4},{"damage":53,"enemies":"Hexaghost","floor":16,"turns":8},{"damage":29,"enemies":"Chosen","floor":18,"turns":7},{"damage":93,"enemies":"Slavers","floor":23,"turns":6}],"seed_played":"1252459795645895454","potions_obtained":[{"floor":1,"key":"SneckoOil"},{"floor":6,"key":"FairyPotion"},{"floor":7,"key":"Block Potion"},{"floor":17,"key":"BlessingOfTheForge"}],"is_trial":false,"path_per_floor":["M","?","?","T","$","E","M","M","T","$","R","E","R","E","R","B",null,"M","?","?","$","?","E"],"character_chosen":"IRONCLAD","items_purchased":["Discovery","AttackPotion","Clash","Meat on the Bone","War Paint","CultistPotion"],"campfire_rested":1,"item_purchase_floors":[5,5,10,21,21,21],"current_hp_per_floor":[68,80,85,85,85,76,82,80,80,80,80,57,82,66,66,19,74,51,51,51,51,51,0,0],"gold":6,"neow_bonus":"HUNDRED_GOLD","is_daily":false,"chose_seed":false,"campfire_upgraded":2,"win_rate":0.0,"timestamp":1610836212,"path_taken":["M","?","?","?","$","E","M","M","T","$","R","E","R","E","R","BOSS","M","?","?","$","?","E"],"items_purchased_type":["Card","Potion","Card","Relic","Relic","Potion"],"build_version":"2020-12-22","purchased_purges":0,"victory":false,"max_hp_per_floor":[80,80,85,85,85,85,85,85,85,85,85,85,85,85,85,85,90,90,90,90,90,90,90,90],"card_choices":[{"not_picked":["Sword Boomerang","Clash","Wild Strike"],"picked":"SKIP","floor":1},{"not_picked":["Feel No Pain","Sentinel"],"picked":"Flame Barrier","floor":6},{"not_picked":["Body Slam","Sever Soul","Havoc"],"picked":"SKIP","floor":7},{"not_picked":["Body Slam","Warcry","Cleave"],"picked":"SKIP","floor":8},{"not_picked":["Perfected Strike","Armaments"],"picked":"Dark Embrace","floor":12},{"not_picked":["Body Slam","Headbutt"],"picked":"True Grit","floor":14},{"not_picked":["Brutality","Juggernaut"],"picked":"Limit Break","floor":16},{"not_picked":["Clothesline","Pommel Strike"],"picked":"Shrug It Off","floor":17},{"not_picked":["Heavy Blade","Headbutt","Sword Boomerang"],"picked":"SKIP","floor":18}],"player_experience":413670,"relics_obtained":[{"floor":4,"key":"StrikeDummy"},{"floor":6,"key":"Oddly Smooth Stone"},{"floor":9,"key":"Mummified Hand"},{"floor":12,"key":"Dead Branch"},{"floor":14,"key":"Gremlin Horn"}],"event_choices":[{"damage_healed":20,"gold_gain":0,"player_choice":"Healed","damage_taken":0,"max_hp_gain":0,"max_hp_loss":0,"event_name":"The Cleric","floor":2,"gold_loss":35},{"damage_healed":0,"gold_gain":0,"player_choice":"Donut","damage_taken":0,"max_hp_gain":5,"max_hp_loss":0,"event_name":"Big Fish","floor":3,"gold_loss":0},{"damage_healed":0,"gold_gain":99,"player_choice":"Stole From Cult","damage_taken":0,"max_hp_gain":0,"max_hp_loss":0,"event_name":"Nest","floor":19,"gold_loss":0},{"damage_healed":0,"gold_gain":0,"player_choice":"Opened","damage_taken":0,"relics_obtained":["HornCleat"],"max_hp_gain":0,"max_hp_loss":0,"event_name":"The Mausoleum","floor":20,"gold_loss":0,"cards_obtained":["Writhe"]},{"damage_healed":0,"gold_gain":0,"player_choice":"Simplicity","damage_taken":0,"max_hp_gain":0,"max_hp_loss":0,"event_name":"Back to Basics","floor":22,"gold_loss":0,"cards_upgraded":["Strike_R","Strike_R","Strike_R","Strike_R","Strike_R","Defend_R","Defend_R","Defend_R"]}],"is_beta":false,"boss_relics":[{"not_picked":["Runic Cube","Philosopher\u0027s Stone"],"picked":"Tiny House"}],"items_purged_floors":[],"is_endless":false,"potions_floor_spawned":[1,6,7],"killed_by":"Slavers","ascension_level":12}}