{"host":"e1wc9sdc4kdvhg3d","time":1610833513,"event":{"mods":["AchievementEnabler","BaseMod","BetterRewards","Minty Spire (QoL Compilation)","Relic Stats","StSLib"],"gold_per_floor":[110,60,60,75,98,129,129,153,176,176,26,26,101,101,101,227,227,248,248,323,344,443,476,476,499,499,540,540,554,554,575,575,700,700,713,729,709,383,446,446,466,499,575,606,172,188,188,201,201,201,201],"floor_reached":50,"language":"ENG","playtime":3003,"items_purged":["Defend_P"],"score":563,"play_id":"3b329ce5-8af8-49d1-a31c-b901edf74263","local_time":"20210116154513","is_ascension_mode":false,"campfire_choices":[{"data":"Eruption","floor":7,"key":"SMITH"},{"data":"SashWhip","floor":10,"key":"SMITH"},{"data":"JustLucky","floor":12,"key":"SMITH"},{"floor":15,"key":"REST"},{"floor":24,"key":"REST"},{"floor":28,"key":"REST"},{"floor":30,"key":"REST"},{"data":"Perseverance","floor":32,"key":"SMITH"},{"data":"Ragnarok","floor":40,"key":"SMITH"},{"floor":47,"key":"REST"},{"data":"ConjureBlade","floor":49,"key":"SMITH"}],"circlet_count":0,"master_deck":["Strike_P","Strike_P","Strike_P","Defend_P","Defend_P","Defend_P","Eruption+1","Vigilance","PathToVictory","JustLucky+1","Halt","SashWhip+1","Protect","EmptyBody","DevaForm","PathToVictory+1","Perseverance+1","CarveReality","Conclude+1","WheelKick+1","Ragnarok+1","Weave+1","BattleHymn+1","Crescendo+1","Weave","Clumsy","JustLucky+1","ConjureBlade+1"],"relics":["HolyWater","Nunchaku","Unceasing Top","Shuriken","Golden Idol","Potion Belt","Juzu Bracelet","Bronze Scales","Bag of Marbles","Blue Candle","Anchor","Art of War","Cursed Key","Letter Opener","Gambling Chip","Ornamental Fan","Question Card","Regal Pillow","Ginger"],"acts_visited":["Exordium","TheCity","TheBeyond"],"potions_floor_usage":[6,21,33,39,39,44,50,50,50],"damage_taken":[{"damage":5,"enemies":"2 Louse","floor":1,"turns":3},{"damage":0,"enemies":"Jaw Worm","floor":4,"turns":3},{"damage":0,"enemies":"Cultist","floor":5,"turns":3},{"damage":11,"enemies":"Lagavulin","floor":6,"turns":4},{"damage":0,"enemies":"Blue Slaver","floor":8,"turns":3},{"damage":24,"enemies":"Hexaghost","floor":16,"turns":12},{"damage":7,"enemies":"Shell Parasite","floor":18,"turns":6},{"damage":0,"enemies":"Spheric Guardian","floor":21,"turns":4},{"damage":35,"enemies":"Gremlin Leader","floor":23,"turns":7},{"damage":2,"enemies":"Snecko","floor":25,"turns":6},{"damage":33,"enemies":"Slavers","floor":27,"turns":9},{"damage":3,"enemies":"Snake Plant","floor":29,"turns":4},{"damage":1,"enemies":"Shelled Parasite and Fungi","floor":31,"turns":4},{"damage":32,"enemies":"Automaton","floor":33,"turns":7},{"damage":0,"enemies":"Orb Walker","floor":35,"turns":3},{"damage":24,"enemies":"3 Darklings","floor":36,"turns":4},{"damage":3,"enemies":"Mind Bloom Boss Battle","floor":39,"turns":11},{"damage":2,"enemies":"Transient","floor":41,"turns":5},{"damage":38,"enemies":"Giant Head","floor":42,"turns":7},{"damage":8,"enemies":"Reptomancer","floor":44,"turns":3},{"damage":3,"enemies":"Sphere and 2 Shapes","floor":46,"turns":3},{"damage":2,"enemies":"3 Darklings","floor":48,"turns":4},{"damage":65,"enemies":"Time Eater","floor":50,"turns":5}],"seed_played":"3641219547976469258","potions_obtained":[{"floor":4,"key":"Dexterity Potion"},{"floor":5,"key":"DuplicationPotion"},{"floor":16,"key":"BlessingOfTheForge"},{"floor":27,"key":"BlessingOfTheForge"},{"floor":29,"key":"SteroidPotion"},{"floor":31,"key":"Swift Potion"},{"floor":33,"key":"Regen Potion"},{"floor":35,"key":"CultistPotion"},{"floor":37,"key":"Swift Potion"},{"floor":39,"key":"FearPotion"},{"floor":44,"key":"SmokeBomb"}],"is_trial":false,"path_per_floor":["M","?","?","M","M","E","R","M","T","R","$","R","?","?","R","B",null,"M","?","?","M","?","E","R","M","T","E","R","M","R","M","R","B",null,"M","M","?","$","?","R","M","E","T","E","$","M","R","M","R","B"],"character_chosen":"WATCHER","items_purchased":["Nunchaku","PathToVictory","Shuriken","Bronze Scales","Letter Opener","Ginger","ConjureBlade"],"campfire_rested":5,"item_purchase_floors":[0,0,0,11,38,45,45],"current_hp_per_floor":[67,67,49,49,49,38,38,38,38,38,38,38,27,24,45,21,72,65,65,58,58,58,23,44,42,42,9,30,27,48,47,47,15,72,72,48,48,48,59,59,57,19,19,11,11,8,44,42,42,0,0],"gold":201,"neow_bonus":"","is_daily":false,"chose_seed":false,"campfire_upgraded":6,"win_rate":0.0,"timestamp":1610833513,"path_taken":["M","?","?","M","M","E","R","M","T","R","?","R","?","?","R","BOSS","M","?","?","M","?","E","R","M","T","E","R","M","R","M","R","BOSS","M","M","?","$","?","R","M","E","T","E","$","M","R","M","R","BOSS"],"items_purchased_type":["Relic","Card","Relic","Relic","Relic","Relic","Card"],"build_version":"2020-12-22","purchased_purges":1,"victory":false,"max_hp_per_floor":[72,72,72,72,72,72,72,72,72,72,72,72,72,72,72,72,72,72,72,72,72,72,72,72,72,72,72,72,72,72,72,72,72,72,72,72,72,72,72,72,72,72,72,72,72,72,72,72,72,72,72],"relic_stats":{"Regal Pillow":15,"counters":[75,394],"Golden Idol":146,"Blue Candle":[0],"Juzu Bracelet":3,"Letter Opener":[101],"Ginger":[2],"Cursed Key":1,"Question Card":3,"Nunchaku":[24],"Shuriken":[49],"Ornamental Fan":[52],"Bronze Scales":[445],"Gambling Chip":[11],"Art of War":[14],"obtain_stats":[{"Darkstone Periapt":25,"Regal Pillow":25,"Calipers":21,"Gremlin Horn":26,"Incense Burner":10,"Bag of Preparation":13,"Juzu Bracelet":9,"Whetstone":14,"Ginger":45,"Cursed Key":17,"Smiling Mask":9,"Burning Blood":0,"Old Coin":13,"ClockworkSouvenir":0,"Blood Vial":10,"Dream Catcher":27,"Nunchaku":0,"Matryoshka":8,"Mummified Hand":6,"Gambling Chip":39,"Tiny Chest":2,"Philosopher\u0027s Stone":17,"Red Mask":20,"Toxic Egg 2":6,"Red Skull":8,"Potion Belt":6,"Golden Idol":3,"Blue Candle":23,"Eternal Feather":9,"Thread and Needle":12,"PreservedInsect":0,"Pen Nib":9,"Omamori":10,"Letter Opener":38,"MawBank":7,"Question Card":43,"Anchor":26,"Shuriken":0,"Ornamental Fan":42,"Bronze Scales":37,"Bird Faced Urn":43,"HolyWater":17,"Molten Egg 2":42,"Coffee Dripper":34,"Bag of Marbles":14,"Art of War":27,"Bottled Lightning":43,"Unceasing Top":0},{"Darkstone Periapt":40,"Regal Pillow":13,"Calipers":11,"Gremlin Horn":13,"Incense Burner":22,"Bag of Preparation":33,"Juzu Bracelet":57,"Whetstone":8,"Ginger":72,"Cursed Key":9,"Smiling Mask":21,"Burning Blood":0,"Old Coin":7,"ClockworkSouvenir":16,"Blood Vial":32,"Dream Catcher":14,"Nunchaku":52,"Matryoshka":21,"Mummified Hand":20,"Gambling Chip":69,"Tiny Chest":17,"Philosopher\u0027s Stone":35,"Red Mask":11,"Toxic Egg 2":30,"Red Skull":32,"Potion Belt":56,"Golden Idol":53,"Blue Candle":12,"Eternal Feather":21,"Thread and Needle":32,"PreservedInsect":0,"Pen Nib":5,"Omamori":6,"Letter Opener":68,"MawBank":5,"Question Card":71,"Anchor":62,"Shuriken":52,"Ornamental Fan":71,"Bronze Scales":45,"Bird Faced Urn":48,"HolyWater":58,"Molten Egg 2":48,"Coffee Dripper":43,"Bag of Marbles":57,"Art of War":63,"Bottled Lightning":48,"Unceasing Top":52},{"Darkstone Periapt":204,"Regal Pillow":63,"Calipers":52,"Gremlin Horn":63,"Incense Burner":111,"Bag of Preparation":167,"Juzu Bracelet":290,"Whetstone":30,"Ginger":382,"Cursed Key":40,"Smiling Mask":104,"Burning Blood":0,"Old Coin":26,"ClockworkSouvenir":80,"Blood Vial":159,"Dream Catcher":71,"Nunchaku":274,"Matryoshka":104,"Mummified Hand":99,"Gambling Chip":367,"Tiny Chest":85,"Philosopher\u0027s Stone":178,"Red Mask":52,"Toxic Egg 2":150,"Red Skull":159,"Potion Belt":287,"Golden Idol":277,"Blue Candle":58,"Eternal Feather":104,"Thread and Needle":159,"PreservedInsect":0,"Pen Nib":19,"Omamori":24,"Letter Opener":356,"MawBank":19,"Question Card":379,"Anchor":325,"Shuriken":274,"Ornamental Fan":379,"Bronze Scales":236,"Bird Faced Urn":249,"HolyWater":302,"Molten Egg 2":249,"Coffee Dripper":226,"Bag of Marbles":290,"Art of War":334,"Bottled Lightning":249,"Unceasing Top":274}],"Unceasing Top":[15]},"card_choices":[{"not_picked":["Protect","EmptyBody"],"picked":"JustLucky","floor":1},{"not_picked":["ThirdEye","CutThroughFate"],"picked":"Halt","floor":4},{"not_picked":["ReachHeaven","FlurryOfBlows"],"picked":"SashWhip","floor":5},{"not_picked":["MasterReality","Swivel"],"picked":"Protect","floor":6},{"not_picked":["Evaluate","Protect"],"picked":"EmptyBody","floor":8},{"not_picked":["MasterReality","Omniscience"],"picked":"DevaForm","floor":16},{"not_picked":["FlyingSleeves","Halt"],"picked":"PathToVictory+1","floor":18},{"not_picked":["FlurryOfBlows","EmptyBody+1"],"picked":"Perseverance","floor":21},{"not_picked":["JustLucky+1","EmptyFist"],"picked":"CarveReality","floor":23},{"not_picked":["Crescendo+1","PathToVictory","InnerPeace"],"picked":"SKIP","floor":25},{"not_picked":["PathToVictory+1","EmptyBody+1","Brilliance"],"picked":"SKIP","floor":27},{"not_picked":["Nirvana","CrushJoints"],"picked":"Conclude+1","floor":29},{"not_picked":["CutThroughFate","ThirdEye"],"picked":"WheelKick+1","floor":31},{"not_picked":["Vault","DeusExMachina"],"picked":"Ragnarok","floor":33},{"not_picked":["JustLucky+1","Swivel+1"],"picked":"Weave+1","floor":35},{"not_picked":["Halt+1","JustLucky","ThirdEye"],"picked":"SKIP","floor":36},{"not_picked":["FlyingSleeves+1","CutThroughFate"],"picked":"BattleHymn+1","floor":39},{"not_picked":["ReachHeaven","Study+1"],"picked":"Crescendo+1","floor":41},{"not_picked":["Meditate+1","Vengeance+1"],"picked":"Weave","floor":42},{"not_picked":["SashWhip","Sanctity","Conclude"],"picked":"JustLucky+1","floor":44},{"not_picked":["PathToVictory","ClearTheMind","Halt","FollowUp"],"picked":"SKIP","floor":46},{"not_picked":["FlurryOfBlows+1","BowlingBash","Meditate+1","FollowUp+1"],"picked":"SKIP","floor":48}],"player_experience":462703,"relics_obtained":[{"floor":6,"key":"Potion Belt"},{"floor":9,"key":"Juzu Bracelet"},{"floor":23,"key":"Blue Candle"},{"floor":26,"key":"Anchor"},{"floor":27,"key":"Art of War"},{"floor":39,"key":"Gambling Chip"},{"floor":42,"key":"Ornamental Fan"},{"floor":43,"key":"Question Card"},{"floor":44,"key":"Regal Pillow"}],"event_choices":[{"cards_removed":["Strike_P"],"damage_healed":0,"gold_gain":0,"player_choice":"Card Removal","damage_taken":0,"max_hp_gain":0,"max_hp_loss":0,"event_name":"The Cleric","floor":2,"gold_loss":50},{"damage_healed":0,"gold_gain":0,"player_choice":"Take Damage","damage_taken":18,"relics_obtained":["Golden Idol"],"max_hp_gain":0,"max_hp_loss":0,"event_name":"Golden Idol","floor":3,"gold_loss":0},{"damage_healed":0,"gold_gain":75,"player_choice":"Gather Gold","damage_taken":11,"max_hp_gain":0,"max_hp_loss":0,"event_name":"World of Goop","floor":13,"gold_loss":0},{"damage_healed":0,"gold_gain":0,"player_choice":"Success","damage_taken":3,"relics_obtained":["Bag of Marbles"],"max_hp_gain":0,"max_hp_loss":0,"event_name":"Scrap Ooze","floor":14,"gold_loss":0},{"damage_healed":0,"gold_gain":0,"player_choice":"Ignored","damage_taken":0,"max_hp_gain":0,"max_hp_loss":0,"event_name":"Ghosts","floor":19,"gold_loss":0},{"damage_healed":0,"gold_gain":75,"player_choice":"Touch","damage_taken":7,"max_hp_gain":0,"max_hp_loss":0,"event_name":"FaceTrader","floor":20,"gold_loss":0},{"damage_healed":0,"gold_gain":99,"player_choice":"Stole From Cult","damage_taken":0,"max_hp_gain":0,"max_hp_loss":0,"event_name":"Nest","floor":22,"gold_loss":0},{"damage_healed":0,"gold_gain":0,"player_choice":"Bought 1 Potion","damage_taken":0,"max_hp_gain":0,"max_hp_loss":0,"event_name":"The Woman in Blue","floor":37,"gold_loss":0},{"damage_healed":0,"gold_gain":0,"player_choice":"Fight","damage_taken":0,"max_hp_gain":0,"max_hp_loss":0,"event_name":"MindBloom","floor":39,"gold_loss":0}],"is_beta":false,"boss_relics":[{"not_picked":["SacredBark","Runic Pyramid"],"picked":"HolyWater"},{"not_picked":["Pandora\u0027s Box","Tiny House"],"picked":"Cursed Key"}],"items_purged_floors":[38],"is_endless":false,"potions_floor_spawned":[4,5,16,27,29,31,33,35,39,44],"killed_by":"Time Eater","ascension_level":0}}