{"host":"y1oqg7uy0jc6f5mb","time":1610813755,"event":{"mods":["BaseMod","Block Reminder","Colored Map","Colored Powertips","Custom Start","DeckTracker","Highlight Path","Minty Spire (QoL Compilation)","Permanent Neow","Quick Restart","Relic Sorter","Relic Stats","StSLib"],"gold_per_floor":[115,134,145,145,156,186,197,214,290,290,323,337,337,354,354,456,456,472,472,245,258,258,258,285,285,309,324,344,4,36,51,51,149,149,168,187,198,209,209,242,242,242,242],"floor_reached":42,"language":"ENG","playtime":3865,"items_purged":[],"score":655,"play_id":"41ecd5bd-675e-499f-ae36-f6dbbcdfa3eb","local_time":"20210117001555","is_ascension_mode":true,"campfire_choices":[{"data":"Spot Weakness","floor":13.0,"key":"SMITH"},{"data":"Armaments","floor":15.0,"key":"SMITH"},{"data":"Demon Form","floor":23.0,"key":"SMITH"},{"floor":25.0,"key":"REST"},{"data":"True Grit","floor":32.0,"key":"SMITH"},{"floor":41.0,"key":"REST"}],"circlet_count":0,"master_deck":["Strike_R","Strike_R","Strike_R","Defend_R","Defend_R","Defend_R","Defend_R","Bash","Dark Shackles","Clothesline","True Grit","Pommel Strike","Spot Weakness+1","Feed","Cleave","Flame Barrier","Armaments+1","Demon Form+1","Headbutt","True Grit+1","Cleave","J.A.X.","Thunderclap+1","Strike_R","Mind Blast+1","Cleave+1","Perfected Strike+1","Pommel Strike+1","Reaper+1","Heavy Blade+1","Perfected Strike+1","Disarm+1","Shrug It Off","Shrug It Off","Armaments+1","Inflame+1"],"relics":["Burning Blood","Dream Catcher","HornCleat","Happy Flower","Calipers","Philosopher\u0027s Stone","Toy Ornithopter","Pen Nib","Orichalcum","Molten Egg 2","Eternal Feather","Black Star","Boot","Nunchaku"],"acts_visited":["Exordium","TheCity","TheBeyond"],"potions_floor_usage":[42],"damage_taken":[{"damage":5.0,"enemies":"Jaw Worm","floor":1.0,"turns":5.0},{"damage":4.0,"enemies":"Small Slimes","floor":2.0,"turns":4.0},{"damage":0.0,"enemies":"2 Louse","floor":3.0,"turns":3.0},{"damage":14.0,"enemies":"Exordium Thugs","floor":5.0,"turns":5.0},{"damage":12.0,"enemies":"Gremlin Nob","floor":6.0,"turns":3.0},{"damage":8.0,"enemies":"Blue Slaver","floor":7.0,"turns":4.0},{"damage":4.0,"enemies":"Lots of Slimes","floor":8.0,"turns":4.0},{"damage":30.0,"enemies":"3 Sentries","floor":11.0,"turns":7.0},{"damage":7.0,"enemies":"Large Slime","floor":12.0,"turns":7.0},{"damage":1.0,"enemies":"Looter","floor":14.0,"turns":4.0},{"damage":23.0,"enemies":"The Guardian","floor":16.0,"turns":13.0},{"damage":19.0,"enemies":"Spheric Guardian","floor":18.0,"turns":4.0},{"damage":12.0,"enemies":"Shell Parasite","floor":21.0,"turns":6.0},{"damage":46.0,"enemies":"Slavers","floor":24.0,"turns":4.0},{"damage":7.0,"enemies":"3 Cultists","floor":27.0,"turns":4.0},{"damage":23.0,"enemies":"Shelled Parasite and Fungi","floor":28.0,"turns":7.0},{"damage":4.0,"enemies":"Gremlin Leader","floor":30.0,"turns":5.0},{"damage":4.0,"enemies":"Snake Plant","floor":31.0,"turns":3.0},{"damage":6.0,"enemies":"Collector","floor":33.0,"turns":8.0},{"damage":15.0,"enemies":"Orb Walker","floor":35.0,"turns":4.0},{"damage":9.0,"enemies":"3 Darklings","floor":36.0,"turns":4.0},{"damage":28.0,"enemies":"Maw","floor":37.0,"turns":5.0},{"damage":24.0,"enemies":"Jaw Worm Horde","floor":38.0,"turns":5.0},{"damage":57.0,"enemies":"Reptomancer","floor":40.0,"turns":8.0},{"damage":128,"enemies":"Giant Head","floor":42,"turns":8}],"seed_played":"8615644564518477367","potions_obtained":[{"floor":2.0,"key":"AttackPotion"},{"floor":5.0,"key":"AttackPotion"},{"floor":6.0,"key":"BlessingOfTheForge"},{"floor":7.0,"key":"Dexterity Potion"},{"floor":12.0,"key":"Swift Potion"},{"floor":18.0,"key":"CultistPotion"},{"floor":21.0,"key":"BloodPotion"},{"floor":30.0,"key":"BlessingOfTheForge"},{"floor":31.0,"key":"SkillPotion"},{"floor":35.0,"key":"Block Potion"},{"floor":38.0,"key":"FearPotion"},{"floor":40.0,"key":"Block Potion"}],"is_trial":false,"path_per_floor":["M","M","M","?","M","E","M","M","T","?","E","M","R","M","R","B",null,"M","?","$","M","?","R","E","R","T","M","M","$","E","M","R","B",null,"M","M","M","M","?","E","R","E"],"character_chosen":"IRONCLAD","items_purchased":["True Grit","Cleave","Toy Ornithopter","Molten Egg 2","Mind Blast+1"],"campfire_rested":2,"item_purchase_floors":[20,20,20,29,29],"current_hp_per_floor":[80,80,80,85,77,71,69,71,71,71,50,49,49,54,54,37,75,62,62,62,56,56,56,46,73,73,76,59,59,61,63,81,86,93,91,93,71,61,98,47,97,0,0],"gold":242,"neow_bonus":"RANDOM_COLORLESS","is_daily":false,"chose_seed":false,"campfire_upgraded":4,"win_rate":0.0,"timestamp":1610813755,"path_taken":["M","M","M","?","M","E","M","M","T","?","E","M","R","M","R","BOSS","M","?","$","M","?","R","E","R","T","M","M","$","E","M","R","BOSS","M","M","M","M","?","E","R","E"],"items_purchased_type":["Card","Card","Relic","Relic","Card"],"build_version":"2020-12-22","purchased_purges":0,"victory":false,"max_hp_per_floor":[80,80,80,85,85,85,85,85,85,85,88,88,88,88,88,88,88,88,88,88,88,88,88,91,91,91,95,95,95,95,95,95,95,95,95,95,95,98,98,98,98,98,98],"relic_stats":{"Dream Catcher":2,"Nunchaku":[1],"Happy Flower":[35],"counters":[25,134],"Eternal Feather":39,"Pen Nib":[12],"Black Star":1,"Orichalcum":[78],"Boot":[0],"obtain_stats":[{"Calipers":11,"Happy Flower":10,"Eternal Feather":30,"Pen Nib":24,"Orichalcum":26,"Boot":40,"Burning Blood":0,"Dream Catcher":6,"Nunchaku":40,"HornCleat":9,"Philosopher\u0027s Stone":17,"Molten Egg 2":29,"Black Star":34,"Toy Ornithopter":20},{"Calipers":8,"Happy Flower":7,"Eternal Feather":17,"Pen Nib":14,"Orichalcum":14,"Boot":24,"Burning Blood":0,"Dream Catcher":5,"Nunchaku":24,"HornCleat":7,"Philosopher\u0027s Stone":11,"Molten Egg 2":16,"Black Star":19,"Toy Ornithopter":12},{"Calipers":35,"Happy Flower":28,"Eternal Feather":89,"Pen Nib":73,"Orichalcum":73,"Boot":126,"Burning Blood":0,"Dream Catcher":20,"Nunchaku":126,"HornCleat":28,"Philosopher\u0027s Stone":59,"Molten Egg 2":84,"Black Star":100,"Toy Ornithopter":63}],"Burning Blood":135,"Toy Ornithopter":30},"card_choices":[{"not_picked":["Purity","Enlightenment"],"picked":"Dark Shackles","floor":0.0},{"not_picked":["Burning Pact","Flex"],"picked":"Clothesline","floor":1.0},{"not_picked":["Anger","Wild Strike"],"picked":"Cleave","floor":2.0},{"not_picked":["Flex","Havoc"],"picked":"True Grit","floor":3.0},{"not_picked":["Body Slam","Burning Pact"],"picked":"Pommel Strike","floor":5.0},{"not_picked":["Thunderclap","Headbutt"],"picked":"Spot Weakness","floor":6.0},{"not_picked":["Reckless Charge","Dark Embrace"],"picked":"Sentinel","floor":7.0},{"not_picked":["Intimidate","True Grit"],"picked":"Feed","floor":8.0},{"not_picked":["Power Through","Hemokinesis"],"picked":"Cleave","floor":11.0},{"not_picked":["Sentinel","Perfected Strike"],"picked":"Flame Barrier","floor":12.0},{"not_picked":["Disarm","Sever Soul"],"picked":"Armaments","floor":14.0},{"not_picked":["Exhume","Offering"],"picked":"Demon Form","floor":16.0},{"not_picked":["Power Through","Clash"],"picked":"Headbutt","floor":18.0},{"not_picked":["Clash","Body Slam"],"picked":"Thunderclap+1","floor":21.0},{"not_picked":["Evolve","Berserk"],"picked":"Sentinel","floor":24.0},{"not_picked":["Searing Blow+1","Second Wind"],"picked":"Dropkick+1","floor":25.0},{"not_picked":["Warcry","Clothesline"],"picked":"Shrug It Off","floor":27.0},{"not_picked":["Clash","Dropkick","Pommel Strike"],"picked":"SKIP","floor":28.0},{"not_picked":["Pommel Strike+1","Rupture+1"],"picked":"Cleave+1","floor":30.0},{"not_picked":["Body Slam+1","Searing Blow+1"],"picked":"Perfected Strike+1","floor":31.0},{"not_picked":["Fiend Fire+1","Immolate+1"],"picked":"Reaper+1","floor":33.0},{"not_picked":["Flex","Clothesline+1"],"picked":"Heavy Blade+1","floor":35.0},{"not_picked":["Heavy Blade+1","Blood for Blood+1","Iron Wave+1"],"picked":"SKIP","floor":36.0},{"not_picked":["Heavy Blade+1","Cleave+1"],"picked":"Perfected Strike+1","floor":37.0},{"not_picked":["True Grit+1","Heavy Blade+1"],"picked":"Disarm+1","floor":38.0},{"not_picked":["Clothesline+1","Sever Soul+1"],"picked":"Armaments+1","floor":40.0},{"not_picked":["Shrug It Off+1","Demon Form"],"picked":"Inflame+1","floor":41.0}],"player_experience":30955,"relics_obtained":[{"floor":6.0,"key":"Dream Catcher"},{"floor":9.0,"key":"HornCleat"},{"floor":11.0,"key":"Calipers"},{"floor":24.0,"key":"Pen Nib"},{"floor":26.0,"key":"Orichalcum"},{"floor":30.0,"key":"Eternal Feather"},{"floor":40.0,"key":"Boot"},{"floor":40.0,"key":"Nunchaku"}],"event_choices":[{"damage_healed":0.0,"max_hp_gain":5.0,"max_hp_loss":0.0,"gold_gain":0.0,"event_name":"Big Fish","player_choice":"Donut","floor":4.0,"gold_loss":0.0,"damage_taken":0.0},{"damage_healed":0.0,"max_hp_gain":0.0,"max_hp_loss":0.0,"gold_gain":0.0,"event_name":"Dead Adventurer","player_choice":"Searched \u00272\u0027 times","floor":10.0,"gold_loss":0.0,"damage_taken":0.0,"relics_obtained":["Happy Flower"]},{"damage_healed":0.0,"max_hp_gain":0.0,"max_hp_loss":0.0,"gold_gain":0.0,"cards_transformed":["Strike_R","Strike_R"],"event_name":"Drug Dealer","player_choice":"Became Test Subject","floor":19.0,"gold_loss":0.0,"damage_taken":0.0,"cards_obtained":["Warcry","Wild Strike"]},{"cards_removed":["Strike_R"],"damage_healed":0.0,"max_hp_gain":0.0,"max_hp_loss":0.0,"gold_gain":0.0,"event_name":"Back to Basics","player_choice":"Elegance","floor":22.0,"gold_loss":0.0,"damage_taken":0.0},{"cards_removed":["Dropkick"],"damage_healed":37.0,"max_hp_gain":0.0,"max_hp_loss":0.0,"gold_gain":0.0,"event_name":"Bonfire Elementals","player_choice":"Offered Uncommon","floor":39.0,"gold_loss":0.0,"damage_taken":0.0}],"is_beta":false,"boss_relics":[{"not_picked":["Calling Bell","Empty Cage"],"picked":"Philosopher\u0027s Stone"},{"not_picked":["Runic Dome","Tiny House"],"picked":"Black Star"}],"items_purged_floors":[],"is_endless":false,"potions_floor_spawned":[2,5,6,7,12,18,21,30,31,35,38,40],"killed_by":"Giant Head","ascension_level":5}}