{"host":"j07c9owmfahsj8nv","time":1610768929,"event":{"mods":["AchievementEnabler","BaseMod","Custom Start","Minty Spire (QoL Compilation)","Permanent Neow","Relic Filter","Remove Card Discount Mod","StSLib","TheWitcher"],"gold_per_floor":[115,28,28,46,104,135,170,43,67,107,167,211,246,266,266,382,382,351,121,36,45,86,130,160,243,243,259,295,330,178,220,220,423,423,449,99,108,130,414,414,414,453,453,508,274,310,442,445,445,470],"floor_reached":51,"language":"ZHS","playtime":4133,"items_purged":["SnafuTest:SneakKill","SnafuTest:WarofClans+1","Regret"],"score":1216,"play_id":"39de0a3b-0196-481e-8763-b6280a55fd7c","local_time":"20210116114849","daily_mods":["Flight","DeadlyEvents","Elite Swarm"],"is_ascension_mode":false,"campfire_choices":[{"floor":15,"key":"REST"},{"data":"1","floor":32,"key":"LIFT"},{"data":"2","floor":40,"key":"LIFT"},{"data":"3","floor":41,"key":"LIFT"},{"floor":49,"key":"DIG"}],"circlet_count":0,"master_deck":["SnafuTest:WorldMap+1","SnafuTest:Meditation+1","SnafuTest:Shooting+1","SnafuTest:MercilessReaper+1","SnafuTest:SuddenPuncture+1","SnafuTest:SneakKill+1","SnafuTest:SignYrden+1","Trip+1","SnafuTest:BombSamum+1","SnafuTest:MelitelesCare+1","Flash of Steel+1","SnafuTest:PowerAlwaysAWay+1","SnafuTest:LandOfFables+1","SnafuTest:PowerBloodLust+1","Flash of Steel+1","SnafuTest:LastWish+1","SnafuTest:ConciliatoryPresence+1","SnafuTest:PayHappyHour+1","Sadistic Nature+1","HandOfGreed+1","SnafuTest:PowerFireDamnation+1","SnafuTest:PowerEternalFlame+1","SnafuTest:WhiteWolfRise+1"],"relics":["SnafuTest:UnstableMutagenRelic","Membership Card","Frozen Egg 2","Toxic Egg 2","Molten Egg 2","War Paint","Whetstone","Blood Vial","White Beast Statue","HornCleat","CeramicFish","Bronze Scales","SnafuTest:CatRelic","Ornamental Fan","SnafuTest:AxiiRelic","Bottled Tornado","Runic Pyramid","Pen Nib","ClockworkSouvenir","Girya","Prayer Wheel","Lizard Tail","Bottled Lightning","Torii","Du-Vu Doll","Pantograph","Thread and Needle","Pen Nib","SnafuTest:AardRelic","Oddly Smooth Stone","Question Card","Fusion Hammer","Pocketwatch","Eternal Feather","Regal Pillow","Singing Bowl","Shovel","Akabeko","Turnip","FossilizedHelix","Bird Faced Urn","Gremlin Horn"],"acts_visited":["Exordium","TheCity","TheBeyond"],"potions_floor_usage":[11,14,23,28,29,33,35,42,46,47,48,48,50,50],"damage_taken":[{"damage":0,"enemies":"2 Louse","floor":1,"turns":1},{"damage":0,"enemies":"Cultist","floor":4,"turns":1},{"damage":4,"enemies":"3 Sentries","floor":6,"turns":3},{"damage":6,"enemies":"Lagavulin","floor":7,"turns":3},{"damage":0,"enemies":"Gremlin Nob","floor":10,"turns":2},{"damage":0,"enemies":"Lagavulin","floor":11,"turns":3},{"damage":4,"enemies":"3 Sentries","floor":12,"turns":3},{"damage":0,"enemies":"Lagavulin","floor":13,"turns":3},{"damage":0,"enemies":"Small Slimes","floor":14,"turns":1},{"damage":0,"enemies":"Hexaghost","floor":16,"turns":3},{"damage":0,"enemies":"Spheric Guardian","floor":18,"turns":2},{"damage":12,"enemies":"Slavers","floor":22,"turns":3},{"damage":4,"enemies":"Book of Stabbing","floor":23,"turns":2},{"damage":8,"enemies":"Gremlin Leader","floor":24,"turns":3},{"damage":8,"enemies":"Slavers","floor":25,"turns":4},{"damage":0,"enemies":"Shell Parasite","floor":27,"turns":2},{"damage":2,"enemies":"Book of Stabbing","floor":28,"turns":3},{"damage":0,"enemies":"Gremlin Leader","floor":29,"turns":2},{"damage":1,"enemies":"Book of Stabbing","floor":31,"turns":3},{"damage":10,"enemies":"Champ","floor":33,"turns":4},{"damage":0,"enemies":"3 Shapes","floor":35,"turns":3},{"damage":0,"enemies":"Orb Walker","floor":38,"turns":2},{"damage":12,"enemies":"Reptomancer","floor":42,"turns":3},{"damage":3,"enemies":"Giant Head","floor":44,"turns":4},{"damage":0,"enemies":"Reptomancer","floor":46,"turns":2},{"damage":0,"enemies":"Nemesis","floor":47,"turns":4},{"damage":0,"enemies":"Transient","floor":48,"turns":5},{"damage":13,"enemies":"Awakened One","floor":50,"turns":6}],"seed_played":"-1684602920278592369","potions_obtained":[{"floor":1,"key":"GamblersBrew"},{"floor":7,"key":"Dexterity Potion"},{"floor":10,"key":"GamblersBrew"},{"floor":11,"key":"Strength Potion"},{"floor":12,"key":"DuplicationPotion"},{"floor":13,"key":"Explosive Potion"},{"floor":14,"key":"SteroidPotion"},{"floor":23,"key":"SmokeBomb"},{"floor":28,"key":"Ancient Potion"},{"floor":29,"key":"SteroidPotion"},{"floor":33,"key":"EssenceOfSteel"},{"floor":35,"key":"BlessingOfTheForge"},{"floor":38,"key":"LiquidBronze"},{"floor":42,"key":"Energy Potion"},{"floor":44,"key":"FearPotion"},{"floor":46,"key":"SnafuTest:PlaceholderPotion"},{"floor":47,"key":"Strength Potion"},{"floor":48,"key":"EssenceOfSteel"}],"is_trial":true,"path_per_floor":["M","$","?","M","?","E","E","$","T","E","E","E","E","M","R","B",null,"M","$","?","?","E","E","E","E","T","M","E","E","$","E","R","B",null,"M","$","?","M","?","R","R","E","T","E","$","E","E","M","R","B",null],"character_chosen":"THE_WITCHER","items_purchased":["SnafuTest:SneakKill+1","SnafuTest:SignYrden+1","Trip+1","CeramicFish","Flash of Steel+1","SnafuTest:PowerAlwaysAWay+1","ClockworkSouvenir","Girya","SnafuTest:AardRelic","Oddly Smooth Stone","Sadistic Nature+1","Pocketwatch","Eternal Feather","Akabeko","Turnip"],"campfire_rested":1,"item_purchase_floors":[2,2,2,8,8,8,19,19,30,30,36,36,36,45,45],"current_hp_per_floor":[75,75,75,75,75,71,67,67,67,69,71,75,75,75,75,75,75,75,75,75,75,68,66,60,60,60,62,62,75,75,74,74,65,75,75,75,75,75,75,75,75,75,75,77,77,77,77,81,81,68],"gold":470,"neow_bonus":"","is_daily":false,"chose_seed":false,"campfire_upgraded":0,"win_rate":0.0,"timestamp":1610768929,"path_taken":["M","$","?","?","?","E","E","?","T","?","?","E","E","?","R","BOSS","M","$","?","?","?","E","?","E","T","M","E","E","?","E","R","BOSS","M","$","?","M","?","R","R","E","T","?","?","E","E","?","R","BOSS"],"items_purchased_type":["Card","Card","Card","Relic","Card","Card","Relic","Relic","Relic","Relic","Card","Relic","Relic","Relic","Relic"],"build_version":"2020-12-22","purchased_purges":3,"victory":true,"max_hp_per_floor":[75,75,75,75,75,75,75,75,75,75,75,75,75,75,75,75,75,75,75,75,75,75,75,75,75,75,75,75,75,75,75,75,75,75,75,75,75,75,75,75,75,75,75,77,77,77,77,81,81,81],"card_choices":[{"not_picked":["SnafuTest:SignAxii+1","SnafuTest:BombDimeritium+1"],"picked":"SnafuTest:SuddenPuncture+1","floor":1},{"not_picked":["SnafuTest:AncestralRitual+1","SnafuTest:GetPaid+1"],"picked":"SnafuTest:BombSamum+1","floor":4},{"not_picked":["SnafuTest:BloodLineTracing+1","SnafuTest:PowerLadyOfLake+1","SnafuTest:BlackSunReturn+1"],"picked":"SKIP","floor":6},{"not_picked":["SnafuTest:OtherWorld+1","SnafuTest:BlackSunRise+1"],"picked":"SnafuTest:MelitelesCare+1","floor":7},{"not_picked":["SnafuTest:MagePersecution+1","SnafuTest:BloodLineTracing+1"],"picked":"SnafuTest:LandOfFables+1","floor":10},{"not_picked":["SnafuTest:SpellIthlinneProphecy+1","SnafuTest:PowerMahakam+1","SnafuTest:SweetHome+1"],"picked":"SKIP","floor":11},{"not_picked":["SnafuTest:LeadingCharge+1","SnafuTest:PowerRhymeBeyondTime+1"],"picked":"SnafuTest:PowerBloodLust+1","floor":12},{"not_picked":["SnafuTest:Decapitate+1","SnafuTest:GraveDancingPaleFire+1","SnafuTest:PowerMahakam+1"],"picked":"SKIP","floor":13},{"not_picked":["SnafuTest:BombDimeritium+1","SnafuTest:Kick+1"],"picked":"SnafuTest:GetPaid+1","floor":14},{"not_picked":["SnafuTest:ConciliatoryPresence+1","SnafuTest:Amputation+1"],"picked":"SnafuTest:PayExoticTreasure+1","floor":16},{"not_picked":["SnafuTest:SignIgni+1","SnafuTest:ArmoredSortie+1","SnafuTest:BombDancingStar+1"],"picked":"SKIP","floor":18},{"not_picked":["SnafuTest:ConciliatoryPresence+1","SnafuTest:MelitelesCare+1"],"picked":"SnafuTest:WarofClans+1","floor":22},{"not_picked":["SnafuTest:FreyaBlessing+1","SnafuTest:PowerBloodLust+1"],"picked":"SnafuTest:LastWish+1","floor":23},{"not_picked":["SnafuTest:PowerMahakam+1","SnafuTest:Awake+1","SnafuTest:PowerEleganceEmbodiment+1"],"picked":"SKIP","floor":24},{"not_picked":["SnafuTest:FreyaBlessing+1","SnafuTest:BoxingChampion+1","SnafuTest:BlackSunRise+1"],"picked":"SKIP","floor":25},{"not_picked":["SnafuTest:SignIgni+1","SnafuTest:WitchHunt+1","SnafuTest:FirstAid+1"],"picked":"SKIP","floor":27},{"not_picked":["SnafuTest:Meditation+1","SnafuTest:ShieldUp+1","SnafuTest:SpellBlindFury+1"],"picked":"SKIP","floor":27},{"not_picked":["SnafuTest:DecisiveOpportunity+1","SnafuTest:BloodLineTracing+1"],"picked":"SnafuTest:SweetHome+1","floor":28},{"not_picked":["SnafuTest:TradeOrTrick+1","SnafuTest:MilitaryReview+1"],"picked":"SnafuTest:ConciliatoryPresence+1","floor":29},{"not_picked":["SnafuTest:PowerMahakam+1","SnafuTest:AssassinOfKings+1"],"picked":"SnafuTest:Celebration+1","floor":31},{"not_picked":["SnafuTest:FlashingEvasion+1","SnafuTest:PowerProbingFeint+1","SnafuTest:ShieldUp+1"],"picked":"SnafuTest:PayHappyHour+1","floor":35},{"not_picked":["SnafuTest:BombDimeritium+1","SnafuTest:Siege+1","SnafuTest:SpellLifeDrain+1","SnafuTest:SpellLivingArmor+1"],"picked":"SKIP","floor":35},{"not_picked":["Forethought+1","Magnetism+1","Metamorphosis+1"],"picked":"HandOfGreed+1","floor":37},{"not_picked":["SnafuTest:Shooting+1","SnafuTest:BombSamum+1","SnafuTest:PaySmithWorkshop+1"],"picked":"SnafuTest:PowerFireDamnation+1","floor":38},{"not_picked":["SnafuTest:SpellLifeDrain+1","SnafuTest:SignIgni+1","SnafuTest:BombMoonDust+1","SnafuTest:SwordDance+1"],"picked":"SKIP","floor":38},{"not_picked":["SnafuTest:SweetHome+1","SnafuTest:PowerEleganceEmbodiment+1","SnafuTest:WarofClans+1"],"picked":"SnafuTest:PowerEternalFlame+1","floor":42},{"not_picked":["SnafuTest:AssassinOfKings+1","SnafuTest:SpellIthlinneProphecy+1","SnafuTest:Awake+1","SnafuTest:GraveDancingPaleFire+1"],"picked":"Singing Bowl","floor":44},{"not_picked":["SnafuTest:ConciliatoryPresence+1","SnafuTest:WarofClans+1","SnafuTest:Decapitate+1"],"picked":"SnafuTest:Celebration+1","floor":46},{"not_picked":["SnafuTest:OtherWorld+1","SnafuTest:Amputation+1","SnafuTest:SpellIthlinneProphecy+1"],"picked":"SnafuTest:WhiteWolfRise+1","floor":47},{"not_picked":["SnafuTest:UndefeatedNarcissism+1","SnafuTest:BombDragonsDream+1","SnafuTest:BombDimeritium+1","SnafuTest:PayWeaponSmith+1"],"picked":"Singing Bowl","floor":48},{"not_picked":["SnafuTest:AncestralRitual+1","SnafuTest:PayArmorSmith+1","SnafuTest:WitchHunt+1","SnafuTest:PowerCounterAttack+1"],"picked":"Singing Bowl","floor":48}],"player_experience":27331,"relics_obtained":[{"floor":6,"key":"White Beast Statue"},{"floor":7,"key":"HornCleat"},{"floor":9,"key":"Bronze Scales"},{"floor":10,"key":"SnafuTest:CatRelic"},{"floor":11,"key":"Ornamental Fan"},{"floor":12,"key":"SnafuTest:AxiiRelic"},{"floor":13,"key":"Bottled Tornado"},{"floor":22,"key":"Lizard Tail"},{"floor":23,"key":"Bottled Lightning"},{"floor":24,"key":"Torii"},{"floor":25,"key":"Du-Vu Doll"},{"floor":26,"key":"Pantograph"},{"floor":28,"key":"Thread and Needle"},{"floor":29,"key":"Pen Nib"},{"floor":31,"key":"Question Card"},{"floor":42,"key":"Regal Pillow"},{"floor":43,"key":"Singing Bowl"},{"floor":44,"key":"Shovel"},{"floor":46,"key":"FossilizedHelix"},{"floor":47,"key":"Bird Faced Urn"},{"floor":49,"key":"Gremlin Horn"}],"event_choices":[{"damage_healed":0,"gold_gain":0,"player_choice":"Gave Potion","damage_taken":0,"relics_obtained":["Blood Vial"],"max_hp_gain":0,"max_hp_loss":0,"event_name":"WeMeetAgain","floor":3,"gold_loss":0},{"damage_healed":0,"gold_gain":58,"player_choice":"Gained Gold","damage_taken":0,"max_hp_gain":0,"max_hp_loss":0,"event_name":"Golden Wing","floor":5,"gold_loss":0},{"damage_healed":0,"gold_gain":0,"player_choice":"Obtained Relic","damage_taken":0,"relics_obtained":["Prayer Wheel"],"max_hp_gain":0,"max_hp_loss":0,"event_name":"Addict","floor":20,"gold_loss":85},{"damage_healed":0,"gold_gain":0,"player_choice":"Copied","damage_taken":0,"max_hp_gain":0,"max_hp_loss":0,"event_name":"Duplicator","floor":21,"gold_loss":0,"cards_obtained":["Flash of Steel"]},{"damage_healed":0,"gold_gain":0,"player_choice":"Memory 1","damage_taken":0,"max_hp_gain":0,"max_hp_loss":0,"event_name":"SensoryStone","floor":37,"gold_loss":0},{"damage_healed":0,"gold_gain":275,"player_choice":"Desecrate","damage_taken":0,"max_hp_gain":0,"max_hp_loss":0,"event_name":"Golden Shrine","floor":39,"gold_loss":0,"cards_obtained":["Regret"]}],"is_beta":false,"boss_relics":[{"not_picked":["Snecko Eye","Cursed Key"],"picked":"Runic Pyramid"},{"not_picked":["SacredBark","Empty Cage"],"picked":"Fusion Hammer"}],"items_purged_floors":[2,45,45],"is_endless":false,"potions_floor_spawned":[1,7,10,11,12,13,14,16,18,22,23,24,25,27,28,29,31,33,35,38,42,44,46,47,48],"ascension_level":0}}