{"host":"6eswuwtz6j8isipc","time":1610817113,"event":{"mods":["BaseMod","Better Third Choice","BetterRewards","Conspire","Hubris","Infinite Spire","Minty Spire (QoL Compilation)","Replay The Spire","Spicy Shops","StSLib","The Cursed"],"gold_per_floor":[109,109,109,109,120,154,154,154,172,198,198,198,224,236,236,81,81,181,181,197,197,217,236,236,236,253,378,378,394,394,429,429,443,443,443,443],"floor_reached":35,"language":"ENG","playtime":2077,"items_purged":[],"score":383,"play_id":"0020f679-d47c-4671-9f1d-7158d4a365ca","local_time":"20210116121153","is_ascension_mode":true,"campfire_choices":[{"data":"TheCursedMod:AbyssShockwave","floor":12,"key":"SMITH"},{"data":"TheCursedMod:CleanUpWorkshop","floor":15,"key":"SMITH"},{"data":"infinitespire:UltimateForm","floor":25,"key":"SMITH"},{"data":"TheCursedMod:FleshFromBone+1","floor":32,"key":"SMITH"},{"data":"TheCursedMod:FleshFromBone+2","floor":34,"key":"SMITH"}],"circlet_count":0,"master_deck":["TheCursedMod:Strike_TheCursed","TheCursedMod:Strike_TheCursed","TheCursedMod:Defend_TheCursed","TheCursedMod:Defend_TheCursed","TheCursedMod:Defend_TheCursed","TheCursedMod:Defend_TheCursed","TheCursedMod:CursedWand","TheCursedMod:CleanUpWorkshop+1","TheCursedMod:Dregs","TheCursedMod:WearCloak","TheCursedMod:ManaCirculation","TheCursedMod:StunningStrike","TheCursedMod:AbyssShockwave+1","TheCursedMod:CursedSpellbook","Delirium","TheCursedMod:ShockAndAwe","TheCursedMod:Obscuration","TheCursedMod:FleshFromBone","TheCursedMod:SurpriseAttack","infinitespire:UltimateForm+1","TheCursedMod:FleshFromBone+3","hubris:Sloth","hubris:Envy","infinitespire:Execution","TheCursedMod:LuckyCharm","TheCursedMod:Evocation+1"],"relics":["TheCursedMod:BlackMagic101","NeowsBlessing","hubris:Icosahedron","conspire:InfiniteJournal","ReplayFunnel","Lizard Tail","conspire:Flyswatter","Counterbalance","TheCursedMod:CrystalBall","Ring of Fangs","Ring of Searing","hubris:RunicObelisk","Bottled Lightning","Tiny Chest","Question Card","conspire:Dentures"],"acts_visited":["Exordium","TheCity"],"potions_floor_usage":[10,10],"damage_taken":[{"damage":0,"enemies":"Small Slimes","floor":1,"turns":1},{"damage":0,"enemies":"Jaw Worm","floor":5,"turns":2},{"damage":0,"enemies":"Lagavulin","floor":6,"turns":2},{"damage":0,"enemies":"2 Louse","floor":9,"turns":5},{"damage":27,"enemies":"3 Sentries","floor":10,"turns":14},{"damage":0,"enemies":"Lagavulin","floor":13,"turns":7},{"damage":5,"enemies":"Looter","floor":14,"turns":4},{"damage":20,"enemies":"Fading Forest","floor":18,"turns":11},{"damage":23,"enemies":"Shell Parasite","floor":20,"turns":5},{"damage":0,"enemies":"Chosen","floor":22,"turns":5},{"damage":15,"enemies":"Sentry and Sphere","floor":23,"turns":4},{"damage":0,"enemies":"Centurion and Healer","floor":26,"turns":5},{"damage":11,"enemies":"Book of Stabbing","floor":27,"turns":5},{"damage":11,"enemies":"Chosen and Byrds","floor":29,"turns":8},{"damage":30,"enemies":"Nightmare","floor":31,"turns":7},{"damage":5,"enemies":"Shelled Parasite and Fungi","floor":33,"turns":7},{"damage":23,"enemies":"Automaton","floor":35,"turns":6}],"seed_played":"7598541428685176191","potions_obtained":[{"floor":6,"key":"conspire:TimeTravelPotion"},{"floor":13,"key":"SpeedPotion"},{"floor":18,"key":"Explosive Potion"},{"floor":31,"key":"CultistPotion"}],"is_trial":false,"path_per_floor":["M","?","?","?","M","E","PTL","PTL","M","E","T","R","E","M","R","$","R","B",null,"M","?","M","M","AVR","R","M","E","T","M","?","NM","R","M","R","B"],"character_chosen":"THE_CURSED","items_purchased":["TheCursedMod:CrystalBall","TheCursedMod:CursedSpellbook"],"campfire_rested":0,"item_purchase_floors":[16,16],"current_hp_per_floor":[75,75,75,75,75,75,75,75,75,64,64,64,64,59,59,59,59,49,75,52,52,52,37,37,37,37,26,26,15,15,22,22,17,17,0,0],"gold":443,"neow_bonus":"THREE_ENEMY_KILL","is_daily":false,"chose_seed":false,"campfire_upgraded":5,"win_rate":0.0,"timestamp":1610817113,"path_taken":["M","?","?","?","M","E","PTL","PTL","M","E","T","R","E","M","R","$","R","BOSS","M","?","?","?","AVR","R","M","E","T","M","?","NM","R","M","R","BOSS"],"items_purchased_type":["Relic","Card"],"build_version":"2020-12-22","purchased_purges":0,"victory":false,"max_hp_per_floor":[75,75,75,75,75,75,75,75,75,75,75,75,75,75,75,75,75,75,75,75,75,75,75,75,75,75,75,75,75,75,75,75,75,75,75,75],"card_choices":[{"not_picked":["TheCursedMod:SmokeScreen","TheCursedMod:VitalStrike"],"picked":"TheCursedMod:WearCloak","floor":1},{"not_picked":["TheCursedMod:CircleOfCorruption","TheCursedMod:Wield","TheCursedMod:RavingStaff"],"picked":"SKIP","floor":5},{"not_picked":["TheCursedMod:SaltUponWound","TheCursedMod:SpitefulStrike","TheCursedMod:FuryStrike"],"picked":"SKIP","floor":6},{"not_picked":["TheCursedMod:CircleOfWindfury","TheCursedMod:CursedAmulet"],"picked":"TheCursedMod:StunningStrike","floor":9},{"not_picked":["TheCursedMod:CircleOfAmplification","TheCursedMod:CircleOfFlame"],"picked":"TheCursedMod:AbyssShockwave","floor":10},{"not_picked":["TheCursedMod:OutForBlood","TheCursedMod:Stretching","TheCursedMod:CursedAmulet"],"picked":"SKIP","floor":13},{"not_picked":["TheCursedMod:CursedStaff","TheCursedMod:RavingStaff","TheCursedMod:VitalStrike"],"picked":"SKIP","floor":14},{"not_picked":["TheCursedMod:CursedStaff","TheCursedMod:RavingStaff","TheCursedMod:VitalStrike"],"picked":"SKIP","floor":14},{"not_picked":["TheCursedMod:CursedStaff","TheCursedMod:RavingStaff","TheCursedMod:VitalStrike"],"picked":"SKIP","floor":14},{"not_picked":["TheCursedMod:ManaCirculation","TheCursedMod:ForbiddenAlchemy"],"picked":"TheCursedMod:ShockAndAwe","floor":18},{"not_picked":["TheCursedMod:CircleOfFlame","TheCursedMod:CursedShiv+1","TheCursedMod:CursedStaff"],"picked":"SKIP","floor":20},{"not_picked":["TheCursedMod:CursedMace+1","TheCursedMod:CursedShiv"],"picked":"TheCursedMod:FleshFromBone","floor":22},{"not_picked":["TheCursedMod:Stigma","TheCursedMod:FuryStrike+1"],"picked":"TheCursedMod:SurpriseAttack","floor":23},{"not_picked":["TheCursedMod:Obscuration","TheCursedMod:CircleOfFlame","TheCursedMod:TacticalStrike"],"picked":"SKIP","floor":26},{"not_picked":["TheCursedMod:Mangle","TheCursedMod:CursedBlade","TheCursedMod:FuryStrike"],"picked":"SKIP","floor":27},{"not_picked":["TheCursedMod:UltimatePain","TheCursedMod:Mangle","TheCursedMod:CursedStaff"],"picked":"TheCursedMod:FleshFromBone+1","floor":29},{"not_picked":["infinitespire:FutureSight","infinitespire:NeuralNetwork"],"picked":"infinitespire:Execution","floor":30},{"not_picked":["TheCursedMod:SoulCrush","TheCursedMod:CursedMace","TheCursedMod:Obscuration+1"],"picked":"TheCursedMod:LuckyCharm","floor":31},{"not_picked":["TheCursedMod:Wield","TheCursedMod:CircleOfFlame+1","TheCursedMod:PrepareRite"],"picked":"TheCursedMod:Evocation+1","floor":33}],"player_experience":1363630,"relics_obtained":[{"floor":3,"key":"conspire:InfiniteJournal"},{"floor":6,"key":"ReplayFunnel"},{"floor":10,"key":"Lizard Tail"},{"floor":11,"key":"conspire:Flyswatter"},{"floor":13,"key":"Counterbalance"},{"floor":17,"key":"Ring of Fangs"},{"floor":17,"key":"Ring of Searing"},{"floor":27,"key":"Tiny Chest"},{"floor":28,"key":"Question Card"},{"floor":31,"key":"conspire:Dentures"}],"event_choices":[{"damage_healed":0,"gold_gain":0,"cards_transformed":["TheCursedMod:Strike_TheCursed"],"player_choice":"Change","damage_taken":0,"max_hp_gain":0,"max_hp_loss":0,"event_name":"Living Wall","floor":4,"gold_loss":0,"cards_obtained":["TheCursedMod:ManaCirculation"]},{"damage_healed":0,"gold_gain":0,"cards_transformed":["TheCursedMod:Strike_TheCursed"],"player_choice":"Transformed","damage_taken":0,"max_hp_gain":0,"max_hp_loss":0,"event_name":"Transmorgrifier","floor":21,"gold_loss":0,"cards_obtained":["TheCursedMod:Obscuration"]}],"is_beta":false,"boss_relics":[{"not_picked":["Velvet Choker","ReplayTheSpireMod:DimensionalGlitch"],"picked":"hubris:RunicObelisk"}],"items_purged_floors":[],"is_endless":false,"potions_floor_spawned":[6,13,18,22,26,31,33],"killed_by":"Automaton","ascension_level":1}}