{"host":"o7j6aatxjwpw1421","time":1610807667,"event":{"mods":["2.2 Compatiblity","AchievementEnabler","BaseMod","Colored Map","DeckTracker","Highlight Path","Keyboard Shortcuts","Minty Spire (QoL Compilation)","Permanent Neow","Quick Restart","StSLib","SuperFastMode","everything is the same but u backflip on backflip"],"gold_per_floor":[109,129,37,52,52,52,77,96,96,96,107,126,201,201,201,321,321,341,341,266,266,285,285,321,341,341,266,266,266,21,39,39,39,39],"floor_reached":33,"language":"KOR","playtime":1209,"items_purged":["Strike_P","Defend_P"],"score":346,"play_id":"0be59962-d9eb-48ea-bf22-7041564181c0","local_time":"20210116233427","is_ascension_mode":true,"campfire_choices":[{"data":"Eruption","floor":6.0,"key":"SMITH"},{"data":"Vigilance","floor":10.0,"key":"SMITH"},{"floor":15.0,"key":"REST"},{"data":"MasterReality","floor":23.0,"key":"SMITH"},{"floor":28.0,"key":"REST"},{"data":"BattleHymn","floor":32.0,"key":"SMITH"}],"circlet_count":0,"master_deck":["Eruption+1","Vigilance+1","Indignation","Purity","MasterReality+1","BattleHymn+1","ClearTheMind","BowlingBash"],"relics":["PureWater","Art of War","Golden Idol","Empty Cage","Thread and Needle","CeramicFish","PreservedInsect"],"acts_visited":["Exordium","TheCity"],"potions_floor_usage":[],"damage_taken":[{"damage":6.0,"enemies":"2 Louse","floor":1.0,"turns":4.0},{"damage":0.0,"enemies":"Jaw Worm","floor":2.0,"turns":4.0},{"damage":7.0,"enemies":"Small Slimes","floor":4.0,"turns":3.0},{"damage":14.0,"enemies":"3 Sentries","floor":7.0,"turns":5.0},{"damage":3.0,"enemies":"Looter","floor":8.0,"turns":4.0},{"damage":4.0,"enemies":"3 Louse","floor":11.0,"turns":2.0},{"damage":3.0,"enemies":"Blue Slaver","floor":12.0,"turns":4.0},{"damage":18.0,"enemies":"The Guardian","floor":16.0,"turns":11.0},{"damage":13.0,"enemies":"Spheric Guardian","floor":18.0,"turns":4.0},{"damage":23.0,"enemies":"2 Thieves","floor":22.0,"turns":5.0},{"damage":0.0,"enemies":"Gremlin Leader","floor":24.0,"turns":3.0},{"damage":18.0,"enemies":"Snake Plant","floor":25.0,"turns":3.0},{"damage":51,"enemies":"Automaton","floor":33,"turns":6}],"seed_played":"-7052809013391983480","potions_obtained":[{"floor":4.0,"key":"BlessingOfTheForge"},{"floor":11.0,"key":"AttackPotion"},{"floor":16.0,"key":"Strength Potion"},{"floor":22.0,"key":"Ambrosia"},{"floor":25.0,"key":"Explosive Potion"}],"is_trial":false,"path_per_floor":["M","M","$","M","?","R","E","M","T","R","M","M","?","?","R","B",null,"M","?","$","?","M","R","E","M","T","?","R","?","$","?","R","B"],"character_chosen":"WATCHER","items_purchased":["Purity","PreservedInsect"],"campfire_rested":2,"item_purchase_floors":[3,30],"current_hp_per_floor":[45,45,45,38,43,43,29,26,26,26,22,19,8,8,29,11,71,58,58,58,58,35,35,35,17,17,17,38,38,38,38,38,0,0],"gold":39,"neow_bonus":"TRANSFORM_TWO_CARDS","is_daily":false,"chose_seed":false,"campfire_upgraded":4,"win_rate":0.0,"timestamp":1610807667,"path_taken":["M","M","$","M","?","R","E","M","T","R","M","M","?","?","R","BOSS","M","?","$","?","M","R","E","M","T","?","R","?","$","?","R","BOSS"],"items_purchased_type":["Card","Relic"],"build_version":"2020-12-22","purchased_purges":2,"victory":false,"max_hp_per_floor":[72,72,72,72,77,77,77,77,77,77,77,77,77,71,71,71,71,71,71,71,71,71,71,71,71,71,71,71,71,71,71,71,71,71],"card_choices":[{"not_picked":["CutThroughFate","ReachHeaven"],"picked":"Indignation","floor":1.0},{"not_picked":["Halt","BowlingBash","WaveOfTheHand"],"picked":"SKIP","floor":2.0},{"not_picked":["FlurryOfBlows","PathToVictory","Perseverance"],"picked":"SKIP","floor":4.0},{"not_picked":["Prostrate","Evaluate","WreathOfFlame"],"picked":"SKIP","floor":7.0},{"not_picked":["SignatureMove","JustLucky","WaveOfTheHand"],"picked":"SKIP","floor":8.0},{"not_picked":["FollowUp","TalkToTheHand"],"picked":"MasterReality","floor":11.0},{"not_picked":["Perseverance","Consecrate","PathToVictory"],"picked":"SKIP","floor":12.0},{"not_picked":["SandsOfTime","EmptyBody","LikeWater"],"picked":"SKIP","floor":18.0},{"not_picked":["Crescendo","FlurryOfBlows"],"picked":"BattleHymn","floor":22.0},{"not_picked":["EmptyBody","Wireheading","Evaluate"],"picked":"SKIP","floor":24.0},{"not_picked":["FlyingSleeves","BowlingBash+1","BattleHymn"],"picked":"SKIP","floor":25.0}],"player_experience":531151,"relics_obtained":[{"floor":7.0,"key":"Art of War"},{"floor":24.0,"key":"Thread and Needle"},{"floor":26.0,"key":"CeramicFish"}],"event_choices":[{"damage_healed":0.0,"max_hp_gain":5.0,"max_hp_loss":0.0,"gold_gain":0.0,"event_name":"Big Fish","player_choice":"Donut","floor":5.0,"gold_loss":0.0,"damage_taken":0.0},{"damage_healed":0.0,"max_hp_gain":0.0,"max_hp_loss":0.0,"gold_gain":75.0,"event_name":"World of Goop","player_choice":"Gather Gold","floor":13.0,"gold_loss":0.0,"damage_taken":11.0},{"damage_healed":0.0,"max_hp_gain":0.0,"max_hp_loss":6.0,"gold_gain":0.0,"event_name":"Golden Idol","player_choice":"Lose Max HP","floor":14.0,"gold_loss":0.0,"damage_taken":0.0,"relics_obtained":["Golden Idol"]},{"damage_healed":0.0,"max_hp_gain":0.0,"max_hp_loss":0.0,"gold_gain":0.0,"event_name":"Ghosts","player_choice":"Ignored","floor":19.0,"gold_loss":0.0,"damage_taken":0.0},{"cards_removed":["Strike_P"],"damage_healed":0.0,"max_hp_gain":0.0,"max_hp_loss":0.0,"gold_gain":0.0,"event_name":"Back to Basics","player_choice":"Elegance","floor":21.0,"gold_loss":0.0,"damage_taken":0.0},{"cards_removed":["ReachHeaven"],"damage_healed":0.0,"max_hp_gain":0.0,"max_hp_loss":0.0,"gold_gain":0.0,"event_name":"Beggar","player_choice":"Gave Gold","floor":27.0,"gold_loss":75.0,"damage_taken":0.0},{"damage_healed":0.0,"max_hp_gain":0.0,"max_hp_loss":0.0,"gold_gain":0.0,"event_name":"Vampires","player_choice":"Ignored","floor":29.0,"gold_loss":0.0,"damage_taken":0.0},{"damage_healed":0.0,"max_hp_gain":0.0,"max_hp_loss":0.0,"gold_gain":0.0,"cards_transformed":["WaveOfTheHand","Defend_P"],"event_name":"Drug Dealer","player_choice":"Became Test Subject","floor":31.0,"gold_loss":0.0,"damage_taken":0.0,"cards_obtained":["ClearTheMind","BowlingBash"]}],"is_beta":false,"boss_relics":[{"not_picked":["Ectoplasm","Runic Pyramid"],"picked":"Empty Cage"}],"items_purged_floors":[20,30],"is_endless":false,"potions_floor_spawned":[4,11,16,22,25],"killed_by":"Automaton","ascension_level":4}}