{"host":"y1oqg7uy0jc6f5mb","time":1610808535,"event":{"mods":["BaseMod","Block Reminder","Colored Map","Colored Powertips","Custom Start","DeckTracker","Highlight Path","Minty Spire (QoL Compilation)","Permanent Neow","Quick Restart","Relic Sorter","Relic Stats","StSLib"],"gold_per_floor":[113,130,130,130,147,180,180,206,206,206,224,22,22,87,87,182,182,192,204,144,158,67,101,101,101,101],"floor_reached":25,"language":"ENG","playtime":2353,"items_purged":[],"score":286,"play_id":"543d1e72-c39c-4c55-b6d0-039eab406c76","local_time":"20210116224855","is_ascension_mode":true,"campfire_choices":[{"data":"Double Tap","floor":7.0,"key":"SMITH"},{"floor":10.0,"key":"REST"},{"data":"Armaments","floor":13.0,"key":"SMITH"},{"floor":15.0,"key":"REST"},{"floor":24,"key":"REST"}],"circlet_count":0,"master_deck":["Strike_R","Strike_R","Defend_R+1","Defend_R","Defend_R","Defend_R","Bash+1","Headbutt","Double Tap+1","Heavy Blade","Dark Embrace","Reckless Charge","Armaments+1","Shrug It Off","Power Through","Limit Break","Ghostly Armor","True Grit","Power Through","Heavy Blade","Seeing Red","Impatience","Flex+1"],"relics":["Burning Blood","Vajra","Strawberry","Pocketwatch","Meat on the Bone","MealTicket","Letter Opener","Runic Dome","PreservedInsect"],"acts_visited":["Exordium","TheCity"],"potions_floor_usage":[],"damage_taken":[{"damage":8.0,"enemies":"2 Louse","floor":1.0,"turns":4.0},{"damage":10.0,"enemies":"Small Slimes","floor":2.0,"turns":3.0},{"damage":4.0,"enemies":"Jaw Worm","floor":5.0,"turns":2.0},{"damage":21.0,"enemies":"3 Sentries","floor":6.0,"turns":8.0},{"damage":32.0,"enemies":"Gremlin Nob","floor":8.0,"turns":4.0},{"damage":18.0,"enemies":"Exordium Wildlife","floor":11.0,"turns":4.0},{"damage":21.0,"enemies":"Lagavulin Event","floor":14.0,"turns":8.0},{"damage":36.0,"enemies":"Hexaghost","floor":16.0,"turns":8.0},{"damage":21.0,"enemies":"3 Byrds","floor":18.0,"turns":6.0},{"damage":9.0,"enemies":"2 Thieves","floor":19.0,"turns":4.0},{"damage":12.0,"enemies":"Shelled Parasite and Fungi","floor":21.0,"turns":6.0},{"damage":61,"enemies":"Book of Stabbing","floor":23,"turns":7},{"damage":58,"enemies":"Gremlin Leader","floor":25,"turns":4}],"seed_played":"-779165030535064781","potions_obtained":[{"floor":2.0,"key":"SpeedPotion"},{"floor":8.0,"key":"CultistPotion"},{"floor":11.0,"key":"Swift Potion"},{"floor":14.0,"key":"AttackPotion"},{"floor":18.0,"key":"ElixirPotion"},{"floor":23,"key":"LiquidMemories"}],"is_trial":false,"path_per_floor":["M","M","?","?","M","E","R","E","T","R","M","$","R","?","R","B",null,"M","M","?","M","$","E","R","E"],"character_chosen":"IRONCLAD","items_purchased":["Shrug It Off","MealTicket","Impatience"],"campfire_rested":3,"item_purchase_floors":[12,12,22],"current_hp_per_floor":[78,74,58,58,60,52,52,26,26,52,52,52,52,49,75,57,80,65,62,62,56,71,28,54,0,0],"gold":101,"neow_bonus":"RANDOM_COMMON_RELIC","is_daily":false,"chose_seed":false,"campfire_upgraded":2,"win_rate":0.0,"timestamp":1610808535,"path_taken":["M","M","?","?","M","E","R","E","T","R","M","$","R","?","R","BOSS","M","M","?","M","$","E","R","E"],"items_purchased_type":["Card","Relic","Card"],"build_version":"2020-12-22","purchased_purges":0,"victory":false,"max_hp_per_floor":[80,80,80,80,80,87,87,87,87,87,87,87,87,87,87,87,87,87,87,87,87,87,87,87,87,87],"relic_stats":{"counters":[13,68],"MealTicket":15,"PreservedInsect":46,"Letter Opener":[80],"obtain_stats":[{"Runic Dome":17,"Strawberry":6,"Vajra":0,"MealTicket":12,"PreservedInsect":23,"Letter Opener":14,"Burning Blood":0,"Pocketwatch":8,"Meat on the Bone":9},{"Runic Dome":8,"Strawberry":4,"Vajra":0,"MealTicket":6,"PreservedInsect":12,"Letter Opener":7,"Burning Blood":0,"Pocketwatch":5,"Meat on the Bone":5},{"Runic Dome":41,"Strawberry":17,"Vajra":0,"MealTicket":25,"PreservedInsect":64,"Letter Opener":33,"Burning Blood":0,"Pocketwatch":21,"Meat on the Bone":21}],"Burning Blood":72,"Pocketwatch":[51],"Meat on the Bone":48},"card_choices":[{"not_picked":["Twin Strike","Pummel"],"picked":"Headbutt","floor":1.0},{"not_picked":["True Grit","Warcry"],"picked":"Double Tap","floor":2.0},{"not_picked":["Sever Soul","Twin Strike"],"picked":"Heavy Blade","floor":5.0},{"not_picked":["Second Wind","Perfected Strike"],"picked":"Dark Embrace","floor":6.0},{"not_picked":["Armaments","Perfected Strike"],"picked":"Reckless Charge","floor":8.0},{"not_picked":["Entrench","Combust"],"picked":"Armaments","floor":11.0},{"not_picked":["Wild Strike","Thunderclap"],"picked":"Power Through","floor":14.0},{"not_picked":["Feed","Barricade"],"picked":"Limit Break","floor":16.0},{"not_picked":["Clash","Perfected Strike"],"picked":"Ghostly Armor","floor":18.0},{"not_picked":["Dark Embrace","Wild Strike"],"picked":"True Grit","floor":19.0},{"not_picked":["Iron Wave+1","Heavy Blade+1"],"picked":"Seeing Red","floor":21.0},{"not_picked":["Shrug It Off","Havoc"],"picked":"Flex+1","floor":23}],"player_experience":28602,"relics_obtained":[{"floor":6.0,"key":"Strawberry"},{"floor":8.0,"key":"Pocketwatch"},{"floor":9.0,"key":"Meat on the Bone"},{"floor":14.0,"key":"Letter Opener"},{"floor":23,"key":"PreservedInsect"}],"event_choices":[{"damage_healed":0.0,"max_hp_gain":0.0,"max_hp_loss":0.0,"gold_gain":0.0,"event_name":"Shining Light","player_choice":"Entered Light","floor":3.0,"gold_loss":0.0,"damage_taken":16.0,"cards_upgraded":["Bash","Defend_R"]},{"cards_removed":["Strike_R"],"damage_healed":0.0,"max_hp_gain":0.0,"max_hp_loss":0.0,"gold_gain":0.0,"event_name":"Living Wall","player_choice":"Forget","floor":4.0,"gold_loss":0.0,"damage_taken":0.0},{"damage_healed":0.0,"max_hp_gain":0.0,"max_hp_loss":0.0,"gold_gain":30.0,"event_name":"Dead Adventurer","player_choice":"Searched \u00273\u0027 times","floor":14.0,"gold_loss":0.0,"damage_taken":0.0},{"damage_healed":0.0,"max_hp_gain":0.0,"max_hp_loss":0.0,"gold_gain":0.0,"cards_transformed":["Strike_R","Strike_R"],"event_name":"Designer","player_choice":"Transformed Cards","floor":20.0,"gold_loss":60.0,"damage_taken":0.0,"cards_obtained":["Power Through","Heavy Blade"]}],"is_beta":false,"boss_relics":[{"not_picked":["Tiny House","Philosopher\u0027s Stone"],"picked":"Runic Dome"}],"items_purged_floors":[],"is_endless":false,"potions_floor_spawned":[2,8,11,14,18,23],"killed_by":"Gremlin Leader","ascension_level":5}}