{"host":"s2ap0bnrs90y0f0j","time":1610773901,"event":{"mods":["BaseMod","Minty Spire (QoL Compilation)","StSLib","TheBandit"],"gold_per_floor":[119,136,211,26,44,44,117,117,140,170,18,93,103,135,135,234,234,251,251,351,361,140,140,173,173,173,173,203,221,221,221,221],"floor_reached":30,"language":"ENG","playtime":1509,"items_purged":["wariomod:Defend"],"score":315,"play_id":"3e403729-9ab3-4b72-9c74-994283587844","local_time":"20210116001141","is_ascension_mode":true,"campfire_choices":[{"data":"wariomod:Enshrine","floor":6,"key":"SMITH"},{"data":"wariomod:SmallSprint","floor":8,"key":"SMITH"},{"data":"wariomod:DanceDash","floor":15,"key":"SMITH"},{"data":"wariomod:GodlyGift","floor":23,"key":"SMITH"},{"data":"wariomod:Bomblaster","floor":25,"key":"SMITH"}],"circlet_count":0,"master_deck":["wariomod:Strike","wariomod:Strike","wariomod:Strike","wariomod:Strike","wariomod:Defend","wariomod:Defend","wariomod:Defend","wariomod:Step","wariomod:Leap","wariomod:SmallSprint+1","wariomod:DanceDash+1","wariomod:Enshrine+1","wariomod:BodyBlock","wariomod:HappyHit","wariomod:Bomblaster+1","wariomod:SmallSprint","wariomod:DeadlyDash","wariomod:GodlyGift+1","wariomod:ChargeForth+1","wariomod:Smackflip+1","wariomod:BodyBlock","wariomod:Purify+1","wariomod:GodlyGift"],"relics":["wariomod:TheHat","Orichalcum","Omamori","Bottled Flame","wariomod:GlassHat","StrikeDummy","Black Star","Molten Egg 2","Sling","Tiny Chest","Blue Candle","Dream Catcher","Torii","Dead Branch"],"acts_visited":["Exordium","TheCity"],"potions_floor_usage":[10,24,28,28,30],"damage_taken":[{"damage":0,"enemies":"Small Slimes","floor":1,"turns":2},{"damage":6,"enemies":"2 Louse","floor":2,"turns":2},{"damage":2,"enemies":"Cultist","floor":5,"turns":3},{"damage":2,"enemies":"3 Sentries","floor":10,"turns":4},{"damage":0,"enemies":"Blue Slaver","floor":13,"turns":2},{"damage":18,"enemies":"Lagavulin","floor":14,"turns":5},{"damage":17,"enemies":"Hexaghost","floor":16,"turns":9},{"damage":18,"enemies":"Spheric Guardian","floor":18,"turns":4},{"damage":9,"enemies":"Shell Parasite","floor":21,"turns":4},{"damage":7,"enemies":"Slavers","floor":24,"turns":3},{"damage":22,"enemies":"Book of Stabbing","floor":28,"turns":5},{"damage":11,"enemies":"Cultist and Chosen","floor":29,"turns":5},{"damage":22,"enemies":"Slavers","floor":30,"turns":1}],"seed_played":"-6036986740395883644","potions_obtained":[{"floor":5,"key":"BlessingOfTheForge"},{"floor":16,"key":"BlessingOfTheForge"},{"floor":21,"key":"DistilledChaos"},{"floor":24,"key":"ColorlessPotion"},{"floor":27,"key":"Fire Potion"},{"floor":29,"key":"BlessingOfTheForge"}],"is_trial":false,"path_per_floor":["M","M","?","$","M","R","?","R","T","E","$","?","M","E","R","B",null,"M","?","?","M","$","R","E","R","T","?","E","M","E"],"character_chosen":"THE_BANDIT","items_purchased":["wariomod:Enshrine","wariomod:BodyBlock","wariomod:GlassHat","Sling"],"campfire_rested":0,"item_purchase_floors":[4,4,11,22],"current_hp_per_floor":[80,74,63,63,61,61,61,61,61,59,59,51,51,33,33,16,80,62,62,62,53,53,53,46,46,46,46,24,13,0,0,0],"gold":221,"neow_bonus":"RANDOM_COMMON_RELIC","is_daily":false,"chose_seed":false,"campfire_upgraded":5,"win_rate":0.0,"timestamp":1610773901,"path_taken":["M","M","?","$","M","R","?","R","T","E","$","?","M","E","R","BOSS","M","?","?","?","?","R","E","R","T","?","E","?","E"],"items_purchased_type":["Card","Card","Relic","Relic"],"build_version":"2020-12-22","purchased_purges":1,"victory":false,"max_hp_per_floor":[80,80,80,80,80,80,80,80,80,80,80,80,80,80,80,80,80,80,80,80,80,80,80,80,80,80,80,80,80,80,80,80],"card_choices":[{"not_picked":["wariomod:ChargeForth","wariomod:Boomsmack"],"picked":"wariomod:SmallSprint","floor":1},{"not_picked":["wariomod:ChargeForth","wariomod:SmallSprint"],"picked":"wariomod:DanceDash","floor":2},{"not_picked":["wariomod:Bomblaster","wariomod:BumRush"],"picked":"wariomod:HappyHit","floor":5},{"not_picked":["wariomod:EmptyMind","wariomod:Smackflip"],"picked":"wariomod:Bomblaster","floor":10},{"not_picked":["wariomod:ChargeForth","wariomod:SilenceBombs"],"picked":"wariomod:SmallSprint","floor":13},{"not_picked":["wariomod:PayItForwards","wariomod:DonateDraw"],"picked":"wariomod:DeadlyDash","floor":14},{"not_picked":["wariomod:PoisonBombs","wariomod:FabulousPrizes"],"picked":"wariomod:GodlyGift","floor":16},{"not_picked":["wariomod:BodyBlock+1","wariomod:BlastDash"],"picked":"wariomod:ChargeForth+1","floor":18},{"not_picked":["wariomod:SmallSprint+1","wariomod:ChargeForth+1"],"picked":"wariomod:Smackflip+1","floor":21},{"not_picked":["wariomod:CursedSpaces+1","wariomod:SimpleShield"],"picked":"wariomod:BodyBlock","floor":24},{"not_picked":["wariomod:TempestBlasts","wariomod:BodyBlock"],"picked":"wariomod:Purify+1","floor":28},{"not_picked":["wariomod:BlastDash+1","wariomod:DiceyMove"],"picked":"wariomod:GodlyGift","floor":29}],"player_experience":486225,"relics_obtained":[{"floor":9,"key":"Omamori"},{"floor":10,"key":"Bottled Flame"},{"floor":14,"key":"StrikeDummy"},{"floor":24,"key":"Tiny Chest"},{"floor":24,"key":"Blue Candle"},{"floor":26,"key":"Dream Catcher"},{"floor":28,"key":"Torii"},{"floor":28,"key":"Dead Branch"}],"event_choices":[{"damage_healed":0,"gold_gain":75,"player_choice":"Gather Gold","damage_taken":11,"max_hp_gain":0,"max_hp_loss":0,"event_name":"World of Goop","floor":3,"gold_loss":0},{"damage_healed":0,"gold_gain":73,"player_choice":"Gained Gold","damage_taken":0,"max_hp_gain":0,"max_hp_loss":0,"event_name":"Golden Wing","floor":7,"gold_loss":0},{"damage_healed":0,"gold_gain":75,"player_choice":"Touch","damage_taken":8,"max_hp_gain":0,"max_hp_loss":0,"event_name":"FaceTrader","floor":12,"gold_loss":0},{"damage_healed":0,"gold_gain":0,"player_choice":"Opened","damage_taken":0,"relics_obtained":["Molten Egg 2"],"max_hp_gain":0,"max_hp_loss":0,"event_name":"The Mausoleum","floor":19,"gold_loss":0},{"damage_healed":0,"gold_gain":100,"player_choice":"Pray","damage_taken":0,"max_hp_gain":0,"max_hp_loss":0,"event_name":"Golden Shrine","floor":20,"gold_loss":0},{"damage_healed":0,"gold_gain":0,"player_choice":"Got Potions","damage_taken":0,"max_hp_gain":0,"max_hp_loss":0,"event_name":"Lab","floor":27,"gold_loss":0}],"is_beta":false,"boss_relics":[{"not_picked":["Runic Dome","Fusion Hammer"],"picked":"Black Star"}],"items_purged_floors":[22],"is_endless":false,"potions_floor_spawned":[5,16,21,24,29],"killed_by":"Slavers","ascension_level":3}}