{"host":"gkm149kh1ihaqy0o","time":1610833355,"event":{"mods":["AchievementEnabler","BaseMod","Colored Powertips","Googly Eyes","Key Reminder","Minty Spire (QoL Compilation)","Permanent Neow","Quick Restart","Random Character Button","Rare Cards Sparkle","Relic Sorter","Relic Stats","SuperFastMode","Unceasing Turn Reminder","everything is the same but u backflip on backflip"],"gold_per_floor":[99,1,1,1,1,1,1,1,1,1,1,1,1,1,1,1,1,1,1,0,0,0,0,0,0],"floor_reached":24,"language":"ENG","playtime":1076,"items_purged":["Strike_P"],"score":378,"play_id":"bc0310de-1513-43f3-9d57-05cc7ffde7a1","local_time":"20210116154235","is_ascension_mode":true,"campfire_choices":[{"floor":6,"key":"REST"},{"data":"Eruption","floor":8,"key":"SMITH"},{"data":"Scrawl","floor":15,"key":"SMITH"}],"circlet_count":0,"master_deck":["Strike_P","Strike_P","Strike_P","Defend_P","Defend_P","Defend_P","Defend_P","Eruption+1","Vigilance","CutThroughFate","Prostrate","FollowUp","FollowUp","Tantrum","Wireheading","LikeWater","ClearTheMind","Wallop","Scrawl+1","DevaForm","Evaluate","EmptyFist","BowlingBash","FlurryOfBlows","EmptyMind"],"relics":["Ectoplasm","Golden Idol","HornCleat","Question Card","Blood Vial","Boot","Sozu","CaptainsWheel"],"acts_visited":["Exordium","TheCity"],"potions_floor_usage":[7,7,11,18,21],"damage_taken":[{"damage":0,"enemies":"Cultist","floor":1,"turns":3},{"damage":1,"enemies":"2 Louse","floor":4,"turns":2},{"damage":3,"enemies":"Jaw Worm","floor":5,"turns":4},{"damage":1,"enemies":"Lagavulin","floor":7,"turns":4},{"damage":8,"enemies":"3 Sentries","floor":10,"turns":6},{"damage":6,"enemies":"3 Sentries","floor":11,"turns":3},{"damage":0,"enemies":"2 Fungi Beasts","floor":12,"turns":3},{"damage":5,"enemies":"Blue Slaver","floor":13,"turns":2},{"damage":2,"enemies":"Gremlin Gang","floor":14,"turns":3},{"damage":0,"enemies":"Slime Boss","floor":16,"turns":5},{"damage":2,"enemies":"Spheric Guardian","floor":18,"turns":4},{"damage":0,"enemies":"2 Thieves","floor":20,"turns":3},{"damage":9,"enemies":"Shelled Parasite and Fungi","floor":21,"turns":3},{"damage":7,"enemies":"Centurion and Healer","floor":22,"turns":4},{"damage":46,"enemies":"Gremlin Leader","floor":23,"turns":5},{"damage":16,"enemies":"Snake Plant","floor":24,"turns":1}],"seed_played":"2839953733122326393","potions_obtained":[{"floor":1,"key":"StancePotion"},{"floor":5,"key":"EssenceOfSteel"},{"floor":10,"key":"PowerPotion"},{"floor":14,"key":"SkillPotion"},{"floor":16,"key":"SkillPotion"}],"is_trial":false,"path_per_floor":["M","$","?","M","M","R","E","R","T","?","E","M","M","M","R","B",null,"M","?","M","M","M","E","M"],"character_chosen":"WATCHER","items_purchased":["Prostrate"],"campfire_rested":1,"item_purchase_floors":[2],"current_hp_per_floor":[65,65,47,46,43,64,63,63,63,55,51,53,50,50,50,52,67,67,72,72,63,58,14,0,0],"gold":0,"neow_bonus":"BOSS_RELIC","is_daily":false,"chose_seed":false,"campfire_upgraded":2,"win_rate":0.0,"timestamp":1610833355,"path_taken":["M","$","?","M","M","R","E","R","T","?","E","?","M","M","R","BOSS","M","?","M","M","M","E","M"],"items_purchased_type":["Card"],"build_version":"2020-12-22","purchased_purges":1,"victory":false,"max_hp_per_floor":[72,72,72,72,72,72,72,72,72,72,72,72,72,72,72,72,72,72,72,72,72,72,72,72,72],"relic_stats":{"Blood Vial":18,"Sozu":1,"counters":[16,55],"Golden Idol":101,"Ectoplasm":473,"Question Card":11,"Boot":[64],"obtain_stats":[{"Blood Vial":10,"Sozu":17,"CaptainsWheel":23,"HornCleat":7,"Golden Idol":3,"Ectoplasm":0,"PureWater":0,"Question Card":9,"Boot":11},{"Blood Vial":5,"Sozu":10,"CaptainsWheel":15,"HornCleat":4,"Golden Idol":1,"Ectoplasm":0,"PureWater":0,"Question Card":4,"Boot":6},{"Blood Vial":19,"Sozu":35,"CaptainsWheel":54,"HornCleat":13,"Golden Idol":3,"Ectoplasm":0,"PureWater":0,"Question Card":13,"Boot":22}]},"card_choices":[{"not_picked":["Perseverance","Protect"],"picked":"CutThroughFate","floor":1},{"not_picked":["WaveOfTheHand","SignatureMove"],"picked":"FollowUp","floor":4},{"not_picked":["Nirvana","Evaluate"],"picked":"FollowUp","floor":5},{"not_picked":["Wireheading","SashWhip"],"picked":"Tantrum","floor":7},{"not_picked":["FlyingSleeves","WaveOfTheHand","EmptyFist"],"picked":"Wireheading","floor":10},{"not_picked":["Weave","Halt","CutThroughFate"],"picked":"LikeWater","floor":11},{"not_picked":["PathToVictory","FollowUp","SashWhip"],"picked":"ClearTheMind","floor":12},{"not_picked":["Prostrate","Sanctity","Tantrum"],"picked":"Wallop","floor":13},{"not_picked":["FlurryOfBlows","Prostrate","ThirdEye"],"picked":"Scrawl","floor":14},{"not_picked":["ConjureBlade","DeusExMachina","SpiritShield"],"picked":"DevaForm","floor":16},{"not_picked":["Pray","SignatureMove+1","Swivel+1"],"picked":"Evaluate","floor":18},{"not_picked":["CutThroughFate","Study+1","Protect"],"picked":"EmptyFist","floor":20},{"not_picked":["FollowUp","JustLucky+1","DeceiveReality"],"picked":"BowlingBash","floor":21},{"not_picked":["EmptyFist","Blasphemy","Wireheading"],"picked":"FlurryOfBlows","floor":22},{"not_picked":["Wireheading","MentalFortress","Worship"],"picked":"EmptyMind","floor":23}],"player_experience":630344,"relics_obtained":[{"floor":7,"key":"HornCleat"},{"floor":9,"key":"Question Card"},{"floor":10,"key":"Blood Vial"},{"floor":11,"key":"Boot"},{"floor":23,"key":"CaptainsWheel"}],"event_choices":[{"damage_healed":0,"gold_gain":0,"player_choice":"Take Damage","damage_taken":18,"relics_obtained":["Golden Idol"],"max_hp_gain":0,"max_hp_loss":0,"event_name":"Golden Idol","floor":3,"gold_loss":0},{"damage_healed":0,"gold_gain":0,"player_choice":"Searched \u00271\u0027 times","damage_taken":0,"max_hp_gain":0,"max_hp_loss":0,"event_name":"Dead Adventurer","floor":10,"gold_loss":0},{"damage_healed":24,"gold_gain":0,"player_choice":"Heal","damage_taken":0,"max_hp_gain":0,"max_hp_loss":0,"event_name":"The Library","floor":19,"gold_loss":0}],"is_beta":false,"boss_relics":[{"not_picked":["Cursed Key","Runic Dome"],"picked":"Sozu"}],"items_purged_floors":[2],"is_endless":false,"potions_floor_spawned":[1,5,10,14,16,20],"killed_by":"Snake Plant","ascension_level":7}}