{"host":"mydft8i2zzydgggw","time":1610838665,"event":{"mods":["AchievementEnabler","BaseMod","BetterRewards","Colored Map","Colored Powertips","DeckTracker","Keyboard Shortcuts","Minty Spire (QoL Compilation)","Rare Cards Sparkle","StSLib","SuperFastMode","everything is the same but u backflip on backflip"],"gold_per_floor":[19,37,57,157,169,169,59,59,108,125,136,136,169,180,180,277,277,294,294,393,149,166,166,41,55,82,94,120,132,132],"floor_reached":29,"language":"KOR","playtime":674,"items_purged":["Strike_B","Strike_B","Strike_B"],"score":378,"play_id":"845db89e-a2c0-4e26-afc8-06e84e392d9c","local_time":"20210117081105","is_ascension_mode":true,"campfire_choices":[{"data":"Zap","floor":6.0,"key":"SMITH"},{"data":"Blizzard","floor":8.0,"key":"SMITH"},{"data":"Dualcast","floor":12.0,"key":"SMITH"},{"data":"Recycle","floor":15.0,"key":"SMITH"},{"floor":23,"key":"REST"},{"data":"Recycle","floor":27,"key":"SMITH"}],"circlet_count":0,"master_deck":["AscendersBane","Strike_B","Defend_B","Defend_B","Defend_B","Defend_B","Zap+1","Dualcast+1","Sweeping Beam","Chill","Blizzard+1","Streamline","Recycle+1","Core Surge","Meteor Strike","Recycle+1","Leap+1","Auto Shields+1"],"relics":["FrozenCore","Gambling Chip","Omamori","DataDisk","Medical Kit","MawBank"],"acts_visited":["Exordium","TheCity"],"potions_floor_usage":[16,25,28,29],"damage_taken":[{"damage":5.0,"enemies":"Small Slimes","floor":1.0,"turns":3.0},{"damage":1.0,"enemies":"Cultist","floor":2.0,"turns":3.0},{"damage":2.0,"enemies":"Jaw Worm","floor":3.0,"turns":4.0},{"damage":7.0,"enemies":"Looter","floor":5.0,"turns":4.0},{"damage":8.0,"enemies":"Exordium Wildlife","floor":10.0,"turns":3.0},{"damage":11.0,"enemies":"Large Slime","floor":11.0,"turns":6.0},{"damage":0.0,"enemies":"3 Sentries","floor":13.0,"turns":4.0},{"damage":1.0,"enemies":"2 Fungi Beasts","floor":14.0,"turns":2.0},{"damage":24,"enemies":"Slime Boss","floor":16,"turns":10},{"damage":4,"enemies":"Chosen","floor":18,"turns":6},{"damage":29,"enemies":"3 Byrds","floor":22,"turns":6},{"damage":14,"enemies":"Snecko","floor":25,"turns":7},{"damage":18,"enemies":"Centurion and Healer","floor":28,"turns":10},{"damage":9,"enemies":"Snake Plant","floor":29,"turns":1}],"seed_played":"-4908520001832024019","potions_obtained":[{"floor":2.0,"key":"LiquidMemories"},{"floor":3.0,"key":"AttackPotion"},{"floor":5.0,"key":"Swift Potion"},{"floor":13.0,"key":"Weak Potion"},{"floor":22,"key":"GamblersBrew"},{"floor":28,"key":"Fruit Juice"}],"is_trial":false,"path_per_floor":["M","M","M","?","M","R","$","R","T","M","M","R","E","M","R","B",null,"M","?","?","$","M","R","$","M","T","R","M","M"],"character_chosen":"DEFECT","items_purchased":["Blizzard","Medical Kit"],"campfire_rested":1,"item_purchase_floors":[7,21],"current_hp_per_floor":[63,62,60,60,53,53,53,53,53,45,34,34,34,33,33,9,59,55,41,41,41,12,36,36,22,22,22,4,0,0],"gold":132,"neow_bonus":"ONE_RARE_RELIC","is_daily":false,"chose_seed":false,"campfire_upgraded":5,"win_rate":0.0,"timestamp":1610838665,"path_taken":["M","M","M","?","M","R","?","R","T","M","?","R","E","M","R","BOSS","M","?","?","$","M","R","$","M","T","R","M","M"],"items_purchased_type":["Card","Relic"],"build_version":"2020-12-22","purchased_purges":3,"victory":false,"max_hp_per_floor":[75,75,75,75,75,75,75,75,75,75,75,75,75,75,75,75,75,75,80,80,80,80,80,80,80,80,80,80,85,85],"card_choices":[{"not_picked":["Leap","Beam Cell"],"picked":"Sweeping Beam","floor":1.0},{"not_picked":["Lockon","Leap"],"picked":"Chill","floor":2.0},{"not_picked":["Rebound","Conserve Battery","Ball Lightning"],"picked":"SKIP","floor":3.0},{"not_picked":["Barrage","Leap","Auto Shields"],"picked":"SKIP","floor":5.0},{"not_picked":["White Noise","Aggregate","Steam"],"picked":"SKIP","floor":10.0},{"not_picked":["Reinforced Body","Redo"],"picked":"Streamline","floor":11.0},{"not_picked":["Static Discharge","Fusion"],"picked":"Recycle","floor":13.0},{"not_picked":["Rebound","Ball Lightning"],"picked":"Core Surge","floor":14.0},{"not_picked":["Multi-Cast","Buffer"],"picked":"Meteor Strike","floor":16},{"not_picked":["Turbo","Undo"],"picked":"Recycle","floor":18},{"not_picked":["Reprogram","Ball Lightning"],"picked":"Leap+1","floor":22},{"not_picked":["Rebound+1","Compile Driver","Hologram"],"picked":"SKIP","floor":25},{"not_picked":["Barrage","Conserve Battery"],"picked":"Auto Shields+1","floor":28}],"player_experience":174340,"relics_obtained":[{"floor":9.0,"key":"Omamori"},{"floor":13.0,"key":"DataDisk"},{"floor":26,"key":"MawBank"}],"event_choices":[{"damage_healed":0.0,"max_hp_gain":0.0,"max_hp_loss":0.0,"gold_gain":100.0,"event_name":"Golden Shrine","player_choice":"Pray","floor":4.0,"gold_loss":0.0,"damage_taken":0.0},{"damage_healed":0,"gold_gain":0,"player_choice":"Shed Blood","damage_taken":19,"max_hp_gain":5,"max_hp_loss":0,"event_name":"Forgotten Altar","floor":19,"gold_loss":0},{"damage_healed":0,"gold_gain":99,"player_choice":"Stole From Cult","damage_taken":0,"max_hp_gain":0,"max_hp_loss":0,"event_name":"Nest","floor":20,"gold_loss":0}],"is_beta":false,"boss_relics":[{"not_picked":["Fusion Hammer","Snecko Eye"],"picked":"FrozenCore"}],"items_purged_floors":[7,21,24],"is_endless":false,"potions_floor_spawned":[2,3,5,13,22,28],"killed_by":"Snake Plant","ascension_level":10}}