{"host":"w36evy4uyf1bcavi","time":1610809383,"event":{"mods":["Act Like it!","Aspiration","BaseMod","Conspire","Hermit","Jedi Mod","Minty Spire (QoL Compilation)","Replay The Spire","Robot Space Explorer","Spicy Shops","StSLib","The Cursed","The Hierophant"],"gold_per_floor":[112,112,112,126,126,161,7,41,41,52,52,52,66,96,96,96,96],"floor_reached":16,"language":"ZHS","playtime":906,"items_purged":[],"score":174,"play_id":"b20d7ce6-d803-4bbe-8e41-914c58b6f5da","local_time":"20210116230303","is_ascension_mode":true,"campfire_choices":[{"data":"TheCursedMod:CircleOfWindfury","floor":15,"key":"SMITH"}],"circlet_count":0,"master_deck":["conspire:GhostlyStrike","conspire:GhostlyStrike","conspire:GhostlyStrike","conspire:GhostlyStrike","conspire:GhostlyDefend","conspire:GhostlyDefend","conspire:GhostlyDefend","conspire:GhostlyDefend+1","TheCursedMod:CursedWand","TheCursedMod:CleanUpWorkshop","TheCursedMod:Dregs","TheCursedMod:CursedMace","Regret","TheCursedMod:CircleOfWindfury+1","TheCursedMod:SpitefulPray","TheCursedMod:CircleOfCorruption","TheCursedMod:CursedArmor","TheCursedMod:FuryStrike","TheCursedMod:FleshFromBone","TheCursedMod:CircleOfCorruption"],"relics":["Coffee Dripper","Thread and Needle","CultistMask","Blue Candle","Strawberry","aspiration:AnachronicSnailShell","conspire:DecoderRing","Juzu Bracelet"],"acts_visited":["Exordium"],"potions_floor_usage":[7,8,14,16],"damage_taken":[{"damage":1,"enemies":"Cultist","floor":1,"turns":4},{"damage":0,"enemies":"2 Louse","floor":4,"turns":3},{"damage":15,"enemies":"3 Sentries","floor":6,"turns":12},{"damage":47,"enemies":"Gremlin Nob","floor":8,"turns":7},{"damage":0,"enemies":"conspire:RoseBush","floor":10,"turns":2},{"damage":0,"enemies":"Lots of Slimes","floor":13,"turns":4},{"damage":9,"enemies":"Lagavulin","floor":14,"turns":6},{"damage":15,"enemies":"Hexaghost","floor":16,"turns":13}],"seed_played":"6060970831928732657","potions_obtained":[{"floor":6,"key":"Adrenaline Potion"},{"floor":8,"key":"AttackPotion"},{"floor":14,"key":"Energy Potion"}],"is_trial":false,"path_per_floor":["M","?","?","M","?","E","$","E","T","M","?","?","M","E","R","B"],"character_chosen":"THE_CURSED","items_purchased":["Fruit Juice","TheCursedMod:CircleOfCorruption"],"campfire_rested":0,"item_purchase_floors":[7,7],"current_hp_per_floor":[74,74,74,74,74,59,64,24,24,24,24,24,24,15,15,0,0],"gold":96,"neow_bonus":"BOSS_RELIC","is_daily":false,"chose_seed":false,"campfire_upgraded":1,"win_rate":0.0,"timestamp":1610809383,"path_taken":["M","?","?","M","?","E","$","E","T","?","?","?","?","E","R","BOSS"],"items_purchased_type":["Potion","Card"],"build_version":"2020-12-22","purchased_purges":0,"victory":false,"max_hp_per_floor":[75,75,75,75,75,75,80,87,87,87,87,87,87,87,87,87,87],"card_choices":[{"not_picked":["TheCursedMod:TacticalStrike","TheCursedMod:AshesToAshes"],"picked":"TheCursedMod:CursedMace","floor":1},{"not_picked":["TheCursedMod:TacticalStrike","TheCursedMod:Stigma"],"picked":"TheCursedMod:CircleOfWindfury","floor":4},{"not_picked":["TheCursedMod:SpreadPlague","TheCursedMod:DemonicPact"],"picked":"TheCursedMod:SpitefulPray","floor":6},{"not_picked":["TheCursedMod:Neurasthenia","TheCursedMod:Wield"],"picked":"TheCursedMod:CursedArmor","floor":8},{"not_picked":["TheCursedMod:CursedArmor","TheCursedMod:SaltUponWound"],"picked":"TheCursedMod:FuryStrike","floor":10},{"not_picked":["TheCursedMod:CursedMace","TheCursedMod:SpreadPlague"],"picked":"TheCursedMod:FleshFromBone","floor":13},{"not_picked":["TheCursedMod:DoubleShield","TheCursedMod:CursedBlade"],"picked":"TheCursedMod:CircleOfCorruption","floor":14}],"player_experience":458158,"relics_obtained":[{"floor":6,"key":"Blue Candle"},{"floor":8,"key":"Strawberry"},{"floor":9,"key":"aspiration:AnachronicSnailShell"},{"floor":12,"key":"conspire:DecoderRing"},{"floor":14,"key":"Juzu Bracelet"}],"event_choices":[{"damage_healed":0,"gold_gain":0,"player_choice":"Box","damage_taken":0,"relics_obtained":["Thread and Needle"],"max_hp_gain":0,"max_hp_loss":0,"event_name":"Big Fish","floor":2,"gold_loss":0,"cards_obtained":["Regret"]},{"damage_healed":0,"gold_gain":0,"player_choice":"Trade","damage_taken":0,"relics_obtained":["CultistMask"],"max_hp_gain":0,"max_hp_loss":0,"event_name":"FaceTrader","floor":5,"gold_loss":0},{"damage_healed":0,"gold_gain":0,"player_choice":"Agree","damage_taken":0,"max_hp_gain":0,"max_hp_loss":0,"event_name":"conspire:LoneGhost","floor":11,"gold_loss":0},{"damage_healed":0,"gold_gain":0,"player_choice":"Relic","damage_taken":0,"max_hp_gain":0,"max_hp_loss":0,"event_name":"Wheel of Change","floor":12,"gold_loss":0}],"is_beta":false,"boss_relics":[],"items_purged_floors":[],"is_endless":false,"potions_floor_spawned":[6,8,14],"killed_by":"Hexaghost","ascension_level":1}}