{"host":"ymn6un3ro3vi042j","time":1610828674,"event":{"mods":["AchievementEnabler","Act Like it!","BaseMod","Bestiary","Better Third Choice","BetterRewards","Colored Map","Colored Powertips","Conspire","Curses Come First","Dark Map","DeckTracker","Downfall","Friendly Minions","Highlight Path","Minty Spire (QoL Compilation)","Poor People Problems","Rare Cards Sparkle","StSLib","everything is the same but u backflip on backflip"],"gold_per_floor":[118,218,238,238,253,253,270,290,290,308,343,343,343,356,356,457,457,472,486,411,411,424,424,437,437,461,495,9,35,35,45,45,143,143,159,59,0,44,60,60,60,69,119,119,129,129,188,217,217,228,228],"floor_reached":50,"language":"ENG","playtime":3139,"items_purged":["Strike_G"],"score":691,"play_id":"66a62c80-4a5e-4332-ae25-eeaa2c63bc20","local_time":"20210116122434","is_ascension_mode":false,"campfire_choices":[{"data":"Survivor","floor":6,"key":"SMITH"},{"floor":15,"key":"REST"},{"data":"Infinite Blades","floor":23,"key":"SMITH"},{"floor":25,"key":"REST"},{"floor":32,"key":"REST"},{"data":"Burst","floor":40,"key":"SMITH"},{"floor":44,"key":"REST"},{"floor":49,"key":"REST"}],"circlet_count":0,"master_deck":["Strike_G","Strike_G","Defend_G+1","Defend_G","Defend_G+1","Defend_G","Defend_G","Survivor+1","Neutralize","Flying Knee","Flying Knee","Dodge and Roll","Blade Dance","After Image","Infinite Blades+1","Caltrops","Footwork","A Thousand Cuts","Accuracy","Riddle With Holes","Caltrops","Riddle With Holes+1","Dagger Spray","Dark Shackles","Panache","Blur","Caltrops","Burst+1","Shame","CurseOfTheBell","Parasite","Die Die Die","Pain","Riddle With Holes","Wraith Form v2","Blade Dance+1","conspire:SpireCoStock","conspire:SpireCoStock","Infinite Blades+1","Backstab+1","Distraction+1","Parasite","Terror+1","Venomology","conspire:DoublingDagger"],"relics":["Ring of the Snake","Bag of Preparation","Mummified Hand","TungstenRod","Philosopher\u0027s Stone","PreservedInsect","Ninja Scroll","War Paint","Calling Bell","Nunchaku","conspire:DecoderRing","Gambling Chip","conspire:SpecialSausage","Red Mask","Ancient Tea Set","Pantograph"],"acts_visited":["Exordium","TheCity","TheBeyond"],"potions_floor_usage":[11,11,16,16,27,38,38,48,50,50,50],"damage_taken":[{"damage":0,"enemies":"2 Louse","floor":1,"turns":4},{"damage":7,"enemies":"Cultist","floor":3,"turns":4},{"damage":5,"enemies":"Small Slimes","floor":5,"turns":4},{"damage":6,"enemies":"3 Louse","floor":7,"turns":4},{"damage":10,"enemies":"Exordium Thugs","floor":8,"turns":5},{"damage":11,"enemies":"Lots of Slimes","floor":10,"turns":4},{"damage":10,"enemies":"Lagavulin","floor":11,"turns":4},{"damage":8,"enemies":"Blue Slaver","floor":14,"turns":3},{"damage":4,"enemies":"Slime Boss","floor":16,"turns":17},{"damage":4,"enemies":"conspire:FuzzyDice","floor":18,"turns":7},{"damage":0,"enemies":"2 Thieves","floor":19,"turns":3},{"damage":2,"enemies":"conspire:HollyBat","floor":22,"turns":7},{"damage":36,"enemies":"Cultist and Chosen","floor":24,"turns":7},{"damage":27,"enemies":"Slavers","floor":27,"turns":4},{"damage":0,"enemies":"conspire:Head Lice","floor":29,"turns":4},{"damage":0,"enemies":"Shelled Parasite and Fungi","floor":31,"turns":4},{"damage":10,"enemies":"conspire:MysteriousRune","floor":33,"turns":8},{"damage":0,"enemies":"3 Shapes","floor":35,"turns":3},{"damage":4,"enemies":"Orb Walker","floor":38,"turns":3},{"damage":0,"enemies":"4 Shapes","floor":39,"turns":2},{"damage":18,"enemies":"Jaw Worm Horde","floor":42,"turns":3},{"damage":15,"enemies":"Writhing Mass","floor":45,"turns":3},{"damage":4,"enemies":"Reptomancer","floor":47,"turns":3},{"damage":5,"enemies":"Sphere and 2 Shapes","floor":48,"turns":3},{"damage":86,"enemies":"conspire:OrnateMirror","floor":50,"turns":5}],"seed_played":"-3994684204746168370","potions_obtained":[{"floor":7,"key":"hexamod:SoulburnPotion"},{"floor":8,"key":"GamblersBrew"},{"floor":10,"key":"AttackPotion"},{"floor":11,"key":"Ancient Potion"},{"floor":19,"key":"Explosive Potion"},{"floor":24,"key":"SpeedPotion"},{"floor":33,"key":"PowerPotion"},{"floor":35,"key":"Weak Potion"},{"floor":39,"key":"Strength Potion"},{"floor":42,"key":"Dexterity Potion"}],"is_trial":false,"path_per_floor":["M","?","M","?","M","R","M","M","T","M","E","?","?","M","R","B",null,"M","M","?","?","M","R","M","R","T","E","$","E","?","M","R","B",null,"M","?","?","M","M","R","?","M","T","R","M","?","E","M","R","B"],"character_chosen":"THE_SILENT","items_purchased":["Dark Shackles","Panache","Blur","Caltrops"],"campfire_rested":5,"item_purchase_floors":[28,28,28,28],"current_hp_per_floor":[77,77,70,70,65,65,59,49,49,38,28,47,47,39,62,58,77,73,73,73,60,58,58,22,45,45,18,18,18,23,23,48,38,84,84,84,84,80,80,80,80,62,62,84,69,69,65,60,80,0,0],"gold":228,"neow_bonus":"TEN_PERCENT_HP_BONUS","is_daily":false,"chose_seed":false,"campfire_upgraded":3,"win_rate":0.0,"timestamp":1610828674,"path_taken":["M","?","?","?","?","R","M","M","T","M","E","?","?","?","R","BOSS","M","?","?","?","M","R","M","R","T","E","$","E","?","M","R","BOSS","M","?","?","M","M","R","?","M","T","R","?","?","E","M","R","BOSS"],"items_purchased_type":["Card","Card","Card","Card"],"build_version":"2020-12-22","purchased_purges":1,"victory":false,"max_hp_per_floor":[77,77,77,77,77,77,77,77,77,77,77,77,77,77,77,77,77,77,77,74,79,79,79,79,79,79,79,79,79,84,84,84,84,84,84,84,84,84,84,84,84,84,84,84,84,80,80,80,80,80,80],"card_choices":[{"not_picked":["Dagger Throw","Underhanded Strike"],"picked":"Prepared","floor":1},{"not_picked":["Heel Hook","Expertise"],"picked":"Flying Knee","floor":3},{"not_picked":["Eviscerate","Bane"],"picked":"Flying Knee","floor":5},{"not_picked":["Well Laid Plans","Backflip"],"picked":"Dodge and Roll","floor":7},{"not_picked":["Backflip","Cloak And Dagger"],"picked":"Blade Dance","floor":8},{"not_picked":["Sucker Punch","Underhanded Strike"],"picked":"After Image","floor":10},{"not_picked":["Expertise","Underhanded Strike"],"picked":"Infinite Blades","floor":11},{"not_picked":["Slice","Reflex"],"picked":"Footwork","floor":14},{"not_picked":["Doppelganger","Die Die Die"],"picked":"A Thousand Cuts","floor":16},{"not_picked":["PiercingWail","Eviscerate+1"],"picked":"Accuracy","floor":18},{"not_picked":["Bane","Underhanded Strike"],"picked":"Riddle With Holes","floor":19},{"not_picked":["Riddle With Holes","Prepared"],"picked":"Caltrops","floor":22},{"not_picked":["Endless Agony","Acrobatics"],"picked":"Riddle With Holes+1","floor":24},{"not_picked":["Noxious Fumes","Deadly Poison+1"],"picked":"Dagger Spray","floor":27},{"not_picked":["Dodge and Roll+1","Underhanded Strike+1"],"picked":"Burst","floor":29},{"not_picked":["Underhanded Strike","Catalyst"],"picked":"Riddle With Holes","floor":31},{"not_picked":["Die Die Die","A Thousand Cuts"],"picked":"Wraith Form v2","floor":33},{"not_picked":["PiercingWail+1","Flying Knee"],"picked":"Blade Dance+1","floor":35},{"not_picked":["Masterful Stab","Quick Slash"],"picked":"Infinite Blades+1","floor":38},{"not_picked":["Backflip","Sucker Punch"],"picked":"Backstab+1","floor":39},{"not_picked":["Blade Dance+1","Reflex"],"picked":"Distraction+1","floor":42},{"not_picked":["Sucker Punch+1","Deflect"],"picked":"Terror+1","floor":45},{"not_picked":["Distraction","Deadly Poison"],"picked":"Venomology","floor":47},{"not_picked":["Dagger Spray","Endless Agony"],"picked":"conspire:DoublingDagger","floor":48}],"player_experience":41398,"relics_obtained":[{"floor":9,"key":"Mummified Hand"},{"floor":11,"key":"TungstenRod"},{"floor":26,"key":"PreservedInsect"},{"floor":27,"key":"Ninja Scroll"},{"floor":29,"key":"War Paint"},{"floor":30,"key":"Nunchaku"},{"floor":30,"key":"conspire:DecoderRing"},{"floor":30,"key":"Gambling Chip"},{"floor":43,"key":"Ancient Tea Set"},{"floor":47,"key":"Pantograph"}],"event_choices":[{"damage_healed":0,"gold_gain":100,"player_choice":"Pray","damage_taken":0,"max_hp_gain":0,"max_hp_loss":0,"event_name":"Golden Shrine","floor":2,"gold_loss":0},{"cards_removed":["Prepared"],"damage_healed":0,"gold_gain":0,"player_choice":"Gave Card","damage_taken":0,"relics_obtained":["Bag of Preparation"],"max_hp_gain":0,"max_hp_loss":0,"event_name":"WeMeetAgain","floor":4,"gold_loss":0},{"damage_healed":19,"gold_gain":0,"player_choice":"Healed and dodged fight","damage_taken":0,"max_hp_gain":0,"max_hp_loss":0,"event_name":"Mushrooms","floor":12,"gold_loss":0,"cards_obtained":["Parasite"]},{"damage_healed":0,"gold_gain":0,"cards_transformed":["Strike_G"],"player_choice":"Transformed","damage_taken":0,"max_hp_gain":0,"max_hp_loss":0,"event_name":"Transmorgrifier","floor":13,"gold_loss":0,"cards_obtained":["Caltrops"]},{"cards_removed":["Parasite"],"damage_healed":0,"gold_gain":0,"player_choice":"Gave Gold","damage_taken":0,"max_hp_gain":0,"max_hp_loss":0,"event_name":"Beggar","floor":20,"gold_loss":75},{"damage_healed":0,"gold_gain":0,"player_choice":"Shed Blood","damage_taken":19,"max_hp_gain":5,"max_hp_loss":0,"event_name":"Forgotten Altar","floor":21,"gold_loss":0},{"damage_healed":0,"gold_gain":0,"player_choice":"Invest 2","damage_taken":0,"max_hp_gain":0,"max_hp_loss":0,"event_name":"conspire:Investor","floor":36,"gold_loss":0},{"damage_healed":0,"gold_gain":0,"player_choice":"Paid","damage_taken":0,"relics_obtained":["Red Mask"],"max_hp_gain":0,"max_hp_loss":0,"event_name":"Tomb of Lord Red Mask","floor":37,"gold_loss":59},{"cards_removed":["Strike_G"],"damage_healed":0,"gold_gain":0,"player_choice":"Removed Attack","damage_taken":0,"max_hp_gain":0,"max_hp_loss":0,"event_name":"Falling","floor":41,"gold_loss":0},{"damage_healed":0,"gold_gain":0,"player_choice":"Max HP","damage_taken":0,"max_hp_gain":0,"max_hp_loss":4,"event_name":"Winding Halls","floor":46,"gold_loss":0}],"is_beta":false,"boss_relics":[{"not_picked":["Coffee Dripper","HoveringKite"],"picked":"Philosopher\u0027s Stone"},{"not_picked":["Black Star","Fusion Hammer"],"picked":"conspire:SpecialSausage"}],"items_purged_floors":[28],"is_endless":false,"potions_floor_spawned":[7,8,10,11,19,24,33,35,39,42],"killed_by":"conspire:OrnateMirror","ascension_level":0}}