{"host":"x21cvmfdo17nyhii","time":1610792757,"event":{"mods":["AchievementEnabler","BaseMod","Colored Map","Colored Powertips","DeckTracker","Highlight Path","Minty Spire (QoL Compilation)","Quick Restart","Rare Cards Sparkle","SuperFastMode"],"gold_per_floor":[113,288,302,252,271,271,283,317,317,317,349,449,469,486,486,587,587,597,90,101,26,26,54,54,72,98,98,13,13,26,60,60,60,60],"floor_reached":33,"language":"ENG","playtime":3104,"items_purged":[],"score":456,"play_id":"a0b29a74-f020-4bf4-b137-0ed7ff1b815f","local_time":"20210116022557","is_ascension_mode":true,"campfire_choices":[{"data":"Eruption","floor":6.0,"key":"SMITH"},{"data":"SpiritShield","floor":10.0,"key":"SMITH"},{"floor":15.0,"key":"REST"},{"floor":27.0,"key":"REST"},{"floor":29.0,"key":"REST"},{"floor":32,"key":"REST"}],"circlet_count":0,"master_deck":["Eruption+1","Vigilance","PathToVictory","PathToVictory","Conclude","PathToVictory","SpiritShield+1","PathToVictory","JustLucky","Ragnarok","ConjureBlade","DevaForm","DeusExMachina","LessonLearned","ThirdEye","FlyingSleeves","Worship","CarveReality","Collect","Prostrate+1","Evaluate+1","Prostrate+1","RitualDagger","ClearTheMind+1","PathToVictory+1","Crescendo+1","Protect+1"],"relics":["PureWater","Lantern","Kunai","Unceasing Top","Mango","Pandora\u0027s Box","Toxic Egg 2","MealTicket","Darkstone Periapt","Art of War","Shuriken","Incense Burner"],"acts_visited":["Exordium","TheCity"],"potions_floor_usage":[31,31,33],"damage_taken":[{"damage":0.0,"enemies":"Small Slimes","floor":1.0,"turns":2.0},{"damage":2.0,"enemies":"Jaw Worm","floor":3.0,"turns":3.0},{"damage":0.0,"enemies":"Cultist","floor":5.0,"turns":2.0},{"damage":0.0,"enemies":"3 Louse","floor":7.0,"turns":1.0},{"damage":20.0,"enemies":"Gremlin Nob","floor":8.0,"turns":3.0},{"damage":24.0,"enemies":"3 Sentries","floor":11.0,"turns":6.0},{"damage":8.0,"enemies":"Blue Slaver","floor":13.0,"turns":2.0},{"damage":7.0,"enemies":"Exordium Thugs","floor":14.0,"turns":3.0},{"damage":0.0,"enemies":"Slime Boss","floor":16.0,"turns":3.0},{"damage":12.0,"enemies":"2 Thieves","floor":18.0,"turns":3.0},{"damage":22.0,"enemies":"3 Byrds","floor":20.0,"turns":5.0},{"damage":20.0,"enemies":"Gremlin Leader","floor":23.0,"turns":4.0},{"damage":0.0,"enemies":"Snake Plant","floor":25.0,"turns":2.0},{"damage":24.0,"enemies":"Sentry and Sphere","floor":30.0,"turns":5.0},{"damage":33,"enemies":"Slavers","floor":31,"turns":5},{"damage":51,"enemies":"Champ","floor":33,"turns":5}],"seed_played":"-4184435505623815392","potions_obtained":[{"floor":3.0,"key":"SmokeBomb"},{"floor":13.0,"key":"Block Potion"},{"floor":14.0,"key":"Weak Potion"},{"floor":20.0,"key":"Block Potion"},{"floor":31,"key":"LiquidBronze"}],"is_trial":false,"path_per_floor":["M","?","M","?","M","R","M","E","T","R","E","?","M","M","R","B",null,"M","$","M","?","?","E","?","M","T","R","?","R","M","E","R","B"],"character_chosen":"WATCHER","items_purchased":["Toxic Egg 2","MealTicket","Prostrate+1","Evaluate+1"],"campfire_rested":4,"item_purchase_floors":[19,19,19,19],"current_hp_per_floor":[72,72,70,70,70,70,70,50,50,50,40,40,32,25,50,50,77,65,65,43,43,37,17,11,11,11,36,36,61,37,4,29,0,0],"gold":60,"neow_bonus":"RANDOM_COMMON_RELIC","is_daily":false,"chose_seed":false,"campfire_upgraded":2,"win_rate":0.0,"timestamp":1610792757,"path_taken":["M","?","M","?","?","R","M","E","T","R","E","?","M","M","R","BOSS","M","$","M","?","?","E","?","?","T","R","?","R","M","E","R","BOSS"],"items_purchased_type":["Relic","Relic","Card","Card"],"build_version":"2020-12-22","purchased_purges":0,"victory":false,"max_hp_per_floor":[72,72,72,72,72,72,72,72,72,72,86,86,86,86,86,86,86,86,86,86,86,86,86,86,86,86,86,86,86,86,86,86,86,86],"card_choices":[{"not_picked":["CrushJoints","BowlingBash"],"picked":"PathToVictory","floor":1.0},{"not_picked":["ThirdEye","WheelKick"],"picked":"PathToVictory","floor":3.0},{"not_picked":["FollowUp","SashWhip"],"picked":"Conclude","floor":5.0},{"not_picked":["FlurryOfBlows","Wireheading"],"picked":"PathToVictory","floor":7.0},{"not_picked":["Indignation","WreathOfFlame"],"picked":"SpiritShield","floor":8.0},{"not_picked":["Nirvana","ThirdEye"],"picked":"PathToVictory","floor":11.0},{"not_picked":["ThirdEye","LikeWater"],"picked":"TalkToTheHand","floor":13.0},{"not_picked":["MasterReality","Perseverance"],"picked":"JustLucky","floor":14.0},{"not_picked":["Establishment","Brilliance"],"picked":"Ragnarok","floor":16.0},{"not_picked":["SignatureMove","JustLucky"],"picked":"Collect","floor":18.0},{"not_picked":["EmptyFist","EmptyBody+1"],"picked":"Prostrate+1","floor":20.0},{"not_picked":["Crescendo+1","WaveOfTheHand+1"],"picked":"ClearTheMind+1","floor":23.0},{"not_picked":["SashWhip","ThirdEye+1"],"picked":"PathToVictory+1","floor":25.0},{"not_picked":["SashWhip","ThirdEye+1"],"picked":"Crescendo+1","floor":30.0},{"not_picked":["WindmillStrike","FearNoEvil"],"picked":"Protect+1","floor":31}],"player_experience":430225,"relics_obtained":[{"floor":8.0,"key":"Kunai"},{"floor":9.0,"key":"Unceasing Top"},{"floor":11.0,"key":"Mango"},{"floor":23.0,"key":"Darkstone Periapt"},{"floor":26.0,"key":"Art of War"},{"floor":31,"key":"Incense Burner"}],"event_choices":[{"damage_healed":0.0,"max_hp_gain":0.0,"max_hp_loss":0.0,"gold_gain":175.0,"event_name":"Liars Game","player_choice":"AGREE","floor":2.0,"gold_loss":0.0,"damage_taken":0.0,"cards_obtained":["Doubt"]},{"cards_removed":["Doubt"],"damage_healed":0.0,"max_hp_gain":0.0,"max_hp_loss":0.0,"gold_gain":0.0,"event_name":"The Cleric","player_choice":"Card Removal","floor":4.0,"gold_loss":50.0,"damage_taken":0.0},{"damage_healed":0.0,"max_hp_gain":0.0,"max_hp_loss":0.0,"gold_gain":100.0,"event_name":"Golden Shrine","player_choice":"Pray","floor":12.0,"gold_loss":0.0,"damage_taken":0.0},{"cards_removed":["TalkToTheHand"],"damage_healed":0.0,"max_hp_gain":0.0,"max_hp_loss":0.0,"gold_gain":0.0,"event_name":"Beggar","player_choice":"Gave Gold","floor":21.0,"gold_loss":75.0,"damage_taken":0.0},{"damage_healed":0.0,"max_hp_gain":0.0,"max_hp_loss":0.0,"gold_gain":0.0,"event_name":"Nest","player_choice":"Joined the Cult","floor":22.0,"gold_loss":0.0,"damage_taken":6.0,"cards_obtained":["RitualDagger"]},{"damage_healed":0.0,"max_hp_gain":0.0,"max_hp_loss":0.0,"gold_gain":0.0,"event_name":"Knowing Skull","player_choice":"","floor":24.0,"potions_obtained":[],"gold_loss":0.0,"damage_taken":6.0,"cards_obtained":[]},{"damage_healed":0.0,"max_hp_gain":0.0,"max_hp_loss":0.0,"gold_gain":0.0,"event_name":"Addict","player_choice":"Obtained Relic","floor":28.0,"gold_loss":85.0,"damage_taken":0.0,"relics_obtained":["Shuriken"]}],"is_beta":false,"boss_relics":[{"not_picked":["SlaversCollar","Tiny House"],"picked":"Pandora\u0027s Box"}],"items_purged_floors":[],"is_endless":false,"potions_floor_spawned":[3,13,14,16,20,30,31],"killed_by":"Champ","ascension_level":5}}