{"host":"oigynbtg272c19pw","time":1610801630,"event":{"mods":["BaseMod","Colored Map","Minty Spire (QoL Compilation)","Relic Stats","Slay the Relics Exporter","StSLib"],"gold_per_floor":[113,131,143,143,143,143,174,174,174,174,99,109,126,126,126,126,126],"floor_reached":16,"playtime":373,"items_purged":[],"score":200,"play_id":"af440dfc-7e33-4f02-a545-e98f8c8f09a0","local_time":"20210116135350","is_ascension_mode":true,"campfire_choices":[{"data":"Searing Blow","floor":6,"key":"SMITH"},{"data":"Searing Blow+1","floor":8,"key":"SMITH"},{"data":"Searing Blow+2","floor":10,"key":"SMITH"},{"data":"Searing Blow+3","floor":15,"key":"SMITH"}],"circlet_count":0,"master_deck":["AscendersBane","Strike_R","Strike_R","Strike_R","Strike_R","Defend_R","Defend_R","Defend_R","Defend_R","Bash","Cleave","Evolve","Searing Blow+4","Feed","Headbutt","Dark Embrace"],"relics":["Burning Blood","NeowsBlessing","Torii","Self Forming Clay","Charon\u0027s Ashes"],"acts_visited":["Exordium"],"potions_floor_usage":[8,13],"damage_taken":[{"damage":0,"enemies":"Cultist","floor":1,"turns":1},{"damage":0,"enemies":"Jaw Worm","floor":2,"turns":1},{"damage":0,"enemies":"Small Slimes","floor":3,"turns":1},{"damage":66,"enemies":"Lagavulin","floor":7,"turns":8},{"damage":16,"enemies":"2 Fungi Beasts","floor":12,"turns":3},{"damage":12,"enemies":"Exordium Wildlife","floor":13,"turns":3},{"damage":43,"enemies":"Hexaghost","floor":16,"turns":9}],"seed_played":"-5491517533657970513","potions_obtained":[{"floor":3,"key":"Fruit Juice"},{"floor":12,"key":"Explosive Potion"}],"is_trial":false,"path_per_floor":["M","M","M","T","T","R","E","R","T","R","?","M","M","?","R","B"],"character_chosen":"IRONCLAD","items_purchased":[],"campfire_rested":0,"item_purchase_floors":[],"current_hp_per_floor":[74,75,75,75,75,75,15,20,20,20,20,13,10,38,38,0,0],"gold":126,"neow_bonus":"THREE_ENEMY_KILL","is_daily":false,"chose_seed":false,"campfire_upgraded":4,"win_rate":0.0,"timestamp":1610801630,"path_taken":["M","M","?","?","?","R","E","R","T","R","?","M","M","?","R","BOSS"],"items_purchased_type":[],"build_version":"2020-12-13","purchased_purges":0,"victory":false,"max_hp_per_floor":[75,75,75,75,75,75,75,80,80,80,80,83,86,86,86,86,86],"relic_stats":{"Torii":17,"counters":[7,26],"Self Forming Clay":[48],"Charon\u0027s Ashes":[18],"obtain_stats":[{"NeowsBlessing":0,"Torii":4,"Self Forming Clay":5,"Charon\u0027s Ashes":9,"Burning Blood":0},{"NeowsBlessing":0,"Torii":3,"Self Forming Clay":3,"Charon\u0027s Ashes":4,"Burning Blood":0},{"NeowsBlessing":0,"Torii":3,"Self Forming Clay":3,"Charon\u0027s Ashes":11,"Burning Blood":0}],"Burning Blood":25},"card_choices":[{"not_picked":["Warcry","Entrench"],"picked":"Cleave","floor":1},{"not_picked":["Sword Boomerang","Clash"],"picked":"Evolve","floor":2},{"not_picked":["Dark Embrace","Evolve"],"picked":"Searing Blow","floor":3},{"not_picked":["Twin Strike","Wild Strike"],"picked":"Feed","floor":7},{"not_picked":["Pommel Strike","Heavy Blade"],"picked":"Headbutt","floor":12},{"not_picked":["Pommel Strike","Flex"],"picked":"Dark Embrace","floor":13}],"player_experience":1409421,"relics_obtained":[{"floor":4,"key":"Torii"},{"floor":5,"key":"Self Forming Clay"},{"floor":9,"key":"Charon\u0027s Ashes"}],"event_choices":[{"cards_removed":["Strike_R"],"damage_healed":0,"gold_gain":0,"player_choice":"Card Removal","damage_taken":0,"max_hp_gain":0,"max_hp_loss":0,"event_name":"The Cleric","floor":11,"gold_loss":75},{"damage_healed":28,"gold_gain":0,"player_choice":"Banana","damage_taken":0,"max_hp_gain":0,"max_hp_loss":0,"event_name":"Big Fish","floor":14,"gold_loss":0}],"is_beta":false,"boss_relics":[],"items_purged_floors":[],"is_endless":false,"potions_floor_spawned":[3,12],"killed_by":"Hexaghost","ascension_level":20}}