{"host":"h2gxemxa99wv6yfu","time":1610756761,"event":{"mods":["Bard","BaseMod","Beaked The Cultist","BetterRewards","Block Reminder","Colored Powertips","Conspire","Friendly Minions","Glutton Mod","Highlight Path","Hubris","Infinite Spire","Mad Scientist","Marisa????????","Minty Spire (QoL Compilation)","Permanent Neow","Quick Restart","Relic Stats","Replay The Spire","Shop Mod","StSLib","The Animator","The Blackbeard","The Bug Knight","The Construct","The Disciple","The Mystic","The Necromancer","The Servant 0.9.4","The Witch"],"gold_per_floor":[113,113,213,224,224,224,243,243,266,279,179,214,214,229,229,179,179],"floor_reached":16,"language":"ENG","playtime":782,"items_purged":["Strike_S"],"score":125,"play_id":"ebbfcb78-8072-4a8e-8da3-8083a75b7294","local_time":"20210115182601","is_ascension_mode":false,"campfire_choices":[{"data":"KidneyShot","floor":6,"key":"SMITH"},{"data":"SurpressingFire","floor":13,"key":"SMITH"},{"data":"Strike_S","floor":15,"key":"PURGE"}],"circlet_count":0,"master_deck":["Strike_S","Strike_S","Defend_S","Defend_S","Defend_S","KidneyShot+1","Exchange","Rearm","TimeWarp","InstantArmor","SurpressingFire+1","Ghostly","ShatteredReality","SurpressingFire"],"relics":["Uniform","Thread and Needle","hubris:Icosahedron","hubris:Towel","Gremlin Food","infinitespire:Satchel"],"acts_visited":["Exordium"],"potions_floor_usage":[],"damage_taken":[{"damage":0,"enemies":"2 Louse","floor":1,"turns":4},{"damage":16,"enemies":"Cultist","floor":4,"turns":5},{"damage":0,"enemies":"Small Slimes","floor":7,"turns":3},{"damage":0,"enemies":"Looter","floor":10,"turns":3},{"damage":0,"enemies":"3 Sentries","floor":12,"turns":11},{"damage":0,"enemies":"Blue Slaver","floor":14,"turns":3},{"damage":49,"enemies":"Slime Boss","floor":16,"turns":16}],"seed_played":"-663068178150919790","potions_obtained":[{"floor":8,"key":"ColorlessPotion"},{"floor":8,"key":"Regen Potion"},{"floor":8,"key":"Reflective Coating"}],"is_trial":false,"path_per_floor":["M","?","?","M","?","R","M","?","T","M","?","E","R","M","R","B"],"character_chosen":"THE_SERVANT","items_purchased":[],"campfire_rested":0,"item_purchase_floors":[],"current_hp_per_floor":[65,65,65,49,49,49,49,49,49,49,49,49,49,49,49,0,0],"gold":179,"neow_bonus":"","is_daily":false,"chose_seed":false,"campfire_upgraded":2,"win_rate":0.0,"timestamp":1610756761,"path_taken":["M","?","?","?","?","R","M","?","T","?","?","E","R","M","R","BOSS"],"items_purchased_type":[],"build_version":"2020-12-22","purchased_purges":1,"victory":false,"max_hp_per_floor":[65,65,65,65,65,65,65,65,65,65,65,65,65,65,65,65,65],"relic_stats":{"counters":[10,55],"obtain_stats":[{"Gremlin Food":9,"hubris:Icosahedron":2,"infinitespire:Satchel":12,"Thread and Needle":0,"Uniform":0,"hubris:Towel":5},{"Gremlin Food":6,"hubris:Icosahedron":4,"infinitespire:Satchel":8,"Thread and Needle":3,"Uniform":0,"hubris:Towel":5},{"Gremlin Food":22,"hubris:Icosahedron":14,"infinitespire:Satchel":36,"Thread and Needle":10,"Uniform":0,"hubris:Towel":19}]},"card_choices":[{"not_picked":["DoubleEdge","Shuttle"],"picked":"Rearm","floor":1},{"not_picked":["Rearm","Rewind"],"picked":"TimeWarp","floor":4},{"not_picked":["BottledTime","Read"],"picked":"InstantArmor","floor":7},{"not_picked":["Advance","Starlight"],"picked":"SurpressingFire","floor":10},{"not_picked":["Collapse","Snipe"],"picked":"ShatteredReality","floor":12},{"not_picked":["Unruled","Starlight"],"picked":"SurpressingFire","floor":14}],"player_experience":16515,"relics_obtained":[{"floor":9,"key":"Gremlin Food"},{"floor":12,"key":"infinitespire:Satchel"}],"event_choices":[{"damage_healed":0,"gold_gain":100,"player_choice":"Pray","damage_taken":0,"max_hp_gain":0,"max_hp_loss":0,"event_name":"Golden Shrine","floor":3,"gold_loss":0},{"damage_healed":0,"gold_gain":0,"player_choice":"Got Potions","damage_taken":0,"max_hp_gain":0,"max_hp_loss":0,"event_name":"Lab","floor":8,"gold_loss":0},{"damage_healed":0,"gold_gain":0,"player_choice":"Argue","damage_taken":0,"max_hp_gain":0,"max_hp_loss":0,"event_name":"conspire:LoneGhost","floor":11,"gold_loss":0}],"is_beta":false,"boss_relics":[],"items_purged_floors":[0],"is_endless":false,"potions_floor_spawned":[12],"killed_by":"Slime Boss","ascension_level":0}}