{"host":"4ag909k4xupnj24b","time":1610783317,"event":{"mods":["BaseMod","Minty Spire (QoL Compilation)","StSLib"],"gold_per_floor":[109,125,145,163,174,203,203,23,23,33,45,19,45,55,55,160,160,173,184,202,16,33,68,8,8,8,8,26,40,66,85,85,189,189,200,212,192,204,42,77,77,77,77,0,50,60,71,84,84,84,84,84,11,45,45,45],"floor_reached":55,"language":"ENG","playtime":2459,"items_purged":["Strike_P","Strike_P"],"score":782,"play_id":"7aea7d12-9a7b-492c-81ba-2f9ca247fd32","local_time":"20210115234837","is_ascension_mode":false,"campfire_choices":[{"floor":7,"key":"RECALL"},{"floor":15,"key":"REST"},{"floor":27,"key":"REST"},{"floor":32,"key":"REST"},{"floor":41,"key":"REST"},{"floor":49,"key":"REST"},{"floor":52,"key":"REST"}],"circlet_count":0,"master_deck":["Strike_P","Strike_P","Defend_P","Defend_P","Defend_P","Defend_P","Eruption","Vigilance","FollowUp","FlurryOfBlows+1","BowlingBash","MentalFortress","Weave","CutThroughFate","WindmillStrike+1","Consecrate","EmptyFist","Ragnarok","FlurryOfBlows","MentalFortress+1","Tantrum","MentalFortress","Meditate","ThirdEye","TalkToTheHand","ThirdEye+1","Ragnarok","CurseOfTheBell","FlurryOfBlows+1","MentalFortress","Apotheosis","Enlightenment","Nirvana","Weave+1"],"relics":["Fusion Hammer","Bag of Marbles","Membership Card","Matryoshka","Ornamental Fan","SlaversCollar","ClockworkSouvenir","Lantern","TeardropLocket","Bronze Scales","InkBottle","Calling Bell","Ancient Tea Set","Molten Egg 2","CloakClasp","PreservedInsect","Regal Pillow","Whetstone","Eternal Feather","Red Mask","Ice Cream","Unceasing Top"],"acts_visited":["Exordium","TheCity","TheBeyond","TheEnding"],"potions_floor_usage":[6,6,16,30,33,46,55],"damage_taken":[{"damage":0,"enemies":"Cultist","floor":1,"turns":2},{"damage":0,"enemies":"Jaw Worm","floor":2,"turns":2},{"damage":0,"enemies":"Small Slimes","floor":3,"turns":3},{"damage":5,"enemies":"Looter","floor":4,"turns":3},{"damage":5,"enemies":"Exordium Wildlife","floor":5,"turns":3},{"damage":0,"enemies":"Lagavulin","floor":6,"turns":3},{"damage":0,"enemies":"Blue Slaver","floor":10,"turns":3},{"damage":0,"enemies":"Red Slaver","floor":11,"turns":2},{"damage":9,"enemies":"3 Sentries","floor":13,"turns":4},{"damage":0,"enemies":"Looter","floor":14,"turns":2},{"damage":36,"enemies":"Hexaghost","floor":16,"turns":9},{"damage":0,"enemies":"Chosen","floor":18,"turns":3},{"damage":0,"enemies":"Spheric Guardian","floor":19,"turns":3},{"damage":15,"enemies":"Snecko","floor":20,"turns":4},{"damage":20,"enemies":"Sentry and Sphere","floor":22,"turns":4},{"damage":20,"enemies":"Slavers","floor":23,"turns":4},{"damage":1,"enemies":"Cultist and Chosen","floor":28,"turns":4},{"damage":0,"enemies":"Snecko","floor":29,"turns":3},{"damage":0,"enemies":"Book of Stabbing","floor":30,"turns":3},{"damage":4,"enemies":"Centurion and Healer","floor":31,"turns":3},{"damage":3,"enemies":"Champ","floor":33,"turns":8},{"damage":14,"enemies":"3 Darklings","floor":35,"turns":3},{"damage":0,"enemies":"Orb Walker","floor":36,"turns":2},{"damage":22,"enemies":"Maw","floor":38,"turns":7},{"damage":26,"enemies":"Nemesis","floor":40,"turns":4},{"damage":0,"enemies":"Mind Bloom Boss Battle","floor":45,"turns":4},{"damage":1,"enemies":"Jaw Worm Horde","floor":46,"turns":3},{"damage":15,"enemies":"Transient","floor":47,"turns":5},{"damage":3,"enemies":"Sphere and 2 Shapes","floor":48,"turns":4},{"damage":43,"enemies":"Donu and Deca","floor":50,"turns":9},{"damage":47,"enemies":"Shield and Spear","floor":54,"turns":5},{"damage":84,"enemies":"The Heart","floor":55,"turns":5}],"seed_played":"3980114449043542285","potions_obtained":[{"floor":1,"key":"AttackPotion"},{"floor":2,"key":"FairyPotion"},{"floor":4,"key":"SteroidPotion"},{"floor":14,"key":"Energy Potion"},{"floor":20,"key":"PowerPotion"},{"floor":28,"key":"FairyPotion"},{"floor":30,"key":"LiquidMemories"},{"floor":33,"key":"Energy Potion"},{"floor":45,"key":"AttackPotion"},{"floor":47,"key":"Fire Potion"}],"is_trial":false,"path_per_floor":["M","M","M","M","M","E","R","$","T","M","M","$","E","M","R","B",null,"M","M","M","$","M","E","$","?","T","R","M","M","E","M","R","B",null,"M","M","?","M","$","E","R","?","T","?","?","M","M","M","R","B",null,"R","$","E","B"],"character_chosen":"WATCHER","items_purchased":["Membership Card","CutThroughFate","Consecrate","ClockworkSouvenir","Lantern","MentalFortress","ColorlessPotion","MentalFortress","PreservedInsect","Nirvana","Weave+1"],"campfire_rested":6,"item_purchase_floors":[8,8,12,21,21,24,24,39,39,53,53],"current_hp_per_floor":[72,72,72,67,62,62,62,62,62,62,62,62,53,53,72,36,72,72,72,57,57,37,17,17,17,17,38,37,37,37,33,54,51,72,58,58,58,36,36,10,46,41,41,41,41,40,25,22,72,29,72,72,72,25,0,0],"gold":45,"neow_bonus":"BOSS_RELIC","is_daily":false,"chose_seed":false,"campfire_upgraded":0,"win_rate":0.0,"timestamp":1610783317,"path_taken":["M","M","M","M","M","E","R","$","T","M","?","$","E","M","R","BOSS","M","M","M","$","M","E","$","?","T","R","M","M","E","M","R","BOSS","M","M","?","?","$","E","R","?","T","?","?","?","M","M","R","BOSS","R","$","E","BOSS"],"items_purchased_type":["Relic","Card","Card","Relic","Relic","Card","Potion","Card","Relic","Card","Card"],"build_version":"2020-12-22","purchased_purges":2,"victory":false,"max_hp_per_floor":[72,72,72,72,72,72,72,72,72,72,72,72,72,72,72,72,72,72,72,72,72,72,72,72,72,72,72,72,72,72,72,72,72,72,72,72,72,72,72,72,72,72,72,72,72,72,72,72,72,72,72,72,72,72,72,72],"card_choices":[{"not_picked":["ForeignInfluence","Crescendo"],"picked":"FollowUp","floor":1},{"not_picked":["FlyingSleeves","Worship"],"picked":"FlurryOfBlows","floor":2},{"not_picked":["Protect","EmptyBody"],"picked":"BowlingBash","floor":3},{"not_picked":["DeceiveReality","Halt"],"picked":"MentalFortress","floor":4},{"not_picked":["Evaluate","PathToVictory","ClearTheMind"],"picked":"SKIP","floor":5},{"not_picked":["Swivel","Sanctity"],"picked":"Weave","floor":6},{"not_picked":["SandsOfTime","DeceiveReality","PathToVictory"],"picked":"SKIP","floor":10},{"not_picked":["ThirdEye","Protect"],"picked":"WindmillStrike","floor":11},{"not_picked":["ReachHeaven","Devotion"],"picked":"EmptyFist","floor":13},{"not_picked":["CutThroughFate","ClearTheMind","PathToVictory"],"picked":"SKIP","floor":14},{"not_picked":["MasterReality","Blasphemy"],"picked":"Ragnarok","floor":16},{"not_picked":["EmptyFist+1","JustLucky+1"],"picked":"FlurryOfBlows","floor":18},{"not_picked":["ClearTheMind","EmptyFist","FollowUp+1"],"picked":"SKIP","floor":19},{"not_picked":["Collect","WindmillStrike+1"],"picked":"MentalFortress+1","floor":20},{"not_picked":["Sanctity","Crescendo","CutThroughFate+1"],"picked":"SKIP","floor":22},{"not_picked":["Omniscience","Protect"],"picked":"Tantrum","floor":23},{"not_picked":["SashWhip","CutThroughFate"],"picked":"ThirdEye","floor":28},{"not_picked":["Meditate","Prostrate"],"picked":"TalkToTheHand","floor":29},{"not_picked":["Judgement","Crescendo"],"picked":"ThirdEye+1","floor":30},{"not_picked":["Prostrate","ForeignInfluence","PathToVictory"],"picked":"SKIP","floor":31},{"not_picked":["DeusExMachina","Establishment"],"picked":"Ragnarok","floor":33},{"not_picked":["CrushJoints+1","Consecrate+1"],"picked":"FlurryOfBlows+1","floor":35},{"not_picked":["EmptyFist+1","ThirdEye+1","CutThroughFate+1"],"picked":"SKIP","floor":36},{"not_picked":["EmptyMind","Indignation","Meditate"],"picked":"SKIP","floor":38},{"not_picked":["ClearTheMind","WindmillStrike+1","Evaluate+1"],"picked":"SKIP","floor":40},{"not_picked":["Swift Strike+1","Dramatic Entrance+1"],"picked":"Apotheosis","floor":42},{"not_picked":["Madness","Flash of Steel+1"],"picked":"Enlightenment","floor":42},{"not_picked":["EmptyFist+1","Study+1","Consecrate+1"],"picked":"SKIP","floor":46},{"not_picked":["Pray","Prostrate","WindmillStrike+1"],"picked":"SKIP","floor":47},{"not_picked":["Evaluate","WheelKick+1","EmptyBody"],"picked":"SKIP","floor":48},{"not_picked":["SandsOfTime+1","ThirdEye","EmptyFist+1"],"picked":"SKIP","floor":54}],"player_experience":840260,"relics_obtained":[{"floor":6,"key":"Bag of Marbles"},{"floor":9,"key":"Matryoshka"},{"floor":13,"key":"Ornamental Fan"},{"floor":23,"key":"TeardropLocket"},{"floor":26,"key":"Bronze Scales"},{"floor":30,"key":"InkBottle"},{"floor":34,"key":"Ancient Tea Set"},{"floor":34,"key":"Molten Egg 2"},{"floor":34,"key":"CloakClasp"},{"floor":40,"key":"Regal Pillow"},{"floor":43,"key":"Whetstone"},{"floor":43,"key":"Eternal Feather"},{"floor":45,"key":"Ice Cream"},{"floor":54,"key":"Unceasing Top"}],"event_choices":[{"damage_healed":0,"gold_gain":0,"player_choice":"Read","damage_taken":0,"max_hp_gain":0,"max_hp_loss":0,"event_name":"The Library","floor":25,"gold_loss":0,"cards_obtained":["Meditate"]},{"damage_healed":0,"gold_gain":0,"player_choice":"Bought 1 Potion","damage_taken":0,"max_hp_gain":0,"max_hp_loss":0,"event_name":"The Woman in Blue","floor":37,"gold_loss":0},{"damage_healed":0,"gold_gain":0,"player_choice":"Memory 2","damage_taken":5,"max_hp_gain":0,"max_hp_loss":0,"event_name":"SensoryStone","floor":42,"gold_loss":0},{"damage_healed":0,"gold_gain":0,"player_choice":"Paid","damage_taken":0,"relics_obtained":["Red Mask"],"max_hp_gain":0,"max_hp_loss":0,"event_name":"Tomb of Lord Red Mask","floor":44,"gold_loss":77},{"damage_healed":0,"gold_gain":0,"player_choice":"Fight","damage_taken":0,"max_hp_gain":0,"max_hp_loss":0,"event_name":"MindBloom","floor":45,"gold_loss":0}],"is_beta":false,"boss_relics":[{"not_picked":["Tiny House","Velvet Choker"],"picked":"SlaversCollar"},{"not_picked":["Cursed Key","Snecko Eye"],"picked":"Calling Bell"}],"items_purged_floors":[21,39],"is_endless":false,"potions_floor_spawned":[1,2,4,14,20,28,30,31,33,35,45,47],"killed_by":"The Heart","ascension_level":0}}