{"host":"vyjryxuuuxkt43k4","time":1610812121,"event":{"mods":["AchievementEnabler","BaseMod","Colored Map","DeckTracker","Minty Spire (QoL Compilation)","Permanent Neow","Quick Restart","StSLib","SuperFastMode","everything is the same but u backflip on backflip"],"gold_per_floor":[116,41,61,79,90,90,118,118,118,118,138,150,178,188,188,188,188],"floor_reached":16,"language":"KOR","playtime":784,"items_purged":["Strike_R"],"score":160,"play_id":"473728a1-6948-453a-997f-632274d75755","local_time":"20210117004841","is_ascension_mode":true,"campfire_choices":[{"data":"Immolate","floor":6,"key":"SMITH"},{"data":"Evolve","floor":8,"key":"SMITH"},{"data":"Inflame","floor":10,"key":"SMITH"},{"data":"Seeing Red","floor":15,"key":"SMITH"}],"circlet_count":0,"master_deck":["Strike_R","Strike_R","Strike_R","Strike_R","Defend_R","Defend_R","Defend_R","Defend_R","Bash","Immolate+1","Iron Wave","Inflame+1","Battle Trance","Shrug It Off","Evolve+1","Pommel Strike","Seeing Red+1"],"relics":["Burning Blood","WingedGreaves","Bottled Flame","Kunai"],"acts_visited":["Exordium"],"potions_floor_usage":[13,14,16,16],"damage_taken":[{"damage":0,"enemies":"Cultist","floor":1,"turns":3},{"damage":0,"enemies":"2 Louse","floor":3,"turns":2},{"damage":4,"enemies":"Jaw Worm","floor":4,"turns":3},{"damage":0,"enemies":"3 Louse","floor":5,"turns":1},{"damage":38,"enemies":"Lagavulin","floor":7,"turns":6},{"damage":0,"enemies":"2 Fungi Beasts","floor":11,"turns":1},{"damage":0,"enemies":"Large Slime","floor":12,"turns":3},{"damage":15,"enemies":"3 Sentries","floor":13,"turns":3},{"damage":4,"enemies":"Red Slaver","floor":14,"turns":3},{"damage":45,"enemies":"Hexaghost","floor":16,"turns":9}],"seed_played":"8852771003107783356","potions_obtained":[{"floor":5,"key":"PowerPotion"},{"floor":7,"key":"Explosive Potion"},{"floor":11,"key":"SkillPotion"},{"floor":14,"key":"SteroidPotion"}],"is_trial":false,"path_per_floor":["M","$","M","M","M","R","E","R","T","R","M","M","E","M","R","B"],"character_chosen":"IRONCLAD","items_purchased":[],"campfire_rested":0,"item_purchase_floors":[],"current_hp_per_floor":[57,57,63,65,71,71,39,39,39,39,45,51,42,44,44,0,0],"gold":188,"neow_bonus":"THREE_RARE_CARDS","is_daily":false,"chose_seed":false,"campfire_upgraded":4,"win_rate":0.0,"timestamp":1610812121,"path_taken":["M","$","M","?","M","R","E","R","T","R","M","M","E","M","R","BOSS"],"items_purchased_type":[],"build_version":"2020-12-22","purchased_purges":1,"victory":false,"max_hp_per_floor":[80,80,80,80,80,80,80,80,80,80,80,80,80,80,80,80,80],"card_choices":[{"not_picked":["Double Tap","Fiend Fire"],"picked":"Immolate","floor":0},{"not_picked":["Cleave","Havoc"],"picked":"Iron Wave","floor":1},{"not_picked":["Blood for Blood","Armaments"],"picked":"Inflame","floor":3},{"not_picked":["Reaper","Shrug It Off"],"picked":"Battle Trance","floor":4},{"not_picked":["Clothesline","Flex"],"picked":"Shrug It Off","floor":5},{"not_picked":["Reaper","Iron Wave"],"picked":"Evolve","floor":7},{"not_picked":["Clothesline","Wild Strike","Seeing Red"],"picked":"SKIP","floor":11},{"not_picked":["Armaments","Inflame"],"picked":"Pommel Strike","floor":12},{"not_picked":["Rampage","Clash","Hemokinesis"],"picked":"SKIP","floor":13},{"not_picked":["Whirlwind","Perfected Strike"],"picked":"Seeing Red","floor":14}],"player_experience":373450,"relics_obtained":[{"floor":7,"key":"WingedGreaves"},{"floor":9,"key":"Bottled Flame"},{"floor":13,"key":"Kunai"}],"event_choices":[],"is_beta":false,"boss_relics":[],"items_purged_floors":[2],"is_endless":false,"potions_floor_spawned":[5,7,11,12,14],"killed_by":"Hexaghost","ascension_level":8}}