{"host":"6mgmpue98l61x61q","time":1610776400,"event":{"mods":["BaseMod","Colored Map","Minty Spire (QoL Compilation)","Relic Stats"],"gold_per_floor":[112,86,51,66,79,110,110,143,170,189,189,203,203,220,220,325,325,309,105,105,105,105,137,152,77,77,89,89,37,37,72,72,72,72],"floor_reached":33,"language":"ENG","playtime":3395,"items_purged":["Strike_G"],"score":477,"play_id":"f58e5959-370a-470e-b738-c1dca74a1ccb","local_time":"20210115235320","is_ascension_mode":true,"campfire_choices":[{"data":"Footwork","floor":7.0,"key":"SMITH"},{"floor":11.0,"key":"REST"},{"data":"Neutralize","floor":15.0,"key":"SMITH"},{"floor":28,"key":"REST"},{"floor":30,"key":"REST"},{"data":"Sucker Punch","floor":32,"key":"SMITH"}],"circlet_count":0,"master_deck":["AscendersBane","Strike_G","Strike_G","Strike_G","Strike_G","Defend_G","Defend_G","Defend_G","Defend_G","Defend_G","Survivor","Neutralize+1","Sucker Punch+1","Footwork+1","PiercingWail","Dash","Poisoned Stab","Night Terror","Backstab","Noxious Fumes","Bouncing Flask","Crippling Poison","After Image","Deadly Poison+1","Dodge and Roll","RitualDagger","Dagger Throw+1","Leg Sweep","Concentrate"],"relics":["Ring of the Snake","Art of War","PreservedInsect","Dream Catcher","Runic Pyramid","Nunchaku","FossilizedHelix","Darkstone Periapt","Gremlin Horn","StrikeDummy"],"acts_visited":["TheCity"],"potions_floor_usage":[33],"damage_taken":[{"damage":8.0,"enemies":"Cultist","floor":1.0,"turns":4.0},{"damage":0.0,"enemies":"Jaw Worm","floor":4.0,"turns":4.0},{"damage":0.0,"enemies":"Small Slimes","floor":5.0,"turns":3.0},{"damage":31.0,"enemies":"Gremlin Nob","floor":6.0,"turns":5.0},{"damage":35.0,"enemies":"Lagavulin","floor":8.0,"turns":11.0},{"damage":1.0,"enemies":"3 Louse","floor":10.0,"turns":4.0},{"damage":1.0,"enemies":"Blue Slaver","floor":12.0,"turns":4.0},{"damage":0.0,"enemies":"2 Fungi Beasts","floor":14.0,"turns":2.0},{"damage":22.0,"enemies":"The Guardian","floor":16.0,"turns":9.0},{"damage":17.0,"enemies":"2 Thieves","floor":18.0,"turns":4.0},{"damage":27.0,"enemies":"Book of Stabbing","floor":23.0,"turns":5.0},{"damage":0.0,"enemies":"Shell Parasite","floor":24.0,"turns":8.0},{"damage":0.0,"enemies":"3 Cultists","floor":27.0,"turns":7.0},{"damage":0,"enemies":"Gremlin Leader","floor":31,"turns":6},{"damage":57,"enemies":"Automaton","floor":33,"turns":12}],"seed_played":"3851579650947110495","potions_obtained":[{"floor":5.0,"key":"DuplicationPotion"},{"floor":8.0,"key":"SteroidPotion"},{"floor":10.0,"key":"Explosive Potion"},{"floor":12.0,"key":"ColorlessPotion"},{"floor":18.0,"key":"Fire Potion"},{"floor":31,"key":"SteroidPotion"}],"is_trial":false,"path_per_floor":["M","$","?","M","M","E","R","E","T","M","R","M","?","M","R","B",null,"M","$","?","?","?","E","M","$","T","M","R","$","R","E","R","B"],"character_chosen":"THE_SILENT","items_purchased":["PiercingWail","Dodge and Roll","Nunchaku","AttackPotion"],"campfire_rested":3,"item_purchase_floors":[2,19,19,29],"current_hp_per_floor":[55,55,70,70,70,39,39,4,4,3,24,23,46,46,46,24,59,42,42,42,42,36,9,9,9,9,9,30,30,51,51,51,0,0],"gold":72,"neow_bonus":"THREE_CARDS","is_daily":false,"chose_seed":false,"campfire_upgraded":3,"win_rate":0.0,"timestamp":1610776400,"path_taken":["M","?","?","M","M","E","R","E","T","M","R","M","?","M","R","BOSS","M","$","?","?","?","E","M","$","T","M","R","?","R","E","R","BOSS"],"items_purchased_type":["Card","Card","Relic","Potion"],"build_version":"2020-12-22","purchased_purges":1,"victory":false,"max_hp_per_floor":[70,70,70,70,70,70,70,70,70,70,70,70,70,70,70,70,70,70,70,70,70,70,70,70,70,70,70,70,70,70,70,70,70,70],"relic_stats":{"Darkstone Periapt":0,"Dream Catcher":3,"Nunchaku":[6],"Gremlin Horn":[8,9],"counters":[15,88],"PreservedInsect":88,"Art of War":[9],"obtain_stats":[{"Darkstone Periapt":23,"Dream Catcher":9,"Nunchaku":19,"Gremlin Horn":26,"PreservedInsect":8,"Art of War":6,"StrikeDummy":31,"FossilizedHelix":21,"Ring of the Snake":0,"Runic Pyramid":17},{"Darkstone Periapt":11,"Dream Catcher":5,"Nunchaku":10,"Gremlin Horn":12,"PreservedInsect":5,"Art of War":4,"StrikeDummy":14,"FossilizedHelix":10,"Ring of the Snake":0,"Runic Pyramid":9},{"Darkstone Periapt":55,"Dream Catcher":27,"Nunchaku":50,"Gremlin Horn":63,"PreservedInsect":27,"Art of War":16,"StrikeDummy":76,"FossilizedHelix":50,"Ring of the Snake":0,"Runic Pyramid":46}],"Ring of the Snake":[30]},"card_choices":[{"not_picked":["Quick Slash","Dagger Spray"],"picked":"Sucker Punch","floor":0.0},{"not_picked":["Outmaneuver","Blade Dance"],"picked":"Footwork","floor":1.0},{"not_picked":["Deadly Poison","Choke"],"picked":"Dash","floor":4.0},{"not_picked":["Blade Dance","Masterful Stab"],"picked":"Poisoned Stab","floor":5.0},{"not_picked":["PiercingWail","Slice"],"picked":"Night Terror","floor":6.0},{"not_picked":["Calculated Gamble","Heel Hook"],"picked":"Backstab","floor":8.0},{"not_picked":["Poisoned Stab","Blur"],"picked":"Noxious Fumes","floor":10.0},{"not_picked":["PiercingWail","Escape Plan"],"picked":"Bouncing Flask","floor":11.0},{"not_picked":["Underhanded Strike","Bane"],"picked":"Crippling Poison","floor":12.0},{"not_picked":["Tactician","Sucker Punch","Prepared"],"picked":"SKIP","floor":14.0},{"not_picked":["Malaise","Doppelganger"],"picked":"After Image","floor":16.0},{"not_picked":["Concentrate","Sucker Punch"],"picked":"Deadly Poison+1","floor":18.0},{"not_picked":["Blade Dance","All Out Attack"],"picked":"Dagger Throw+1","floor":23.0},{"not_picked":["Flechettes","Deadly Poison","Poisoned Stab"],"picked":"SKIP","floor":24.0},{"not_picked":["Crippling Poison","Caltrops"],"picked":"Leg Sweep","floor":27.0},{"not_picked":["Outmaneuver","Deflect"],"picked":"Concentrate","floor":28},{"not_picked":["Bane","Skewer","Blade Dance"],"picked":"SKIP","floor":31}],"player_experience":578667,"relics_obtained":[{"floor":6.0,"key":"Art of War"},{"floor":8.0,"key":"PreservedInsect"},{"floor":9.0,"key":"Dream Catcher"},{"floor":23.0,"key":"Darkstone Periapt"},{"floor":26.0,"key":"Gremlin Horn"},{"floor":31,"key":"StrikeDummy"}],"event_choices":[{"damage_healed":17.0,"max_hp_gain":0.0,"max_hp_loss":0.0,"gold_gain":0.0,"event_name":"The Cleric","player_choice":"Healed","floor":3.0,"gold_loss":35.0,"damage_taken":0.0},{"damage_healed":23.0,"max_hp_gain":0.0,"max_hp_loss":0.0,"gold_gain":0.0,"event_name":"Big Fish","player_choice":"Banana","floor":13.0,"gold_loss":0.0,"damage_taken":0.0},{"damage_healed":0.0,"max_hp_gain":0.0,"max_hp_loss":0.0,"gold_gain":0.0,"event_name":"Vampires","player_choice":"Ignored","floor":20.0,"gold_loss":0.0,"damage_taken":0.0},{"damage_healed":0.0,"max_hp_gain":0.0,"max_hp_loss":0.0,"gold_gain":0.0,"event_name":"The Mausoleum","player_choice":"Opened","floor":21.0,"gold_loss":0.0,"damage_taken":0.0,"relics_obtained":["FossilizedHelix"]},{"damage_healed":0.0,"max_hp_gain":0.0,"max_hp_loss":0.0,"gold_gain":0.0,"event_name":"Nest","player_choice":"Joined the Cult","floor":22.0,"gold_loss":0.0,"damage_taken":6.0,"cards_obtained":["RitualDagger"]}],"is_beta":false,"boss_relics":[{"not_picked":["Fusion Hammer","Black Star"],"picked":"Runic Pyramid"}],"items_purged_floors":[25],"is_endless":false,"potions_floor_spawned":[5,8,10,12,18,31],"killed_by":"Automaton","ascension_level":10}}