{"host":"nj4msrt0z6tj4wtb","time":1610817063,"event":{"mods":["AchievementEnabler","BaseMod","Colored Map","Colored Powertips","DeckTracker","Highlight Path","Minty Spire (QoL Compilation)","Quick Restart","Random Character Button","StSLib","SuperFastMode"],"gold_per_floor":[115,40,40,53,53,53,80,80,80,108,108,108,131,174,174,299,299,323,323,348,368,368,368,206,206,206],"floor_reached":25,"language":"KOR","playtime":1100,"items_purged":["Strike_B"],"score":278,"play_id":"272d3e1f-bfcf-4831-871b-86e8374abe0d","local_time":"20210117021103","is_ascension_mode":true,"campfire_choices":[{"data":"Streamline","floor":6,"key":"SMITH"},{"data":"Coolheaded","floor":8,"key":"SMITH"},{"data":"Hologram","floor":11,"key":"SMITH"},{"data":"Zap","floor":15,"key":"SMITH"},{"data":"Creative AI","floor":23,"key":"SMITH"}],"circlet_count":0,"master_deck":["Defend_B","Defend_B","Defend_B","Zap+1","Dualcast","Hologram+1","Coolheaded+1","Streamline+1","Barrage","Undo+1","Chaos+1","Thunder Strike","Creative AI+1","Beam Cell+1","Leap+1","BootSequence+1","Flash of Steel","White Noise+1"],"relics":["Cracked Core","NeowsBlessing","FaceOfCleric","Eternal Feather","Toxic Egg 2","Juzu Bracelet","Golden Idol","Blue Candle","Empty Cage","Art of War"],"acts_visited":["Exordium","TheCity"],"potions_floor_usage":[25,25,25],"damage_taken":[{"damage":0,"enemies":"Jaw Worm","floor":1,"turns":1},{"damage":0,"enemies":"Cultist","floor":4,"turns":1},{"damage":0,"enemies":"3 Sentries","floor":7,"turns":1},{"damage":21,"enemies":"Lagavulin","floor":10,"turns":5},{"damage":0,"enemies":"2 Louse","floor":13,"turns":3},{"damage":18,"enemies":"3 Sentries","floor":14,"turns":5},{"damage":25,"enemies":"Hexaghost","floor":16,"turns":8},{"damage":15,"enemies":"Chosen","floor":18,"turns":5},{"damage":26,"enemies":"Spheric Guardian","floor":20,"turns":5},{"damage":12,"enemies":"Centurion and Healer","floor":21,"turns":7},{"damage":34,"enemies":"Gremlin Leader","floor":25,"turns":9}],"seed_played":"8083892979004105386","potions_obtained":[{"floor":1,"key":"BlessingOfTheForge"},{"floor":18,"key":"ColorlessPotion"},{"floor":21,"key":"LiquidMemories"}],"is_trial":false,"path_per_floor":["M","$","?","M","?","R","E","R","T","E","R","?","M","E","R","B",null,"M","?","M","M","?","R","$","E"],"character_chosen":"DEFECT","items_purchased":["Flash of Steel","White Noise+1"],"campfire_rested":0,"item_purchase_floors":[24,24],"current_hp_per_floor":[75,75,75,75,75,75,76,76,76,56,62,62,63,46,55,31,74,60,60,35,24,24,33,33,0,0],"gold":206,"neow_bonus":"THREE_ENEMY_KILL","is_daily":false,"chose_seed":false,"campfire_upgraded":5,"win_rate":0.0,"timestamp":1610817063,"path_taken":["M","$","?","?","?","R","E","R","T","E","R","?","M","E","R","BOSS","M","?","M","M","?","R","$","E"],"items_purchased_type":["Card","Card"],"build_version":"2020-12-22","purchased_purges":1,"victory":false,"max_hp_per_floor":[75,75,75,75,75,75,76,76,76,77,77,71,72,73,73,74,74,75,75,76,77,77,77,77,77,77],"card_choices":[{"not_picked":["Heatsinks","Gash"],"picked":"Hologram","floor":1},{"not_picked":["Stack","Redo"],"picked":"Streamline","floor":4},{"not_picked":["Reprogram","Coolheaded"],"picked":"Barrage","floor":7},{"not_picked":["Coolheaded+1","BootSequence+1"],"picked":"Undo+1","floor":10},{"not_picked":["Reinforced Body+1","Fusion+1"],"picked":"Chaos+1","floor":13},{"not_picked":["Leap+1","Heatsinks"],"picked":"Thunder Strike","floor":14},{"not_picked":["Thunder Strike","Machine Learning"],"picked":"Creative AI","floor":16},{"not_picked":["Rebound+1","Tempest+1"],"picked":"Beam Cell+1","floor":18},{"not_picked":["Ball Lightning","Redo+1"],"picked":"Leap+1","floor":20},{"not_picked":["Doom and Gloom","Coolheaded+1"],"picked":"BootSequence+1","floor":21}],"player_experience":632162,"relics_obtained":[{"floor":7,"key":"Eternal Feather"},{"floor":9,"key":"Toxic Egg 2"},{"floor":10,"key":"Juzu Bracelet"},{"floor":14,"key":"Blue Candle"}],"event_choices":[{"damage_healed":0,"gold_gain":0,"cards_transformed":["Strike_B"],"player_choice":"Transformed","damage_taken":0,"max_hp_gain":0,"max_hp_loss":0,"event_name":"Transmorgrifier","floor":3,"gold_loss":0,"cards_obtained":["Coolheaded"]},{"damage_healed":0,"gold_gain":0,"player_choice":"Trade","damage_taken":0,"relics_obtained":["FaceOfCleric"],"max_hp_gain":0,"max_hp_loss":0,"event_name":"FaceTrader","floor":5,"gold_loss":0},{"damage_healed":0,"gold_gain":0,"player_choice":"Lose Max HP","damage_taken":0,"relics_obtained":["Golden Idol"],"max_hp_gain":0,"max_hp_loss":6,"event_name":"Golden Idol","floor":12,"gold_loss":0},{"cards_removed":["Defend_B"],"damage_healed":0,"gold_gain":0,"player_choice":"Elegance","damage_taken":0,"max_hp_gain":0,"max_hp_loss":0,"event_name":"Back to Basics","floor":19,"gold_loss":0},{"damage_healed":0,"gold_gain":0,"player_choice":"Opened","damage_taken":0,"relics_obtained":["Art of War"],"max_hp_gain":0,"max_hp_loss":0,"event_name":"The Mausoleum","floor":22,"gold_loss":0}],"is_beta":false,"boss_relics":[{"not_picked":["Velvet Choker","Philosopher\u0027s Stone"],"picked":"Empty Cage"}],"items_purged_floors":[2],"is_endless":false,"potions_floor_spawned":[1,18,21],"killed_by":"Gremlin Leader","ascension_level":3}}