{"host":"36mulxq349byzoa2","time":1610839066,"event":{"mods":["AchievementEnabler","BaseMod","Better Match","Block Reminder","Colored Map","Colored Powertips","Minty Spire (QoL Compilation)","Rare Cards Sparkle","StSLib","SuperFastMode"],"gold_per_floor":[118,118,118,129,140,140,167,167,193,205,217,229,229],"floor_reached":12,"language":"ENG","playtime":739,"items_purged":[],"score":141,"play_id":"1d83bfd6-52a8-4ee9-9af5-cb807a90f6b3","local_time":"20210116181746","is_ascension_mode":true,"campfire_choices":[{"data":"Go for the Eyes","floor":6,"key":"SMITH"},{"floor":11,"key":"REST"}],"circlet_count":0,"master_deck":["AscendersBane","Strike_B","Strike_B","Strike_B","Defend_B","Defend_B","Defend_B","Defend_B","Zap+1","Dualcast","Gash","Turbo","Go for the Eyes+1","Genetic Algorithm"],"relics":["Black Star","Omamori","Shuriken","MawBank"],"acts_visited":["Exordium"],"potions_floor_usage":[7,12],"damage_taken":[{"damage":20,"enemies":"Small Slimes","floor":1,"turns":4},{"damage":3,"enemies":"2 Louse","floor":4,"turns":3},{"damage":7,"enemies":"Cultist","floor":5,"turns":4},{"damage":32,"enemies":"Lagavulin","floor":7,"turns":8},{"damage":54,"enemies":"3 Sentries","floor":12,"turns":7}],"seed_played":"-442987678606442659","potions_obtained":[{"floor":5,"key":"PotionOfCapacity"},{"floor":7,"key":"LiquidMemories"}],"is_trial":false,"path_per_floor":["M","?","?","M","M","R","E","?","T","?","R","E"],"character_chosen":"DEFECT","items_purchased":[],"campfire_rested":1,"item_purchase_floors":[],"current_hp_per_floor":[44,44,44,41,34,34,2,25,25,25,46,0,0],"gold":229,"neow_bonus":"BOSS_RELIC","is_daily":false,"chose_seed":false,"campfire_upgraded":1,"win_rate":0.0,"timestamp":1610839066,"path_taken":["M","?","?","?","M","R","E","?","T","?","R","E"],"items_purchased_type":[],"build_version":"2020-12-22","purchased_purges":0,"victory":false,"max_hp_per_floor":[71,71,71,71,71,71,71,71,71,71,71,71,71],"card_choices":[{"not_picked":["Go for the Eyes","Lockon"],"picked":"Gash","floor":1},{"not_picked":["Storm","Stack"],"picked":"Turbo","floor":4},{"not_picked":["Reinforced Body","Barrage"],"picked":"Go for the Eyes","floor":5},{"not_picked":["Leap","Barrage"],"picked":"Genetic Algorithm","floor":7}],"player_experience":1032734,"relics_obtained":[{"floor":7,"key":"Omamori"},{"floor":7,"key":"Shuriken"},{"floor":9,"key":"MawBank"}],"event_choices":[{"damage_healed":0,"gold_gain":0,"player_choice":"Grow","damage_taken":0,"max_hp_gain":0,"max_hp_loss":0,"event_name":"Living Wall","floor":2,"gold_loss":0,"cards_upgraded":["Zap"]},{"cards_removed":["Strike_B"],"damage_healed":0,"gold_gain":0,"player_choice":"Purged","damage_taken":0,"max_hp_gain":0,"max_hp_loss":0,"event_name":"Purifier","floor":3,"gold_loss":0},{"damage_healed":23,"gold_gain":0,"player_choice":"Banana","damage_taken":0,"max_hp_gain":0,"max_hp_loss":0,"event_name":"Big Fish","floor":8,"gold_loss":0},{"damage_healed":0,"gold_gain":0,"player_choice":"Searched \u00270\u0027 times","damage_taken":0,"max_hp_gain":0,"max_hp_loss":0,"event_name":"Dead Adventurer","floor":10,"gold_loss":0}],"is_beta":false,"boss_relics":[],"items_purged_floors":[],"is_endless":false,"potions_floor_spawned":[5,7],"killed_by":"3 Sentries","ascension_level":17}}