{"host":"xt797mi8yhee06c1","time":1610809545,"event":{"mods":["100% Spire Juice","BaseMod","Bestiary","Koishi","Marisa£¨Ùöéë¡¡Øª×âÞÞ£©","Minty Spire (QoL Compilation)","Poor People Problems","Prisma Mod","Relic Filter","Shop Mod","Spicy Shops","StSLib","The Marked","The Servant 0.9.4","WarShipGirlsR/??á´Ò³R mod"],"gold_per_floor":[119,39,19,29,42,42,72,9,56,131,55,55,55,71,71,71,71],"floor_reached":16,"language":"KOR","playtime":500,"items_purged":[],"score":98,"play_id":"6c2c6df5-ba83-4529-b462-18e69283e4d5","local_time":"20210117000545","is_ascension_mode":false,"campfire_choices":[{"data":"Moonworks:IndiscriminateFireSupport","floor":6.0,"key":"SMITH"},{"floor":12,"key":"REST"},{"floor":15,"key":"REST"}],"circlet_count":0,"master_deck":["Moonworks:Strike","Moonworks:Strike","Moonworks:Strike","Moonworks:Strike","Moonworks:Defend","Moonworks:Defend","Moonworks:Defend","Moonworks:Defend","Moonworks:Ambush","Moonworks:LongDistanceShot","Moonworks:ReflectiveShell","Moonworks:Bloodlust","Moonworks:FullSpeedAlicianrone","Moonworks:BindingChains","Moonworks:Poppoformation","Moonworks:EvilMastermind","Moonworks:JonathanRush","Moonworks:IndiscriminateFireSupport+1","Moonworks:Bloodlust","Moonworks:JonathanRush","Moonworks:ReflectiveShell","Moonworks:SakisCookie","Moonworks:EvilSpyWorkPreparation"],"relics":["Moonworks:BrokenBomb","Moonworks:Homemark","Dream Catcher","Bag of Marbles","Vajra"],"acts_visited":[],"potions_floor_usage":[],"damage_taken":[{"damage":0.0,"enemies":"Jaw Worm","floor":1.0,"turns":2.0},{"damage":11.0,"enemies":"Small Slimes","floor":4.0,"turns":4.0},{"damage":6.0,"enemies":"2 Louse","floor":5.0,"turns":3.0},{"damage":39.0,"enemies":"3 Sentries","floor":7.0,"turns":6.0},{"damage":20,"enemies":"Gremlin Gang","floor":14,"turns":3},{"damage":0,"enemies":"The Guardian","floor":16,"turns":1}],"seed_played":"-400370142690771242","potions_obtained":[{"floor":1.0,"key":"Swift Potion"}],"is_trial":false,"path_per_floor":["M","$","?","M","M","R","E","$","T","?","$","R","$","M","R","B"],"character_chosen":"THE_STARBREAKER","items_purchased":["Moonworks:FullSpeedAlicianrone","Moonworks:JonathanRush","Vajra"],"campfire_rested":2,"item_purchase_floors":[2,8,11],"current_hp_per_floor":[60,60,60,55,49,49,22,22,22,16,16,34,34,14,32,32,32],"gold":71,"neow_bonus":"ONE_RANDOM_RARE_CARD","is_daily":false,"chose_seed":false,"campfire_upgraded":1,"win_rate":0.0,"timestamp":1610809545,"path_taken":["M","$","?","?","M","R","E","$","T","?","$","R","?","M","R","BOSS"],"items_purchased_type":["Card","Card","Relic"],"build_version":"2020-12-22","purchased_purges":0,"victory":false,"max_hp_per_floor":[60,60,60,60,60,60,60,60,60,60,60,60,60,60,60,60,60],"card_choices":[{"not_picked":["Moonworks:FinalSurgery","Moonworks:ImOnFire"],"picked":"Moonworks:Bloodlust","floor":1.0},{"not_picked":[],"picked":"Moonworks:BindingChains","floor":3.0},{"not_picked":[],"picked":"Moonworks:Poppoformation","floor":3.0},{"not_picked":[],"picked":"Moonworks:EvilMastermind","floor":3.0},{"not_picked":["Moonworks:BindingChains","Moonworks:DeployBits"],"picked":"Moonworks:JonathanRush","floor":4.0},{"not_picked":["Moonworks:DeployBits","Moonworks:NicePresent"],"picked":"Moonworks:IndiscriminateFireSupport","floor":5.0},{"not_picked":["Moonworks:NicePresent","Moonworks:Assault"],"picked":"Moonworks:Bloodlust","floor":7.0},{"not_picked":["Moonworks:NicePresent","Moonworks:ImOnFire"],"picked":"Moonworks:ReflectiveShell","floor":12},{"not_picked":["Moonworks:BigMagnum","Moonworks:LulusLuckyEgg"],"picked":"Moonworks:SakisCookie","floor":14},{"not_picked":["Moonworks:ImOnFire","Moonworks:RagingMadness"],"picked":"Moonworks:EvilSpyWorkPreparation","floor":15}],"player_experience":374781,"relics_obtained":[{"floor":7.0,"key":"Dream Catcher"},{"floor":9.0,"key":"Bag of Marbles"}],"event_choices":[{"damage_healed":0,"gold_gain":75,"player_choice":"Touch","damage_taken":6,"max_hp_gain":0,"max_hp_loss":0,"event_name":"FaceTrader","floor":10,"gold_loss":0}],"is_beta":false,"boss_relics":[],"items_purged_floors":[],"is_endless":false,"potions_floor_spawned":[1],"killed_by":"The Guardian","ascension_level":0}}