{"host":"z2t3rxuzpenn68te","time":1610812936,"event":{"mods":["BaseMod","Marisa£®ÏF”Í°°ƒß¿Ì…≥£©","Minty Spire (QoL Compilation)","Replay The Spire","StSLib"],"gold_per_floor":[114,114,129,204,204,204,204,204,229,259,274,274,274,324,324,433,492,516,540,549,406,176,176,215,215,265,265,289,313,226,226,226,235,235],"floor_reached":33,"language":"ZHS","playtime":1583,"items_purged":[],"score":284,"play_id":"14417ecb-8d4d-4df1-84d2-78890173a6df","local_time":"20210117000216","daily_mods":["Allstar","Flight","Night Terrors"],"is_ascension_mode":false,"campfire_choices":[{"data":"ReplayTheSpireMod:Reroute Power","floor":6.0,"key":"SMITH"},{"data":"BasicCrystalCard","floor":8.0,"key":"SMITH"},{"floor":15.0,"key":"DIG"},{"data":"Mind Blast","floor":23.0,"key":"SMITH"},{"data":"Genetic Algorithm","floor":27.0,"key":"SMITH"},{"data":"ReplayTheSpireMod:Calculation Training","floor":32.0,"key":"SMITH"}],"circlet_count":0,"master_deck":["Strike_B","Strike_B","Strike_B","Strike_B","Defend_B+1","Defend_B+1","Defend_B+1","Defend_B+1","Zap","Dualcast","Impatience","Jack Of All Trades+1","Dramatic Entrance+1","Violence+1","Specialist","ReplayTheSpireMod:Reroute Power+1","Ball Lightning","Zap+1","Finesse+1","BasicCrystalCard+1","Mirror Shield","Redo","Beam Cell","Core Surge","Aggregate","Stack+1","Panic Button","Genetic Algorithm+1","Mind Blast+1","Rip and Tear","Dramatic Entrance","Capacitor+1","Defragment","Doom and Gloom","ReplayTheSpireMod:Calculation Training+1","Sunder","Rainbow"],"relics":["Cracked Core","Vajra","Replay:Antivirus Software","MealTicket","Replay:Bottled Eggs","CeramicFish","War Paint","Tiny House","Omamori","Smiling Mask","Prayer Wheel"],"acts_visited":["Exordium","TheCity"],"potions_floor_usage":[33],"damage_taken":[{"damage":0.0,"enemies":"2 Louse","floor":1.0,"turns":1.0},{"damage":0.0,"enemies":"Small Slimes","floor":3.0,"turns":1.0},{"damage":9.0,"enemies":"Gremlin Nob","floor":10.0,"turns":3.0},{"damage":6.0,"enemies":"Jaw Worm","floor":11.0,"turns":2.0},{"damage":14.0,"enemies":"Slime Boss","floor":16.0,"turns":6.0},{"damage":10.0,"enemies":"2 Thieves","floor":18.0,"turns":3.0},{"damage":0.0,"enemies":"Spheric Guardian","floor":19.0,"turns":3.0},{"damage":12.0,"enemies":"Replay:Snechameleon","floor":24.0,"turns":4.0},{"damage":0.0,"enemies":"3 Cultists","floor":28.0,"turns":2.0},{"damage":4.0,"enemies":"Cultist and Chosen","floor":29.0,"turns":3.0},{"damage":83,"enemies":"Automaton","floor":33,"turns":6}],"seed_played":"2700428786693623746","potions_obtained":[{"floor":3.0,"key":"Elixir"},{"floor":4.0,"key":"LiquidMemories"},{"floor":4.0,"key":"DuplicationPotion"},{"floor":11.0,"key":"PotionOfCapacity"},{"floor":17.0,"key":"Block Potion"},{"floor":28.0,"key":"Dexterity Potion"},{"floor":29.0,"key":"Strength Potion"}],"is_trial":false,"path_per_floor":["M","?","M","?","?","R","?","R","T","E","M","?","?","T","R","B",null,"M","M","?","$","$","R","E","?","T","R","M","M","$","?","R","B"],"character_chosen":"DEFECT","items_purchased":["Mind Blast","Rip and Tear","ReplayTheSpireMod:Fabricate Wheel","Dramatic Entrance","ReplayTheSpireMod:Calculation Training","Sunder"],"campfire_rested":0,"item_purchase_floors":[21,21,22,22,30,30],"current_hp_per_floor":[75,75,75,45,70,70,70,70,70,61,55,43,43,43,43,29,80,70,70,70,80,80,80,68,68,68,68,68,64,79,79,79,0,0],"gold":235,"neow_bonus":"","is_daily":true,"chose_seed":false,"campfire_upgraded":5,"win_rate":0.0,"timestamp":1610812936,"path_taken":["M","?","M","?","?","R","?","R","T","E","?","?","?","?","R","BOSS","M","M","?","$","$","R","E","?","T","R","M","?","$","?","R","BOSS"],"items_purchased_type":["Card","Card","Card","Card","Card","Card"],"build_version":"2020-12-22","purchased_purges":0,"victory":false,"max_hp_per_floor":[75,75,75,75,75,75,75,75,75,75,75,75,75,75,75,75,80,80,80,80,80,80,80,80,80,80,80,80,80,80,80,80,80,80],"card_choices":[{"not_picked":["Sweeping Beam","Rebound"],"picked":"ReplayTheSpireMod:Reroute Power","floor":1.0},{"not_picked":["ReplayTheSpireMod:Reroute Power","Undo","Hologram"],"picked":"SKIP","floor":3.0},{"not_picked":["Hello World","ReplayRNGCard"],"picked":"Ball Lightning","floor":4.0},{"not_picked":["Rebound","Go for the Eyes"],"picked":"Redo","floor":10.0},{"not_picked":["Glacier","Reinforced Body"],"picked":"Beam Cell","floor":11.0},{"not_picked":["All For One","Mirror Shield"],"picked":"Core Surge","floor":16.0},{"not_picked":["Melter","Coolheaded"],"picked":"Aggregate","floor":17.0},{"not_picked":["Redo","FTL"],"picked":"Stack+1","floor":18.0},{"not_picked":["Redo","Hello World"],"picked":"Panic Button","floor":19.0},{"not_picked":["ReplaySort","Steam Power"],"picked":"Capacitor+1","floor":24.0},{"not_picked":["FTL+1","Loop"],"picked":"Defragment","floor":28.0},{"not_picked":["Beam Cell+1","Steam Power"],"picked":"Doom and Gloom","floor":29.0}],"player_experience":163979,"relics_obtained":[{"floor":4.0,"key":"Vajra"},{"floor":9.0,"key":"Replay:Antivirus Software"},{"floor":10.0,"key":"MealTicket"},{"floor":14.0,"key":"CeramicFish"},{"floor":15.0,"key":"War Paint"},{"floor":24.0,"key":"Omamori"},{"floor":26.0,"key":"Smiling Mask"}],"event_choices":[{"damage_healed":0.0,"max_hp_gain":0.0,"max_hp_loss":0.0,"gold_gain":0.0,"event_name":"Living Wall","player_choice":"Grow","floor":2.0,"gold_loss":0.0,"damage_taken":0.0,"cards_upgraded":["Dramatic Entrance"]},{"damage_healed":25.0,"max_hp_gain":0.0,"max_hp_loss":0.0,"gold_gain":0.0,"event_name":"Big Fish","player_choice":"Banana","floor":5.0,"gold_loss":0.0,"damage_taken":0.0},{"damage_healed":0.0,"max_hp_gain":0.0,"max_hp_loss":0.0,"gold_gain":0.0,"event_name":"Match and Keep!","player_choice":"4 cards matched","floor":7.0,"gold_loss":0.0,"damage_taken":0.0,"cards_obtained":["Zap","Finesse","BasicCrystalCard","Mirror Shield"]},{"damage_healed":0.0,"max_hp_gain":0.0,"max_hp_loss":0.0,"gold_gain":0.0,"event_name":"Match and Keep!","player_choice":"4 cards matched","floor":7.0,"gold_loss":0.0,"damage_taken":0.0,"cards_obtained":["Zap","Finesse","BasicCrystalCard","Mirror Shield"]},{"damage_healed":0.0,"max_hp_gain":0.0,"max_hp_loss":0.0,"gold_gain":0.0,"event_name":"Scrap Ooze","player_choice":"Success","floor":12.0,"gold_loss":0.0,"damage_taken":12.0,"relics_obtained":["Replay:Bottled Eggs"]},{"damage_healed":0.0,"max_hp_gain":0.0,"max_hp_loss":0.0,"gold_gain":0.0,"event_name":"The Library","player_choice":"Read","floor":20.0,"gold_loss":0.0,"damage_taken":0.0,"cards_obtained":["Genetic Algorithm"]},{"damage_healed":0.0,"max_hp_gain":0.0,"max_hp_loss":0.0,"gold_gain":0.0,"event_name":"Upgrade Shrine","player_choice":"Upgraded","floor":25.0,"gold_loss":0.0,"damage_taken":0.0,"cards_upgraded":["ReplayTheSpireMod:Fabricate Wheel"]},{"damage_healed":0.0,"max_hp_gain":0.0,"max_hp_loss":0.0,"gold_gain":0.0,"event_name":"Beggar","player_choice":"Ignored","floor":31.0,"gold_loss":0.0,"damage_taken":0.0}],"is_beta":false,"boss_relics":[{"not_picked":["Runic Dome","Snecko Heart"],"picked":"Tiny House"}],"items_purged_floors":[],"is_endless":false,"potions_floor_spawned":[3,11,18,28,29],"killed_by":"Automaton","ascension_level":0}}