{"host":"3h5qf14xt40jhha0","time":1610769292,"event":{"mods":["AlwaysNeverKeys","BaseMod","Colored Powertips","Minty Spire (QoL Compilation)","Permanent Neow","Relic Stats","StSLib"],"gold_per_floor":[113,124,17,17,33,33,63,63,63,91,111,123,123,20,20,92,92,111,139,157,157,157,192,192,221,221,252,252,268,0,11,11,88,88,100,322,340,365,365,365,390,390,390,403,738,738,764,764,764,764,764,764,764,115,150,150,150],"floor_reached":56,"language":"ENG","playtime":3615,"items_purged":["Pain","Dagger Spray"],"score":2173,"play_id":"5611b45b-1f2e-400f-8e79-d7df2fd68f06","local_time":"20210115225452","is_ascension_mode":true,"campfire_choices":[{"data":"Dagger Spray","floor":6,"key":"SMITH"},{"floor":8,"key":"REST"},{"data":"Storm of Steel","floor":13,"key":"SMITH"},{"data":"Phantasmal Killer","floor":15,"key":"SMITH"},{"data":"Calculated Gamble","floor":24,"key":"SMITH"},{"data":"Tools of the Trade","floor":28,"key":"SMITH"},{"data":"Phantasmal Killer","floor":32,"key":"SMITH"},{"floor":40,"key":"RECALL"},{"data":"Reflex","floor":42,"key":"SMITH"},{"data":"Tactician","floor":46,"key":"SMITH"},{"floor":49,"key":"REST"},{"data":"Malaise","floor":53,"key":"SMITH"}],"circlet_count":0,"master_deck":["AscendersBane","Defend_G","Defend_G","Defend_G","Defend_G","Defend_G","Survivor","Neutralize","Dagger Spray+1","Phantasmal Killer+1","Underhanded Strike","Endless Agony","Storm of Steel+1","Backflip","Backflip","Tools of the Trade+1","Calculated Gamble+1","Reflex+1","Phantasmal Killer+1","Bite","Bite","Bite","Bite","Bite","Blade Dance","Blade Dance","Cloak And Dagger","Deflect+1","Tactician+1","Accuracy+1","PiercingWail","Malaise+1","Noxious Fumes+1","Blade Dance","Distraction","Thinking Ahead"],"relics":["HoveringKite","WarpedTongs","InkBottle","Shuriken","Tingsha","Runic Pyramid","Red Mask","Strawberry","Frozen Egg 2","Question Card","Singing Bowl","Membership Card","Oddly Smooth Stone","SacredBark","Gambling Chip","Pen Nib","Old Coin","Regal Pillow","Medical Kit","Bottled Lightning","Unceasing Top","Vajra"],"acts_visited":["Exordium","TheCity","TheBeyond","TheEnding"],"potions_floor_usage":[7,19,25,51,55,56,56],"damage_taken":[{"damage":0.0,"enemies":"Small Slimes","floor":1.0,"turns":4.0},{"damage":3.0,"enemies":"Cultist","floor":2.0,"turns":4.0},{"damage":2,"enemies":"2 Louse","floor":5,"turns":2},{"damage":17,"enemies":"Lagavulin","floor":7,"turns":6},{"damage":15,"enemies":"3 Sentries","floor":10,"turns":4},{"damage":11,"enemies":"Looter","floor":11,"turns":2},{"damage":5,"enemies":"2 Fungi Beasts","floor":12,"turns":2},{"damage":0,"enemies":"Slime Boss","floor":16,"turns":4},{"damage":1,"enemies":"2 Thieves","floor":18,"turns":3},{"damage":0,"enemies":"Masked Bandits","floor":19,"turns":2},{"damage":15,"enemies":"Shell Parasite","floor":20,"turns":3},{"damage":0,"enemies":"Gremlin Leader","floor":23,"turns":3},{"damage":14,"enemies":"Slavers","floor":25,"turns":3},{"damage":4,"enemies":"Gremlin Leader","floor":27,"turns":4},{"damage":2,"enemies":"Centurion and Healer","floor":29,"turns":5},{"damage":0,"enemies":"3 Cultists","floor":31,"turns":3},{"damage":26,"enemies":"Champ","floor":33,"turns":5},{"damage":0,"enemies":"3 Darklings","floor":35,"turns":3},{"damage":6,"enemies":"3 Shapes","floor":37,"turns":3},{"damage":0,"enemies":"Mind Bloom Boss Battle","floor":38,"turns":5},{"damage":7,"enemies":"Nemesis","floor":41,"turns":5},{"damage":10,"enemies":"Maw","floor":44,"turns":4},{"damage":34,"enemies":"Giant Head","floor":45,"turns":5},{"damage":7,"enemies":"Reptomancer","floor":47,"turns":4},{"damage":19,"enemies":"Awakened One","floor":50,"turns":8},{"damage":63,"enemies":"Time Eater","floor":51,"turns":8},{"damage":52,"enemies":"Shield and Spear","floor":55,"turns":7},{"damage":70,"enemies":"The Heart","floor":56,"turns":2}],"seed_played":"-8034119441149537610","potions_obtained":[{"floor":2.0,"key":"LiquidBronze"},{"floor":5,"key":"Poison Potion"},{"floor":11,"key":"EssenceOfSteel"},{"floor":12,"key":"Fire Potion"},{"floor":20,"key":"DistilledChaos"},{"floor":33,"key":"Strength Potion"},{"floor":44,"key":"Regen Potion"},{"floor":55,"key":"LiquidBronze"}],"is_trial":false,"path_per_floor":["M","M","$","?","M","R","E","R","T","E","M","M","R","$","R","B",null,"M","?","M","?","?","E","R","E","T","E","R","M","$","M","R","B",null,"M","?","M","?","?","R","E","R","T","M","E","R","E","?","R","B","B",null,"R","$","E","B"],"character_chosen":"THE_SILENT","items_purchased":["Underhanded Strike","Backstab","Backflip","Membership Card","Oddly Smooth Stone","Cloak And Dagger","Medical Kit","Bottled Lightning","Noxious Fumes+1","Blade Dance","Distraction","Thinking Ahead","Unceasing Top","PowerPotion"],"campfire_rested":2,"item_purchase_floors":[3,3,14,30,30,30,54,54,54,54,54,54,54,54],"current_hp_per_floor":[59,56,56,56,54,54,37,56,56,41,30,25,25,25,25,25,56,55,55,40,40,40,51,51,41,41,40,40,49,49,56,56,38,54,58,58,56,59,59,59,58,58,58,52,32,32,33,33,60,51,34,54,54,54,23,0,0],"gold":150,"neow_bonus":"BOSS_RELIC","is_daily":false,"chose_seed":false,"campfire_upgraded":9,"win_rate":0.0,"timestamp":1610769292,"path_taken":["M","M","$","?","M","R","E","R","T","E","M","M","R","?","R","BOSS","M","?","M","?","?","E","R","E","T","E","R","M","$","M","R","BOSS","M","?","M","?","?","R","E","R","T","M","E","R","E","?","R","BOSS","BOSS","R","$","E","BOSS"],"items_purchased_type":["Card","Card","Card","Relic","Relic","Card","Relic","Relic","Card","Card","Card","Card","Relic","Potion"],"build_version":"2020-12-22","purchased_purges":2,"victory":false,"max_hp_per_floor":[66,66,66,66,66,66,66,66,66,66,66,66,66,66,66,66,66,66,66,66,46,46,53,53,53,53,53,53,55,55,57,57,59,59,59,59,59,59,59,59,61,61,61,61,63,63,63,60,60,60,60,60,60,60,62,62,62],"relic_stats":{"Regal Pillow":9,"Singing Bowl":12,"counters":[28,113],"HoveringKite":[74],"Tingsha":[623],"Pen Nib":[14],"Question Card":12,"Medical Kit":[4],"WarpedTongs":[104],"Shuriken":[100],"Gambling Chip":[11],"obtain_stats":[{"Regal Pillow":47,"Singing Bowl":27,"SacredBark":34,"HoveringKite":0,"Oddly Smooth Stone":30,"Vajra":55,"Tingsha":10,"Pen Nib":41,"Frozen Egg 2":25,"Question Card":26,"Medical Kit":54,"WarpedTongs":4,"Old Coin":45,"Shuriken":9,"Strawberry":23,"Gambling Chip":38,"Red Mask":19,"Membership Card":30,"Bottled Lightning":54,"InkBottle":7,"Unceasing Top":54,"Ring of the Snake":0,"Runic Pyramid":17},{"Regal Pillow":24,"Singing Bowl":14,"SacredBark":17,"HoveringKite":0,"Oddly Smooth Stone":15,"Vajra":27,"Tingsha":5,"Pen Nib":21,"Frozen Egg 2":13,"Question Card":13,"Medical Kit":26,"WarpedTongs":2,"Old Coin":23,"Shuriken":4,"Strawberry":12,"Gambling Chip":20,"Red Mask":10,"Membership Card":15,"Bottled Lightning":26,"InkBottle":4,"Unceasing Top":26,"Ring of the Snake":0,"Runic Pyramid":8},{"Regal Pillow":88,"Singing Bowl":46,"SacredBark":59,"HoveringKite":0,"Oddly Smooth Stone":51,"Vajra":111,"Tingsha":20,"Pen Nib":75,"Frozen Egg 2":42,"Question Card":42,"Medical Kit":104,"WarpedTongs":8,"Old Coin":84,"Shuriken":16,"Strawberry":39,"Gambling Chip":70,"Red Mask":33,"Membership Card":51,"Bottled Lightning":104,"InkBottle":16,"Unceasing Top":104,"Ring of the Snake":0,"Runic Pyramid":28}],"InkBottle":[68],"Unceasing Top":[0]},"card_choices":[{"not_picked":["Bane","Quick Slash"],"picked":"Dagger Spray","floor":1.0},{"not_picked":["Underhanded Strike","Quick Slash"],"picked":"Phantasmal Killer","floor":2.0},{"not_picked":["Leg Sweep","Backstab"],"picked":"Endless Agony","floor":5},{"not_picked":["Outmaneuver","Predator"],"picked":"Dagger Spray","floor":7},{"not_picked":["Dagger Spray","Prepared"],"picked":"Storm of Steel","floor":10},{"not_picked":["Poisoned Stab","Blur","Footwork"],"picked":"SKIP","floor":11},{"not_picked":["Underhanded Strike","Deadly Poison"],"picked":"Backflip","floor":12},{"not_picked":["Die Die Die","Bullet Time"],"picked":"Tools of the Trade","floor":16},{"not_picked":["Dagger Throw","Sucker Punch+1"],"picked":"Calculated Gamble","floor":18},{"not_picked":["Underhanded Strike","PiercingWail"],"picked":"Reflex","floor":19},{"not_picked":["Underhanded Strike","Infinite Blades"],"picked":"Phantasmal Killer","floor":20},{"not_picked":["Reflex","Poisoned Stab+1"],"picked":"Blade Dance","floor":23},{"not_picked":["Quick Slash","Outmaneuver","Die Die Die"],"picked":"SKIP","floor":25},{"not_picked":["Heel Hook","Underhanded Strike","Riddle With Holes+1"],"picked":"Blade Dance","floor":27},{"not_picked":["Bane","Dagger Spray+1","Backflip","Distraction"],"picked":"Singing Bowl","floor":29},{"not_picked":["Backflip","Poisoned Stab","Catalyst","Cloak And Dagger"],"picked":"Singing Bowl","floor":31},{"not_picked":["Die Die Die","Corpse Explosion","Tools of the Trade+1","A Thousand Cuts+1"],"picked":"Singing Bowl","floor":33},{"not_picked":["Acrobatics","Flying Knee","Cloak And Dagger"],"picked":"Deflect+1","floor":35},{"not_picked":["Sucker Punch","Backflip","Flying Knee"],"picked":"Tactician","floor":37},{"not_picked":["Caltrops+1","Sucker Punch","Outmaneuver+1"],"picked":"Accuracy+1","floor":38},{"not_picked":["A Thousand Cuts+1","Quick Slash+1","Glass Knife","Dagger Spray"],"picked":"Singing Bowl","floor":41},{"not_picked":["Reflex","Flying Knee","Dagger Spray+1"],"picked":"PiercingWail","floor":44},{"not_picked":["Unload","Deadly Poison","Tactician","Sucker Punch"],"picked":"Singing Bowl","floor":45},{"not_picked":["Catalyst","Dagger Spray","Bane"],"picked":"Malaise","floor":47},{"not_picked":["Skewer","Heel Hook","Outmaneuver","Backstab"],"picked":"Singing Bowl","floor":55}],"player_experience":1341650,"relics_obtained":[{"floor":7,"key":"InkBottle"},{"floor":9,"key":"Shuriken"},{"floor":10,"key":"Tingsha"},{"floor":19,"key":"Red Mask"},{"floor":23,"key":"Strawberry"},{"floor":25,"key":"Frozen Egg 2"},{"floor":26,"key":"Question Card"},{"floor":27,"key":"Singing Bowl"},{"floor":38,"key":"Gambling Chip"},{"floor":41,"key":"Pen Nib"},{"floor":45,"key":"Old Coin"},{"floor":47,"key":"Regal Pillow"},{"floor":55,"key":"Vajra"}],"event_choices":[{"damage_healed":0,"gold_gain":0,"player_choice":"Rummage","damage_taken":0,"relics_obtained":["WarpedTongs"],"max_hp_gain":0,"max_hp_loss":0,"event_name":"Accursed Blacksmith","floor":4,"gold_loss":0,"cards_obtained":["Pain"]},{"damage_healed":0,"gold_gain":0,"player_choice":"Fought Bandits","damage_taken":0,"max_hp_gain":0,"max_hp_loss":0,"event_name":"Masked Bandits","floor":19,"gold_loss":0},{"damage_healed":0,"gold_gain":0,"player_choice":"Became a vampire","damage_taken":0,"max_hp_gain":0,"max_hp_loss":20,"event_name":"Vampires","floor":21,"gold_loss":0,"cards_obtained":["Bite","Bite","Bite","Bite","Bite"]},{"damage_healed":0,"gold_gain":0,"player_choice":"Ignored","damage_taken":0,"max_hp_gain":0,"max_hp_loss":0,"event_name":"Ghosts","floor":22,"gold_loss":0},{"damage_healed":0,"gold_gain":222,"player_choice":"Wore Mask","damage_taken":0,"max_hp_gain":0,"max_hp_loss":0,"event_name":"Tomb of Lord Red Mask","floor":36,"gold_loss":0},{"damage_healed":0,"gold_gain":0,"player_choice":"Fight","damage_taken":0,"max_hp_gain":0,"max_hp_loss":0,"event_name":"MindBloom","floor":38,"gold_loss":0},{"cards_removed":["Backstab"],"damage_healed":0,"gold_gain":0,"player_choice":"Removed Attack","damage_taken":0,"max_hp_gain":0,"max_hp_loss":0,"event_name":"Falling","floor":39,"gold_loss":0},{"damage_healed":0,"gold_gain":0,"player_choice":"Max HP","damage_taken":0,"max_hp_gain":0,"max_hp_loss":3,"event_name":"Winding Halls","floor":48,"gold_loss":0}],"is_beta":false,"boss_relics":[{"not_picked":["Fusion Hammer","SlaversCollar"],"picked":"Runic Pyramid"},{"not_picked":["Velvet Choker","Snecko Eye"],"picked":"SacredBark"}],"items_purged_floors":[14,54],"is_endless":false,"potions_floor_spawned":[2,5,11,12,18,20,23,33,35,37,44,55],"killed_by":"The Heart","ascension_level":20}}