{"host":"oehe2dxjvdgux73m","time":1610795867,"event":{"mods":["AchievementEnabler","BaseMod","Colored Map","Colored Powertips","DeckTracker","Keyboard Shortcuts","Minty Spire (QoL Compilation)","Permanent Neow","Quick Restart","StSLib","SuperFastMode"],"gold_per_floor":[367,380,380,391,406,406,190,203,252,283,295,307,319,344,356,444,456,485,508,570,582,582],"floor_reached":21,"language":"KOR","playtime":803,"items_purged":["Pain"],"score":320,"play_id":"e8ad433e-a167-4313-a4fd-5245604d1f8d","local_time":"20210116201747","is_ascension_mode":true,"campfire_choices":[{"floor":6.0,"key":"REST"},{"data":"Blade Dance","floor":11.0,"key":"SMITH"},{"floor":13.0,"key":"REST"},{"data":"Neutralize","floor":15.0,"key":"SMITH"}],"circlet_count":0,"master_deck":["AscendersBane","Strike_G","Strike_G","Strike_G","Strike_G","Defend_G","Defend_G","Defend_G","Defend_G","Defend_G","Survivor","Neutralize+1","Cloak And Dagger","PiercingWail","Backstab","Blade Dance","Dagger Spray","Blade Dance+1","Corpse Explosion+1","Terror+1","Backflip","Envenom","CurseOfTheBell","Cloak And Dagger","Acrobatics"],"relics":["Ring of the Snake","MawBank","Calling Bell","Toy Ornithopter","Shuriken","Tingsha"],"acts_visited":["Exordium","TheCity"],"potions_floor_usage":[],"damage_taken":[{"damage":6.0,"enemies":"2 Louse","floor":1.0,"turns":3.0},{"damage":23.0,"enemies":"Jaw Worm","floor":2.0,"turns":5.0},{"damage":9.0,"enemies":"Cultist","floor":4.0,"turns":5.0},{"damage":6.0,"enemies":"2 Fungi Beasts","floor":5.0,"turns":6.0},{"damage":0.0,"enemies":"Exordium Wildlife","floor":8.0,"turns":2.0},{"damage":2.0,"enemies":"Exordium Thugs","floor":10.0,"turns":5.0},{"damage":1.0,"enemies":"Looter","floor":14.0,"turns":4.0},{"damage":14.0,"enemies":"The Guardian","floor":16.0,"turns":8.0},{"damage":12.0,"enemies":"Chosen","floor":18.0,"turns":4.0},{"damage":41,"enemies":"Spheric Guardian","floor":19,"turns":6},{"damage":10,"enemies":"Snecko","floor":21,"turns":2}],"seed_played":"-8889389843505816729","potions_obtained":[{"floor":2.0,"key":"CultistPotion"},{"floor":10.0,"key":"Regen Potion"},{"floor":14.0,"key":"AttackPotion"}],"is_trial":false,"path_per_floor":["M","M","?","M","M","R","$","M","T","M","R","?","R","M","R","B",null,"M","M","?","M"],"character_chosen":"THE_SILENT","items_purchased":["Block Potion","Dagger Spray","Blade Dance"],"campfire_rested":2,"item_purchase_floors":[7,7,7],"current_hp_per_floor":[53,30,30,21,15,34,34,34,34,32,32,12,31,42,42,28,57,45,4,4,0,0],"gold":582,"neow_bonus":"TWO_FIFTY_GOLD","is_daily":false,"chose_seed":false,"campfire_upgraded":2,"win_rate":0.0,"timestamp":1610795867,"path_taken":["M","M","?","M","M","R","$","M","T","M","R","?","R","M","R","BOSS","M","M","?","M"],"items_purchased_type":["Potion","Card","Card"],"build_version":"2020-12-22","purchased_purges":1,"victory":false,"max_hp_per_floor":[66,66,66,66,66,66,66,66,66,66,66,66,66,66,66,66,66,66,66,66,66,66],"card_choices":[{"not_picked":["Underhanded Strike","Sucker Punch"],"picked":"Cloak And Dagger","floor":1.0},{"not_picked":["Quick Slash","Dodge and Roll"],"picked":"PiercingWail","floor":2.0},{"not_picked":["Quick Slash","Well Laid Plans"],"picked":"Backstab","floor":4.0},{"not_picked":["Quick Slash","Sucker Punch"],"picked":"Blade Dance","floor":5.0},{"not_picked":["Skewer","Dagger Spray"],"picked":"Corpse Explosion","floor":8.0},{"not_picked":["Dagger Throw","Prepared"],"picked":"Terror","floor":10.0},{"not_picked":["Dagger Spray","Prepared"],"picked":"Backflip","floor":14.0},{"not_picked":["Grand Finale","Burst"],"picked":"Envenom","floor":16.0},{"not_picked":["Dodge and Roll","Heel Hook"],"picked":"Cloak And Dagger","floor":18.0},{"not_picked":["Catalyst","Flying Knee+1"],"picked":"Acrobatics","floor":19}],"player_experience":226853,"relics_obtained":[{"floor":9.0,"key":"MawBank"},{"floor":17.0,"key":"Toy Ornithopter"},{"floor":17.0,"key":"Shuriken"},{"floor":17.0,"key":"Tingsha"}],"event_choices":[{"cards_removed":["Strike_G"],"damage_healed":0.0,"max_hp_gain":0.0,"max_hp_loss":0.0,"gold_gain":0.0,"event_name":"Living Wall","player_choice":"Forget","floor":3.0,"gold_loss":0.0,"damage_taken":0.0},{"damage_healed":0.0,"max_hp_gain":0.0,"max_hp_loss":0.0,"gold_gain":0.0,"event_name":"Shining Light","player_choice":"Entered Light","floor":12.0,"gold_loss":0.0,"damage_taken":20.0,"cards_upgraded":["Corpse Explosion","Terror"]},{"damage_healed":0,"gold_gain":50,"player_choice":"Stole From Cult","damage_taken":0,"max_hp_gain":0,"max_hp_loss":0,"event_name":"Nest","floor":20,"gold_loss":0}],"is_beta":false,"boss_relics":[{"not_picked":["Ring of the Serpent","Snecko Eye"],"picked":"Calling Bell"}],"items_purged_floors":[7],"is_endless":false,"potions_floor_spawned":[2,10,14],"killed_by":"Snecko","ascension_level":17}}