{"host":"3nces2ajq3sg92g2","time":1610807317,"event":{"mods":["Arknights The Spire","BaseMod","Conspire","Minty Spire (QoL Compilation)","Quick Restart","StSLib","vexMod"],"gold_per_floor":[115,157,186,156,182,182,231,231,231,258,258],"floor_reached":10,"language":"ZHS","playtime":730,"items_purged":[],"score":61,"play_id":"83609d86-2860-4715-9a5d-e489e0dfe5d6","local_time":"20210116222837","is_ascension_mode":true,"campfire_choices":[{"floor":6,"key":"REST"},{"floor":8,"key":"REST"}],"circlet_count":0,"master_deck":["ats:Strike C","ats:Strike G","ats:Strike S","ats:Strike V","ats:Armor Crushing Shot","ats:Defend","ats:Defend","ats:Defend","ats:Defend","ats:Emotion Absorption","conspire:NecroticWound","ats:Revitalization","ats:Cat Scratch","ats:Childhood Dance","ats:Very Hot Blade","ats:Explosion Area Strengthen"],"relics":["ats:Sanity","conspire:InfiniteJournal","vexMod:ConsolationPrize","Regal Pillow"],"acts_visited":["Exordium"],"potions_floor_usage":[2,5,5,10],"damage_taken":[{"damage":4,"enemies":"conspire:RoseBush","floor":1,"turns":3},{"damage":68,"enemies":"conspire:MimicChest","floor":2,"turns":13},{"damage":12,"enemies":"Cultist","floor":3,"turns":5},{"damage":6,"enemies":"Small Slimes","floor":5,"turns":4},{"damage":32,"enemies":"Red Slaver","floor":7,"turns":5},{"damage":40,"enemies":"Gremlin Nob","floor":10,"turns":5}],"seed_played":"6563207672589225807","potions_obtained":[{"floor":1,"key":"SkillPotion"},{"floor":2,"key":"Swift Potion"},{"floor":3,"key":"BlessingOfTheForge"},{"floor":4,"key":"DistilledChaos"},{"floor":4,"key":"CultistPotion"}],"is_trial":false,"path_per_floor":["M","?","M","?","M","R","M","R","T","E"],"character_chosen":"DOCTOR_CLASS","items_purchased":[],"campfire_rested":2,"item_purchase_floors":[],"current_hp_per_floor":[68,27,18,18,14,35,8,29,29,0,0],"gold":258,"neow_bonus":"ONE_RARE_RELIC","is_daily":false,"chose_seed":false,"campfire_upgraded":0,"win_rate":0.0,"timestamp":1610807317,"path_taken":["M","?","M","?","M","R","?","R","T","E"],"items_purchased_type":[],"build_version":"2020-12-22","purchased_purges":0,"victory":false,"max_hp_per_floor":[72,72,72,72,72,72,72,72,72,72,72],"card_choices":[{"not_picked":["ats:Childhood Dance","ats:Burning Ground"],"picked":"ats:Revitalization","floor":1},{"not_picked":["ats:Steam Pump","ats:Assault Order"],"picked":"ats:Cat Scratch","floor":2},{"not_picked":["ats:Steam Pump","ats:Assault Order"],"picked":"ats:Childhood Dance","floor":3},{"not_picked":["ats:Powerful Strike","ats:Poison Spread"],"picked":"ats:Very Hot Blade","floor":5},{"not_picked":["ats:Childhood Dance","ats:Cat Scratch"],"picked":"ats:Explosion Area Strengthen","floor":7}],"player_experience":41639,"relics_obtained":[{"floor":2,"key":"vexMod:ConsolationPrize"},{"floor":9,"key":"Regal Pillow"}],"event_choices":[{"damage_healed":0,"gold_gain":0,"player_choice":"Bought 2 Potions","damage_taken":0,"max_hp_gain":0,"max_hp_loss":0,"event_name":"The Woman in Blue","floor":4,"gold_loss":0}],"is_beta":false,"boss_relics":[],"items_purged_floors":[],"is_endless":false,"potions_floor_spawned":[1,2,3],"killed_by":"Gremlin Nob","ascension_level":1}}