{"host":"inzxg65gu6nvov1v","time":1610802176,"event":{"mods":["AchievementEnabler","Act Like it!","Aspiration","BaseMod","Better Third Choice","CapriCore","Card Forge","Colored Map","Colored Powertips","Conspire","Downfall","Energized Spire","Hallownest","Hermit","Highlight Path","Hubris","Infinite Spire","Jedi Mod","Koishi","Lobotomy","LobotomyExtend","Marisa????????","Mimic Mod","Minty Spire (QoL Compilation)","Reimu??????","Remilia??????","Spicy Shops","StSLib","Td1madao Mod","The Administrix","The Bug Knight","The Construct","The Cursed","The Disciple","The Elementalist","The Gatherer","The Hierophant","The Immortal","The Mystic","The Necromancer","The Runesmith","The Servant 0.9.4","Wandering Minibosses","Yakumo Yukari mod","Youmu??????"],"gold_per_floor":[118,136,136,148,148,148,148,164,200,200,231,231,262,279,279,380,380,398,413,429,444,460,493,493,493,546,546,557,557,574,599,599,700,700,712,712,712,508,520,520,520,520,520,548,548,548,548,561,561,561,561,561,4,36,36],"floor_reached":56,"language":"ENG","playtime":4919,"items_purged":[],"score":1250,"play_id":"c20ffc6f-ce4f-42c0-9ac5-fcb1e169654c","local_time":"20210116150256","is_ascension_mode":false,"campfire_choices":[{"data":"construct:PowerUp","floor":6,"key":"SMITH"},{"floor":12,"key":"REST"},{"floor":15,"key":"REST"},{"floor":24,"key":"REST"},{"floor":27,"key":"RECALL"},{"floor":29,"key":"REST"},{"floor":32,"key":"REST"},{"floor":40,"key":"REST"},{"floor":42,"key":"REST"},{"floor":45,"key":"REST"},{"floor":49,"key":"REST"},{"floor":52,"key":"REST"}],"circlet_count":0,"master_deck":["construct:Strike_Gold+2","construct:Strike_Gold+2","construct:Strike_Gold+2","construct:Strike_Gold+2","construct:Strike_Gold+2","construct:Defend_Gold+2","construct:Defend_Gold+2","construct:Defend_Gold+2","construct:Defend_Gold+2","construct:Defend_Gold+2","construct:AttackMode+2","construct:DefenseMode+2","construct:PowerUp+2","construct:Autoturret+2","construct:Versatility+2","construct:Disrupt+2","construct:PointDefense+2","construct:ShiftingStance+2","CurseOfTheBell","construct:ReactiveShield+2","construct:Forcefield+2","construct:ReactiveShield+2","construct:Bunker+2","construct:Autoturret+2","construct:HammerDown+2","Impatience+1","Finesse+1","Magnetism+1","construct:Autoturret+2","construct:Forcefield+2","construct:Forcefield+2"],"relics":["construct:ClockworkPhoenix","Hammer of Thor","Seething Fire","Anvil of the Gods","Juzu Bracelet","jedi:HeartOfTheCards","Calling Bell","hubris:TenFootPole","infinitespire:EmpoweringShard","hubris:GlazedTorus","HollowMod:PaleOreRelic","Bronze Scales","Mummified Hand","WarpedTongs","HandDrill","hubris:Towel","Boot","aspiration:FrozenJewel","Oddly Smooth Stone","conspire:BottledYoYo"],"acts_visited":["Exordium","TheCity","TheBeyond","TheEnding"],"potions_floor_usage":[2,16,16,31,33,45,50,50],"damage_taken":[{"damage":5,"enemies":"Small Slimes","floor":1,"turns":3},{"damage":6,"enemies":"Cultist","floor":2,"turns":3},{"damage":0,"enemies":"Jaw Worm","floor":4,"turns":4},{"damage":24,"enemies":"Large Slime","floor":8,"turns":8},{"damage":15,"enemies":"Exordium Thugs","floor":9,"turns":6},{"damage":18,"enemies":"Gremlin Nob","floor":11,"turns":4},{"damage":33,"enemies":"Lagavulin","floor":13,"turns":7},{"damage":19,"enemies":"Exordium Thugs","floor":14,"turns":5},{"damage":24,"enemies":"Slime Boss","floor":16,"turns":11},{"damage":19,"enemies":"Shell Parasite","floor":18,"turns":9},{"damage":35,"enemies":"Spheric Guardian","floor":19,"turns":8},{"damage":9,"enemies":"Cultist and Chosen","floor":20,"turns":6},{"damage":0,"enemies":"conspire:HollyBat","floor":21,"turns":7},{"damage":14,"enemies":"3 Cultists","floor":22,"turns":6},{"damage":0,"enemies":"Book of Stabbing","floor":23,"turns":8},{"damage":11,"enemies":"Shelled Parasite and Fungi","floor":28,"turns":5},{"damage":2,"enemies":"Centurion and Healer","floor":30,"turns":5},{"damage":9,"enemies":"Gremlin Leader","floor":31,"turns":7},{"damage":0,"enemies":"Automaton","floor":33,"turns":10},{"damage":8,"enemies":"3 Shapes","floor":35,"turns":5},{"damage":23,"enemies":"3 Darklings","floor":39,"turns":7},{"damage":31,"enemies":"Nemesis","floor":44,"turns":7},{"damage":0,"enemies":"Spire Growth","floor":48,"turns":3},{"damage":65,"enemies":"Awakened One","floor":50,"turns":11},{"damage":14,"enemies":"Shield and Spear","floor":54,"turns":5},{"damage":57,"enemies":"The Heart","floor":55,"turns":12}],"seed_played":"6811423715314294137","potions_obtained":[{"floor":1,"key":"jedi:StrikingPotion"},{"floor":13,"key":"Guardian:BlockOnCardUsePotion"},{"floor":14,"key":"Weak Potion"},{"floor":16,"key":"sneckomod:MuddlingPotion"},{"floor":19,"key":"sneckomod:MuddlingPotion"},{"floor":21,"key":"Swift Potion"},{"floor":31,"key":"SkillPotion"},{"floor":33,"key":"jedi:StrikingPotion"},{"floor":44,"key":"jedi:mysterypotion"}],"is_trial":false,"path_per_floor":["M","M","?","M","?","R","?","M","MIM","?","E","R","E","M","R","B",null,"M","M","M","M","M","E","R","?","T","R","M","R","M","E","R","B",null,"M","?","?","$","M","R","?","R","T","E","R","?","?","M","R","B",null,"R","$","E","B",null],"character_chosen":"THE_CONSTRUCT_MOD","items_purchased":["construct:Autoturret","HandDrill","aspiration:FrozenJewel","Oddly Smooth Stone","DuplicationPotion","construct:Forcefield"],"campfire_rested":10,"item_purchase_floors":[38,38,53,53,53,53],"current_hp_per_floor":[88,82,93,93,93,93,93,69,54,63,45,72,39,20,47,23,93,74,39,30,30,16,16,43,43,43,43,32,59,57,48,75,79,93,85,85,85,85,62,89,89,93,93,62,89,89,84,84,93,90,93,93,93,79,22],"gold":36,"neow_bonus":"TEN_PERCENT_HP_BONUS","is_daily":false,"chose_seed":false,"campfire_upgraded":1,"win_rate":0.0,"timestamp":1610802176,"path_taken":["M","M","?","?","?","R","?","?","MIM","?","E","R","E","M","R","BOSS","M","M","M","M","M","E","R","?","T","R","M","R","M","E","R","BOSS","M","?","?","$","M","R","?","R","T","E","R","?","?","M","R","BOSS","R","$","E","BOSS"],"items_purchased_type":["Card","Relic","Relic","Relic","Potion","Card"],"build_version":"2020-12-22","purchased_purges":0,"victory":true,"max_hp_per_floor":[93,93,93,93,93,93,93,93,93,93,93,93,93,93,93,93,93,93,93,93,93,93,93,93,93,93,93,93,93,93,93,93,93,93,93,93,93,93,93,93,93,93,93,93,93,93,93,93,93,93,93,93,93,93,93],"card_choices":[{"not_picked":["construct:GuardCore","construct:Accumulate"],"picked":"construct:CripplingShot","floor":1},{"not_picked":["construct:FierceBash","construct:Versatility"],"picked":"construct:PowerUp","floor":2},{"not_picked":["construct:Antimatter","construct:Accumulate","construct:Electrocute"],"picked":"SKIP","floor":4},{"not_picked":["construct:CripplingShot","construct:PhosphorStorm"],"picked":"construct:Autoturret","floor":8},{"not_picked":["construct:Tumble","construct:ClusterMines"],"picked":"construct:Versatility","floor":9},{"not_picked":["construct:FlameCore","construct:Rollout"],"picked":"construct:Disrupt","floor":11},{"not_picked":["construct:Dampening","construct:Accumulate","construct:ShieldBurst"],"picked":"SKIP","floor":13},{"not_picked":["construct:VentSteam","construct:Forcefield"],"picked":"construct:PointDefense","floor":14},{"not_picked":["construct:LongRangeLance","construct:HyperBeam"],"picked":"construct:ShiftingStance","floor":16},{"not_picked":["construct:Boost+1","construct:VentSteam"],"picked":"construct:ReactiveShield","floor":18},{"not_picked":["construct:PhosphorStorm+1","construct:ClusterMines","construct:GatlingGun"],"picked":"SKIP","floor":19},{"not_picked":["construct:ShiftStrike+1","construct:HeavyBolt","construct:SyphonStrike"],"picked":"SKIP","floor":20},{"not_picked":["construct:Boost","construct:FlammableFog"],"picked":"construct:Forcefield+1","floor":21},{"not_picked":["construct:ScrapCannon","construct:Rollout"],"picked":"construct:PointDefense+1","floor":22},{"not_picked":["construct:OilSpill","construct:ClusterMines","construct:Accumulate+1"],"picked":"SKIP","floor":23},{"not_picked":["construct:OmegaCannon","construct:HeavyBolt","construct:Reinforce+1"],"picked":"SKIP","floor":28},{"not_picked":["construct:OmegaCannon","construct:HeavyBolt"],"picked":"construct:ReactiveShield","floor":30},{"not_picked":["construct:PowerUp+1","construct:OilSpill","construct:Implosion+1"],"picked":"SKIP","floor":31},{"not_picked":["construct:Multistage","construct:HastyRepair"],"picked":"construct:Bunker","floor":33},{"not_picked":["construct:ElectricArmor+1","construct:Versatility+1","construct:SaveState+1"],"picked":"SKIP","floor":35},{"not_picked":["construct:ScrapCannon","construct:Dampening","construct:PhosphorStorm"],"picked":"SKIP","floor":39},{"not_picked":["construct:SyphonStrike","construct:OmegaCannon"],"picked":"construct:HammerDown","floor":44},{"not_picked":["Panacea","Enlightenment"],"picked":"Impatience","floor":47},{"not_picked":["Enlightenment","conspire:Banana"],"picked":"Finesse","floor":47},{"not_picked":["Panacea","Sadistic Nature"],"picked":"Magnetism","floor":47},{"not_picked":["construct:Synchronize","construct:SweepLaser+1"],"picked":"construct:Autoturret","floor":48},{"not_picked":["construct:Boost+1","construct:GuardCore"],"picked":"construct:Forcefield+1","floor":54}],"player_experience":164934,"relics_obtained":[{"floor":9,"key":"Juzu Bracelet"},{"floor":13,"key":"jedi:HeartOfTheCards"},{"floor":17,"key":"hubris:TenFootPole"},{"floor":17,"key":"infinitespire:EmpoweringShard"},{"floor":17,"key":"hubris:GlazedTorus"},{"floor":23,"key":"HollowMod:PaleOreRelic"},{"floor":26,"key":"Bronze Scales"},{"floor":31,"key":"Mummified Hand"},{"floor":44,"key":"Boot"},{"floor":54,"key":"conspire:BottledYoYo"}],"event_choices":[{"cards_removed":["construct:CripplingShot"],"damage_healed":11,"gold_gain":0,"player_choice":"Offered Uncommon","damage_taken":0,"max_hp_gain":0,"max_hp_loss":0,"event_name":"Bonfire Elementals","floor":3,"gold_loss":0},{"damage_healed":0,"gold_gain":0,"player_choice":"Ignored","damage_taken":0,"max_hp_gain":0,"max_hp_loss":0,"event_name":"Golden Wing","floor":7,"gold_loss":0},{"damage_healed":0,"gold_gain":0,"player_choice":"Rummage","damage_taken":0,"relics_obtained":["WarpedTongs"],"max_hp_gain":0,"max_hp_loss":0,"event_name":"Accursed Blacksmith","floor":36,"gold_loss":0,"cards_obtained":["Pain"]},{"damage_healed":0,"gold_gain":0,"player_choice":"Leave","damage_taken":0,"max_hp_gain":0,"max_hp_loss":0,"event_name":"conspire:Investor","floor":37,"gold_loss":0},{"damage_healed":0,"gold_gain":0,"player_choice":"Ignored","damage_taken":0,"max_hp_gain":0,"max_hp_loss":0,"event_name":"Tomb of Lord Red Mask","floor":46,"gold_loss":0},{"damage_healed":0,"gold_gain":0,"player_choice":"Memory 3","damage_taken":10,"max_hp_gain":0,"max_hp_loss":0,"event_name":"SensoryStone","floor":47,"gold_loss":0}],"is_beta":false,"boss_relics":[{"not_picked":["hubris:TerracottaHorce","jedi:battlestandard"],"picked":"Calling Bell"},{"not_picked":["hubris:CrackedHourglass","jedi:paperlyon","conspire:SeveredTorchhead"]}],"items_purged_floors":[],"is_endless":false,"potions_floor_spawned":[1,13,14,16,19,21,31,33,35,44],"ascension_level":0}}