{"host":"h4qgcirtxz6qax9j","time":1610804430,"event":{"mods":["AchievementEnabler","BaseMod","Colored Powertips","Minty Spire (QoL Compilation)","StSLib","SuperFastMode","The Animator"],"gold_per_floor":[113,133,165,79,98,98,128,128,155,155,155,171,184,196,196,196,196],"floor_reached":16,"language":"KOR","playtime":687,"items_purged":[],"score":94,"play_id":"b936f403-f8d9-4b70-aee8-cd649b833f42","local_time":"20210116224030","is_ascension_mode":false,"campfire_choices":[{"data":"animator:DolaRiku","floor":6,"key":"SMITH"},{"data":"animator:Jibril","floor":11,"key":"SMITH"},{"floor":15,"key":"REST"}],"circlet_count":0,"master_deck":["animator:Strike_NoGameNoLife","animator:Defend_NoGameNoLife","animator:Strike","animator:Strike","animator:Strike","animator:Defend+1","animator:Defend","animator:Defend","animator:DolaSchwi","animator:DolaCouronne","animator:DolaCouronne","animator:OrikoMikuni","animator:Jibril+1","animator:IchigoKurosaki+1","animator:DolaRiku+1","animator:DolaRiku","animator:Saber"],"relics":["animator:LivingPicture","animator:TheMissingPiece","NeowsBlessing","Strawberry"],"acts_visited":["Exordium"],"potions_floor_usage":[16,16,16],"damage_taken":[{"damage":0,"enemies":"Jaw Worm","floor":1,"turns":1},{"damage":0,"enemies":"Small Slimes","floor":2,"turns":1},{"damage":0,"enemies":"2 Louse","floor":3,"turns":1},{"damage":24,"enemies":"2 Fungi Beasts","floor":5,"turns":7},{"damage":1,"enemies":"Looter","floor":12,"turns":4},{"damage":27,"enemies":"Exordium Wildlife","floor":13,"turns":8},{"damage":2,"enemies":"3 Louse","floor":14,"turns":3},{"damage":29,"enemies":"Hexaghost","floor":16,"turns":11}],"seed_played":"2819651274080782466","potions_obtained":[{"floor":1,"key":"Swift Potion"},{"floor":12,"key":"LiquidBronze"},{"floor":13,"key":"SteroidPotion"}],"is_trial":false,"path_per_floor":["M","M","M","$","M","R","?","?","T","$","R","M","M","M","R","B"],"character_chosen":"THE_ANIMATOR","items_purchased":["animator:IchigoKurosaki"],"campfire_rested":1,"item_purchase_floors":[4],"current_hp_per_floor":[66,66,66,66,43,43,43,30,37,37,37,36,9,7,29,0,0],"gold":196,"neow_bonus":"THREE_ENEMY_KILL","is_daily":false,"chose_seed":false,"campfire_upgraded":2,"win_rate":0.0,"timestamp":1610804430,"path_taken":["M","M","M","$","M","R","?","?","T","$","R","M","M","M","R","BOSS"],"items_purchased_type":["Card"],"build_version":"2020-12-22","purchased_purges":0,"victory":false,"max_hp_per_floor":[66,66,66,66,67,67,67,67,74,74,74,74,74,74,74,74,74],"card_choices":[{"not_picked":["animator:MamiTomoe","animator:TsurugaMeisai"],"picked":"animator:DolaCouronne","floor":1},{"not_picked":["animator:Shion","animator:Hakurou"],"picked":"animator:OrikoMikuni","floor":2},{"not_picked":["animator:DolaRiku","animator:Lancer"],"picked":"animator:Jibril","floor":3},{"not_picked":["animator:DolaCouronne","animator:ChlammyZell"],"picked":"animator:DolaRiku","floor":5},{"not_picked":["animator:Cocytus","animator:Souei","animator:IrohaTamaki"],"picked":"SKIP","floor":12},{"not_picked":["animator:Verdia","animator:Aqua"],"picked":"animator:DolaRiku","floor":13},{"not_picked":["animator:Aqua","animator:Shichika"],"picked":"animator:Saber","floor":14}],"player_experience":52045,"relics_obtained":[{"floor":9,"key":"Strawberry"}],"event_choices":[{"damage_healed":0,"gold_gain":30,"player_choice":"Searched \u00271\u0027 times","damage_taken":0,"max_hp_gain":0,"max_hp_loss":0,"event_name":"Dead Adventurer","floor":7,"gold_loss":0},{"damage_healed":0,"gold_gain":0,"player_choice":"Entered Light","damage_taken":13,"max_hp_gain":0,"max_hp_loss":0,"event_name":"Shining Light","floor":8,"gold_loss":0,"cards_upgraded":["animator:Defend","animator:IchigoKurosaki"]}],"is_beta":false,"boss_relics":[],"items_purged_floors":[],"is_endless":false,"potions_floor_spawned":[1,12,13],"killed_by":"Hexaghost","ascension_level":0}}