{"host":"oehe2dxjvdgux73m","time":1610805942,"event":{"mods":["AchievementEnabler","BaseMod","Colored Map","Colored Powertips","DeckTracker","Keyboard Shortcuts","Minty Spire (QoL Compilation)","Permanent Neow","Quick Restart","StSLib","SuperFastMode"],"gold_per_floor":[214,227,241,316,334,334,347,382,382,401,17,28,28,46,46,120,120,137,137,137,153,153,153,34,34,58,83,98,98,39,39,39,39,39],"floor_reached":33,"language":"KOR","playtime":1089,"items_purged":["Strike_G"],"score":521,"play_id":"d0397206-d978-49fb-8d1a-935c6fffd3f6","local_time":"20210116230542","is_ascension_mode":true,"campfire_choices":[{"floor":6.0,"key":"REST"},{"floor":13.0,"key":"REST"},{"floor":15.0,"key":"REST"},{"floor":23.0,"key":"REST"},{"data":"Neutralize","floor":25.0,"key":"SMITH"},{"floor":29,"key":"REST"},{"floor":32,"key":"REST"}],"circlet_count":0,"master_deck":["AscendersBane","Strike_G","Strike_G","Strike_G","Strike_G","Defend_G","Defend_G","Defend_G","Defend_G","Defend_G","Survivor","Neutralize+1","Slice","Blur","Deadly Poison","Dodge and Roll","Endless Agony","Crippling Poison","Catalyst","PiercingWail","Venomology","Dagger Spray","Well Laid Plans","Backflip","Footwork","Doubt","Acrobatics","PiercingWail"],"relics":["Ring of the Snake","Snake Skull","Paper Crane","HornCleat","Cursed Key","Enchiridion","Bag of Marbles","Gremlin Horn"],"acts_visited":["Exordium","TheCity"],"potions_floor_usage":[28,33],"damage_taken":[{"damage":3.0,"enemies":"Cultist","floor":1.0,"turns":4.0},{"damage":0.0,"enemies":"Jaw Worm","floor":2.0,"turns":4.0},{"damage":12.0,"enemies":"2 Louse","floor":3.0,"turns":3.0},{"damage":10.0,"enemies":"Large Slime","floor":5.0,"turns":8.0},{"damage":4.0,"enemies":"Looter","floor":7.0,"turns":4.0},{"damage":30.0,"enemies":"Lagavulin","floor":8.0,"turns":7.0},{"damage":2.0,"enemies":"3 Louse","floor":10.0,"turns":3.0},{"damage":0.0,"enemies":"Exordium Thugs","floor":12.0,"turns":4.0},{"damage":2.0,"enemies":"Red Slaver","floor":14.0,"turns":3.0},{"damage":29.0,"enemies":"Hexaghost","floor":16.0,"turns":10.0},{"damage":6.0,"enemies":"Chosen","floor":18.0,"turns":6.0},{"damage":6.0,"enemies":"Shell Parasite","floor":21.0,"turns":5.0},{"damage":38.0,"enemies":"Book of Stabbing","floor":27.0,"turns":9.0},{"damage":0,"enemies":"Cultist and Chosen","floor":28,"turns":9},{"damage":39,"enemies":"Automaton","floor":33,"turns":6}],"seed_played":"1075918979262843214","potions_obtained":[{"floor":3.0,"key":"Block Potion"},{"floor":5.0,"key":"Poison Potion"},{"floor":14.0,"key":"DistilledChaos"},{"floor":16.0,"key":"AttackPotion"},{"floor":18.0,"key":"Swift Potion"}],"is_trial":false,"path_per_floor":["M","M","M","?","M","R","M","E","T","M","$","M","R","M","R","B",null,"M","?","?","M","?","R","$","R","T","E","M","R","$","?","R","B"],"character_chosen":"THE_SILENT","items_purchased":["Fire Potion","Poison Potion","HornCleat","Footwork","PiercingWail"],"campfire_rested":6,"item_purchase_floors":[11,11,11,24,30],"current_hp_per_floor":[56,56,44,33,23,42,38,8,8,6,6,6,25,23,42,13,53,47,26,26,20,20,39,39,39,39,1,1,20,20,20,39,0,0],"gold":39,"neow_bonus":"HUNDRED_GOLD","is_daily":false,"chose_seed":false,"campfire_upgraded":1,"win_rate":0.0,"timestamp":1610805942,"path_taken":["M","M","?","?","M","R","M","E","T","M","$","M","R","M","R","BOSS","M","?","?","M","?","R","$","R","T","E","M","R","$","?","R","BOSS"],"items_purchased_type":["Potion","Potion","Relic","Card","Card"],"build_version":"2020-12-22","purchased_purges":1,"victory":false,"max_hp_per_floor":[66,66,66,66,66,66,66,66,66,66,66,66,66,66,66,66,66,66,66,66,66,66,66,66,66,66,66,66,66,66,66,66,66,66],"card_choices":[{"not_picked":["Infinite Blades","Riddle With Holes"],"picked":"Slice","floor":1.0},{"not_picked":["Cloak And Dagger","Heel Hook"],"picked":"Blur","floor":2.0},{"not_picked":["Quick Slash","Underhanded Strike"],"picked":"Deadly Poison","floor":3.0},{"not_picked":["Flying Knee","Prepared"],"picked":"Dodge and Roll","floor":5.0},{"not_picked":["Deflect","Outmaneuver"],"picked":"Endless Agony","floor":7.0},{"not_picked":["Cloak And Dagger","A Thousand Cuts"],"picked":"Crippling Poison","floor":8.0},{"not_picked":["Dodge and Roll","Outmaneuver"],"picked":"Catalyst","floor":10.0},{"not_picked":["Blade Dance","Heel Hook","Finisher"],"picked":"SKIP","floor":12.0},{"not_picked":["Riddle With Holes","Backflip"],"picked":"PiercingWail","floor":14.0},{"not_picked":["Glass Knife","Die Die Die"],"picked":"Venomology","floor":16.0},{"not_picked":["Flying Knee","Prepared"],"picked":"Dagger Spray","floor":18.0},{"not_picked":["Deadly Poison","Quick Slash"],"picked":"Well Laid Plans","floor":21.0},{"not_picked":["All Out Attack","Crippling Poison","Underhanded Strike+1"],"picked":"SKIP","floor":27.0},{"not_picked":["Concentrate","Flying Knee+1"],"picked":"Acrobatics","floor":28}],"player_experience":237225,"relics_obtained":[{"floor":8.0,"key":"Snake Skull"},{"floor":9.0,"key":"Paper Crane"},{"floor":19.0,"key":"Enchiridion"},{"floor":26.0,"key":"Bag of Marbles"},{"floor":27.0,"key":"Gremlin Horn"}],"event_choices":[{"damage_healed":0.0,"max_hp_gain":0.0,"max_hp_loss":0.0,"gold_gain":75.0,"event_name":"World of Goop","player_choice":"Gather Gold","floor":4.0,"gold_loss":0.0,"damage_taken":11.0},{"damage_healed":0.0,"max_hp_gain":0.0,"max_hp_loss":0.0,"gold_gain":0.0,"event_name":"Cursed Tome","player_choice":"Obtained Book","floor":19.0,"gold_loss":0.0,"damage_taken":21.0},{"damage_healed":0.0,"max_hp_gain":0.0,"max_hp_loss":0.0,"gold_gain":0.0,"event_name":"Vampires","player_choice":"Ignored","floor":20.0,"gold_loss":0.0,"damage_taken":0.0},{"damage_healed":0.0,"max_hp_gain":0.0,"max_hp_loss":0.0,"gold_gain":0.0,"event_name":"The Library","player_choice":"Read","floor":22.0,"gold_loss":0.0,"damage_taken":0.0,"cards_obtained":["Backflip"]}],"is_beta":false,"boss_relics":[{"not_picked":["Coffee Dripper","Philosopher\u0027s Stone"],"picked":"Cursed Key"}],"items_purged_floors":[24],"is_endless":false,"potions_floor_spawned":[3,5,14,16,18],"killed_by":"Automaton","ascension_level":19}}