{"host":"p9t7qd83igtcp2bh","time":1610763363,"event":{"mods":["2.2 Compatiblity","AchievementEnabler","BaseMod","Colored Map","Colored Powertips","Custom Start","DeckTracker","Keyboard Shortcuts","Minty Spire (QoL Compilation)","Permanent Neow","StSLib","SuperFastMode","everything is the same but u backflip on backflip"],"gold_per_floor":[132,57,97,128,42,42,80,80,103,103,103,140,190,202,214,344,356,407,465,59,59,59],"floor_reached":21,"language":"KOR","playtime":450,"items_purged":[],"score":349,"play_id":"df487544-f1d4-4c16-adeb-9ca274950e54","local_time":"20210116111603","is_ascension_mode":true,"campfire_choices":[{"data":"HandOfGreed","floor":6.0,"key":"SMITH"},{"data":"Consume","floor":8.0,"key":"SMITH"},{"floor":11.0,"key":"REST"},{"floor":15.0,"key":"REST"}],"circlet_count":0,"master_deck":["AscendersBane","Strike_B","Strike_B","Strike_B","Defend_B","Defend_B","Defend_B","Defend_B","Zap","Dualcast","HandOfGreed+1","Sweeping Beam","Consume+1","Core Surge","Glacier","Ball Lightning","Coolheaded","Go for the Eyes","Self Repair"],"relics":["Cracked Core","Happy Flower","Vajra","MawBank","Golden Idol","Fusion Hammer","Gambling Chip"],"acts_visited":["Exordium","TheCity"],"potions_floor_usage":[21,21],"damage_taken":[{"damage":0.0,"enemies":"2 Louse","floor":1.0,"turns":2.0},{"damage":14.0,"enemies":"Jaw Worm","floor":3.0,"turns":4.0},{"damage":14.0,"enemies":"Small Slimes","floor":4.0,"turns":4.0},{"damage":11.0,"enemies":"Blue Slaver","floor":7.0,"turns":4.0},{"damage":0.0,"enemies":"2 Fungi Beasts","floor":12.0,"turns":2.0},{"damage":12.0,"enemies":"Lagavulin","floor":13.0,"turns":8.0},{"damage":20.0,"enemies":"The Guardian","floor":16.0,"turns":10.0},{"damage":23.0,"enemies":"2 Thieves","floor":18.0,"turns":4.0},{"damage":16.0,"enemies":"Shell Parasite","floor":19.0,"turns":5.0},{"damage":7,"enemies":"Cultist and Chosen","floor":21,"turns":2}],"seed_played":"-228521547619735925","potions_obtained":[{"floor":3.0,"key":"Block Potion"},{"floor":12.0,"key":"EntropicBrew"},{"floor":18.0,"key":"Fire Potion"}],"is_trial":false,"path_per_floor":["M","?","M","M","$","R","M","R","T","?","R","M","E","?","R","B",null,"M","M","$","M"],"character_chosen":"DEFECT","items_purchased":["Core Surge","Gambling Chip","Self Repair"],"campfire_rested":2,"item_purchase_floors":[5,20,20],"current_hp_per_floor":[64,64,50,36,36,36,25,25,25,7,26,26,14,14,31,11,46,23,7,7,0,0],"gold":59,"neow_bonus":"RANDOM_COLORLESS_2","is_daily":false,"chose_seed":false,"campfire_upgraded":2,"win_rate":0.0,"timestamp":1610763363,"path_taken":["M","?","M","M","$","R","M","R","T","?","R","M","E","?","R","BOSS","M","M","$","M"],"items_purchased_type":["Card","Relic","Card"],"build_version":"2020-12-22","purchased_purges":0,"victory":false,"max_hp_per_floor":[64,64,64,64,64,64,64,64,64,64,64,64,64,58,58,58,58,58,58,58,58,58],"card_choices":[{"not_picked":["Master of Strategy","Panache"],"picked":"HandOfGreed","floor":0.0},{"not_picked":["Steam Power","Gash"],"picked":"Sweeping Beam","floor":1.0},{"not_picked":["Beam Cell","Sweeping Beam","Steam"],"picked":"SKIP","floor":3.0},{"not_picked":["Ball Lightning","Gash"],"picked":"Consume","floor":4.0},{"not_picked":["Chill","Loop"],"picked":"Glacier","floor":7.0},{"not_picked":["Fusion","Go for the Eyes","Redo"],"picked":"SKIP","floor":12.0},{"not_picked":["Rip and Tear","Coolheaded"],"picked":"Ball Lightning","floor":13.0},{"not_picked":["Go for the Eyes","Streamline"],"picked":"Coolheaded","floor":18.0},{"not_picked":["Heatsinks","Conserve Battery"],"picked":"Go for the Eyes","floor":19.0}],"player_experience":647919,"relics_obtained":[{"floor":9.0,"key":"Happy Flower"},{"floor":13.0,"key":"MawBank"}],"event_choices":[{"cards_removed":["Strike_B"],"damage_healed":0.0,"max_hp_gain":0.0,"max_hp_loss":0.0,"gold_gain":0.0,"event_name":"The Cleric","player_choice":"Card Removal","floor":2.0,"gold_loss":75.0,"damage_taken":0.0},{"damage_healed":0.0,"max_hp_gain":0.0,"max_hp_loss":0.0,"gold_gain":0.0,"event_name":"Scrap Ooze","player_choice":"Success","floor":10.0,"gold_loss":0.0,"damage_taken":18.0,"relics_obtained":["Vajra"]},{"damage_healed":0.0,"max_hp_gain":0.0,"max_hp_loss":6.0,"gold_gain":0.0,"event_name":"Golden Idol","player_choice":"Lose Max HP","floor":14.0,"gold_loss":0.0,"damage_taken":0.0,"relics_obtained":["Golden Idol"]}],"is_beta":false,"boss_relics":[{"not_picked":["Calling Bell","Pandora\u0027s Box"],"picked":"Fusion Hammer"}],"items_purged_floors":[],"is_endless":false,"potions_floor_spawned":[3,12,18],"killed_by":"Cultist and Chosen","ascension_level":19}}