{"host":"g61l9u03ah4b44ex","time":1610821926,"event":{"mods":["Aspiration","BaseMod","Better Altar","Better Match","Better Sensory Stone","Better Skull","Better Third Choice","Conspire","Downfall","Hubris","Minty Spire (QoL Compilation)","Robot Space Explorer","Spicy Shops","StSLib","The Marked","Waifu the Spire"],"gold_per_floor":[99,99,314,100,100,134,158,191,191,216,216,247,273,3,21,123,123,23,33,52,52,72,102,102,2,2,0,35,35,48,158,171,267,267,167,187,3,22,36,71,124,124,153,181,181,200,209,218,237,237,237,237],"floor_reached":50,"language":"ENG","playtime":3633,"items_purged":["hexamod:Strike"],"score":629,"play_id":"6815dde3-8f45-470b-a10f-6bb549914751","local_time":"20210117023206","is_ascension_mode":true,"campfire_choices":[{"data":"hexamod:Float","floor":1,"key":"SMITH"},{"data":"hexamod:ShieldOfDarkness","floor":9,"key":"SMITH"},{"data":"hexamod:EmpoweredFlame","floor":11,"key":"SMITH"},{"floor":18,"key":"RECALL"},{"data":"hexamod:PhantomCloak","floor":25,"key":"SMITH"},{"data":"hexamod:ThermalTransfer","floor":29,"key":"SMITH"},{"data":"hexamod:TimeWarp","floor":35,"key":"SMITH"},{"data":"expansioncontent:DashGenerateEvil","floor":42,"key":"SMITH"}],"circlet_count":0,"master_deck":["hexamod:Strike","hexamod:Strike","hexamod:Strike","hexamod:Defend","hexamod:Sear","hexamod:Float+1","hexamod:ThermalTransfer+1","hexamod:InspiringFlames","hexamod:EmpoweredFlame+1","hexamod:SuperheatedStrike","hexamod:ShieldOfDarkness+1","hexamod:Toasty","hexamod:GhostShield+1","hexamod:FastForward+1","hexamod:NecessarySacrifice+1","hexamod:SoulSteal+1","Apotheosis+1","hexamod:StepThrough","hexamod:FlamesFromBeyond+1","hexamod:FlameSwitch+1","hexamod:Again+1","hexamod:AdvancingGuard+1","Doppelganger+1","Acrobatics+1","Tactician+1","hexamod:InspiringFlames+1","hexamod:PhantomCloak+1","hexamod:GhostOfSpireFuture","hexamod:ShieldOfDarkness+1","hexamod:AdvancingGuard+1","hexamod:TimeWarp+1","hexamod:FastForward+1","hexamod:SwordOfDarkness+1","expansioncontent:DashGenerateEvil+1","hexamod:NightmareGuise+1","hexamod:RainOfEmbers+1","hexamod:Hexaguard+1","hexamod:HauntingEcho+1","hexamod:VolcanoVisage","hexamod:PhantomFireball+1","expansioncontent:AwakenDeath","Doubt"],"relics":["hexamod:SpiritBrand","downfall:HeartsMalice","Toxic Egg 2","MealTicket","Potion Belt","Tiny Chest","hexamod:InflammatoryLetter","conspire:RoyalGoblet","downfall:HeartBlessingGreen","Orichalcum","TungstenRod","downfall:HeartBlessingRed","InkBottle","Smiling Mask","conspire:RunicOctahedron","downfall:HeartBlessingBlue","CeramicFish","Anchor","Pen Nib"],"acts_visited":["Exordium","TheCity","TheBeyond"],"potions_floor_usage":[16,16,23,28,32,33,43,50],"damage_taken":[{"damage":0,"enemies":"Jaw Worm","floor":2,"turns":1},{"damage":0,"enemies":"downfall:FleeingMerchant","floor":4,"turns":1},{"damage":0,"enemies":"Cultist","floor":5,"turns":1},{"damage":6,"enemies":"Lagavulin","floor":6,"turns":6},{"damage":5,"enemies":"Gremlin Nob","floor":8,"turns":4},{"damage":11,"enemies":"3 Sentries","floor":12,"turns":8},{"damage":0,"enemies":"downfall:FleeingMerchant","floor":14,"turns":4},{"damage":5,"enemies":"2 Louse","floor":15,"turns":2},{"damage":1,"enemies":"DF_ARCHETYPE_STREAMLINE","floor":16,"turns":9},{"damage":1,"enemies":"Chosen","floor":19,"turns":4},{"damage":2,"enemies":"conspire:FuzzyDice","floor":20,"turns":4},{"damage":1,"enemies":"Sentry and Sphere","floor":22,"turns":4},{"damage":0,"enemies":"conspire:SneckoGhost","floor":23,"turns":5},{"damage":0,"enemies":"downfall:FleeingMerchant","floor":27,"turns":4},{"damage":5,"enemies":"Book of Stabbing","floor":28,"turns":6},{"damage":8,"enemies":"Cultist and Chosen","floor":30,"turns":6},{"damage":18,"enemies":"Snecko","floor":32,"turns":7},{"damage":29,"enemies":"SI_MIRROR_ARCHETYPE","floor":33,"turns":16},{"damage":12,"enemies":"Orb Walker","floor":36,"turns":5},{"damage":0,"enemies":"downfall:FleeingMerchant","floor":37,"turns":4},{"damage":4,"enemies":"3 Shapes","floor":38,"turns":4},{"damage":15,"enemies":"Jaw Worm Horde","floor":39,"turns":4},{"damage":6,"enemies":"Giant Head","floor":40,"turns":8},{"damage":0,"enemies":"3 Darklings","floor":43,"turns":4},{"damage":33,"enemies":"Sphere and 2 Shapes","floor":44,"turns":6},{"damage":6,"enemies":"4 Shapes","floor":46,"turns":4},{"damage":35,"enemies":"Maw","floor":49,"turns":8},{"damage":260,"enemies":"IC_BLOCK_ARCHETYPE","floor":50,"turns":7}],"seed_played":"-3563241317770930265","potions_obtained":[{"floor":8,"key":"Block Potion"},{"floor":12,"key":"SkillPotion"},{"floor":15,"key":"PowerPotion"},{"floor":19,"key":"SkillPotion"},{"floor":22,"key":"SneckoOil"},{"floor":23,"key":"Block Potion"},{"floor":30,"key":"SteroidPotion"},{"floor":33,"key":"FairyPotion"},{"floor":38,"key":"AttackPotion"},{"floor":39,"key":"BlessingOfTheForge"},{"floor":40,"key":"Strength Potion"},{"floor":43,"key":"FearPotion"}],"is_trial":false,"path_per_floor":["R","M","?","$","M","E","T","E","R","T","R","E","T","$","M","B",null,"R","M","M","?","M","E","T","R","T","$","E","R","M","?","M","B",null,"R","M","$","M","M","E","T","R","M","M","T","M","?","?","M","B"],"character_chosen":"THE_SPIRIT","items_purchased":["hexamod:EmpoweredFlame","hexamod:SuperheatedStrike","hexamod:ShieldOfDarkness","Apotheosis+1","hexamod:StepThrough","expansioncontent:DashGenerateEvil"],"campfire_rested":0,"item_purchase_floors":[4,4,4,14,14,37],"current_hp_per_floor":[70,70,52,52,52,46,46,41,41,41,41,30,30,45,40,39,70,70,69,67,67,66,66,66,66,66,70,65,65,57,52,34,5,70,80,68,80,76,61,55,55,55,55,22,22,16,16,80,45,0,0,0],"gold":237,"neow_bonus":"THREE_ENEMY_KILL","is_daily":false,"chose_seed":false,"campfire_upgraded":7,"win_rate":0.0,"timestamp":1610821926,"path_taken":["R","M","?","$","?","E","T","E","R","?","R","E","?","$","M","BOSS","R","M","?","?","M","E","T","R","?","$","E","R","M","?","M","BOSS","R","M","?","M","M","E","T","R","M","?","?","M","?","?","M","BOSS"],"items_purchased_type":["Card","Card","Card","Card","Card","Card"],"build_version":"2020-12-22","purchased_purges":1,"victory":false,"max_hp_per_floor":[70,70,70,70,70,70,70,70,70,70,70,70,70,70,70,70,70,70,70,70,70,70,70,70,70,70,70,70,70,70,70,70,70,70,80,80,80,80,80,80,80,80,80,80,80,80,80,80,80,80,80,80],"card_choices":[{"not_picked":["hexamod:HeatCrush","hexamod:GhostShield"],"picked":"hexamod:ThermalTransfer","floor":2},{"not_picked":["hexamod:BurningTouch","hexamod:Hexaguard"],"picked":"hexamod:InspiringFlames","floor":4},{"not_picked":["hexamod:NightmareGuise","hexamod:SpectersWail"],"picked":"hexamod:Toasty","floor":5},{"not_picked":["hexamod:InspiringFlames+1","hexamod:HeatMetal"],"picked":"hexamod:GhostShield+1","floor":6},{"not_picked":["hexamod:Hexaguard+1","hexamod:EmpoweredFlame"],"picked":"hexamod:FastForward+1","floor":8},{"not_picked":["hexamod:NightmareStrike","hexamod:SpectersWail"],"picked":"hexamod:NecessarySacrifice+1","floor":12},{"not_picked":["hexamod:HeatMetal","hexamod:SuperheatedStrike"],"picked":"hexamod:SoulSteal+1","floor":14},{"not_picked":["hexamod:GhostLash","hexamod:SoulSteal+1"],"picked":"hexamod:FlamesFromBeyond+1","floor":15},{"not_picked":["hexamod:GhostOfSpirePresent","hexamod:TimeOfNeed+1"],"picked":"hexamod:FlameSwitch+1","floor":16},{"not_picked":["hexamod:BacktrackSmack+1","hexamod:SwordOfDarkness"],"picked":"hexamod:Again+1","floor":19},{"not_picked":["hexamod:SuperheatedStrike","hexamod:RadiantFlame"],"picked":"hexamod:AdvancingGuard+1","floor":20},{"not_picked":["hexamod:BacktrackSmack","hexamod:SwordOfDarkness"],"picked":"hexamod:InspiringFlames+1","floor":22},{"not_picked":["hexamod:GhostShield+1","hexamod:HeatMetal"],"picked":"hexamod:PhantomCloak","floor":23},{"not_picked":["hexamod:Hexaguard+1","hexamod:NecessarySacrifice+1"],"picked":"hexamod:GhostOfSpireFuture","floor":27},{"not_picked":["hexamod:SuperheatedStrike","hexamod:GhostOfSpirePresent"],"picked":"hexamod:ShieldOfDarkness+1","floor":28},{"not_picked":["hexamod:SpectersWail","hexamod:AdvancingGuard+1","hexamod:HeatMetal"],"picked":"SKIP","floor":30},{"not_picked":["hexamod:SpectersWail","hexamod:GhostLash"],"picked":"hexamod:AdvancingGuard+1","floor":32},{"not_picked":["hexamod:FlameSwitch+1","hexamod:ApocalypticArmor"],"picked":"hexamod:TimeWarp","floor":33},{"not_picked":["hexamod:ThermalTransfer+1","hexamod:PhantomCloak+1"],"picked":"hexamod:FastForward+1","floor":36},{"not_picked":["hexamod:ShieldOfDarkness+1","hexamod:SpectersWail"],"picked":"hexamod:SwordOfDarkness+1","floor":37},{"not_picked":["hexamod:GhostOfSpireFuture","hexamod:PhantomCloak"],"picked":"hexamod:NightmareGuise+1","floor":38},{"not_picked":["hexamod:Hexaguard+1","hexamod:SpectersWail+1"],"picked":"hexamod:RainOfEmbers+1","floor":39},{"not_picked":["hexamod:FirstSeal","hexamod:NightmareGuise+1"],"picked":"hexamod:Hexaguard+1","floor":40},{"not_picked":["hexamod:HeatCrush","hexamod:ShieldOfDarkness+1"],"picked":"hexamod:HauntingEcho+1","floor":43},{"not_picked":["hexamod:BacktrackSmack","hexamod:FastForward+1"],"picked":"hexamod:VolcanoVisage","floor":44},{"not_picked":["hexamod:ThirdSeal","hexamod:SecondSeal"],"picked":"hexamod:PhantomFireball+1","floor":46},{"not_picked":["expansioncontent:YouAreMine+1","expansioncontent:PolyBeam"],"picked":"expansioncontent:AwakenDeath","floor":47},{"not_picked":["hexamod:SpectersWail","hexamod:FourthSeal","hexamod:GhostLash"],"picked":"SKIP","floor":49}],"player_experience":829988,"relics_obtained":[{"floor":6,"key":"Toxic Egg 2"},{"floor":7,"key":"MealTicket"},{"floor":8,"key":"Potion Belt"},{"floor":10,"key":"Tiny Chest"},{"floor":12,"key":"hexamod:InflammatoryLetter"},{"floor":23,"key":"Orichalcum"},{"floor":24,"key":"TungstenRod"},{"floor":26,"key":"InkBottle"},{"floor":28,"key":"Smiling Mask"},{"floor":40,"key":"CeramicFish"},{"floor":41,"key":"Anchor"},{"floor":45,"key":"Pen Nib"}],"event_choices":[{"damage_healed":0,"gold_gain":215,"player_choice":"GO GO ","damage_taken":20,"relics_obtained":[],"max_hp_gain":0,"max_hp_loss":0,"event_name":"betterSkull:BetterSkull","floor":3,"gold_loss":0,"cards_upgraded":[]},{"damage_healed":0,"gold_gain":110,"player_choice":"GO ","damage_taken":8,"relics_obtained":[],"max_hp_gain":0,"max_hp_loss":0,"event_name":"betterSkull:BetterSkull","floor":31,"gold_loss":0,"cards_upgraded":[]}],"is_beta":false,"boss_relics":[{"not_picked":["Snecko Eye","Black Star"],"picked":"conspire:RoyalGoblet"},{"not_picked":["hubris:VirtuousBlindfold","hubris:RunicObelisk"],"picked":"conspire:RunicOctahedron"}],"items_purged_floors":[4],"is_endless":false,"potions_floor_spawned":[8,12,15,19,22,23,30,33,38,39,40,43],"killed_by":"IC_BLOCK_ARCHETYPE","ascension_level":1}}