{"host":"sav7uxregyirlf69","time":1610805322,"event":{"mods":["AchievementEnabler","BaseMod","Colored Map","DeckTracker","Keyboard Shortcuts","Minty Spire (QoL Compilation)","READ ME - Guardian Mod","StSLib","SuperFastMode"],"gold_per_floor":[115,190,204,129,129,129,157,157,157,185,195,214,214,53,53,53,53],"floor_reached":16,"language":"KOR","playtime":174,"items_purged":["Strike_G"],"score":266,"play_id":"16d16400-cb20-41e2-9e7d-e5bc50345b9b","local_time":"20210116225522","is_ascension_mode":true,"campfire_choices":[{"data":"Dash","floor":6,"key":"SMITH"},{"data":"Cloak And Dagger","floor":8,"key":"SMITH"},{"data":"Adrenaline","floor":13,"key":"SMITH"},{"data":"Blade Dance","floor":15,"key":"SMITH"}],"circlet_count":0,"master_deck":["AscendersBane","Strike_G","Strike_G","Strike_G","Strike_G","Defend_G","Defend_G","Defend_G","Defend_G","Defend_G","Survivor","Neutralize","Dash+1","Eviscerate","Cloak And Dagger+1","Adrenaline+1","Blade Dance+1"],"relics":["Ring of the Snake","NeowsBlessing","Du-Vu Doll","Letter Opener","Ornamental Fan","TheAbacus"],"acts_visited":["Exordium"],"potions_floor_usage":[10],"damage_taken":[{"damage":0,"enemies":"Small Slimes","floor":1,"turns":1},{"damage":0,"enemies":"Jaw Worm","floor":3,"turns":1},{"damage":0,"enemies":"3 Sentries","floor":7,"turns":2},{"damage":29,"enemies":"Lagavulin","floor":10,"turns":9},{"damage":0,"enemies":"2 Louse","floor":11,"turns":2},{"damage":0,"enemies":"Looter","floor":12,"turns":2},{"damage":20,"enemies":"Hexaghost","floor":16,"turns":9}],"seed_played":"-6232674569133187861","potions_obtained":[{"floor":1,"key":"Swift Potion"},{"floor":3,"key":"Swift Potion"}],"is_trial":false,"path_per_floor":["M","?","M","$","?","R","E","R","T","E","M","M","R","$","R","B"],"character_chosen":"THE_SILENT","items_purchased":["TheAbacus"],"campfire_rested":0,"item_purchase_floors":[14],"current_hp_per_floor":[59,48,48,48,48,48,48,48,48,19,19,19,19,19,19,0,0],"gold":53,"neow_bonus":"THREE_ENEMY_KILL","is_daily":false,"chose_seed":false,"campfire_upgraded":4,"win_rate":0.0,"timestamp":1610805322,"path_taken":["M","?","M","$","?","R","E","R","T","E","M","M","R","?","R","BOSS"],"items_purchased_type":["Relic"],"build_version":"2020-12-22","purchased_purges":1,"victory":false,"max_hp_per_floor":[66,66,66,66,66,66,66,66,66,66,66,66,66,66,66,66,66],"card_choices":[{"not_picked":["Flechettes","Outmaneuver"],"picked":"Dash","floor":1},{"not_picked":["Acrobatics","Cloak And Dagger"],"picked":"Eviscerate","floor":3},{"not_picked":["Heel Hook","Dodge and Roll"],"picked":"Cloak And Dagger","floor":7},{"not_picked":["Backflip","Bane"],"picked":"Adrenaline","floor":10},{"not_picked":["Dodge and Roll","Cloak And Dagger","Deflect"],"picked":"SKIP","floor":11},{"not_picked":["Outmaneuver","Skewer"],"picked":"Blade Dance","floor":12}],"player_experience":1292489,"relics_obtained":[{"floor":7,"key":"Du-Vu Doll"},{"floor":9,"key":"Letter Opener"},{"floor":10,"key":"Ornamental Fan"}],"event_choices":[{"damage_healed":0,"gold_gain":75,"player_choice":"Gather Gold","damage_taken":11,"max_hp_gain":0,"max_hp_loss":0,"event_name":"World of Goop","floor":2,"gold_loss":0},{"damage_healed":0,"gold_gain":0,"player_choice":"Ignored","damage_taken":0,"max_hp_gain":0,"max_hp_loss":0,"event_name":"Liars Game","floor":5,"gold_loss":0}],"is_beta":false,"boss_relics":[],"items_purged_floors":[4],"is_endless":false,"potions_floor_spawned":[1,3],"killed_by":"Hexaghost","ascension_level":20}}