{"host":"sav7uxregyirlf69","time":1610809713,"event":{"mods":["AchievementEnabler","BaseMod","Colored Map","DeckTracker","Keyboard Shortcuts","Minty Spire (QoL Compilation)","READ ME - Guardian Mod","StSLib","SuperFastMode"],"gold_per_floor":[118,43,43,62,21,21,49,67,67,84,100,127,141,160,160,234,234,251,301,321,337,252,252,252,252,252],"floor_reached":25,"language":"KOR","playtime":437,"items_purged":["Strike_B"],"score":520,"play_id":"a08b3d3f-30d7-410c-87e7-69149fe15edd","local_time":"20210117000833","is_ascension_mode":true,"campfire_choices":[{"data":"Zap","floor":6,"key":"SMITH"},{"data":"Defragment","floor":15,"key":"SMITH"},{"floor":24,"key":"REST"}],"circlet_count":0,"master_deck":["AscendersBane","Defend_B","Defend_B","Defend_B","Zap+1","Dualcast","Sweeping Beam","Hologram","Defragment+1","Loop","BootSequence","Echo Form","Turbo","Electrodynamics","Echo Form+1","Beam Cell+1","BootSequence+1","Hologram","Self Repair","Coolheaded"],"relics":["Cracked Core","NeowsBlessing","Dream Catcher","Singing Bowl","Lantern","Astrolabe","Boot"],"acts_visited":["Exordium","TheCity"],"potions_floor_usage":[12,13,16,23],"damage_taken":[{"damage":0,"enemies":"Cultist","floor":1,"turns":1},{"damage":0,"enemies":"Jaw Worm","floor":4,"turns":1},{"damage":0,"enemies":"3 Sentries","floor":7,"turns":1},{"damage":2,"enemies":"Small Slimes","floor":8,"turns":3},{"damage":8,"enemies":"Blue Slaver","floor":10,"turns":4},{"damage":1,"enemies":"Looter","floor":11,"turns":3},{"damage":5,"enemies":"Lagavulin","floor":12,"turns":6},{"damage":23,"enemies":"Exordium Thugs","floor":13,"turns":5},{"damage":14,"enemies":"Exordium Wildlife","floor":14,"turns":4},{"damage":24,"enemies":"The Guardian","floor":16,"turns":10},{"damage":0,"enemies":"3 Byrds","floor":18,"turns":2},{"damage":21,"enemies":"Spheric Guardian","floor":20,"turns":5},{"damage":2,"enemies":"3 Cultists","floor":21,"turns":3},{"damage":24,"enemies":"Book of Stabbing","floor":23,"turns":4},{"damage":37,"enemies":"Snecko","floor":25,"turns":4}],"seed_played":"4839587042616610545","potions_obtained":[{"floor":4,"key":"BlessingOfTheForge"},{"floor":8,"key":"FearPotion"},{"floor":12,"key":"Regen Potion"},{"floor":14,"key":"SpeedPotion"},{"floor":16,"key":"SmokeBomb"},{"floor":21,"key":"SpeedPotion"}],"is_trial":false,"path_per_floor":["M","$","?","M","$","R","E","M","T","M","M","E","M","M","R","B",null,"M","?","M","M","?","E","R","M"],"character_chosen":"DEFECT","items_purchased":["Defragment"],"campfire_rested":1,"item_purchase_floors":[5],"current_hp_per_floor":[64,64,64,64,64,64,64,62,62,54,53,48,41,29,29,5,58,60,60,39,37,37,13,36,0,0],"gold":252,"neow_bonus":"THREE_ENEMY_KILL","is_daily":false,"chose_seed":false,"campfire_upgraded":2,"win_rate":0.0,"timestamp":1610809713,"path_taken":["M","$","?","M","$","R","E","M","T","M","M","E","M","?","R","BOSS","M","?","M","M","?","E","R","M"],"items_purchased_type":["Card"],"build_version":"2020-12-22","purchased_purges":1,"victory":false,"max_hp_per_floor":[71,71,71,71,71,71,71,71,71,71,71,71,73,75,75,75,75,77,77,77,77,77,77,77,77,77],"card_choices":[{"not_picked":["Steam","Beam Cell"],"picked":"Sweeping Beam","floor":1},{"not_picked":["Streamline","Hologram","Sweeping Beam"],"picked":"SKIP","floor":4},{"not_picked":["Streamline","Sweeping Beam"],"picked":"Hologram","floor":4},{"not_picked":["Tempest","Sweeping Beam","Redo"],"picked":"SKIP","floor":7},{"not_picked":["Beam Cell","Hologram"],"picked":"Loop","floor":8},{"not_picked":["Tempest","Go for the Eyes"],"picked":"BootSequence","floor":10},{"not_picked":["Leap","Reinforced Body"],"picked":"Echo Form","floor":11},{"not_picked":["Chill","Fusion"],"picked":"Turbo","floor":12},{"not_picked":["Rebound","Streamline","Beam Cell"],"picked":"Singing Bowl","floor":13},{"not_picked":["Stack","Compile Driver","Barrage"],"picked":"Singing Bowl","floor":14},{"not_picked":["All For One","Rainbow"],"picked":"Electrodynamics","floor":16},{"not_picked":["Turbo","White Noise","Ball Lightning+1"],"picked":"Singing Bowl","floor":18},{"not_picked":["Steam","Gash"],"picked":"Hologram","floor":20},{"not_picked":["Scrape","Cold Snap"],"picked":"Self Repair","floor":21},{"not_picked":["Melter","White Noise"],"picked":"Coolheaded","floor":24}],"player_experience":1295623,"relics_obtained":[{"floor":7,"key":"Dream Catcher"},{"floor":9,"key":"Singing Bowl"},{"floor":12,"key":"Lantern"}],"event_choices":[{"cards_removed":["Strike_B"],"damage_healed":0,"gold_gain":0,"player_choice":"Purged","damage_taken":0,"max_hp_gain":0,"max_hp_loss":0,"event_name":"Purifier","floor":3,"gold_loss":0},{"damage_healed":0,"gold_gain":50,"player_choice":"Stole From Cult","damage_taken":0,"max_hp_gain":0,"max_hp_loss":0,"event_name":"Nest","floor":19,"gold_loss":0},{"damage_healed":0,"gold_gain":0,"player_choice":"Obtained Relic","damage_taken":0,"relics_obtained":["Boot"],"max_hp_gain":0,"max_hp_loss":0,"event_name":"Addict","floor":22,"gold_loss":85}],"is_beta":false,"boss_relics":[{"not_picked":["SlaversCollar","Black Star"],"picked":"Astrolabe"}],"items_purged_floors":[2],"is_endless":false,"potions_floor_spawned":[4,8,12,14,16,21,23],"killed_by":"Snecko","ascension_level":20}}