{"host":"50per11302020","time":1610837880,"event":{"mods":["AchievementEnabler","BaseMod","Colored Map","Minty Spire (QoL Compilation)","Relic Stats","StSLib"],"gold_per_floor":[13,30,30,205,218,218,256,256,282,307,43,57,57,88,88,214,214,234,250,264,283,283,283,283,283,308,230,246,278,33,33,33],"floor_reached":31,"language":"ENG","playtime":1509,"items_purged":["Doubt"],"score":398,"play_id":"ac8c8bee-9bc6-48c1-8ec1-1cb1e0fc8130","local_time":"20210116145800","is_ascension_mode":true,"campfire_choices":[{"data":"Static Discharge","floor":6.0,"key":"SMITH"},{"floor":8.0,"key":"REST"},{"data":"Static Discharge","floor":15.0,"key":"SMITH"},{"floor":23.0,"key":"REST"},{"data":"Storm","floor":25.0,"key":"SMITH"}],"circlet_count":0,"master_deck":["AscendersBane","Strike_B","Strike_B","Strike_B","Defend_B","Defend_B","Defend_B","Zap","Dualcast","Fusion","Static Discharge+1","Defragment","Static Discharge+1","Storm+1","Leap","Creative AI","Defragment","Heatsinks+1","Reinforced Body","Fusion+1","Echo Form","Chill","Amplify","Leap+1","Defragment","Stack"],"relics":["Cracked Core","Bloody Idol","Art of War","Pen Nib","Lee\u0027s Waffle","Regal Pillow","Velvet Choker","Ancient Tea Set","Oddly Smooth Stone","Bronze Scales"],"acts_visited":["Exordium","TheCity"],"potions_floor_usage":[29],"damage_taken":[{"damage":11.0,"enemies":"Small Slimes","floor":1.0,"turns":3.0},{"damage":10.0,"enemies":"2 Louse","floor":2.0,"turns":2.0},{"damage":4.0,"enemies":"Jaw Worm","floor":5.0,"turns":4.0},{"damage":30.0,"enemies":"Lagavulin","floor":7.0,"turns":7.0},{"damage":20.0,"enemies":"Large Slime","floor":10.0,"turns":5.0},{"damage":17.0,"enemies":"Exordium Wildlife","floor":12.0,"turns":2.0},{"damage":10.0,"enemies":"Gremlin Nob","floor":14.0,"turns":3.0},{"damage":30.0,"enemies":"Hexaghost","floor":16.0,"turns":7.0},{"damage":12.0,"enemies":"Chosen","floor":18.0,"turns":4.0},{"damage":17.0,"enemies":"2 Thieves","floor":19.0,"turns":3.0},{"damage":23.0,"enemies":"Shelled Parasite and Fungi","floor":20.0,"turns":3.0},{"damage":15.0,"enemies":"Snake Plant","floor":21.0,"turns":3.0},{"damage":26,"enemies":"Centurion and Healer","floor":28,"turns":3},{"damage":21,"enemies":"Slavers","floor":29,"turns":5},{"damage":36,"enemies":"Snecko","floor":31,"turns":3}],"seed_played":"425988975706708259","potions_obtained":[{"floor":7.0,"key":"FocusPotion"},{"floor":12.0,"key":"Regen Potion"},{"floor":14.0,"key":"Block Potion"},{"floor":16.0,"key":"SteroidPotion"},{"floor":28,"key":"Block Potion"},{"floor":29,"key":"LiquidBronze"}],"is_trial":false,"path_per_floor":["M","M","?","?","M","R","E","R","T","M","$","M","?","E","R","B",null,"M","M","M","M","?","R","?","R","T","$","M","E","$","M"],"character_chosen":"DEFECT","items_purchased":["Lee\u0027s Waffle","Static Discharge","Chill","Defragment","Stack","Bronze Scales"],"campfire_rested":2,"item_purchase_floors":[11,11,27,30,30,30],"current_hp_per_floor":[57,47,47,47,43,43,13,33,33,13,76,59,64,54,54,24,67,55,38,27,12,12,51,51,51,56,56,35,19,19,0,0],"gold":33,"neow_bonus":"REMOVE_TWO","is_daily":false,"chose_seed":false,"campfire_upgraded":3,"win_rate":0.0,"timestamp":1610837880,"path_taken":["M","M","?","?","M","R","E","R","T","M","$","M","?","E","R","BOSS","M","M","M","M","?","R","?","R","T","?","M","E","$","M"],"items_purchased_type":["Relic","Card","Card","Card","Card","Relic"],"build_version":"2020-12-18","purchased_purges":1,"victory":false,"max_hp_per_floor":[75,75,69,69,69,69,69,69,69,69,76,76,81,81,81,81,81,81,81,81,81,81,81,81,81,81,81,81,81,81,81,81],"relic_stats":{"Lee\u0027s Waffle":63,"Regal Pillow":15,"counters":[15,57],"Bloody Idol":15,"Bronze Scales":[3],"Pen Nib":[2],"Art of War":[19],"obtain_stats":[{"Lee\u0027s Waffle":11,"Regal Pillow":14,"Golden Idol":3,"Bloody Idol":22,"Bronze Scales":30,"Velvet Choker":17,"Oddly Smooth Stone":29,"Pen Nib":9,"Art of War":7,"Cracked Core":0,"Ancient Tea Set":26},{"Lee\u0027s Waffle":5,"Regal Pillow":7,"Golden Idol":2,"Bloody Idol":12,"Bronze Scales":14,"Velvet Choker":8,"Oddly Smooth Stone":14,"Pen Nib":4,"Art of War":4,"Cracked Core":0,"Ancient Tea Set":12},{"Lee\u0027s Waffle":21,"Regal Pillow":26,"Golden Idol":5,"Bloody Idol":46,"Bronze Scales":54,"Velvet Choker":33,"Oddly Smooth Stone":54,"Pen Nib":16,"Art of War":16,"Cracked Core":0,"Ancient Tea Set":46}]},"card_choices":[{"not_picked":["Steam","Hologram","Sweeping Beam"],"picked":"SKIP","floor":1.0},{"not_picked":["Aggregate","Hologram"],"picked":"Fusion","floor":2.0},{"not_picked":["Stack","Aggregate"],"picked":"Static Discharge","floor":5.0},{"not_picked":["Rip and Tear","Seek"],"picked":"Defragment","floor":7.0},{"not_picked":["Turbo","Auto Shields","Compile Driver"],"picked":"SKIP","floor":10.0},{"not_picked":["Rebound","Redo"],"picked":"Storm","floor":12.0},{"not_picked":["Recycle","Cold Snap"],"picked":"Leap","floor":14.0},{"not_picked":["Echo Form","Fission"],"picked":"Creative AI","floor":16.0},{"not_picked":["Loop","Gash"],"picked":"Defragment","floor":18.0},{"not_picked":["Tempest","Conserve Battery"],"picked":"Heatsinks+1","floor":19.0},{"not_picked":["Conserve Battery","Rebound+1"],"picked":"Reinforced Body","floor":20.0},{"not_picked":["Stack","Ball Lightning"],"picked":"Fusion+1","floor":21.0},{"not_picked":["Barrage+1","Hologram"],"picked":"Amplify","floor":28},{"not_picked":["Streamline","Cold Snap"],"picked":"Leap+1","floor":29}],"player_experience":229576,"relics_obtained":[{"floor":7.0,"key":"Art of War"},{"floor":9.0,"key":"Pen Nib"},{"floor":14.0,"key":"Regal Pillow"},{"floor":26.0,"key":"Ancient Tea Set"},{"floor":29,"key":"Oddly Smooth Stone"}],"event_choices":[{"damage_healed":0.0,"max_hp_gain":0.0,"max_hp_loss":6.0,"gold_gain":0.0,"event_name":"Golden Idol","player_choice":"Lose Max HP","floor":3.0,"gold_loss":0.0,"damage_taken":0.0,"relics_obtained":["Golden Idol"]},{"damage_healed":0.0,"max_hp_gain":0.0,"max_hp_loss":0.0,"gold_gain":175.0,"event_name":"Liars Game","player_choice":"AGREE","floor":4.0,"gold_loss":0.0,"damage_taken":0.0,"cards_obtained":["Doubt"]},{"damage_healed":0.0,"max_hp_gain":5.0,"max_hp_loss":0.0,"gold_gain":0.0,"event_name":"Big Fish","player_choice":"Donut","floor":13.0,"gold_loss":0.0,"damage_taken":0.0},{"damage_healed":0.0,"max_hp_gain":0.0,"max_hp_loss":0.0,"gold_gain":0.0,"event_name":"Forgotten Altar","player_choice":"Gave Idol","floor":22.0,"relics_lost":["Golden Idol"],"gold_loss":0.0,"damage_taken":0.0,"relics_obtained":["Bloody Idol"]},{"damage_healed":0.0,"max_hp_gain":0.0,"max_hp_loss":0.0,"gold_gain":0.0,"event_name":"The Library","player_choice":"Read","floor":24.0,"gold_loss":0.0,"damage_taken":0.0,"cards_obtained":["Echo Form"]}],"is_beta":true,"boss_relics":[{"not_picked":["Philosopher\u0027s Stone","Runic Dome"],"picked":"Velvet Choker"}],"items_purged_floors":[11],"is_endless":false,"potions_floor_spawned":[7,12,14,16,28,29],"killed_by":"Snecko","ascension_level":10}}