{"host":"4ek4eq5z32z3zgvw","time":1610832398,"event":{"mods":["2.2 Compatiblity","AchievementEnabler","Act Like it!","AlwaysNeverKeys","Ascension Reborn","Aspiration","BaseMod","Better Altar","Better Match","Better Note","Better Sensory Stone","Better Skull","Better Third Choice","BetterRewards","Block Reminder","Challenge The Spire","Colored Map","Colored Powertips","Curses Come First","Dark Map","DeckTracker","Defuse TimeMaze Blight","Energized Spire","Evolution","Gensokyo","GifTheSpireLib","Halation","Hallownest","Hubris","Infinite Spire","Minty Spire (QoL Compilation)","Permanent Neow","Quick Restart","RRrroohrrRGHHhhh!!","Rare Cards Sparkle","RatMod","Relic Filter","Relic Sorter","Relic Stats","Replay The Spire","Reworked Bosses","Shop Mod","Spicy Shops","Spikes Relics","StSLib","Stuff the Spire","SuperFastMode","The Blue Laboratory","Uncapped","Unceasing Turn Reminder","Unknown Chances","UnlockEverythingMod","Waifu the Spire","egg","vexMod","????"],"gold_per_floor":[110,9,9,25,275,5,31,43,43,43,43,43,1,1,1,84,84,98,110,110,110,120,120,129,129,129,154,154,154,176,176,176,259,259,275,275,275,283,283,307,307,321,363,363,363,385,53,53,53,48,48,48],"floor_reached":53,"language":"ENG","playtime":2698,"items_purged":["Strike_R+1","Defend_R+1"],"score":1347,"play_id":"99670ac0-1c5e-4bc3-bade-4cb261f39caf","local_time":"20210116152638","is_ascension_mode":true,"campfire_choices":[{"floor":15.0,"key":"REST"},{"floor":25.0,"key":"DIG"},{"data":"Eclipse","floor":29.0,"key":"SMITH"},{"data":"StuffTheSpire:Innocence","floor":32.0,"key":"SMITH"},{"data":"Shame","floor":32.0,"key":"PURGE"},{"data":"Pride","floor":41,"key":"PURGE"},{"data":"ReplayUltimateDefense","floor":51,"key":"SMITH"},{"data":"StuffTheSpire:Perfection","floor":51,"key":"SMITH"}],"circlet_count":0,"master_deck":["Strike_R+1","Defend_R+1","Bash+1","AscMod:ascendersbane","Flame Barrier+1","Metallicize","Sword Boomerang+1","StuffTheSpire:Incineration+1","StuffTheSpire:Resist+1","True Grit+1","Eclipse+1","Reaper+1","StuffTheSpire:CelestialWarden+1","Gensokyo:CrescentMoonSlash+1","Battle Trance+1","Fiend Fire+1","StuffTheSpire:Slingshot+1","rat:Sprint","StuffTheSpire:Shiver+1","Predator+1","Pot Of Greed+1","Pot Of Greed+1","StuffTheSpire:Innocence+1","hubris:Disease","Voices","Pot Of Greed+1","StuffTheSpire:Harmony+1","StuffTheSpire:Brawn+1","Offering+1","Gensokyo:PrivateSquare","Juggernaut","Gensokyo:SevenSchoolMysteries","ReplayUltimateDefense+1","hubris:Compulsion","vexMod:UltimateCard","Regret","Sickly","Pot Of Greed","StuffTheSpire:Harmony","StuffTheSpire:CelestialWarden","StuffTheSpire:CelestialWarden","StuffTheSpire:Vigor"],"relics":["Burning Blood","hubris:Icosahedron","aspiration:DSix","EVO:Axolotl","halation:PenCase","SnailShell","aspiration:HatOfInfinitePower","StuffTheSpire:Saxophone","aspiration:TomeofQuesting","Replay:Multitool","Membership Card","StuffTheSpire:Experiment12","halation:TwoAmDonut","Strawberry","Smiling Mask","Ancient Tea Set","Pantograph","Pocketwatch","Grinning Jar","vexMod:HeadHunter","Replay:Baseball","Sundial","vexMod:Spyglass"],"acts_visited":["Gensokyo:Gensokyo","Gensokyo:Gensokyoer","Gensokyo:Gensokyoest"],"potions_floor_usage":[40],"damage_taken":[{"damage":0.0,"enemies":"Gensokyo:Gryphon","floor":1.0,"turns":2.0},{"damage":0.0,"enemies":"Gensokyo:3_Fairies","floor":4.0,"turns":5.0},{"damage":0.0,"enemies":"Gensokyo:2_Kodama","floor":5.0,"turns":2.0},{"damage":0.0,"enemies":"Gensokyo:Mamizou","floor":7.0,"turns":7.0},{"damage":0.0,"enemies":"Gensokyo:VengefulSpirit","floor":8.0,"turns":2.0},{"damage":0.0,"enemies":"Gensokyo:Reimu","floor":16.0,"turns":5.0},{"damage":0.0,"enemies":"Gensokyo:AngelMirror","floor":18.0,"turns":2.0},{"damage":0.0,"enemies":"Gensokyo:Chomper","floor":19.0,"turns":3.0},{"damage":0.0,"enemies":"Gensokyo:Mirror_and_Dog","floor":22.0,"turns":4.0},{"damage":0.0,"enemies":"Gensokyo:Slime_Group","floor":24.0,"turns":3.0},{"damage":0.0,"enemies":"Gensokyo:Reisen","floor":27.0,"turns":4.0},{"damage":0.0,"enemies":"Gensokyo:Koishi","floor":30.0,"turns":4.0},{"damage":68.0,"enemies":"Gensokyo:Eternal_Rivals","floor":33.0,"turns":10.0},{"damage":6.0,"enemies":"Gensokyo:AncientGuardian","floor":35.0,"turns":3.0},{"damage":6.0,"enemies":"Gensokyo:3_Boulders","floor":38.0,"turns":5.0},{"damage":23,"enemies":"Gensokyo:Marisa","floor":40,"turns":4},{"damage":0,"enemies":"Gensokyo:4_Bats","floor":42,"turns":4},{"damage":0,"enemies":"Gensokyo:Kasen","floor":46,"turns":6},{"damage":0,"enemies":"Gensokyo:Shinki","floor":52,"turns":7}],"seed_played":"-6960445982140194731","potions_obtained":[{"floor":1.0,"key":"BloodPotion"},{"floor":4.0,"key":"EssenceOfSteel"},{"floor":19.0,"key":"FearPotion"},{"floor":22.0,"key":"Block Potion"},{"floor":30.0,"key":"Weak Potion"},{"floor":38.0,"key":"blueLaboratory:BubblePotion"},{"floor":42,"key":"SteroidPotion"}],"is_trial":false,"path_per_floor":["M","COS","?","M","M","R","E","M","T","?","?","?","$","?","R","B",null,"M","M","?","?","M","R","M","R","T","E","?","R","E","?","R","B",null,"M","?","?","M","?","E","R","M","T","?","R","E","COS","PTL","PTL","$","R","B",null],"character_chosen":"IRONCLAD","items_purchased":["Tiny Chest","Flame Barrier","SnailShell","Metallicize","StuffTheSpire:Saxophone","aspiration:TomeofQuesting","Sword Boomerang","Membership Card","Battle Trance","ReplayUltimateDefense"],"campfire_rested":1,"item_purchase_floors":[0,0,0,0,0,0,0,6,13,50],"current_hp_per_floor":[80,80,80,80,80,80,80,80,80,80,64,56,56,25,51,87,87,87,87,87,25,48,74,80,80,80,86,86,87,87,87,87,25,87,87,87,87,87,87,75,75,87,87,26,52,85,85,85,85,85,85,87],"gold":48,"neow_bonus":"","is_daily":false,"chose_seed":false,"campfire_upgraded":4,"win_rate":0.0,"timestamp":1610832398,"path_taken":["M","COS","?","M","M","R","E","?","T","?","?","?","?","?","R","BOSS","M","?","?","?","?","R","M","R","T","E","?","R","E","?","R","BOSS","M","?","?","M","?","E","R","M","T","?","R","E","COS","PTL","PTL","?","R","BOSS"],"items_purchased_type":["Relic","Card","Relic","Card","Relic","Relic","Card","Relic","Card","Card"],"build_version":"2020-12-22","purchased_purges":2,"victory":true,"max_hp_per_floor":[80,80,80,80,80,80,80,80,80,80,80,87,87,87,87,87,87,87,87,87,87,87,87,87,87,87,87,87,87,87,87,87,87,87,87,87,87,87,87,87,87,87,87,87,87,87,87,87,87,87,87,87],"relic_stats":{"counters":[21,88],"Sundial":[0],"Pantograph":2,"Smiling Mask":0,"obtain_stats":[{"SnailShell":0,"aspiration:TomeofQuesting":0,"Replay:Multitool":0,"EVO:Axolotl":0,"Smiling Mask":21,"Ancient Tea Set":25,"vexMod:Spyglass":47,"Burning Blood":10,"StuffTheSpire:OccultApparatus":3,"StuffTheSpire:Experiment12":7,"Frozen Eye":30,"hubris:Icosahedron":37,"Sundial":46,"Strawberry":12,"Pantograph":26,"Tiny Chest":0,"aspiration:DSix":9,"Ring of the Snake":0,"StuffTheSpire:Saxophone":0,"hubris:Towel":2,"Replay:Baseball":43,"vexMod:HeadHunter":40,"halation:PenCase":0,"Membership Card":6,"halation:TwoAmDonut":9,"Grinning Jar":30,"aspiration:HatOfInfinitePower":0,"Pocketwatch":27},{"SnailShell":2,"aspiration:TomeofQuesting":2,"Replay:Multitool":2,"EVO:Axolotl":0,"Smiling Mask":10,"Ancient Tea Set":12,"vexMod:Spyglass":20,"Burning Blood":7,"StuffTheSpire:OccultApparatus":1,"StuffTheSpire:Experiment12":6,"Frozen Eye":13,"hubris:Icosahedron":16,"Sundial":20,"Strawberry":7,"Pantograph":12,"Tiny Chest":2,"aspiration:DSix":7,"Ring of the Snake":0,"StuffTheSpire:Saxophone":2,"hubris:Towel":1,"Replay:Baseball":19,"vexMod:HeadHunter":18,"halation:PenCase":2,"Membership Card":5,"halation:TwoAmDonut":7,"Grinning Jar":14,"aspiration:HatOfInfinitePower":2,"Pocketwatch":13},{"SnailShell":6,"aspiration:TomeofQuesting":6,"Replay:Multitool":6,"EVO:Axolotl":0,"Smiling Mask":34,"Ancient Tea Set":41,"vexMod:Spyglass":81,"Burning Blood":24,"StuffTheSpire:OccultApparatus":5,"StuffTheSpire:Experiment12":22,"Frozen Eye":45,"hubris:Icosahedron":62,"Sundial":81,"Strawberry":24,"Pantograph":41,"Tiny Chest":6,"aspiration:DSix":24,"Ring of the Snake":0,"StuffTheSpire:Saxophone":6,"hubris:Towel":5,"Replay:Baseball":75,"vexMod:HeadHunter":71,"halation:PenCase":6,"Membership Card":15,"halation:TwoAmDonut":24,"Grinning Jar":49,"aspiration:HatOfInfinitePower":6,"Pocketwatch":45}],"Burning Blood":44,"Pocketwatch":[21]},"card_choices":[{"not_picked":["Havoc","ReplayTheSpireMod:Strike From Hell","Anger"],"picked":"SKIP","floor":1.0},{"not_picked":["BarbarianYell","Clash"],"picked":"StuffTheSpire:Incineration","floor":4.0},{"not_picked":["Wild Strike+1","Rage+1"],"picked":"StuffTheSpire:Resist+1","floor":4.0},{"not_picked":["Havoc","Replay:Many Hands"],"picked":"True Grit","floor":5.0},{"not_picked":["Brutality","rat:Execute"],"picked":"Eclipse","floor":7.0},{"not_picked":["Anger","Iron Wave"],"picked":"Reaper","floor":7.0},{"not_picked":["Entrench","Twin Strike","Cleave"],"picked":"SKIP","floor":8.0},{"not_picked":["StuffTheSpire:Ambrosia","StuffTheSpire:BrainWave"],"picked":"StuffTheSpire:CelestialWarden","floor":10.0},{"not_picked":["Berserk","Barricade"],"picked":"Fiend Fire","floor":16.0},{"not_picked":["Shrug It Off+1","Perfected Strike","Pommel Strike+1"],"picked":"SKIP","floor":18.0},{"not_picked":["True Grit","Flame Barrier"],"picked":"StuffTheSpire:Slingshot","floor":19.0},{"not_picked":["Clash","Invigoration","StuffTheSpire:Slingshot+1"],"picked":"SKIP","floor":22.0},{"not_picked":["Headbutt","ReplayTheSpireMod:Stacked","Burning Pact"],"picked":"SKIP","floor":24.0},{"not_picked":["Shrug It Off","Cleave","Iron Wave+1"],"picked":"SKIP","floor":27.0},{"not_picked":["Pommel Strike","StuffTheSpire:RockThrow","Twin Strike"],"picked":"SKIP","floor":30.0},{"not_picked":["Exhume","rat:Execute"],"picked":"Offering","floor":33.0},{"not_picked":["Clash+1","Flame Barrier","Blood for Blood+1"],"picked":"SKIP","floor":35.0},{"not_picked":["Flex+1","Heavy Blade+1","Armaments"],"picked":"SKIP","floor":38.0},{"not_picked":["Uppercut","rorgmod:Searing Blow+1","BarbarianYell"],"picked":"SKIP","floor":40},{"not_picked":["Bloodletting+1","Thunderclap","Shrug It Off"],"picked":"SKIP","floor":42},{"not_picked":["Reaper","Fiend Fire"],"picked":"Juggernaut","floor":46},{"not_picked":["Evolve+1","hubris:SharpeningStone+1","Wild Strike"],"picked":"SKIP","floor":46}],"player_experience":623566,"relics_obtained":[{"floor":7.0,"key":"StuffTheSpire:Experiment12"},{"floor":9.0,"key":"aspiration:DSix"},{"floor":9.0,"key":"halation:TwoAmDonut"},{"floor":25.0,"key":"Ancient Tea Set"},{"floor":26.0,"key":"Pantograph"},{"floor":27.0,"key":"Pocketwatch"},{"floor":30.0,"key":"Grinning Jar"},{"floor":40,"key":"vexMod:HeadHunter"},{"floor":43,"key":"Replay:Baseball"},{"floor":46,"key":"Sundial"}],"event_choices":[{"damage_healed":2.0,"max_hp_gain":0.0,"max_hp_loss":0.0,"gold_gain":0.0,"event_name":"betterSkull:BetterSkull","player_choice":"LEAVE ","floor":3.0,"gold_loss":0.0,"damage_taken":0.0,"cards_upgraded":[],"relics_obtained":[]},{"damage_healed":0.0,"max_hp_gain":0.0,"max_hp_loss":0.0,"gold_gain":0.0,"event_name":"betterSkull:BetterSkull","player_choice":"UP UP ","floor":14.0,"gold_loss":0.0,"damage_taken":35.0,"cards_upgraded":["Gensokyo:CrescentMoonSlash","StuffTheSpire:Incineration"],"relics_obtained":[]},{"damage_healed":0.0,"max_hp_gain":0.0,"max_hp_loss":0.0,"gold_gain":0.0,"event_name":"betterSkull:BetterSkull","player_choice":"RE UP UP UP ","floor":21.0,"gold_loss":0.0,"damage_taken":70.0,"cards_upgraded":["Reaper","StuffTheSpire:Slingshot","Fiend Fire"],"relics_obtained":["Smiling Mask"]},{"damage_healed":0,"gold_gain":0,"player_choice":"UP UP UP UP ","damage_taken":69,"relics_obtained":[],"max_hp_gain":0,"max_hp_loss":0,"event_name":"betterSkull:BetterSkull","floor":44,"gold_loss":0,"cards_upgraded":["Pot Of Greed","StuffTheSpire:Brawn","Flame Barrier","Pot Of Greed"]}],"is_beta":false,"boss_relics":[{"not_picked":["MetallicRebirth"],"picked":"Accursed"},{"not_picked":["TwistingMind"],"picked":"Accursed"}],"items_purged_floors":[6,6],"is_endless":false,"potions_floor_spawned":[4,5,19,22,30,38,42],"ascension_level":0}}