{"host":"by3dnjj711vo194a","time":1610819868,"event":{"mods":["2.2 Compatiblity","AchievementEnabler","BaseMod","Colored Map","DeckTracker","KOR Keyword Fix","Keyboard Shortcuts","Minty Spire (QoL Compilation)","Permanent Neow","Quick Restart","StSLib","SuperFastMode","everything is the same but u backflip on backflip"],"gold_per_floor":[110,35,49,63,163,163,192,192,238,250,273,284,319,344,344,448,448,519,11,82,82,152,210,210,295,295,295,306,321,349,361,373,512,524,610,474,516,247,247,304,304,304,304,377,377,394,413,448,448,448],"floor_reached":51,"language":"KOR","playtime":1483,"items_purged":["Defend_P","Strike_P","Strike_P"],"score":1616,"play_id":"f97f2cc9-7af1-40ca-8212-c9c5e05fe647","local_time":"20210117025748","is_ascension_mode":true,"campfire_choices":[{"data":"Eruption","floor":6.0,"key":"SMITH"},{"data":"CutThroughFate","floor":8.0,"key":"SMITH"},{"data":"Wish","floor":15.0,"key":"SMITH"},{"data":"Adaptation","floor":24.0,"key":"SMITH"},{"floor":32.0,"key":"REST"},{"data":"MentalFortress","floor":41.0,"key":"SMITH"},{"floor":49.0,"key":"REST"}],"circlet_count":0,"master_deck":["AscendersBane","Strike_P","Strike_P","Defend_P","Defend_P","Eruption+1","Vigilance","CutThroughFate+1","FollowUp+1","Wish+1","Prostrate","Wish+1","DeusExMachina","Adaptation","SandsOfTime+1","Adaptation+1","LessonLearned","MentalFortress+1","InnerPeace+1","MentalFortress","TalkToTheHand"],"relics":["PureWater","Anchor","Tiny Chest","Juzu Bracelet","Odd Mushroom","White Beast Statue","Runic Pyramid","TheAbacus","FossilizedHelix","Bottled Tornado","Dream Catcher","Darkstone Periapt","MawBank","Sundial","Charon\u0027s Ashes","Omamori","Calling Bell","PreservedInsect","Yang","Mango","Medical Kit","Bag of Marbles","Ginger","Eternal Feather","Nunchaku"],"acts_visited":["Exordium","TheCity","TheBeyond"],"potions_floor_usage":[50,50,50],"damage_taken":[{"damage":0.0,"enemies":"Cultist","floor":1.0,"turns":2.0},{"damage":14.0,"enemies":"Small Slimes","floor":3.0,"turns":3.0},{"damage":3.0,"enemies":"2 Louse","floor":4.0,"turns":3.0},{"damage":24.0,"enemies":"Gremlin Nob","floor":7.0,"turns":3.0},{"damage":8.0,"enemies":"Gremlin Gang","floor":10.0,"turns":3.0},{"damage":0.0,"enemies":"The Mushroom Lair","floor":11.0,"turns":2.0},{"damage":0.0,"enemies":"Looter","floor":12.0,"turns":1.0},{"damage":10.0,"enemies":"Lots of Slimes","floor":13.0,"turns":3.0},{"damage":0.0,"enemies":"3 Sentries","floor":14.0,"turns":1.0},{"damage":0.0,"enemies":"Hexaghost","floor":16.0,"turns":1.0},{"damage":24.0,"enemies":"Shell Parasite","floor":18.0,"turns":4.0},{"damage":10.0,"enemies":"Chosen","floor":20.0,"turns":5.0},{"damage":0.0,"enemies":"Snake Plant","floor":22.0,"turns":3.0},{"damage":0.0,"enemies":"Slavers","floor":23.0,"turns":2.0},{"damage":0.0,"enemies":"Gremlin Leader","floor":25.0,"turns":3.0},{"damage":14.0,"enemies":"3 Cultists","floor":28.0,"turns":5.0},{"damage":0.0,"enemies":"Centurion and Healer","floor":29.0,"turns":2.0},{"damage":0.0,"enemies":"Book of Stabbing","floor":30.0,"turns":1.0},{"damage":0.0,"enemies":"Champ","floor":33.0,"turns":3.0},{"damage":12.0,"enemies":"Orb Walker","floor":35.0,"turns":4.0},{"damage":8.0,"enemies":"3 Shapes","floor":37.0,"turns":4.0},{"damage":48.0,"enemies":"Reptomancer","floor":40.0,"turns":4.0},{"damage":0.0,"enemies":"Maw","floor":44.0,"turns":6.0},{"damage":5.0,"enemies":"Writhing Mass","floor":46.0,"turns":3.0},{"damage":0.0,"enemies":"Jaw Worm Horde","floor":47.0,"turns":1.0},{"damage":0.0,"enemies":"Nemesis","floor":48.0,"turns":1.0},{"damage":46,"enemies":"Awakened One","floor":50,"turns":6}],"seed_played":"-405997037848603761","potions_obtained":[{"floor":1.0,"key":"Regen Potion"},{"floor":3.0,"key":"Weak Potion"},{"floor":7.0,"key":"Block Potion"},{"floor":13.0,"key":"Strength Potion"},{"floor":16.0,"key":"Block Potion"},{"floor":18.0,"key":"Weak Potion"},{"floor":20.0,"key":"Weak Potion"},{"floor":22.0,"key":"SteroidPotion"},{"floor":23.0,"key":"Block Potion"},{"floor":25.0,"key":"ColorlessPotion"},{"floor":28.0,"key":"LiquidMemories"},{"floor":29.0,"key":"ColorlessPotion"},{"floor":30.0,"key":"SteroidPotion"},{"floor":33.0,"key":"Ancient Potion"},{"floor":37.0,"key":"BlessingOfTheForge"},{"floor":40.0,"key":"GamblersBrew"},{"floor":44.0,"key":"Explosive Potion"},{"floor":46.0,"key":"Fruit Juice"},{"floor":47.0,"key":"Strength Potion"}],"is_trial":false,"path_per_floor":["M","$","M","M","?","R","E","R","T","M","?","M","M","E","R","B",null,"M","$","M","?","M","E","R","E","T","?","M","M","E","T","R","B",null,"M","$","M","$","?","E","R","?","T","M","T","M","M","E","R","B",null],"character_chosen":"WATCHER","items_purchased":["Adaptation","TheAbacus","FossilizedHelix","Energy Potion","Medical Kit"],"campfire_rested":2,"item_purchase_floors":[19,19,19,36,38],"current_hp_per_floor":[65,65,51,48,48,48,29,29,29,21,21,21,11,11,11,11,57,33,33,23,23,23,23,23,23,23,23,9,9,9,9,30,30,76,64,64,56,56,56,8,8,30,30,30,30,25,25,25,62,21],"gold":448,"neow_bonus":"RANDOM_COMMON_RELIC","is_daily":false,"chose_seed":false,"campfire_upgraded":5,"win_rate":0.0,"timestamp":1610819868,"path_taken":["M","$","?","M","?","R","E","R","T","M","?","M","M","E","R","BOSS","M","$","M","?","M","E","R","E","T","?","M","M","E","?","R","BOSS","M","$","M","?","?","E","R","?","T","M","?","M","M","E","R","BOSS"],"items_purchased_type":["Card","Relic","Relic","Potion","Relic"],"build_version":"2020-12-22","purchased_purges":3,"victory":true,"max_hp_per_floor":[72,72,72,72,72,72,72,72,72,72,72,72,72,72,72,72,72,72,72,72,72,72,72,72,72,72,72,72,72,72,72,72,72,86,86,86,86,86,86,86,86,86,86,86,86,86,86,86,86,91],"card_choices":[{"not_picked":["EmptyMind","SashWhip","EmptyFist"],"picked":"SKIP","floor":1.0},{"not_picked":["EmptyBody","EmptyFist"],"picked":"CutThroughFate","floor":3.0},{"not_picked":["Consecrate","FlyingSleeves","CrushJoints"],"picked":"SKIP","floor":4.0},{"not_picked":["ClearTheMind","ForeignInfluence","DevaForm"],"picked":"SKIP","floor":7.0},{"not_picked":["FlurryOfBlows","Crescendo"],"picked":"FollowUp","floor":10.0},{"not_picked":["JustLucky","Consecrate"],"picked":"Wish","floor":11.0},{"not_picked":["BowlingBash","FlyingSleeves"],"picked":"Prostrate","floor":12.0},{"not_picked":["JustLucky","Sanctity","Prostrate"],"picked":"SKIP","floor":13.0},{"not_picked":["Consecrate","Protect"],"picked":"Wish","floor":14.0},{"not_picked":["Judgement","Establishment"],"picked":"DeusExMachina","floor":16.0},{"not_picked":["Protect","DeceiveReality+1","Evaluate"],"picked":"SKIP","floor":18.0},{"not_picked":["FollowUp","EmptyBody"],"picked":"SandsOfTime+1","floor":20.0},{"not_picked":["WindmillStrike","Indignation+1","FlyingSleeves"],"picked":"SKIP","floor":22.0},{"not_picked":["ThirdEye+1","Study","Evaluate+1"],"picked":"SKIP","floor":23.0},{"not_picked":["Perseverance","SignatureMove+1","ClearTheMind+1"],"picked":"SKIP","floor":25.0},{"not_picked":["Weave+1","BattleHymn","EmptyBody"],"picked":"SKIP","floor":28.0},{"not_picked":["Prostrate","EmptyMind+1","Consecrate"],"picked":"SKIP","floor":29.0},{"not_picked":["ClearTheMind","PathToVictory","FlurryOfBlows"],"picked":"SKIP","floor":30.0},{"not_picked":["EmptyBody","CrushJoints"],"picked":"LessonLearned","floor":32.0},{"not_picked":["FlyingSleeves","DeceiveReality"],"picked":"MentalFortress","floor":35.0},{"not_picked":["Worship","JustLucky+1","Indignation"],"picked":"SKIP","floor":37.0},{"not_picked":["SashWhip","BowlingBash","FlyingSleeves"],"picked":"SKIP","floor":40.0},{"not_picked":["InnerPeace","FlurryOfBlows+1","Tantrum"],"picked":"SKIP","floor":44.0},{"not_picked":["FlurryOfBlows+1","Tantrum"],"picked":"InnerPeace","floor":44.0},{"not_picked":["Evaluate+1","ThirdEye"],"picked":"MentalFortress","floor":46.0},{"not_picked":["Consecrate+1","PathToVictory","Conclude+1"],"picked":"SKIP","floor":47.0},{"not_picked":["CrushJoints","Wallop"],"picked":"TalkToTheHand","floor":48.0}],"player_experience":175174,"relics_obtained":[{"floor":7.0,"key":"Tiny Chest"},{"floor":9.0,"key":"Juzu Bracelet"},{"floor":11.0,"key":"Odd Mushroom"},{"floor":14.0,"key":"White Beast Statue"},{"floor":23.0,"key":"Bottled Tornado"},{"floor":25.0,"key":"Dream Catcher"},{"floor":26.0,"key":"Darkstone Periapt"},{"floor":30.0,"key":"MawBank"},{"floor":31.0,"key":"Sundial"},{"floor":34.0,"key":"PreservedInsect"},{"floor":34.0,"key":"Yang"},{"floor":34.0,"key":"Mango"},{"floor":40.0,"key":"Bag of Marbles"},{"floor":43.0,"key":"Ginger"},{"floor":45.0,"key":"Eternal Feather"},{"floor":48.0,"key":"Nunchaku"}],"event_choices":[{"damage_healed":0.0,"max_hp_gain":0.0,"max_hp_loss":0.0,"gold_gain":100.0,"event_name":"Golden Shrine","player_choice":"Pray","floor":5.0,"gold_loss":0.0,"damage_taken":0.0},{"damage_healed":0.0,"max_hp_gain":0.0,"max_hp_loss":0.0,"gold_gain":0.0,"event_name":"Mushrooms","player_choice":"Fought Mushrooms","floor":11.0,"gold_loss":0.0,"damage_taken":0.0},{"damage_healed":0.0,"max_hp_gain":0.0,"max_hp_loss":0.0,"gold_gain":0.0,"event_name":"Duplicator","player_choice":"Copied","floor":21.0,"gold_loss":0.0,"damage_taken":0.0,"cards_obtained":["Adaptation"]},{"damage_healed":0.0,"max_hp_gain":0.0,"max_hp_loss":0.0,"gold_gain":0.0,"event_name":"Ghosts","player_choice":"Ignored","floor":27.0,"gold_loss":0.0,"damage_taken":0.0},{"cards_removed":["Defend_P"],"damage_healed":0.0,"max_hp_gain":0.0,"max_hp_loss":0.0,"gold_gain":0.0,"event_name":"Falling","player_choice":"Removed Skill","floor":39.0,"gold_loss":0.0,"damage_taken":0.0},{"damage_healed":22.0,"max_hp_gain":0.0,"max_hp_loss":0.0,"gold_gain":0.0,"event_name":"Winding Halls","player_choice":"Writhe","floor":42.0,"gold_loss":0.0,"damage_taken":0.0,"cards_obtained":["Writhe"]}],"is_beta":false,"boss_relics":[{"not_picked":["Black Star","Runic Dome"],"picked":"Runic Pyramid"},{"not_picked":["Cursed Key","Pandora\u0027s Box"],"picked":"Calling Bell"}],"items_purged_floors":[2,36,38],"is_endless":false,"potions_floor_spawned":[1,3,7,13,16,18,20,22,23,25,28,29,30,33,35,37,40,44,46,47,48],"ascension_level":10}}