{"host":"mai03x2ekbjy4059","time":1610755252,"event":{"mods":["2.2 Compatiblity","BaseMod","DeckTracker","Highlight Path","Keyboard Shortcuts","Minty Spire (QoL Compilation)","Permanent Neow","Quick Restart","SuperFastMode","everything is the same but u backflip on backflip"],"gold_per_floor":[109,73,87,98,98,132,132,164,215,215,215],"floor_reached":10,"language":"KOR","playtime":346,"items_purged":[],"score":80,"play_id":"d7b2c7b8-69e4-4e9b-b6cf-2266085cac3c","local_time":"20210116090052","is_ascension_mode":true,"campfire_choices":[],"circlet_count":0,"master_deck":["Strike_G","Strike_G","Strike_G","Strike_G","Strike_G","Defend_G","Defend_G","Defend_G","Defend_G","Survivor","Neutralize","After Image","Blade Dance","Footwork","Backflip"],"relics":["Ring of the Snake","Letter Opener","Dream Catcher","Pen Nib"],"acts_visited":["Exordium"],"potions_floor_usage":[8],"damage_taken":[{"damage":2.0,"enemies":"2 Louse","floor":1.0,"turns":3.0},{"damage":8.0,"enemies":"Small Slimes","floor":3.0,"turns":4.0},{"damage":0.0,"enemies":"Jaw Worm","floor":4.0,"turns":4.0},{"damage":48,"enemies":"Gremlin Nob","floor":6,"turns":7},{"damage":16,"enemies":"Lagavulin","floor":8,"turns":9},{"damage":12,"enemies":"Gremlin Nob","floor":10,"turns":2}],"seed_played":"-2330436556690527965","potions_obtained":[{"floor":4.0,"key":"EssenceOfSteel"}],"is_trial":false,"path_per_floor":["M","$","M","M","?","E","?","E","T","E"],"character_chosen":"THE_SILENT","items_purchased":["Footwork"],"campfire_rested":0,"item_purchase_floors":[2],"current_hp_per_floor":[68,68,60,60,53,5,28,12,12,0,0],"gold":215,"neow_bonus":"ONE_RANDOM_RARE_CARD","is_daily":false,"chose_seed":false,"campfire_upgraded":0,"win_rate":0.0,"timestamp":1610755252,"path_taken":["M","$","M","M","?","E","?","E","T","E"],"items_purchased_type":["Card"],"build_version":"2020-12-22","purchased_purges":0,"victory":false,"max_hp_per_floor":[70,70,70,70,70,70,70,70,70,70,70],"card_choices":[{"not_picked":["Underhanded Strike","Backflip"],"picked":"Blade Dance","floor":1.0},{"not_picked":["Sucker Punch","Underhanded Strike","PiercingWail"],"picked":"SKIP","floor":3.0},{"not_picked":["Distraction","Poisoned Stab","Bouncing Flask"],"picked":"SKIP","floor":4.0},{"not_picked":["Dagger Throw","Dash","Phantasmal Killer"],"picked":"SKIP","floor":6},{"not_picked":["Prepared","Outmaneuver"],"picked":"Backflip","floor":8}],"player_experience":1035129,"relics_obtained":[{"floor":6,"key":"Letter Opener"},{"floor":8,"key":"Dream Catcher"},{"floor":9,"key":"Pen Nib"}],"event_choices":[{"cards_removed":["Defend_G"],"damage_healed":0.0,"max_hp_gain":0.0,"max_hp_loss":0.0,"gold_gain":0.0,"event_name":"Golden Wing","player_choice":"Card Removal","floor":5.0,"gold_loss":0.0,"damage_taken":7.0},{"damage_healed":23,"gold_gain":0,"player_choice":"Banana","damage_taken":0,"max_hp_gain":0,"max_hp_loss":0,"event_name":"Big Fish","floor":7,"gold_loss":0}],"is_beta":false,"boss_relics":[],"items_purged_floors":[],"is_endless":false,"potions_floor_spawned":[4],"killed_by":"Gremlin Nob","ascension_level":1}}