{"host":"51fyd6gkml7xavq8","time":1610824877,"event":{"mods":["BaseMod","BetterRewards","Colored Map","Energized Spire","Infinite Spire","Minty Spire (QoL Compilation)","Replay The Spire","Shop Mod","Spicy Shops","StSLib","The Blue Laboratory","[IsaacMod]????"],"gold_per_floor":[112,112,37,112,112,112,124,124,151,184,202,218,47,47,47,47,47],"floor_reached":16,"language":"ENG","playtime":935,"items_purged":["Defend_G","Strike_G"],"score":207,"play_id":"d30d7f26-abca-4101-8db0-c2c5ec368679","local_time":"20210116162117","is_ascension_mode":true,"campfire_choices":[{"data":"Neutralize","floor":6.0,"key":"SMITH"},{"data":"Poisoned Stab","floor":8.0,"key":"SMITH"},{"floor":15,"key":"REST"}],"circlet_count":0,"master_deck":["Strike_G","Strike_G","Strike_G","Strike_G","Defend_G","Defend_G","Defend_G","Survivor","Neutralize+1","Madness+1","Poisoned Stab+1","Crippling Poison","Noxious Fumes+1"],"relics":["Ring of the Snake","HushsDoor","NineVolt","Golden Egg","Blood Vial","Question Card","PunchingBag"],"acts_visited":["Exordium"],"potions_floor_usage":[],"damage_taken":[{"damage":0.0,"enemies":"2 Louse","floor":1.0,"turns":3.0},{"damage":0.0,"enemies":"Cultist","floor":7.0,"turns":5.0},{"damage":33.0,"enemies":"Replay:BlueRogue","floor":10.0,"turns":7.0},{"damage":2.0,"enemies":"Small Slimes","floor":11.0,"turns":3.0},{"damage":4.0,"enemies":"Blue Slaver","floor":12.0,"turns":3.0},{"damage":47,"enemies":"Fading Forest","floor":16,"turns":9}],"seed_played":"-397104931548884035","potions_obtained":[{"floor":7.0,"key":"blueLaboratory:BlinkPotion"},{"floor":10.0,"key":"Poison Potion"},{"floor":11.0,"key":"SpeedPotion"}],"is_trial":false,"path_per_floor":["M","?","$","?","?","R","M","R","T","E","M","M","$","T","R","B"],"character_chosen":"THE_SILENT","items_purchased":["Golden Egg","Madness","Noxious Fumes"],"campfire_rested":1,"item_purchase_floors":[0,0,13],"current_hp_per_floor":[45,45,45,34,34,34,34,34,34,3,3,1,1,1,22,0,0],"gold":47,"neow_bonus":"","is_daily":false,"chose_seed":false,"campfire_upgraded":2,"win_rate":0.0,"timestamp":1610824877,"path_taken":["M","?","$","?","?","R","M","R","T","E","M","M","$","?","R","BOSS"],"items_purchased_type":["Relic","Card","Card"],"build_version":"2020-12-22","purchased_purges":2,"victory":false,"max_hp_per_floor":[70,70,70,70,70,70,70,70,70,70,70,70,70,70,70,70,70],"card_choices":[{"not_picked":["Leg Sweep","Fluid Movement","ReplayTheSpireMod:Shiv Toss"],"picked":"SKIP","floor":1.0},{"not_picked":["Replay:Poison Smokescreen","Underhanded Strike"],"picked":"Poisoned Stab","floor":7.0},{"not_picked":["Poisoned Stab","PiercingWail","Endless Agony"],"picked":"SKIP","floor":10.0},{"not_picked":["Sucker Punch","Riddle With Holes","Setup"],"picked":"Crippling Poison","floor":11.0},{"not_picked":["Deflect","Finisher","Sucker Punch","Prepared"],"picked":"SKIP","floor":12.0}],"player_experience":563014,"relics_obtained":[{"floor":9.0,"key":"Blood Vial"},{"floor":10.0,"key":"Question Card"},{"floor":14,"key":"PunchingBag"}],"event_choices":[{"cards_removed":["Defend_G"],"damage_healed":0.0,"max_hp_gain":0.0,"max_hp_loss":0.0,"gold_gain":0.0,"event_name":"Living Wall","player_choice":"Forget","floor":2.0,"gold_loss":0.0,"damage_taken":0.0},{"damage_healed":0.0,"max_hp_gain":0.0,"max_hp_loss":0.0,"gold_gain":75.0,"event_name":"World of Goop","player_choice":"Gather Gold","floor":4.0,"gold_loss":0.0,"damage_taken":11.0}],"is_beta":false,"boss_relics":[],"items_purged_floors":[3,13],"is_endless":false,"potions_floor_spawned":[7,10,11],"killed_by":"Fading Forest","ascension_level":8}}