{"host":"b2wyehkzh0jyd7g0","time":1610803517,"event":{"mods":["Act Like it!","Arknights The Spire","BaseMod","Friendly Minions","Hallownest","Hermit","KinomotoSakuraMod(Ä¾Ö®±¾Ó£)","Marisa£¨ìFÓê¡¡Ä§ÀíÉ³£©","Minty Spire (QoL Compilation)","StSLib","The Administrix","The Bug Knight"],"gold_per_floor":[110,121,139,62,78,105,105,105,105,120,4,16,16,29,29,29,29],"floor_reached":16,"language":"ZHS","playtime":778,"items_purged":["Parasite"],"score":104,"play_id":"37103e8a-b42e-407b-b3e2-1db81ddb9cf6","local_time":"20210116212517","is_ascension_mode":false,"campfire_choices":[{"floor":7,"key":"REST"},{"floor":15,"key":"REST"}],"circlet_count":0,"master_deck":["ats:Strike C","ats:Strike G","ats:Strike S","ats:Strike V","ats:Armor Crushing Shot","ats:Defend","ats:Defend","ats:Defend","ats:Defend","ats:Emotion Absorption","ats:Ignite","ats:Assault Order","ats:Hook Shot","ats:Very Hot Blade","ats:Ignite","ats:Overload","ats:Rat Pack","ats:Sunburst","ats:Apocalypse","ats:Apocalypse"],"relics":["ats:Sanity","ats:Originium","Oddly Smooth Stone"],"acts_visited":["Exordium"],"potions_floor_usage":[5,16,16],"damage_taken":[{"damage":6,"enemies":"2 Louse","floor":1,"turns":3},{"damage":6,"enemies":"Jaw Worm","floor":2,"turns":3},{"damage":0,"enemies":"Cultist","floor":3,"turns":3},{"damage":33,"enemies":"Gremlin Gang","floor":5,"turns":8},{"damage":37,"enemies":"Gremlin Nob","floor":6,"turns":5},{"damage":10,"enemies":"Looter","floor":10,"turns":2},{"damage":5,"enemies":"3 Louse","floor":12,"turns":2},{"damage":18,"enemies":"Blue Slaver","floor":14,"turns":3},{"damage":70,"enemies":"Hexaghost","floor":16,"turns":16}],"seed_played":"-4354321076641004542","potions_obtained":[{"floor":1,"key":"SkillPotion"},{"floor":3,"key":"Fruit Juice"},{"floor":12,"key":"Dexterity Potion"}],"is_trial":false,"path_per_floor":["M","M","M","$","M","E","R","?","T","M","$","M","$","M","R","B"],"character_chosen":"DOCTOR_CLASS","items_purchased":["ats:Very Hot Blade","ats:Sunburst"],"campfire_rested":2,"item_purchase_floors":[4,11],"current_hp_per_floor":[73,67,67,67,39,2,27,48,48,38,38,33,33,19,43,0,0],"gold":29,"neow_bonus":"TEN_PERCENT_HP_BONUS","is_daily":false,"chose_seed":false,"campfire_upgraded":0,"win_rate":0.0,"timestamp":1610803517,"path_taken":["M","M","M","$","M","E","R","?","T","M","$","M","?","M","R","BOSS"],"items_purchased_type":["Card","Card"],"build_version":"2020-12-22","purchased_purges":1,"victory":false,"max_hp_per_floor":[79,79,79,79,84,84,84,84,84,84,81,81,81,81,81,81,81],"card_choices":[{"not_picked":["ats:LN2 Cannon","ats:Powerful Strike"],"picked":"ats:Ignite","floor":1},{"not_picked":["ats:Healing Strengthening","ats:Curse Doll"],"picked":"ats:Assault Order","floor":2},{"not_picked":["ats:Shell Defense","ats:Red Shift"],"picked":"ats:Hook Shot","floor":3},{"not_picked":["ats:Assault Order","ats:Childhood Dance"],"picked":"ats:Ignite","floor":5},{"not_picked":["ats:Flexible Camouflage","ats:Automatic Cover"],"picked":"ats:Overload","floor":6},{"not_picked":["ats:LN2 Cannon","ats:Encircling Forest"],"picked":"ats:Rat Pack","floor":10},{"not_picked":["ats:Childhood Dance","ats:Shell Defense"],"picked":"ats:Apocalypse","floor":12},{"not_picked":["ats:Healing Strengthening","ats:Curse Doll"],"picked":"ats:Apocalypse","floor":14}],"player_experience":287611,"relics_obtained":[{"floor":6,"key":"ats:Originium"},{"floor":6,"key":"Oddly Smooth Stone"}],"event_choices":[{"damage_healed":21,"gold_gain":0,"player_choice":"Healed and dodged fight","damage_taken":0,"max_hp_gain":0,"max_hp_loss":0,"event_name":"Mushrooms","floor":8,"gold_loss":0,"cards_obtained":["Parasite"]}],"is_beta":false,"boss_relics":[],"items_purged_floors":[11],"is_endless":false,"potions_floor_spawned":[1,3,12],"killed_by":"Hexaghost","ascension_level":0}}