{"host":"36mulxq349byzoa2","time":1610841559,"event":{"mods":["AchievementEnabler","BaseMod","Better Match","Block Reminder","Colored Map","Colored Powertips","Minty Spire (QoL Compilation)","Rare Cards Sparkle","StSLib","SuperFastMode"],"gold_per_floor":[114,114,114,127,127,127,127,160,160,160,193,218,218,239,239,335,335,358,358,358,408,424,424,460,460,484,242,258,258,258,301,301,395,395,408,408,240,254,587,587,587,462,462,462,487,487,73,86,86,86],"floor_reached":51,"language":"ENG","playtime":2471,"items_purged":["Amplify"],"score":1327,"play_id":"8bc025ab-197c-43fd-812b-5b98619929bf","local_time":"20210116185919","is_ascension_mode":true,"campfire_choices":[{"data":"Zap","floor":6,"key":"SMITH"},{"data":"Cold Snap","floor":10,"key":"SMITH"},{"data":"Cold Snap","floor":13,"key":"SMITH"},{"data":"Fission","floor":15,"key":"SMITH"},{"data":"Coolheaded","floor":23,"key":"SMITH"},{"data":"Skim","floor":25,"key":"SMITH"},{"data":"Reinforced Body","floor":29,"key":"SMITH"},{"data":"Barrage","floor":32,"key":"SMITH"},{"data":"Compile Driver","floor":40,"key":"SMITH"},{"data":"Electrodynamics","floor":44,"key":"SMITH"},{"data":"Auto Shields","floor":49,"key":"SMITH"}],"circlet_count":0,"master_deck":["AscendersBane","Zap+1","Dualcast","Cold Snap+1","Auto Shields+1","Compile Driver","Cold Snap+1","Fission+1","Electrodynamics+1","Reboot","Compile Driver+1","Self Repair","Double Energy","Skim+1","Coolheaded+1","Barrage+1","Ghostly+1","Ghostly+1","Ghostly+1","Redo+1","Undo+1","Fission+1","Capacitor+1","Multi-Cast+1","Ball Lightning","Consume+1","Fission+1"],"relics":["Cracked Core","NeowsBlessing","Pantograph","Bag of Marbles","Oddly Smooth Stone","Sundial","Pandora\u0027s Box","Toxic Egg 2","Omamori","Bag of Preparation","HandDrill","Frozen Egg 2","Inserter","OrangePellets","Bottled Tornado","Letter Opener","StrikeDummy","Happy Flower"],"acts_visited":["Exordium","TheCity","TheBeyond"],"potions_floor_usage":[16,33,38,48,50],"damage_taken":[{"damage":0,"enemies":"Cultist","floor":1,"turns":1},{"damage":0,"enemies":"2 Louse","floor":4,"turns":1},{"damage":0,"enemies":"3 Sentries","floor":8,"turns":1},{"damage":16,"enemies":"Lagavulin","floor":11,"turns":5},{"damage":10,"enemies":"Jaw Worm","floor":12,"turns":2},{"damage":2,"enemies":"Large Slime","floor":14,"turns":5},{"damage":15,"enemies":"The Guardian","floor":16,"turns":12},{"damage":6,"enemies":"Chosen","floor":18,"turns":5},{"damage":0,"enemies":"Spheric Guardian","floor":22,"turns":4},{"damage":1,"enemies":"Slavers","floor":24,"turns":4},{"damage":0,"enemies":"Snecko","floor":28,"turns":4},{"damage":6,"enemies":"Gremlin Leader","floor":31,"turns":4},{"damage":22,"enemies":"Champ","floor":33,"turns":13},{"damage":0,"enemies":"3 Shapes","floor":35,"turns":5},{"damage":0,"enemies":"3 Darklings","floor":38,"turns":4},{"damage":19,"enemies":"Reptomancer","floor":45,"turns":7},{"damage":0,"enemies":"Maw","floor":48,"turns":7},{"damage":6,"enemies":"Awakened One","floor":50,"turns":11}],"seed_played":"1702904009954003863","potions_obtained":[{"floor":12,"key":"AttackPotion"},{"floor":16,"key":"PowerPotion"},{"floor":22,"key":"ColorlessPotion"},{"floor":33,"key":"Swift Potion"},{"floor":38,"key":"Swift Potion"}],"is_trial":false,"path_per_floor":["M","?","?","M","T","R","?","E","T","R","E","M","R","M","R","B",null,"M","T","?","?","M","R","E","R","T","$","M","R","?","E","R","B",null,"M","?","$","M","?","R","?","?","T","R","E","T","$","M","R","B",null],"character_chosen":"DEFECT","items_purchased":["HandDrill","OrangePellets","Consume+1","Fission+1","Happy Flower"],"campfire_rested":0,"item_purchase_floors":[27,37,47,47,47],"current_hp_per_floor":[64,64,69,69,69,69,69,69,69,69,53,43,43,41,41,51,65,66,66,34,34,34,34,34,34,34,34,34,34,34,34,34,19,30,34,34,34,34,34,34,34,34,34,34,22,22,22,29,29,34],"gold":86,"neow_bonus":"THREE_ENEMY_KILL","is_daily":false,"chose_seed":false,"campfire_upgraded":11,"win_rate":0.0,"timestamp":1610841559,"path_taken":["M","?","?","M","?","R","?","E","T","R","E","M","R","M","R","BOSS","M","?","?","?","M","R","E","R","T","$","M","R","?","E","R","BOSS","M","?","$","M","?","R","?","?","T","R","E","?","$","M","R","BOSS"],"items_purchased_type":["Relic","Relic","Card","Card","Relic"],"build_version":"2020-12-22","purchased_purges":1,"victory":true,"max_hp_per_floor":[71,64,69,69,69,69,69,69,69,69,69,69,69,69,69,69,69,69,69,34,34,34,34,34,34,34,34,34,34,34,34,34,34,34,34,34,34,34,34,34,34,34,34,34,34,34,34,34,34,34],"card_choices":[{"not_picked":["Barrage","Glacier"],"picked":"Cold Snap","floor":1},{"not_picked":["Steam","Blizzard"],"picked":"Auto Shields","floor":4},{"not_picked":["Beam Cell","Defragment"],"picked":"Compile Driver","floor":8},{"not_picked":["Coolheaded","Consume"],"picked":"Cold Snap","floor":11},{"not_picked":["Compile Driver","Turbo","Go for the Eyes"],"picked":"SKIP","floor":12},{"not_picked":["Rebound","Go for the Eyes"],"picked":"Fission","floor":14},{"not_picked":["Meteor Strike","Creative AI"],"picked":"Electrodynamics","floor":16},{"not_picked":["Steam+1","Beam Cell"],"picked":"Barrage","floor":18},{"not_picked":["Beam Cell","Consume+1","Loop"],"picked":"SKIP","floor":22},{"not_picked":["Storm+1","Melter"],"picked":"Redo+1","floor":24},{"not_picked":["Steam+1","Streamline+1"],"picked":"Undo+1","floor":28},{"not_picked":["Rebound+1","Thunder Strike"],"picked":"Capacitor+1","floor":31},{"not_picked":["All For One","Biased Cognition+1"],"picked":"Multi-Cast+1","floor":33},{"not_picked":["Redo+1","Conserve Battery+1","Cold Snap+1"],"picked":"SKIP","floor":35},{"not_picked":["Streamline","Heatsinks+1","Hello World+1"],"picked":"SKIP","floor":38},{"not_picked":["Go for the Eyes","Gash"],"picked":"Ball Lightning","floor":45},{"not_picked":["Aggregate+1","Coolheaded+1","Reprogram+1"],"picked":"SKIP","floor":48}],"player_experience":1033473,"relics_obtained":[{"floor":5,"key":"Pantograph"},{"floor":8,"key":"Bag of Marbles"},{"floor":9,"key":"Oddly Smooth Stone"},{"floor":11,"key":"Sundial"},{"floor":19,"key":"Toxic Egg 2"},{"floor":24,"key":"Omamori"},{"floor":26,"key":"Bag of Preparation"},{"floor":31,"key":"Frozen Egg 2"},{"floor":43,"key":"Bottled Tornado"},{"floor":45,"key":"Letter Opener"},{"floor":46,"key":"StrikeDummy"}],"event_choices":[{"damage_healed":0,"gold_gain":0,"player_choice":"Lose Max HP","damage_taken":0,"relics_obtained":["Golden Idol"],"max_hp_gain":0,"max_hp_loss":7,"event_name":"Golden Idol","floor":2,"gold_loss":0},{"damage_healed":0,"gold_gain":0,"player_choice":"Donut","damage_taken":0,"max_hp_gain":5,"max_hp_loss":0,"event_name":"Big Fish","floor":3,"gold_loss":0},{"damage_healed":0,"gold_gain":0,"player_choice":"3","damage_taken":0,"max_hp_gain":0,"max_hp_loss":0,"event_name":"betterMatch:BetterMatch","floor":7,"gold_loss":0,"cards_obtained":[]},{"damage_healed":0,"gold_gain":0,"player_choice":"Became a Ghost","damage_taken":0,"max_hp_gain":0,"max_hp_loss":35,"event_name":"Ghosts","floor":20,"gold_loss":0,"cards_obtained":["Ghostly","Ghostly","Ghostly"]},{"damage_healed":0,"gold_gain":50,"player_choice":"Stole From Cult","damage_taken":0,"max_hp_gain":0,"max_hp_loss":0,"event_name":"Nest","floor":21,"gold_loss":0},{"damage_healed":0,"gold_gain":0,"player_choice":"Read","damage_taken":0,"max_hp_gain":0,"max_hp_loss":0,"event_name":"The Library","floor":30,"gold_loss":0,"cards_obtained":["Fission"]},{"damage_healed":0,"gold_gain":0,"player_choice":"Memory 1","damage_taken":0,"max_hp_gain":0,"max_hp_loss":0,"event_name":"SensoryStone","floor":36,"gold_loss":0},{"damage_healed":0,"gold_gain":333,"player_choice":"Gave Idol","damage_taken":0,"max_hp_gain":0,"max_hp_loss":0,"event_name":"The Moai Head","floor":39,"relics_lost":["Golden Idol"],"gold_loss":0},{"cards_removed":["Reinforced Body"],"damage_healed":0,"gold_gain":0,"player_choice":"Removed Skill","damage_taken":0,"max_hp_gain":0,"max_hp_loss":0,"event_name":"Falling","floor":41,"gold_loss":0},{"damage_healed":0,"gold_gain":0,"player_choice":"3","damage_taken":0,"max_hp_gain":0,"max_hp_loss":0,"event_name":"betterMatch:BetterMatch","floor":42,"gold_loss":0,"cards_obtained":[]}],"is_beta":false,"boss_relics":[{"not_picked":["Black Star","Tiny House"],"picked":"Pandora\u0027s Box"},{"not_picked":["Calling Bell","SlaversCollar"],"picked":"Inserter"}],"items_purged_floors":[27],"is_endless":false,"potions_floor_spawned":[12,16,22,31,33,35,38],"ascension_level":17}}