{"host":"on8rz1ayhhz269sg","time":1610792080,"event":{"mods":["BaseMod","Downfall","Minty Spire (QoL Compilation)","Remilia（蕾米莉亚）","StSLib","[GremlinLeader]The Maniac","残留之物"],"gold_per_floor":[199,217,231,241,341,56,56,75,88,101,101,101,131,131,145,245,245,245,259,269,65,65,79,79,148,148,179,79,108,8,26,42,145,145,145,162,182,200,200,4,28,43,58,68,68,82,82,82,94,94],"floor_reached":51,"language":"ZHS","playtime":5246,"items_purged":[],"score":720,"play_id":"de21aacb-f22b-46b5-877e-96c10c105221","local_time":"20210116181440","is_ascension_mode":false,"campfire_choices":[{"data":"champ:Taunt","floor":1.0,"key":"SMITH"},{"floor":12.0,"key":"REST"},{"floor":18.0,"key":"RECALL"},{"floor":26.0,"key":"REST"},{"data":"champ:IgnorePain","floor":28.0,"key":"SMITH"},{"floor":30.0,"key":"REST"},{"data":"expansioncontent:DashGenerateEvil","floor":35.0,"key":"SMITH"},{"floor":45.0,"key":"REST"},{"data":"champ:TripleStrike","floor":47.0,"key":"SMITH"}],"circlet_count":0,"master_deck":["champ:Strike","champ:Strike","champ:Strike","champ:Defend","champ:Defend","champ:Defend","champ:Execute","champ:Taunt+1","champ:Backstep","champ:RisingSlash","champ:LastStand","champ:FocusedBerserking","champ:DeathBlow","expansioncontent:StudyTheSpire","champ:Endure+1","champ:BerserkersShout","champ:BringItOn","champ:GutPunch","champ:PerfectedStrike","champ:IgnorePain+1","champ:AdrenalArmor","champ:ArenaPreparation","champ:PreciseThrust","expansioncontent:DashGenerateEvil+1","champ:Backstep","champ:BladeFlurry+1","champ:EnGarde+1","champ:Shatter","champ:IronFortress","champ:FocusedBerserking","champ:TripleStrike+1","CurseOfTheBell","champ:RisingSlash","champ:MurderStrike","champ:CrownThrow","champ:Shatter+1","champ:CrownThrow","champ:Backstep+1","champ:CrookedStrike","champ:EnGarde+1","champ:StanceDance","champ:SwordThrow"],"relics":["champ:ChampionCrown","Pantograph","champ:DefensiveTrainingManual","Empty Cage","champ:GladiatorsBookOfMartialProwess","Ornamental Fan","Bottled Flame","Orichalcum","downfall:HeartBlessingRed","Regal Pillow","downfall:HeartBlessingGreen","Calling Bell","Happy Flower","Sundial","Ice Cream","HandDrill","Centennial Puzzle"],"acts_visited":["Exordium","TheCity","TheBeyond"],"potions_floor_usage":[50],"damage_taken":[{"damage":30.0,"enemies":"Jaw Worm","floor":2.0,"turns":5.0},{"damage":12.0,"enemies":"2 Louse","floor":3.0,"turns":3.0},{"damage":20.0,"enemies":"Small Slimes","floor":4.0,"turns":3.0},{"damage":20.0,"enemies":"downfall:FleeingMerchant","floor":6.0,"turns":4.0},{"damage":24.0,"enemies":"Exordium Wildlife","floor":8.0,"turns":3.0},{"damage":50.0,"enemies":"Large Slime","floor":9.0,"turns":5.0},{"damage":46.0,"enemies":"Blue Slaver","floor":10.0,"turns":4.0},{"damage":36.0,"enemies":"Lagavulin","floor":13.0,"turns":4.0},{"damage":29.0,"enemies":"3 Louse","floor":15.0,"turns":3.0},{"damage":77.0,"enemies":"WA_ARCHETYPE_RETAIN","floor":16.0,"turns":6.0},{"damage":65.0,"enemies":"3 Byrds","floor":19.0,"turns":6.0},{"damage":40.0,"enemies":"Spheric Guardian","floor":20.0,"turns":5.0},{"damage":50.0,"enemies":"downfall:FleeingMerchant","floor":21.0,"turns":4.0},{"damage":58.0,"enemies":"Snake Plant","floor":23.0,"turns":4.0},{"damage":87.0,"enemies":"Gremlin Leader","floor":27.0,"turns":7.0},{"damage":73.0,"enemies":"Book of Stabbing","floor":29.0,"turns":7.0},{"damage":30.0,"enemies":"Snecko","floor":31.0,"turns":4.0},{"damage":57.0,"enemies":"Centurion and Healer","floor":32.0,"turns":5.0},{"damage":208.0,"enemies":"DF_ARCHETYPE_CLAW","floor":33.0,"turns":12.0},{"damage":56.0,"enemies":"3 Shapes","floor":36.0,"turns":6.0},{"damage":10.0,"enemies":"Orb Walker","floor":37.0,"turns":3.0},{"damage":69.0,"enemies":"Transient","floor":38.0,"turns":5.0},{"damage":32.0,"enemies":"downfall:FleeingMerchant","floor":40.0,"turns":4.0},{"damage":4.0,"enemies":"Writhing Mass","floor":42.0,"turns":5.0},{"damage":38.0,"enemies":"4 Shapes","floor":43.0,"turns":4.0},{"damage":25.0,"enemies":"Sphere and 2 Shapes","floor":44.0,"turns":4.0},{"damage":29.0,"enemies":"Jaw Worm Horde","floor":46.0,"turns":4.0},{"damage":20,"enemies":"4 Shapes","floor":49,"turns":5},{"damage":92,"enemies":"SI_POISON_ARCHETYPE","floor":50,"turns":7}],"seed_played":"1959865726969733650","potions_obtained":[{"floor":2.0,"key":"Dexterity Potion"},{"floor":10.0,"key":"SkillPotion"},{"floor":16.0,"key":"PlaceholderMod:PlaceholderPotion"},{"floor":19.0,"key":"Fire Potion"},{"floor":20.0,"key":"champ:UltimateStancePotion"},{"floor":27.0,"key":"Regen Potion"},{"floor":42.0,"key":"Fire Potion"},{"floor":43.0,"key":"Swift Potion"},{"floor":49,"key":"Ancient Potion"}],"is_trial":false,"path_per_floor":["R","M","M","M","?","$","T","M","M","M","?","R","E","?","M","B",null,"R","M","M","$","?","M","T","T","R","E","R","E","R","M","M","B",null,"R","M","M","M","?","$","T","M","M","M","R","M","R","?","M","B",null],"character_chosen":"THE_CHAMP","items_purchased":["champ:DeathBlow","expansioncontent:StudyTheSpire","PowerPotion","expansioncontent:DashGenerateEvil","champ:Backstep","HandDrill","champ:CrownThrow"],"campfire_rested":4,"item_purchase_floors":[6,6,6,21,21,40,40],"current_hp_per_floor":[90,80,78,78,78,78,78,74,74,68,68,90,84,84,80,63,90,90,75,65,65,65,52,52,52,79,72,72,73,90,90,78,15,90,90,74,79,40,40,38,38,34,27,27,69,65,65,65,65,38],"gold":94,"neow_bonus":"HUNDRED_GOLD","is_daily":false,"chose_seed":false,"campfire_upgraded":4,"win_rate":0.0,"timestamp":1610792080,"path_taken":["R","M","M","M","?","$","T","M","M","M","?","R","E","?","M","BOSS","R","M","M","$","?","M","T","?","R","E","R","E","R","M","M","BOSS","R","M","M","M","?","$","T","M","M","M","R","M","R","?","M","BOSS"],"items_purchased_type":["Card","Card","Potion","Card","Card","Relic","Card"],"build_version":"2020-12-22","purchased_purges":0,"victory":true,"max_hp_per_floor":[90,90,90,90,90,90,90,90,90,90,90,90,90,90,90,90,90,90,90,90,90,90,90,90,90,90,90,90,90,90,90,90,90,90,90,90,90,90,90,90,90,90,90,90,90,90,90,90,90,90],"card_choices":[{"not_picked":["champ:TornadoPunch","champ:FancyFootwork"],"picked":"champ:Backstep","floor":2.0},{"not_picked":["champ:Backstep","champ:DefensiveShout"],"picked":"champ:RisingSlash","floor":3.0},{"not_picked":["champ:ArenaPreparation","champ:FlashCut"],"picked":"champ:LastStand","floor":4.0},{"not_picked":["champ:RisingSlash","champ:ShieldSlam"],"picked":"champ:FocusedBerserking","floor":6.0},{"not_picked":["champ:BladeFlurry","champ:Haymaker"],"picked":"champ:Endure","floor":8.0},{"not_picked":["champ:ShieldSlam","champ:Backstep"],"picked":"champ:BerserkersShout","floor":9.0},{"not_picked":["champ:ArenaPreparation","champ:PreciseThrust"],"picked":"champ:BringItOn","floor":10.0},{"not_picked":["champ:LastStand","champ:PreemptiveStrike"],"picked":"champ:GutPunch","floor":13.0},{"not_picked":["champ:TornadoPunch","champ:GutPunch"],"picked":"champ:PerfectedStrike","floor":15.0},{"not_picked":["champ:TripleStrike","champ:DancingMaster"],"picked":"champ:IgnorePain","floor":16.0},{"not_picked":["champ:BladeFlurry","champ:FocusedDefense+1"],"picked":"champ:AdrenalArmor","floor":19.0},{"not_picked":["champ:FocusedDefense","champ:Circumvent"],"picked":"champ:ArenaPreparation","floor":20.0},{"not_picked":["champ:Improvising","champ:BladeFlurry+1"],"picked":"champ:PreciseThrust","floor":21.0},{"not_picked":["champ:CrookedStrike","champ:GutPunch"],"picked":"champ:BladeFlurry+1","floor":23.0},{"not_picked":["champ:Improvising","champ:PreciseThrust"],"picked":"champ:EnGarde+1","floor":27.0},{"not_picked":["champ:ArenaPreparation","champ:TornadoPunch"],"picked":"champ:Shatter","floor":29.0},{"not_picked":["champ:LastStand","champ:StanceDance"],"picked":"champ:IronFortress","floor":31.0},{"not_picked":["champ:FanOfKnives","champ:DefensiveShout"],"picked":"champ:FocusedBerserking","floor":32.0},{"not_picked":["champ:CheapShot","champ:DancingMaster"],"picked":"champ:TripleStrike","floor":33.0},{"not_picked":["champ:FanOfKnives+1","champ:Haymaker+1"],"picked":"champ:RisingSlash","floor":36.0},{"not_picked":["champ:RisingSlash","champ:GutPunch"],"picked":"champ:MurderStrike","floor":37.0},{"not_picked":["champ:PreciseThrust+1","champ:SetATrap"],"picked":"champ:CrownThrow","floor":38.0},{"not_picked":["champ:HeartStrike+1","champ:AdrenalArmor+1"],"picked":"champ:Shatter+1","floor":40.0},{"not_picked":["champ:GutPunch","champ:Circumvent"],"picked":"champ:Backstep+1","floor":42.0},{"not_picked":["champ:FanOfKnives+1","champ:PreciseThrust"],"picked":"champ:CrookedStrike","floor":43.0},{"not_picked":["champ:Parry+1","champ:AdrenalArmor+1"],"picked":"champ:EnGarde+1","floor":44.0},{"not_picked":["champ:FalseCounter+1","champ:FlashCut"],"picked":"champ:StanceDance","floor":46.0},{"not_picked":["champ:CrownThrow","champ:ArenaPreparation"],"picked":"champ:SwordThrow","floor":49}],"player_experience":210801,"relics_obtained":[{"floor":7.0,"key":"Pantograph"},{"floor":13.0,"key":"champ:DefensiveTrainingManual"},{"floor":24.0,"key":"Ornamental Fan"},{"floor":25.0,"key":"Bottled Flame"},{"floor":27.0,"key":"Orichalcum"},{"floor":29.0,"key":"Regal Pillow"},{"floor":34.0,"key":"Happy Flower"},{"floor":34.0,"key":"Sundial"},{"floor":34.0,"key":"Ice Cream"},{"floor":41.0,"key":"Centennial Puzzle"}],"event_choices":[{"damage_healed":0.0,"max_hp_gain":0.0,"max_hp_loss":0.0,"gold_gain":0.0,"event_name":"Living Wall","player_choice":"Grow","floor":11.0,"gold_loss":0.0,"damage_taken":0.0,"cards_upgraded":["champ:Endure"]},{"damage_healed":0.0,"max_hp_gain":0.0,"max_hp_loss":0.0,"gold_gain":0.0,"event_name":"Scrap Ooze","player_choice":"Fled","floor":14.0,"gold_loss":0.0,"damage_taken":0.0}],"is_beta":false,"boss_relics":[{"not_picked":["Busted Crown","Fusion Hammer"],"picked":"Empty Cage"},{"not_picked":["Coffee Dripper","Pandora\u0027s Box"],"picked":"Calling Bell"}],"items_purged_floors":[],"is_endless":false,"potions_floor_spawned":[2,10,16,19,20,27,42,43,49],"ascension_level":0}}