{"host":"tkinv8gv6hgcc58b","time":1610779307,"event":{"mods":["BaseMod","Colored Map","Downfall","Googly Eyes","Hermit","Minty Spire (QoL Compilation)","READ ME - Guardian Mod","StSLib","The Cursed","The Disciple"],"gold_per_floor":[99,99,99,274,40,66,91,91,111,11,31,31,31,78,92,92,92],"floor_reached":16,"language":"ENG","playtime":816,"items_purged":[],"score":96,"play_id":"85b6bb44-f6a7-4d95-a644-9d50e0902571","local_time":"20210116014147","is_ascension_mode":false,"campfire_choices":[{"data":"bronze:Replicate","floor":1,"key":"SMITH"},{"data":"expansioncontent:StudyTheSpire","floor":8,"key":"SMITH"},{"data":"bronze:Repulsor","floor":10,"key":"SMITH"}],"circlet_count":0,"master_deck":["bronze:Strike","bronze:Strike","bronze:Strike","bronze:Strike","bronze:Defend","bronze:Defend","bronze:Defend","bronze:Defend","bronze:Replicate+1","bronze:Goto","bronze:ClassDefault","bronze:Flail","bronze:Optimize","bronze:Optimize","expansioncontent:StudyTheSpire+1","bronze:Repulsor+1","bronze:OilSpill","bronze:Spike","bronze:DazingPulse","bronze:Mutator"],"relics":["bronze:BronzeCore","downfall:HeartsMalice","Slimebound:PreparedRelic","Centennial Puzzle","downfall:HeartBlessingGreen","Omamori"],"acts_visited":["Exordium"],"potions_floor_usage":[16,16],"damage_taken":[{"damage":0,"enemies":"Jaw Worm","floor":2,"turns":1},{"damage":0,"enemies":"Small Slimes","floor":3,"turns":1},{"damage":0,"enemies":"downfall:FleeingMerchant","floor":5,"turns":1},{"damage":13,"enemies":"Gremlin Nob","floor":6,"turns":4},{"damage":0,"enemies":"2 Louse","floor":9,"turns":2},{"damage":3,"enemies":"2 Fungi Beasts","floor":11,"turns":3},{"damage":39,"enemies":"2 Fungi Beasts","floor":13,"turns":5},{"damage":1,"enemies":"Blue Slaver","floor":15,"turns":3},{"damage":24,"enemies":"DF_ARCHETYPE_STREAMLINE","floor":16,"turns":3}],"seed_played":"7463965209152681172","potions_obtained":[{"floor":6,"key":"Energy Potion"},{"floor":9,"key":"Energy Potion"},{"floor":13,"key":"PowerPotion"}],"is_trial":false,"path_per_floor":["R","M","M","?","$","E","T","R","M","R","M","?","?","T","M","B"],"character_chosen":"THE_AUTOMATON","items_purchased":["bronze:Optimize","expansioncontent:StudyTheSpire"],"campfire_rested":0,"item_purchase_floors":[5,5],"current_hp_per_floor":[70,70,70,70,70,57,57,57,57,57,54,54,15,15,14,0,0],"gold":92,"neow_bonus":"THREE_ENEMY_KILL","is_daily":false,"chose_seed":false,"campfire_upgraded":3,"win_rate":0.0,"timestamp":1610779307,"path_taken":["R","M","M","?","$","E","T","R","M","R","M","?","?","?","M","BOSS"],"items_purchased_type":["Card","Card"],"build_version":"2020-12-22","purchased_purges":0,"victory":false,"max_hp_per_floor":[70,70,70,70,70,70,70,70,70,70,70,70,70,70,70,70,70],"card_choices":[{"not_picked":["bronze:WildBeam","bronze:Iterate"],"picked":"bronze:ClassDefault","floor":2},{"not_picked":["bronze:Frontload","bronze:Overheat"],"picked":"bronze:Flail","floor":3},{"not_picked":["bronze:Branch","bronze:Shield"],"picked":"bronze:Optimize","floor":5},{"not_picked":["bronze:Turbo","bronze:BugBarrage","bronze:Shield"],"picked":"SKIP","floor":6},{"not_picked":["bronze:BronzeArmor","bronze:FineTuning"],"picked":"bronze:Repulsor","floor":9},{"not_picked":["bronze:BitShift","bronze:Invalidate","bronze:Frontload"],"picked":"SKIP","floor":11},{"not_picked":[],"picked":"bronze:Spike","floor":13},{"not_picked":[],"picked":"bronze:DazingPulse","floor":13},{"not_picked":["bronze:ClassDefault","bronze:Shell"],"picked":"bronze:Mutator","floor":13},{"not_picked":["bronze:FineTuning","bronze:ClassDefault","bronze:DelayedGuard"],"picked":"SKIP","floor":15}],"player_experience":1007722,"relics_obtained":[{"floor":6,"key":"Slimebound:PreparedRelic"},{"floor":7,"key":"Centennial Puzzle"},{"floor":14,"key":"Omamori"}],"event_choices":[],"is_beta":false,"boss_relics":[],"items_purged_floors":[],"is_endless":false,"potions_floor_spawned":[6,9,13],"killed_by":"DF_ARCHETYPE_STREAMLINE","ascension_level":0}}