{"host":"fdn1l3zxrtmz275b","time":1610781478,"event":{"mods":["BaseMod","Downfall","GifTheSpireLib","Minty Spire (QoL Compilation)","StSLib"],"gold_per_floor":[99,116,41,71,71,21,21,21,21,39,59,75,25,45,63,163,163,113,132,148,148,65,65,65,81,81,101,51,51,1,18,34,34,34,34],"floor_reached":33,"language":"RUS","playtime":1643,"items_purged":[],"score":241,"play_id":"882df3ac-63ae-4ca9-a42e-4439e15f9a77","local_time":"20210116101758","is_ascension_mode":false,"campfire_choices":[{"data":"Slimebound:Split","floor":1,"key":"SMITH"},{"data":"Slimebound:SplitMire","floor":6,"key":"SMITH"},{"data":"Slimebound:CorrosiveSpit","floor":8,"key":"SMITH"},{"data":"Slimebound:RainOfGoop","floor":13,"key":"SMITH"},{"data":"Slimebound:SlimeBarrage","floor":18,"key":"SMITH"},{"data":"Slimebound:LevelUp","floor":28,"key":"SMITH"},{"data":"Slimebound:LevelUp","floor":30,"key":"SMITH"}],"circlet_count":0,"master_deck":["Slimebound:Strike_Slimebound","Slimebound:Strike_Slimebound","Slimebound:Tackle","Slimebound:Defend_Slimebound","Slimebound:Defend_Slimebound","Slimebound:Defend_Slimebound","Slimebound:Defend_Slimebound","Slimebound:Split+1","Slimebound:CorrosiveSpit+1","Slimebound:SplitMire+1","Slimebound:Prepare","Slimebound:SlimeBarrage+1","Slimebound:RainOfGoop+1","Slimebound:SpikyOuterGoop","Slimebound:Overexert","Slimebound:LivingWall+1","Slimebound:LevelUp+1","Slimebound:LevelUp+1","Slimebound:LeechingTouch+1","Slimebound:RainOfGoop","Slimebound:SamplingLick","Slimebound:DouseInSlime"],"relics":["Slimebound:AbsorbEndCombat","Slimebound:GreedOozeRelic","Bag of Preparation","Pocketwatch","Black Star","White Beast Statue","MutagenicStrength"],"acts_visited":["Exordium","TheCity"],"potions_floor_usage":[22,23,25,27,33,33,33],"damage_taken":[{"damage":7,"enemies":"2 Louse","floor":2,"turns":3},{"damage":3,"enemies":"Cultist","floor":10,"turns":2},{"damage":0,"enemies":"Small Slimes","floor":11,"turns":3},{"damage":0,"enemies":"Exordium Wildlife","floor":12,"turns":2},{"damage":2,"enemies":"Blue Slaver","floor":14,"turns":2},{"damage":1,"enemies":"2 Fungi Beasts","floor":15,"turns":3},{"damage":40,"enemies":"WA_ARCHETYPE_RETAIN","floor":16,"turns":5},{"damage":17,"enemies":"3 Byrds","floor":19,"turns":3},{"damage":8,"enemies":"Spheric Guardian","floor":20,"turns":3},{"damage":3,"enemies":"downfall:FleeingMerchant","floor":22,"turns":4},{"damage":0,"enemies":"Chosen and Byrds","floor":23,"turns":1},{"damage":8,"enemies":"Snecko","floor":25,"turns":3},{"damage":18,"enemies":"Centurion and Healer","floor":27,"turns":6},{"damage":18,"enemies":"Snake Plant","floor":31,"turns":3},{"damage":3,"enemies":"Snecko","floor":32,"turns":3},{"damage":25,"enemies":"DF_ARCHETYPE_CLAW","floor":33,"turns":2}],"seed_played":"4154161424055125981","potions_obtained":[{"floor":2,"key":"SmokeBomb"},{"floor":10,"key":"Dexterity Potion"},{"floor":15,"key":"Regen Potion"},{"floor":25,"key":"champ:CounterPotion"},{"floor":27,"key":"sneckomod:MuddlingPotion"},{"floor":31,"key":"AttackPotion"},{"floor":32,"key":"LiquidBronze"}],"is_trial":false,"path_per_floor":["R","M","?","?","?","R","T","R","?","M","M","M","R","M","M","B",null,"R","M","M","?","$","M","T","M","?","M","R","?","R","M","M","B"],"character_chosen":"SLIMEBOUND","items_purchased":["Slimebound:RainOfGoop"],"campfire_rested":0,"item_purchase_floors":[22],"current_hp_per_floor":[71,65,65,65,70,70,70,70,70,68,69,71,71,70,71,35,76,76,60,53,53,53,53,53,56,56,42,42,42,42,25,24,0,0,0],"gold":34,"neow_bonus":"TEN_PERCENT_HP_BONUS","is_daily":false,"chose_seed":false,"campfire_upgraded":7,"win_rate":0.0,"timestamp":1610781478,"path_taken":["R","M","?","?","?","R","T","R","?","M","M","M","R","M","M","BOSS","R","M","M","?","?","?","T","M","?","M","R","?","R","M","M","BOSS"],"items_purchased_type":["Card"],"build_version":"2020-12-22","purchased_purges":0,"victory":false,"max_hp_per_floor":[71,71,71,71,76,76,76,76,76,76,76,76,76,76,76,76,76,76,76,76,76,76,76,76,76,76,76,76,76,76,76,76,76,76,76],"card_choices":[{"not_picked":["Slimebound:Repurpose","Slimebound:SamplingLick"],"picked":"Slimebound:SplitMire","floor":2},{"not_picked":["Slimebound:SplitAcid","Slimebound:Schlurp"],"picked":"Slimebound:Prepare","floor":10},{"not_picked":["Slimebound:RollThrough","Slimebound:SlimeSpikes"],"picked":"Slimebound:SlimeBarrage","floor":11},{"not_picked":["Slimebound:SplitAcid","Slimebound:Repurpose"],"picked":"Slimebound:RainOfGoop","floor":12},{"not_picked":["Slimebound:HauntingLick","Slimebound:FormOfPuddle"],"picked":"Slimebound:SpikyOuterGoop","floor":14},{"not_picked":["Slimebound:DuplicatedForm","Slimebound:SlimeBrawl","Slimebound:BestDefense"],"picked":"SKIP","floor":15},{"not_picked":["Slimebound:RallyTheTroops","Slimebound:MassFeed"],"picked":"Slimebound:Overexert","floor":16},{"not_picked":["Slimebound:Repurpose+1","Slimebound:Prepare"],"picked":"Slimebound:LivingWall+1","floor":19},{"not_picked":["Slimebound:GoopTackle+1","Slimebound:TongueLash+1"],"picked":"Slimebound:LevelUp","floor":20},{"not_picked":["Slimebound:AcidTongue+1","Slimebound:RollThrough"],"picked":"Slimebound:LeechingTouch+1","floor":22},{"not_picked":["Slimebound:SplitBruiser+1","Slimebound:GoopTackle","Slimebound:RainOfGoop"],"picked":"SKIP","floor":25},{"not_picked":["Slimebound:Schlurp","Slimebound:SplitMire+1"],"picked":"Slimebound:SamplingLick","floor":27},{"not_picked":["Slimebound:SlimeSpikes","Slimebound:Repurpose"],"picked":"Slimebound:DouseInSlime","floor":31},{"not_picked":["Slimebound:LivingWall","Slimebound:Grow","Slimebound:SplitLeeching"],"picked":"SKIP","floor":32}],"player_experience":107627,"relics_obtained":[{"floor":7,"key":"Pocketwatch"},{"floor":24,"key":"White Beast Statue"}],"event_choices":[{"damage_healed":0,"gold_gain":0,"player_choice":"Donut","damage_taken":0,"max_hp_gain":5,"max_hp_loss":0,"event_name":"Big Fish","floor":5,"gold_loss":0},{"damage_healed":0,"gold_gain":0,"player_choice":"Inject Mutagens","damage_taken":0,"relics_obtained":["MutagenicStrength"],"max_hp_gain":0,"max_hp_loss":0,"event_name":"Drug Dealer","floor":26,"gold_loss":0}],"is_beta":false,"boss_relics":[{"not_picked":["Slimebound:TarBlob","bronze:MakeshiftBattery"],"picked":"Black Star"}],"items_purged_floors":[],"is_endless":false,"potions_floor_spawned":[2,10,15,16,20,23,25,27,31,32],"killed_by":"DF_ARCHETYPE_CLAW","ascension_level":0}}