{"host":"mdbnki27vzqujy5q","time":1610784399,"event":{"mods":["BaseMod","Better Note","Better Skull","Colored Map","Colored Powertips","DeckTracker","Highlight Path","Minty Spire (QoL Compilation)","Quick Restart","Rare Cards Sparkle","StSLib"],"gold_per_floor":[116,116,86,98,98,124,124,152,152,172,172,205,216,242,242,339,339,349,349,369,369,379,379,410,485,511,511,531,386,386,396,396,501,501,515,535,7,21,38,38,38,38],"floor_reached":41,"language":"ENG","playtime":1680,"items_purged":["Defend_G","Strike_G"],"score":628,"play_id":"54c2e195-b887-4ec9-8d3e-90a192dd06e3","local_time":"20210116000639","is_ascension_mode":true,"campfire_choices":[{"data":"Neutralize","floor":7.0,"key":"SMITH"},{"floor":11.0,"key":"REST"},{"data":"Finisher","floor":15.0,"key":"SMITH"},{"data":"Backstab","floor":23.0,"key":"SMITH"},{"floor":27.0,"key":"REST"},{"data":"Blur","floor":30.0,"key":"SMITH"},{"floor":32.0,"key":"REST"}],"circlet_count":0,"master_deck":["Strike_G","Strike_G","Strike_G","Defend_G","Defend_G","Defend_G","Survivor","Neutralize+1","Heel Hook","Poisoned Stab","Heel Hook","Finisher+1","Backstab+1","Flying Knee","Underhanded Strike","Infinite Blades+1","Die Die Die+1","Acrobatics+1","Dagger Throw+1","Infinite Blades+1","Bouncing Flask+1","Blur+1","Infinite Blades+1","Adrenaline","Blade Dance","Prepared","Sadistic Nature+1","Catalyst","Noxious Fumes+1","Cloak And Dagger","Prepared"],"relics":["SacredBark","Frozen Egg 2","Potion Belt","Bag of Preparation","Bag of Marbles","Happy Flower","Bronze Scales","SlaversCollar","Snake Skull","Orichalcum","HoveringKite","Lantern"],"acts_visited":["Exordium","TheCity","TheBeyond"],"potions_floor_usage":[38,39,39,39,39,40,40,40],"damage_taken":[{"damage":4.0,"enemies":"Cultist","floor":1.0,"turns":5.0},{"damage":6.0,"enemies":"2 Louse","floor":4.0,"turns":4.0},{"damage":3.0,"enemies":"Gremlin Nob","floor":6.0,"turns":3.0},{"damage":15.0,"enemies":"Lagavulin","floor":8.0,"turns":6.0},{"damage":0.0,"enemies":"Small Slimes","floor":10.0,"turns":1.0},{"damage":0.0,"enemies":"3 Sentries","floor":12.0,"turns":2.0},{"damage":9.0,"enemies":"3 Louse","floor":13.0,"turns":3.0},{"damage":0.0,"enemies":"Gremlin Nob","floor":14.0,"turns":2.0},{"damage":27.0,"enemies":"Slime Boss","floor":16.0,"turns":6.0},{"damage":11.0,"enemies":"2 Thieves","floor":18.0,"turns":2.0},{"damage":6.0,"enemies":"3 Byrds","floor":20.0,"turns":2.0},{"damage":4.0,"enemies":"Cultist and Chosen","floor":22.0,"turns":3.0},{"damage":0.0,"enemies":"Gremlin Leader","floor":24.0,"turns":3.0},{"damage":9.0,"enemies":"Chosen and Byrds","floor":28.0,"turns":3.0},{"damage":37.0,"enemies":"Snake Plant","floor":31.0,"turns":3.0},{"damage":5.0,"enemies":"Champ","floor":33.0,"turns":5.0},{"damage":5.0,"enemies":"Orb Walker","floor":35.0,"turns":2.0},{"damage":51,"enemies":"3 Shapes","floor":36,"turns":4},{"damage":0,"enemies":"3 Darklings","floor":38,"turns":3},{"damage":3,"enemies":"Writhing Mass","floor":39,"turns":3},{"damage":4,"enemies":"Reptomancer","floor":40,"turns":2},{"damage":12,"enemies":"4 Shapes","floor":41,"turns":1}],"seed_played":"-1836234226253145653","potions_obtained":[{"floor":3.0,"key":"DuplicationPotion"},{"floor":3.0,"key":"CunningPotion"},{"floor":4.0,"key":"SpeedPotion"},{"floor":6.0,"key":"AttackPotion"},{"floor":8.0,"key":"Explosive Potion"},{"floor":10.0,"key":"Weak Potion"},{"floor":16.0,"key":"Ancient Potion"},{"floor":20.0,"key":"Explosive Potion"},{"floor":22.0,"key":"CultistPotion"},{"floor":33.0,"key":"EntropicBrew"},{"floor":35.0,"key":"DuplicationPotion"}],"is_trial":false,"path_per_floor":["M","?","?","M","?","E","R","E","T","M","R","E","M","E","R","B",null,"M","?","M","?","M","R","E","?","T","R","M","$","R","M","R","B",null,"M","M","$","M","M","E","M"],"character_chosen":"THE_SILENT","items_purchased":["Infinite Blades+1","Lantern","Sadistic Nature+1","Catalyst","Noxious Fumes+1"],"campfire_rested":3,"item_purchase_floors":[29,37,37,37,37],"current_hp_per_floor":[66,54,54,48,48,45,45,30,30,30,51,51,42,42,42,15,70,59,59,53,53,49,49,49,42,42,63,54,54,54,17,38,33,70,65,14,14,14,11,7,0,0],"gold":38,"neow_bonus":"BOSS_RELIC","is_daily":false,"chose_seed":false,"campfire_upgraded":4,"win_rate":0.0,"timestamp":1610784399,"path_taken":["M","?","?","?","?","E","R","E","T","?","R","E","M","E","R","BOSS","M","?","?","?","M","R","E","?","T","R","M","$","R","M","R","BOSS","M","?","$","M","M","E","M"],"items_purchased_type":["Card","Relic","Card","Card","Card"],"build_version":"2020-12-22","purchased_purges":2,"victory":false,"max_hp_per_floor":[70,70,70,70,70,70,70,70,70,70,70,70,70,70,70,70,70,70,70,70,70,70,70,70,70,70,70,70,70,70,70,70,70,70,70,70,70,70,70,70,70,70],"card_choices":[{"not_picked":["Deflect","Concentrate"],"picked":"Heel Hook","floor":1.0},{"not_picked":["Skewer","PiercingWail"],"picked":"Poisoned Stab","floor":4.0},{"not_picked":["Dodge and Roll","Well Laid Plans+1"],"picked":"Heel Hook","floor":6.0},{"not_picked":["Die Die Die","Quick Slash"],"picked":"Finisher","floor":8.0},{"not_picked":["Bouncing Flask","Deadly Poison"],"picked":"Backstab","floor":10.0},{"not_picked":["Sucker Punch","Leg Sweep"],"picked":"Flying Knee","floor":12.0},{"not_picked":["Acrobatics","Sucker Punch"],"picked":"Underhanded Strike","floor":13.0},{"not_picked":["Flying Knee","Dagger Spray"],"picked":"Infinite Blades+1","floor":14.0},{"not_picked":["Bullet Time","Unload"],"picked":"Die Die Die","floor":16.0},{"not_picked":["PiercingWail","Dodge and Roll"],"picked":"Acrobatics+1","floor":18.0},{"not_picked":["Reflex","Deflect"],"picked":"Dagger Throw+1","floor":20.0},{"not_picked":["Dagger Throw+1","Finisher"],"picked":"Infinite Blades+1","floor":22.0},{"not_picked":["Poisoned Stab","Prepared"],"picked":"Bouncing Flask+1","floor":24.0},{"not_picked":["Dagger Spray","PiercingWail"],"picked":"Blur","floor":28.0},{"not_picked":["Reflex","Crippling Poison","Predator"],"picked":"SKIP","floor":31.0},{"not_picked":["Doppelganger","Storm of Steel"],"picked":"Adrenaline","floor":33.0},{"not_picked":["Deadly Poison","Acrobatics"],"picked":"Blade Dance","floor":35.0},{"not_picked":["Bouncing Flask+1","Acrobatics+1"],"picked":"Prepared","floor":36},{"not_picked":["Dagger Spray+1","Prepared"],"picked":"Cloak And Dagger","floor":38},{"not_picked":["Backflip","Slice+1"],"picked":"Prepared","floor":39}],"player_experience":95995,"relics_obtained":[{"floor":6.0,"key":"Potion Belt"},{"floor":8.0,"key":"Bag of Preparation"},{"floor":9.0,"key":"Bag of Marbles"},{"floor":12.0,"key":"Happy Flower"},{"floor":14.0,"key":"Bronze Scales"},{"floor":24.0,"key":"Snake Skull"},{"floor":26.0,"key":"Orichalcum"}],"event_choices":[{"damage_healed":0.0,"max_hp_gain":0.0,"max_hp_loss":0.0,"gold_gain":0.0,"event_name":"Scrap Ooze","player_choice":"Success","floor":2.0,"gold_loss":0.0,"damage_taken":12.0,"relics_obtained":["Frozen Egg 2"]},{"damage_healed":0.0,"max_hp_gain":0.0,"max_hp_loss":0.0,"gold_gain":0.0,"event_name":"The Woman in Blue","player_choice":"Bought 2 Potions","floor":3.0,"gold_loss":0.0,"damage_taken":0.0},{"cards_removed":["Defend_G"],"damage_healed":0.0,"max_hp_gain":0.0,"max_hp_loss":0.0,"gold_gain":0.0,"event_name":"Purifier","player_choice":"Purged","floor":5.0,"gold_loss":0.0,"damage_taken":0.0},{"damage_healed":0.0,"max_hp_gain":0.0,"max_hp_loss":0.0,"gold_gain":0.0,"event_name":"Upgrade Shrine","player_choice":"Upgraded","floor":19.0,"gold_loss":0.0,"damage_taken":0.0,"cards_upgraded":["Die Die Die"]},{"cards_removed":["Strike_G"],"damage_healed":0.0,"max_hp_gain":0.0,"max_hp_loss":0.0,"gold_gain":0.0,"event_name":"Bonfire Elementals","player_choice":"Offered Basic","floor":21.0,"gold_loss":0.0,"damage_taken":0.0},{"damage_healed":0.0,"max_hp_gain":0.0,"max_hp_loss":0.0,"gold_gain":75.0,"event_name":"FaceTrader","player_choice":"Touch","floor":25.0,"gold_loss":0.0,"damage_taken":7.0}],"is_beta":false,"boss_relics":[{"not_picked":["Runic Pyramid","Sozu"],"picked":"SlaversCollar"},{"not_picked":["Tiny House","Coffee Dripper"],"picked":"HoveringKite"}],"items_purged_floors":[29,37],"is_endless":false,"potions_floor_spawned":[4,6,8,10,16,20,22,33,35,40],"killed_by":"4 Shapes","ascension_level":3}}