{"host":"3eao3znc71vovznr","time":1610809192,"event":{"mods":["BaseMod","Minty Spire (QoL Compilation)","StSLib","The Marked"],"gold_per_floor":[119,119,69,81,81,113,113,124,124,124,134,134,162,173,173,272,272,289,141,157,157,173,173,173],"floor_reached":23,"language":"ENG","playtime":742,"items_purged":[],"score":260,"play_id":"c5d0b389-01a9-4f48-9f64-9e79e80687ad","local_time":"20210116155952","is_ascension_mode":true,"campfire_choices":[{"data":"Noxious Fumes","floor":7,"key":"SMITH"},{"data":"Bane","floor":10,"key":"SMITH"},{"data":"Noxious Fumes","floor":15,"key":"SMITH"}],"circlet_count":0,"master_deck":["Strike_G","Strike_G","Strike_G","Defend_G","Defend_G","Defend_G","Defend_G","Defend_G","Survivor","Neutralize","Bane+1","Dodge and Roll","Noxious Fumes+1","Backflip","Deadly Poison","Die Die Die","Riddle With Holes","Noxious Fumes+1","A Thousand Cuts","Bane","Footwork","Bouncing Flask+1"],"relics":["Ring of the Snake","NeowsBlessing","The Specimen","Akabeko","Black Star","Nloth\u0027s Gift"],"acts_visited":["Exordium","TheCity"],"potions_floor_usage":[11,13,20,23,23,23],"damage_taken":[{"damage":0,"enemies":"Small Slimes","floor":1,"turns":1},{"damage":0,"enemies":"2 Louse","floor":4,"turns":1},{"damage":0,"enemies":"Lagavulin","floor":6,"turns":1},{"damage":0,"enemies":"Cultist","floor":8,"turns":4},{"damage":0,"enemies":"Gremlin Gang","floor":11,"turns":5},{"damage":17,"enemies":"Gremlin Nob","floor":13,"turns":4},{"damage":0,"enemies":"Blue Slaver","floor":14,"turns":3},{"damage":12,"enemies":"The Guardian","floor":16,"turns":9},{"damage":24,"enemies":"3 Byrds","floor":18,"turns":4},{"damage":0,"enemies":"Spheric Guardian","floor":20,"turns":2},{"damage":7,"enemies":"Snecko","floor":22,"turns":4},{"damage":53,"enemies":"Slavers","floor":23,"turns":3}],"seed_played":"-3493532771459607382","potions_obtained":[{"floor":6,"key":"Block Potion"},{"floor":11,"key":"Strength Potion"},{"floor":14,"key":"Weak Potion"},{"floor":16,"key":"Energy Potion"},{"floor":20,"key":"SpeedPotion"}],"is_trial":false,"path_per_floor":["M","$","?","M","?","E","R","M","T","R","M","?","E","M","R","B",null,"M","$","M","?","M","E"],"character_chosen":"THE_SILENT","items_purchased":["Footwork","Regen Potion"],"campfire_rested":0,"item_purchase_floors":[19,19],"current_hp_per_floor":[70,70,70,70,70,70,70,70,70,70,70,70,53,53,53,41,70,46,46,46,46,39,0,0],"gold":173,"neow_bonus":"THREE_ENEMY_KILL","is_daily":false,"chose_seed":false,"campfire_upgraded":3,"win_rate":0.0,"timestamp":1610809192,"path_taken":["M","$","?","M","?","E","R","?","T","R","?","?","E","M","R","BOSS","M","?","?","?","M","E"],"items_purchased_type":["Card","Potion"],"build_version":"2020-12-22","purchased_purges":0,"victory":false,"max_hp_per_floor":[70,70,70,70,70,70,70,70,70,70,70,70,70,70,70,70,70,70,70,70,70,70,70,70],"card_choices":[{"not_picked":["Cloak And Dagger","Backflip"],"picked":"Bane","floor":1},{"not_picked":["Cloak And Dagger","Wraith Form v2"],"picked":"Dodge and Roll","floor":4},{"not_picked":["Dodge and Roll","Flechettes"],"picked":"Noxious Fumes","floor":6},{"not_picked":["Blade Dance","Concentrate"],"picked":"Backflip","floor":8},{"not_picked":["Dagger Throw","Accuracy"],"picked":"Deadly Poison","floor":11},{"not_picked":["Dagger Throw","Deflect"],"picked":"Riddle With Holes","floor":13},{"not_picked":["Heel Hook","Finisher"],"picked":"Noxious Fumes","floor":14},{"not_picked":["Malaise","Unload"],"picked":"A Thousand Cuts","floor":16},{"not_picked":["Prepared","Poisoned Stab"],"picked":"Bane","floor":18},{"not_picked":["Dagger Spray","Dagger Throw","Expertise"],"picked":"SKIP","floor":20},{"not_picked":["Burst","Accuracy"],"picked":"Bouncing Flask+1","floor":22}],"player_experience":400733,"relics_obtained":[{"floor":6,"key":"The Specimen"},{"floor":9,"key":"WingedGreaves"},{"floor":13,"key":"Akabeko"}],"event_choices":[{"cards_removed":["Strike_G"],"damage_healed":0,"gold_gain":0,"player_choice":"Card Removal","damage_taken":0,"max_hp_gain":0,"max_hp_loss":0,"event_name":"The Cleric","floor":3,"gold_loss":50},{"cards_removed":["Strike_G"],"damage_healed":0,"gold_gain":0,"player_choice":"Purged","damage_taken":0,"max_hp_gain":0,"max_hp_loss":0,"event_name":"Purifier","floor":5,"gold_loss":0},{"damage_healed":0,"gold_gain":0,"player_choice":"1 cards matched","damage_taken":0,"max_hp_gain":0,"max_hp_loss":0,"event_name":"Match and Keep!","floor":12,"gold_loss":0,"cards_obtained":["Die Die Die"]},{"damage_healed":0,"gold_gain":0,"player_choice":"Traded Relic","damage_taken":0,"relics_obtained":["Nloth\u0027s Gift"],"max_hp_gain":0,"max_hp_loss":0,"event_name":"N\u0027loth","floor":21,"relics_lost":["WingedGreaves"],"gold_loss":0}],"is_beta":false,"boss_relics":[{"not_picked":["HoveringKite","Philosopher\u0027s Stone"],"picked":"Black Star"}],"items_purged_floors":[],"is_endless":false,"potions_floor_spawned":[6,11,14,16,20],"killed_by":"Slavers","ascension_level":3}}