{"host":"1a3cjta80tad0aqj","time":1610804913,"event":{"mods":["2.2 Compatiblity","AchievementEnabler","BaseMod","Colored Map","DeckTracker","KOR Keyword Fix","Keyboard Shortcuts","Minty Spire (QoL Compilation)","Permanent Neow","Quick Restart","Random Character Button","StSLib","SuperFastMode","everything is the same but u backflip on backflip"],"gold_per_floor":[116,136,154,20,20,53,53,78,130,142,154,196,208,250,262,274,274],"floor_reached":16,"language":"KOR","playtime":538,"items_purged":[],"score":132,"play_id":"16a5c3a8-9b37-43a3-b839-310e698aeb84","local_time":"20210116224833","is_ascension_mode":true,"campfire_choices":[{"data":"Dualcast","floor":7,"key":"SMITH"},{"data":"Sunder","floor":11,"key":"SMITH"},{"floor":13,"key":"REST"},{"floor":15,"key":"RECALL"}],"circlet_count":0,"master_deck":["Strike_B","Strike_B","Strike_B","Strike_B","Defend_B","Defend_B","Defend_B","Defend_B","Zap","Dualcast+1","Seek","Sunder+1","Coolheaded","Storm","Barrage","Chill","Regret","Electrodynamics"],"relics":["Cracked Core","Singing Bowl","Art of War","Lantern","MawBank","Regal Pillow","Mummified Hand"],"acts_visited":["Exordium"],"potions_floor_usage":[6,12,12],"damage_taken":[{"damage":0,"enemies":"2 Louse","floor":1,"turns":2},{"damage":2,"enemies":"Small Slimes","floor":2,"turns":3},{"damage":0,"enemies":"Cultist","floor":3,"turns":2},{"damage":29,"enemies":"Gremlin Nob","floor":6,"turns":5},{"damage":8,"enemies":"3 Sentries","floor":8,"turns":7},{"damage":12,"enemies":"Gremlin Nob","floor":12,"turns":3},{"damage":11,"enemies":"Lagavulin","floor":14,"turns":5},{"damage":64,"enemies":"Hexaghost","floor":16,"turns":9}],"seed_played":"-320686064081918137","potions_obtained":[{"floor":1,"key":"Strength Potion"},{"floor":6,"key":"Fruit Juice"},{"floor":8,"key":"AttackPotion"},{"floor":12,"key":"FocusPotion"}],"is_trial":false,"path_per_floor":["M","M","M","$","?","E","R","E","T","$","R","E","R","E","R","B"],"character_chosen":"DEFECT","items_purchased":["Barrage","Chill"],"campfire_rested":1,"item_purchase_floors":[4,4],"current_hp_per_floor":[75,73,73,73,73,51,51,45,45,45,45,35,75,64,64,0,0],"gold":274,"neow_bonus":"ONE_RANDOM_RARE_CARD","is_daily":false,"chose_seed":true,"campfire_upgraded":2,"win_rate":0.0,"timestamp":1610804913,"path_taken":["M","M","M","$","?","E","R","E","T","$","R","E","R","E","R","BOSS"],"items_purchased_type":["Card","Card"],"build_version":"2020-12-22","purchased_purges":0,"victory":false,"max_hp_per_floor":[75,75,75,75,75,82,82,84,84,84,84,86,86,86,86,86,86],"card_choices":[{"not_picked":["Leap","Ball Lightning"],"picked":"Sunder","floor":1},{"not_picked":["Meteor Strike","Go for the Eyes"],"picked":"Coolheaded","floor":2},{"not_picked":["Conserve Battery","Heatsinks"],"picked":"Storm","floor":3},{"not_picked":["Force Field","Storm","Doom and Gloom"],"picked":"Singing Bowl","floor":6},{"not_picked":["Streamline","Barrage","Redo"],"picked":"Singing Bowl","floor":8},{"not_picked":["Stack","Compile Driver","Beam Cell"],"picked":"Singing Bowl","floor":12},{"not_picked":["Auto Shields","Ball Lightning"],"picked":"Electrodynamics","floor":14}],"player_experience":671917,"relics_obtained":[{"floor":6,"key":"Art of War"},{"floor":8,"key":"Lantern"},{"floor":9,"key":"MawBank"},{"floor":12,"key":"Regal Pillow"},{"floor":14,"key":"Mummified Hand"}],"event_choices":[{"damage_healed":0,"gold_gain":0,"player_choice":"Box","damage_taken":0,"relics_obtained":["Singing Bowl"],"max_hp_gain":0,"max_hp_loss":0,"event_name":"Big Fish","floor":5,"gold_loss":0,"cards_obtained":["Regret"]}],"is_beta":false,"boss_relics":[],"items_purged_floors":[],"is_endless":false,"potions_floor_spawned":[1,6,8,12],"killed_by":"Hexaghost","ascension_level":1}}