{"host":"q50ttuv713gicbhz","time":1610814243,"event":{"mods":["AchievementEnabler","BaseMod","Bestiary","Minty Spire (QoL Compilation)"],"gold_per_floor":[119,136,156,156,41,72,72,146,146,166,186,186,213,240,240,335,335,345,12,22,34,47,47,82,82,129,141,169,181,181],"floor_reached":29,"language":"ENG","playtime":1983,"items_purged":["Defend_B","Strike_B"],"score":280,"play_id":"66e260bb-78e1-4cd1-90f7-785a4dae0a95","local_time":"20210116182403","is_ascension_mode":false,"campfire_choices":[{"data":"Echo Form","floor":7,"key":"SMITH"},{"floor":12,"key":"REST"},{"floor":15,"key":"REST"},{"floor":23,"key":"REST"},{"data":"Defragment","floor":25,"key":"SMITH"},{"data":"Defragment","floor":27,"key":"SMITH"}],"circlet_count":0,"master_deck":["Strike_B","Strike_B","Defend_B","Defend_B","Defend_B","Zap","Dualcast","Heatsinks","Genetic Algorithm","Conserve Battery","Streamline","Capacitor","Echo Form+1","Defragment+1","Coolheaded","Melter","Coolheaded","Gash","Blizzard","Electrodynamics","Gash+1","Glacier","Defragment+1","Cold Snap","Rebound"],"relics":["Cracked Core","InkBottle","Strawberry","Potion Belt","Odd Mushroom","Matryoshka","Runic Dome","Bottled Lightning","MawBank","Omamori"],"acts_visited":["Exordium","TheCity"],"potions_floor_usage":[6,16,16,24],"damage_taken":[{"damage":7,"enemies":"2 Louse","floor":1,"turns":3},{"damage":5,"enemies":"Jaw Worm","floor":2,"turns":4},{"damage":3,"enemies":"Small Slimes","floor":3,"turns":3},{"damage":34,"enemies":"3 Sentries","floor":6,"turns":8},{"damage":13,"enemies":"Looter","floor":10,"turns":3},{"damage":0,"enemies":"3 Louse","floor":11,"turns":4},{"damage":27,"enemies":"The Mushroom Lair","floor":13,"turns":6},{"damage":0,"enemies":"Lagavulin","floor":14,"turns":6},{"damage":14,"enemies":"Hexaghost","floor":16,"turns":10},{"damage":20,"enemies":"Chosen","floor":18,"turns":7},{"damage":0,"enemies":"3 Byrds","floor":20,"turns":3},{"damage":17,"enemies":"Cultist and Chosen","floor":21,"turns":5},{"damage":33,"enemies":"Snake Plant","floor":22,"turns":5},{"damage":10,"enemies":"Book of Stabbing","floor":24,"turns":8},{"damage":8,"enemies":"Shelled Parasite and Fungi","floor":28,"turns":5},{"damage":0,"enemies":"Colosseum Slavers","floor":29,"turns":4},{"damage":19,"enemies":"Colosseum Nobs","floor":29,"turns":4}],"seed_played":"-5684377100020547856","potions_obtained":[{"floor":1,"key":"LiquidBronze"},{"floor":2,"key":"DuplicationPotion"},{"floor":11,"key":"Ancient Potion"},{"floor":14,"key":"LiquidMemories"},{"floor":20,"key":"DuplicationPotion"},{"floor":21,"key":"SkillPotion"},{"floor":28,"key":"PotionOfCapacity"}],"is_trial":false,"path_per_floor":["M","M","M","?","$","E","R","?","T","M","M","R","?","E","R","B",null,"M","$","M","M","M","R","E","R","T","R","M","?"],"character_chosen":"DEFECT","items_purchased":["Capacitor","Blizzard","Electrodynamics"],"campfire_rested":3,"item_purchase_floors":[5,19,19],"current_hp_per_floor":[68,63,60,57,57,30,30,30,30,17,17,41,14,14,38,24,82,62,62,62,45,12,36,26,26,26,26,18,0,0],"gold":181,"neow_bonus":"TRANSFORM_CARD","is_daily":false,"chose_seed":false,"campfire_upgraded":3,"win_rate":0.0,"timestamp":1610814243,"path_taken":["M","M","M","?","$","E","R","?","T","M","M","R","?","E","R","BOSS","M","$","M","M","M","R","E","R","T","R","M","?"],"items_purchased_type":["Card","Card","Card"],"build_version":"2020-12-22","purchased_purges":2,"victory":false,"max_hp_per_floor":[75,75,75,75,75,82,82,82,82,82,82,82,82,82,82,82,82,82,82,82,82,82,82,82,82,82,82,82,82,82],"card_choices":[{"not_picked":["Doom and Gloom","Gash"],"picked":"Genetic Algorithm","floor":1},{"not_picked":["Leap","Hologram"],"picked":"Conserve Battery","floor":2},{"not_picked":["Undo","Redo"],"picked":"Streamline","floor":3},{"not_picked":["Redo","Rebound"],"picked":"Echo Form","floor":6},{"not_picked":["Ball Lightning","Aggregate"],"picked":"Defragment","floor":10},{"not_picked":["Auto Shields","White Noise"],"picked":"Coolheaded","floor":11},{"not_picked":["Hello World","Conserve Battery"],"picked":"Melter","floor":13},{"not_picked":["Turbo","Blizzard"],"picked":"Coolheaded","floor":14},{"not_picked":["Double Energy","Stack"],"picked":"Gash","floor":18},{"not_picked":["Turbo","Redo"],"picked":"Gash+1","floor":20},{"not_picked":["Leap","Doom and Gloom"],"picked":"Glacier","floor":21},{"not_picked":["Ball Lightning+1","Turbo"],"picked":"Defragment","floor":22},{"not_picked":["Beam Cell","Ball Lightning+1"],"picked":"Cold Snap","floor":24},{"not_picked":["Beam Cell","Echo Form"],"picked":"Rebound","floor":28}],"player_experience":93530,"relics_obtained":[{"floor":6,"key":"Strawberry"},{"floor":9,"key":"Potion Belt"},{"floor":13,"key":"Odd Mushroom"},{"floor":14,"key":"Matryoshka"},{"floor":24,"key":"Bottled Lightning"},{"floor":26,"key":"MawBank"},{"floor":26,"key":"Omamori"}],"event_choices":[{"damage_healed":0,"gold_gain":0,"player_choice":"Success","damage_taken":3,"relics_obtained":["InkBottle"],"max_hp_gain":0,"max_hp_loss":0,"event_name":"Scrap Ooze","floor":4,"gold_loss":0},{"damage_healed":0,"gold_gain":74,"player_choice":"Gained Gold","damage_taken":0,"max_hp_gain":0,"max_hp_loss":0,"event_name":"Golden Wing","floor":8,"gold_loss":0},{"damage_healed":0,"gold_gain":0,"player_choice":"Fought Mushrooms","damage_taken":0,"max_hp_gain":0,"max_hp_loss":0,"event_name":"Mushrooms","floor":13,"gold_loss":0},{"damage_healed":0,"gold_gain":0,"player_choice":"Fight","damage_taken":0,"max_hp_gain":0,"max_hp_loss":0,"event_name":"Colosseum","floor":29,"gold_loss":0},{"damage_healed":0,"gold_gain":0,"player_choice":"Fought Nobs","damage_taken":0,"max_hp_gain":0,"max_hp_loss":0,"event_name":"Colosseum","floor":29,"gold_loss":0}],"is_beta":false,"boss_relics":[{"not_picked":["Velvet Choker","Tiny House"],"picked":"Runic Dome"}],"items_purged_floors":[5,19],"is_endless":false,"potions_floor_spawned":[1,2,11,14,20,21,28],"killed_by":"Colosseum Nobs","ascension_level":0}}