{"host":"h2gxemxa99wv6yfu","time":1610755673,"event":{"mods":["Bard","BaseMod","Beaked The Cultist","BetterRewards","Block Reminder","Colored Powertips","Conspire","Friendly Minions","Glutton Mod","Highlight Path","Hubris","Infinite Spire","Mad Scientist","Marisa????????","Minty Spire (QoL Compilation)","Permanent Neow","Quick Restart","Relic Stats","Replay The Spire","Shop Mod","StSLib","The Animator","The Blackbeard","The Bug Knight","The Construct","The Disciple","The Mystic","The Necromancer","The Servant 0.9.4","The Witch"],"gold_per_floor":[114,114,114,39,39,39,39,39],"floor_reached":7,"language":"ENG","playtime":211,"items_purged":["HollowMod:NailStrikeStart"],"score":37,"play_id":"d1b5b98f-25e6-43b8-aa6e-7b4a7954849f","local_time":"20210115180753","is_ascension_mode":false,"campfire_choices":[{"data":"HollowMod:FocusHealStart","floor":6,"key":"SMITH"}],"circlet_count":0,"master_deck":["HollowMod:NailStrikeStart","HollowMod:NailStrikeStart","HollowMod:NailStrikeStart","HollowMod:QuickDashStart","HollowMod:QuickDashStart","HollowMod:QuickDashStart","HollowMod:QuickDashStart","HollowMod:FocusHealStart+1","HollowMod:PogoStrike","HollowMod:InfectedCysts"],"relics":["HollowMod:VesselMask","Ancient Tea Set","Bronze Scales","Golden Idol"],"acts_visited":["Exordium"],"potions_floor_usage":[],"damage_taken":[{"damage":3,"enemies":"Small Slimes","floor":1,"turns":2},{"damage":69,"enemies":"Lagavulin","floor":7,"turns":6}],"seed_played":"3579112566263962121","potions_obtained":[],"is_trial":false,"path_per_floor":["M","?","?","$","?","R","E"],"character_chosen":"THE_BUGKNIGHT","items_purchased":[],"campfire_rested":0,"item_purchase_floors":[],"current_hp_per_floor":[72,72,72,72,54,54,0,0],"gold":39,"neow_bonus":"RANDOM_COMMON_RELIC","is_daily":false,"chose_seed":false,"campfire_upgraded":1,"win_rate":0.0,"timestamp":1610755673,"path_taken":["M","?","?","$","?","R","E"],"items_purchased_type":[],"build_version":"2020-12-22","purchased_purges":1,"victory":false,"max_hp_per_floor":[75,75,75,75,75,75,75,75],"relic_stats":{"counters":[2,8],"Golden Idol":0,"Bronze Scales":[9],"obtain_stats":[{"Golden Idol":5,"Bronze Scales":2,"HollowMod:VesselMask":0,"Ancient Tea Set":0},{"Golden Idol":1,"Bronze Scales":1,"HollowMod:VesselMask":0,"Ancient Tea Set":0},{"Golden Idol":2,"Bronze Scales":2,"HollowMod:VesselMask":0,"Ancient Tea Set":0}]},"card_choices":[{"not_picked":["HollowMod:LifebloodCocoon","HollowMod:SiblingsSouls"],"picked":"HollowMod:InfectedCysts","floor":1}],"player_experience":16140,"relics_obtained":[{"floor":2,"key":"Bronze Scales"}],"event_choices":[{"damage_healed":0,"gold_gain":0,"player_choice":"Take Damage","damage_taken":18,"relics_obtained":["Golden Idol"],"max_hp_gain":0,"max_hp_loss":0,"event_name":"Golden Idol","floor":5,"gold_loss":0}],"is_beta":false,"boss_relics":[],"items_purged_floors":[4],"is_endless":false,"potions_floor_spawned":[],"killed_by":"Lagavulin","ascension_level":0}}