{"host":"6to8m083wj0ro91z","time":1610816093,"event":{"mods":["100% Spire Juice","BaseMod","Better Third Choice","BetterRewards","CatGirl Mod","ChefMod","Friendly Minions","GungeonMod","Hubris","Mad Scientist","Marisa????????","Minty Spire (QoL Compilation)","Railgun Mod","Robot Space Explorer","Shade Mod","Spicy Shops","StSLib","The Blackbeard","The Death Knight","The Gatherer","The Marked","The Mystic","The Necromancer","The Servant 0.9.4"],"gold_per_floor":[117,140,157,172,172,206,206,239,239,78,103,7,40,57,57,156,156,176,176,188,188,44,75,75,100,127,158,173,193,228,228,228,331,331,344,344,226,242,9,9,37,37,108,141,141,18,18,31,31,31,31,31,31,64,64],"floor_reached":56,"language":"ENG","playtime":2633,"items_purged":["Shade:Strike_Shade","Shade:Strike_Shade","Shade:Defend_Shade","Shade:CarefulCut","Shade:Strike_Shade","Shade:Defend_Shade"],"score":2011,"play_id":"d84aca28-e6c9-4350-9851-7d4b19114e02","local_time":"20210116175453","is_ascension_mode":true,"campfire_choices":[{"data":"Shade:FreshBones","floor":15,"key":"SMITH"},{"data":"Shade:AuraOfUnlife","floor":24,"key":"SMITH"},{"data":"Shade:PressTheAttack","floor":32,"key":"SMITH"},{"data":"Shade:UnbarTheGrave","floor":40,"key":"SMITH"},{"data":"Shade:OpenGraves","floor":42,"key":"SMITH"},{"data":"Shade:Coordination","floor":45,"key":"SMITH"},{"floor":47,"key":"RECALL"},{"data":"Shade:AnimateDead","floor":49,"key":"SMITH"},{"data":"Shade:Premonition","floor":52,"key":"SMITH"}],"circlet_count":0,"master_deck":["Shade:Defend_Shade","Shade:AnimateDead+1","Shade:AuraOfUnlife","Shade:OpenGraves+1","Shade:AuraOfUnlife+1","Shade:FuneraryJewels","Shade:CoffinDance","Shade:FreshBones+1","Shade:UnbarTheGrave+1","Shade:Coordination+1","Shade:PressTheAttack+1","Shade:WallOfFlesh","Shade:AuraOfUnlife","Panache","Shade:Premonition+1","hubris:DuctTapeCard","Shade:CommandSoldier+1"],"relics":["Shade:YorickSkull","Oddly Smooth Stone","Juzu Bracelet","Lantern","Medical Kit","Membership Card","hubris:BundleOfHerbs","DemoMod:ClearGuonStone","Ancient Tea Set","Smiling Mask","Tiny Chest","Bottled Lightning","Centennial Puzzle","ClockworkSouvenir","DemoMod:NanoMachines","DemoMod:PartiallyEatenCheese","hubris:RunicObelisk","hubris:GlazedTorus","hubris:SlimyHat","Happy Flower","DemoMod:Metronome","Turnip","Bronze Scales","DemoMod:PinkGuonStone","SlaversCollar","Bag of Preparation","Strawberry","Orichalcum","hubris:DuctTape","hubris:SphereOfDissonance","DemoMod:WhiteGuonStone","Boot"],"acts_visited":["Exordium","TheCity","TheBeyond","TheEnding"],"potions_floor_usage":[6,8,25,55,55,55],"damage_taken":[{"damage":0,"enemies":"Cultist","floor":1,"turns":6},{"damage":0,"enemies":"Jaw Worm","floor":3,"turns":4},{"damage":0,"enemies":"Small Slimes","floor":4,"turns":4},{"damage":25,"enemies":"Gremlin Nob","floor":6,"turns":5},{"damage":1,"enemies":"Lagavulin","floor":8,"turns":7},{"damage":9,"enemies":"3 Sentries","floor":11,"turns":10},{"damage":0,"enemies":"Lagavulin","floor":13,"turns":6},{"damage":0,"enemies":"Looter","floor":14,"turns":2},{"damage":0,"enemies":"Hexaghost","floor":16,"turns":5},{"damage":0,"enemies":"Spheric Guardian","floor":18,"turns":4},{"damage":0,"enemies":"Chosen","floor":20,"turns":5},{"damage":5,"enemies":"Gremlin Leader","floor":23,"turns":5},{"damage":0,"enemies":"Slavers","floor":25,"turns":3},{"damage":0,"enemies":"Gremlin Leader","floor":27,"turns":5},{"damage":0,"enemies":"3 Cultists","floor":28,"turns":3},{"damage":0,"enemies":"Snecko","floor":29,"turns":5},{"damage":0,"enemies":"Book of Stabbing","floor":30,"turns":5},{"damage":0,"enemies":"hubris:MusketHawk","floor":33,"turns":8},{"damage":0,"enemies":"Orb Walker","floor":35,"turns":3},{"damage":0,"enemies":"3 Shapes","floor":38,"turns":3},{"damage":0,"enemies":"Giant Head","floor":41,"turns":8},{"damage":0,"enemies":"Reptomancer","floor":44,"turns":5},{"damage":0,"enemies":"3 Darklings","floor":48,"turns":4},{"damage":3,"enemies":"Time Eater","floor":50,"turns":8},{"damage":9,"enemies":"Shield and Spear","floor":54,"turns":5},{"damage":0,"enemies":"The Heart","floor":55,"turns":7}],"seed_played":"1008451616058313330","potions_obtained":[{"floor":3,"key":"FearPotion"},{"floor":4,"key":"GamblersBrew"},{"floor":11,"key":"Strength Potion"},{"floor":14,"key":"Swift Potion"},{"floor":25,"key":"Ancient Potion"},{"floor":30,"key":"LiquidBronze"},{"floor":38,"key":"SkillPotion"}],"is_trial":false,"path_per_floor":["M","T","M","M","?","E","$","E","T","$","E","$","E","M","R","B",null,"M","?","M","?","$","E","R","E","T","E","M","M","E","T","R","B",null,"M","?","$","M","$","R","E","R","T","E","R","$","R","M","R","B",null,"R","$","E","B",null],"character_chosen":"SHADE","items_purchased":["Oddly Smooth Stone","Juzu Bracelet","Shade:AuraOfUnlife","Lantern","Medical Kit","Shade:OpenGraves","Membership Card","hubris:BundleOfHerbs","DemoMod:ClearGuonStone","Regen Potion","Centennial Puzzle","ClockworkSouvenir","Shade:FreshBones","hubris:GlazedTorus","Bag of Preparation","Shade:AuraOfUnlife","Panache","Strawberry","Shade:Premonition","DemoMod:WhiteGuonStone"],"campfire_rested":0,"item_purchase_floors":[0,0,0,0,0,0,0,0,0,0,10,10,12,22,37,37,39,39,39,46],"current_hp_per_floor":[43,43,43,43,31,6,6,32,32,32,23,23,23,23,23,23,65,65,65,65,65,65,60,60,60,60,60,60,60,60,67,67,67,72,72,72,72,72,79,79,79,79,79,79,79,79,79,79,79,76,79,79,79,70,70],"gold":64,"neow_bonus":"","is_daily":false,"chose_seed":false,"campfire_upgraded":8,"win_rate":0.0,"timestamp":1610816093,"path_taken":["M","?","M","M","?","E","?","E","T","$","E","$","E","M","R","BOSS","M","?","M","?","?","E","R","E","T","E","M","M","E","?","R","BOSS","M","?","?","M","$","R","E","R","T","E","R","$","R","M","R","BOSS","R","$","E","BOSS"],"items_purchased_type":["Relic","Relic","Card","Relic","Relic","Card","Relic","Relic","Relic","Potion","Relic","Relic","Card","Relic","Relic","Card","Card","Relic","Card","Relic"],"build_version":"2020-12-22","purchased_purges":6,"victory":true,"max_hp_per_floor":[65,65,65,65,65,65,65,65,65,65,65,65,65,65,65,65,65,65,65,65,65,65,65,65,65,65,65,65,65,65,72,72,72,72,72,72,72,72,79,79,79,79,79,79,79,79,79,79,79,79,79,79,79,79,79],"card_choices":[{"not_picked":["Shade:RitualOffering","Shade:FleshToFlesh","Shade:ScuttlingHand"],"picked":"SKIP","floor":1},{"not_picked":["Shade:SpontaneousRitual","Shade:FeralStrike"],"picked":"Shade:AuraOfUnlife","floor":3},{"not_picked":["Shade:Trample","Shade:SkeletonHug","Shade:FleshToFlesh"],"picked":"SKIP","floor":4},{"not_picked":["Shade:ExtraLimbs","Shade:CloudOfShrapnel","Shade:Brains"],"picked":"SKIP","floor":6},{"not_picked":["Shade:ScuttlingHand","Shade:Brains"],"picked":"Shade:FuneraryJewels","floor":8},{"not_picked":["Shade:ScuttlingHand","Shade:FingerOfDeath"],"picked":"Shade:CoffinDance","floor":11},{"not_picked":["Shade:FeralStrike","Shade:CallWraith"],"picked":"Shade:UnbarTheGrave","floor":13},{"not_picked":["Shade:FeralStrike","Shade:Patience","Shade:GreyBargain"],"picked":"SKIP","floor":14},{"not_picked":["Shade:DarkOfNight","Shade:Putrefaction"],"picked":"Shade:Coordination","floor":16},{"not_picked":["Shade:Asphyxiate","Shade:GreyBargain"],"picked":"Shade:PressTheAttack","floor":18},{"not_picked":["Shade:ExtraLimbs+1","Shade:ClawBack","Shade:FuneraryArmor"],"picked":"SKIP","floor":20},{"not_picked":["Shade:AncientSpear+1","Shade:ClawBack+1","Shade:Trample"],"picked":"SKIP","floor":23},{"not_picked":["Shade:BoneShards+1","Shade:Brains+1"],"picked":"Shade:WallOfFlesh","floor":25},{"not_picked":["Shade:ClawBack+1","Shade:RavenousHorde","Shade:LoseControl"],"picked":"SKIP","floor":27},{"not_picked":["Shade:FleshLikeOak","Shade:FuneraryArmor"],"picked":"Shade:Premonition+1","floor":28},{"not_picked":["Shade:FleshLikeOak","Shade:ExtraLimbs+1","Shade:Frenzy"],"picked":"SKIP","floor":29},{"not_picked":["Shade:CoffinDance","Shade:LoseControl","Shade:FleshToFlesh"],"picked":"SKIP","floor":30},{"not_picked":["Shade:Brains","Shade:WallOfFlesh","Shade:ClawBack"],"picked":"SKIP","floor":35},{"not_picked":["Shade:AncientSpear","Shade:Bonestorm+1","Shade:OpenGraves"],"picked":"SKIP","floor":38},{"not_picked":["Shade:RavenousHorde","Shade:Excise","Shade:SkeletonHug"],"picked":"SKIP","floor":41},{"not_picked":["Shade:Frenzy+1","Shade:SoulToxin","Shade:AblativeArmor"],"picked":"SKIP","floor":44},{"not_picked":["Shade:CoffinDance","Shade:SensePrey+1"],"picked":"Shade:CommandSoldier+1","floor":48},{"not_picked":["Shade:SoulPierce","Shade:WallOfFlesh+1","Shade:Trample"],"picked":"SKIP","floor":54}],"player_experience":1131841,"relics_obtained":[{"floor":6,"key":"Smiling Mask"},{"floor":8,"key":"Tiny Chest"},{"floor":9,"key":"Bottled Lightning"},{"floor":11,"key":"DemoMod:NanoMachines"},{"floor":13,"key":"DemoMod:PartiallyEatenCheese"},{"floor":23,"key":"hubris:SlimyHat"},{"floor":25,"key":"Happy Flower"},{"floor":26,"key":"DemoMod:Metronome"},{"floor":27,"key":"Turnip"},{"floor":30,"key":"Bronze Scales"},{"floor":31,"key":"DemoMod:PinkGuonStone"},{"floor":41,"key":"Orichalcum"},{"floor":43,"key":"hubris:DuctTape"},{"floor":44,"key":"hubris:SphereOfDissonance"},{"floor":54,"key":"Boot"}],"event_choices":[{"damage_healed":0,"gold_gain":0,"player_choice":"Relic ","damage_taken":12,"max_hp_gain":0,"max_hp_loss":0,"event_name":"betterThird:BetterScrap","floor":5,"gold_loss":0,"cards_obtained":["Finisher"]},{"damage_healed":0,"gold_gain":0,"player_choice":"0 cards matched","damage_taken":0,"max_hp_gain":0,"max_hp_loss":0,"event_name":"Match and Keep!","floor":19,"gold_loss":0,"cards_obtained":[]},{"cards_removed":["Shade:Strike_Shade"],"damage_healed":0,"gold_gain":0,"player_choice":"Purged","damage_taken":0,"max_hp_gain":0,"max_hp_loss":0,"event_name":"Purifier","floor":21,"gold_loss":0},{"cards_removed":["OortCloud"],"damage_healed":0,"gold_gain":0,"player_choice":"Took Card","damage_taken":0,"max_hp_gain":0,"max_hp_loss":0,"event_name":"NoteForYourself","floor":36,"gold_loss":0,"cards_obtained":["OortCloud"]}],"is_beta":false,"boss_relics":[{"not_picked":["Velvet Choker","hubris:TerracottaHorce"],"picked":"hubris:RunicObelisk"},{"not_picked":["hubris:HollowSoul","Busted Crown"],"picked":"SlaversCollar"}],"items_purged_floors":[0,0,0,10,12,46],"is_endless":false,"potions_floor_spawned":[3,4,11,14,20,25,28,30,33,38,44,54],"ascension_level":1}}