{"host":"w11d5xug8ost5klq","time":1610819765,"event":{"mods":["2.2 Compatiblity","BaseMod","Better Third Choice","Emptier Cage","Highlight Path","Minty Spire (QoL Compilation)","Quick Restart","Spicy Shops","StSLib","The Marked"],"gold_per_floor":[119,69,69,86,99,99,128,11,36,50,50,67,82,92,92,195,195,210,60,41,41,41],"floor_reached":21,"language":"ENG","playtime":839,"items_purged":[],"score":192,"play_id":"a7c3062b-1f3a-4e88-8a87-42c681b3f7a1","local_time":"20210116115605","is_ascension_mode":true,"campfire_choices":[{"data":"theMarked:Generate","floor":6,"key":"SMITH"},{"data":"theMarked:MysticalArsenal","floor":11,"key":"SMITH"},{"floor":15,"key":"REST"}],"circlet_count":0,"master_deck":["theMarked:Strike","theMarked:Strike","theMarked:Strike","theMarked:Strike","theMarked:Defend","theMarked:Defend","theMarked:Defend","theMarked:Defend","theMarked:SoldierOfQuellstein+1","theMarked:GodGivenPower","theMarked:Generate+1","theMarked:SoldierForm","theMarked:MysticalArsenal+1","theMarked:ParalyzingBlade","theMarked:ComboAttacks","theMarked:SummonStrength","theMarked:EmpowerWeapon"],"relics":["theMarked:ArtifactOfAir","Centennial Puzzle","Pen Nib","Busted Crown","MealTicket"],"acts_visited":["Exordium","TheCity"],"potions_floor_usage":[16],"damage_taken":[{"damage":0,"enemies":"2 Louse","floor":1,"turns":3},{"damage":1,"enemies":"Jaw Worm","floor":4,"turns":3},{"damage":0,"enemies":"Small Slimes","floor":5,"turns":4},{"damage":16,"enemies":"3 Sentries","floor":7,"turns":7},{"damage":2,"enemies":"Looter","floor":10,"turns":4},{"damage":16,"enemies":"Large Slime","floor":12,"turns":4},{"damage":11,"enemies":"Blue Slaver","floor":13,"turns":4},{"damage":12,"enemies":"Exordium Thugs","floor":14,"turns":5},{"damage":33,"enemies":"The Guardian","floor":16,"turns":7},{"damage":42,"enemies":"3 Byrds","floor":18,"turns":4},{"damage":25,"enemies":"2 Thieves","floor":20,"turns":4}],"seed_played":"5381680069725014585","potions_obtained":[{"floor":1,"key":"Ancient Potion"},{"floor":5,"key":"PowerPotion"},{"floor":10,"key":"Explosive Potion"},{"floor":18,"key":"LiquidMemories"}],"is_trial":false,"path_per_floor":["M","?","?","M","M","R","E","$","T","M","R","M","M","M","R","B",null,"M","$","M","?"],"character_chosen":"THE_DEFAULT","items_purchased":["theMarked:MysticalArsenal","MealTicket"],"campfire_rested":1,"item_purchase_floors":[8,19],"current_hp_per_floor":[70,70,75,74,74,74,58,58,58,56,56,40,29,17,39,6,75,33,33,8,0,0],"gold":41,"neow_bonus":"UPGRADE_CARD","is_daily":false,"chose_seed":false,"campfire_upgraded":2,"win_rate":0.0,"timestamp":1610819765,"path_taken":["M","?","?","M","M","R","E","$","T","M","R","?","M","M","R","BOSS","M","$","M","?"],"items_purchased_type":["Card","Relic"],"build_version":"2020-12-22","purchased_purges":0,"victory":false,"max_hp_per_floor":[70,70,75,75,75,75,75,75,75,75,75,75,75,75,75,75,75,75,75,75,75,75],"card_choices":[{"not_picked":["theMarked:TunnelVision","theMarked:RepellingDischarge"],"picked":"theMarked:GodGivenPower","floor":1},{"not_picked":["theMarked:Seal","theMarked:ReduceFriction"],"picked":"theMarked:Generate","floor":4},{"not_picked":["theMarked:Parkour","theMarked:WastefulAttack","theMarked:Frustration"],"picked":"SKIP","floor":5},{"not_picked":["theMarked:Improvise","theMarked:TwofoldDefense"],"picked":"theMarked:SoldierForm","floor":7},{"not_picked":["theMarked:Frustration","theMarked:Polarize"],"picked":"theMarked:ParalyzingBlade","floor":10},{"not_picked":["theMarked:WastefulAttack","theMarked:SwordAndMagic","theMarked:HeightenedSenses"],"picked":"SKIP","floor":12},{"not_picked":["theMarked:BanishingStrike","theMarked:TwofoldDefense"],"picked":"theMarked:ComboAttacks","floor":13},{"not_picked":["theMarked:SwordAndMagic","theMarked:ShockingTouch","theMarked:Reabsorb"],"picked":"SKIP","floor":14},{"not_picked":["theMarked:Abjuration","theMarked:MuscleMemory"],"picked":"theMarked:SummonStrength","floor":16},{"not_picked":["theMarked:ContemptForTheProud"],"picked":"SKIP","floor":18},{"not_picked":[],"picked":"theMarked:EmpowerWeapon","floor":20}],"player_experience":114399,"relics_obtained":[{"floor":7,"key":"Centennial Puzzle"},{"floor":9,"key":"Pen Nib"}],"event_choices":[{"cards_removed":["theMarked:Strike"],"damage_healed":0,"gold_gain":0,"player_choice":"Card Removal","damage_taken":0,"max_hp_gain":0,"max_hp_loss":0,"event_name":"The Cleric","floor":2,"gold_loss":50},{"damage_healed":0,"gold_gain":0,"player_choice":"Donut","damage_taken":0,"max_hp_gain":5,"max_hp_loss":0,"event_name":"Big Fish","floor":3,"gold_loss":0}],"is_beta":false,"boss_relics":[{"not_picked":["Runic Pyramid","Snecko Eye"],"picked":"Busted Crown"}],"items_purged_floors":[],"is_endless":false,"potions_floor_spawned":[1,5,10,18],"ascension_level":1}}