{"host":"aj6dldabq8s02zuz","time":1610824813,"event":{"mods":["AchievementEnabler","BaseMod","Better Note","Better Third Choice","Block Reminder","Colored Map","Custom Start","Downfall","Hermit","Highlight Path","Hubris","Minty Spire (QoL Compilation)","Permanent Neow","Quick Restart","Relic Sorter","StSLib","The Blue Laboratory","The Jungle","UnlockEverythingMod","Wandering Minibosses"],"gold_per_floor":[99,110,110,121,134,160,187,187,198,231,31,59,71,71,85,185,185,85,101,120,139,155,155,155,174,9,40,50,50,50],"floor_reached":29,"language":"ENG","playtime":2249,"items_purged":[],"score":309,"play_id":"b7026112-97b7-4037-a61b-2373935cf347","local_time":"20210116132013","is_ascension_mode":false,"campfire_choices":[{"floor":1,"key":"RECALL"},{"data":"bronze:Shell","floor":11,"key":"SMITH"},{"data":"bronze:Hardcode","floor":18,"key":"SMITH"},{"floor":23,"key":"REST"}],"circlet_count":0,"master_deck":["bronze:Strike","bronze:Strike+1","bronze:Strike+1","bronze:Strike","bronze:Defend","bronze:Defend","bronze:Defend","bronze:Defend","bronze:Replicate+1","bronze:Goto+1","bronze:Repair+1","bronze:Flail+1","bronze:WildBeam","bronze:Invalidate","bronze:Shell+1","bronze:Hardcode+1","bronze:Iterate","bronze:CleanCode","bronze:ForceShield","bronze:Repair","bronze:Turbo","bronze:DelayedSlice","bronze:Boost","bronze:DigitalCarnage","bronze:Shield"],"relics":["bronze:BronzeCore","hubris:BundleOfHerbs","hexamod:BolsterEngine","hubris:ToyBattleship","downfall:HeartBlessingRed","downfall:HeartBlessingBlue","Whetstone","hubris:HollowSoul","downfall:HeartBlessingGreen","bronze:SilverBullet","Membership Card","Calipers"],"acts_visited":["Exordium","TheCity"],"potions_floor_usage":[16,25],"damage_taken":[{"damage":8,"enemies":"Small Slimes","floor":2,"turns":4},{"damage":0,"enemies":"Cultist","floor":4,"turns":4},{"damage":7,"enemies":"2 Louse","floor":5,"turns":3},{"damage":11,"enemies":"Large Slime","floor":9,"turns":4},{"damage":53,"enemies":"Lagavulin","floor":10,"turns":7},{"damage":40,"enemies":"Gremlin Nob","floor":12,"turns":5},{"damage":10,"enemies":"Exordium Thugs","floor":13,"turns":2},{"damage":4,"enemies":"Blue Slaver","floor":15,"turns":4},{"damage":96,"enemies":"WA_ARCHETYPE_RETAIN","floor":16,"turns":11},{"damage":35,"enemies":"3 Byrds","floor":19,"turns":6},{"damage":38,"enemies":"Spheric Guardian","floor":20,"turns":6},{"damage":0,"enemies":"Snake Plant","floor":21,"turns":2},{"damage":48,"enemies":"Shelled Parasite and Fungi","floor":22,"turns":7},{"damage":36,"enemies":"Cultist and Chosen","floor":25,"turns":5},{"damage":0,"enemies":"downfall:FleeingMerchant","floor":26,"turns":4},{"damage":0,"enemies":"Book of Stabbing","floor":27,"turns":1},{"damage":49,"enemies":"Snecko","floor":28,"turns":8},{"damage":0,"enemies":"3 Cultists","floor":29,"turns":1}],"seed_played":"4002379228097666196","potions_obtained":[{"floor":9,"key":"blueLaboratory:BubblePotion"},{"floor":10,"key":"ColorlessPotion"},{"floor":12,"key":"SteroidPotion"},{"floor":21,"key":"Guardian:BlockOnCardUsePotion"},{"floor":25,"key":"Explosive Potion"}],"is_trial":false,"path_per_floor":["R","M","?","M","M","T","T","?","M","E","R","E","M","?","M","B",null,"R","M","M","M","M","R","T","M","$","E","M","M"],"character_chosen":"THE_AUTOMATON","items_purchased":["Membership Card"],"campfire_rested":1,"item_purchase_floors":[26],"current_hp_per_floor":[70,62,62,70,63,63,63,63,62,9,19,29,19,24,30,23,80,80,50,22,40,20,44,44,18,35,40,1,16,16],"gold":50,"neow_bonus":"RANDOM_COMMON_RELIC","is_daily":false,"chose_seed":false,"campfire_upgraded":2,"win_rate":0.0,"timestamp":1610824813,"path_taken":["R","M","?","?","?","?","T","?","M","E","R","E","M","?","M","BOSS","R","M","M","M","M","R","T","M","$","E","M","M"],"items_purchased_type":["Relic"],"build_version":"2020-12-22","purchased_purges":0,"victory":false,"max_hp_per_floor":[70,70,70,70,70,70,70,70,70,70,80,80,80,80,80,80,80,80,80,80,80,80,80,80,80,80,80,80,16,16],"card_choices":[{"not_picked":["bronze:Constructor","bronze:WildBeam"],"picked":"bronze:Repair","floor":2},{"not_picked":["bronze:CutThrough","bronze:Optimize"],"picked":"bronze:Flail","floor":4},{"not_picked":["bronze:Safeguard","bronze:BugBarrage"],"picked":"bronze:WildBeam","floor":5},{"not_picked":["bronze:BronzeArmor","bronze:WildBeam"],"picked":"bronze:Invalidate","floor":9},{"not_picked":["bronze:Format","bronze:Refactor"],"picked":"bronze:Shell","floor":10},{"not_picked":["bronze:Iterate","bronze:Repair"],"picked":"bronze:Hardcode","floor":12},{"not_picked":["bronze:BuggyMess","bronze:OilSpill"],"picked":"bronze:WhirlingStrike","floor":13},{"not_picked":["bronze:WildBeam","bronze:Frontload"],"picked":"bronze:Iterate","floor":15},{"not_picked":["bronze:BurnOut","bronze:SpaghettiCode"],"picked":"bronze:CleanCode","floor":16},{"not_picked":["bronze:FineTuning","bronze:BronzeArmor"],"picked":"bronze:ForceShield","floor":19},{"not_picked":["bronze:ItsAFeature+1","bronze:ChosenStrike"],"picked":"bronze:Repair","floor":20},{"not_picked":["bronze:MaxOutput","bronze:BuggyMess"],"picked":"bronze:Turbo","floor":21},{"not_picked":["bronze:Branch","bronze:Invalidate"],"picked":"bronze:DelayedSlice","floor":22},{"not_picked":["bronze:BitShift","bronze:Frontload"],"picked":"bronze:Boost","floor":25},{"not_picked":["bronze:Frontload","bronze:Allocate+1"],"picked":"bronze:DigitalCarnage","floor":26},{"not_picked":["bronze:WhirlingStrike","bronze:Library","bronze:DelayedGuard+1"],"picked":"SKIP","floor":27},{"not_picked":["bronze:CutThrough+1","bronze:Constructor"],"picked":"bronze:Shield","floor":28}],"player_experience":43629,"relics_obtained":[{"floor":7,"key":"hubris:ToyBattleship"},{"floor":10,"key":"hubris:BundleOfHerbs"},{"floor":12,"key":"Whetstone"},{"floor":24,"key":"bronze:SilverBullet"},{"floor":27,"key":"Calipers"}],"event_choices":[{"cards_removed":["bronze:WhirlingStrike"],"damage_healed":5,"gold_gain":0,"player_choice":"Offered Common","damage_taken":0,"max_hp_gain":0,"max_hp_loss":0,"event_name":"Bonfire Elementals","floor":14,"gold_loss":0},{"cards_removed":["bronze:WhirlingStrike"],"damage_healed":5,"gold_gain":0,"player_choice":"Offered Special","damage_taken":0,"max_hp_gain":0,"max_hp_loss":0,"event_name":"Bonfire Elementals","floor":14,"gold_loss":0}],"is_beta":false,"boss_relics":[{"not_picked":["Calling Bell","hubris:TerracottaHorce"],"picked":"hubris:HollowSoul"}],"items_purged_floors":[],"is_endless":false,"potions_floor_spawned":[9,10,12,15,21,22,25,28],"killed_by":"3 Cultists","ascension_level":0}}