{"host":"17xjy7b7ubl548g2","time":1610777422,"event":{"mods":["2.2 Compatiblity","Act Like it!","Aspiration","Astrologer","Bard","BaseMod","Bestiary","Challenge The Spire","ChefMod","Colored Map","Conspire","Elementarium","Energized Spire","Gensokyo","GifTheSpireLib","Halation","Hallownest","Hubris","Infinite Spire","Jedi Mod","Jorbs\u0027s Wanderer Trilogy","Marisa（霧雨　魔理沙）","Marked Mod","Menagerie","Minty Spire (QoL Compilation)","Pale of the Ancients","Permanent Neow","Puzzle Mod","Replay The Spire","Robot Space Explorer","Spicy Shops","StSLib","Stuff the Spire","The Blue Laboratory","The Bug Knight","The Construct","The Disciple","The Factory","The Hayseed","The Hierophant","The Marked","The Runesmith","The Sage","TheFirefly"],"gold_per_floor":[116,58,58,68,68,68,81,11,24,37,46,55,55,61,61,109,109,118,125,131,131,138,138,155,164,187,187,37,44,44,54,54,102,102,111,120,120,70,94,106,106,112,112,126,134,134,143,0,0,0],"floor_reached":51,"language":"ENG","playtime":4991,"items_purged":["astrologer:Strike"],"score":941,"play_id":"2202f957-3d24-46be-a4ad-7e5854ecd00a","local_time":"20210116011022","is_ascension_mode":true,"campfire_choices":[{"data":"astrologer:CometStrike","floor":6.0,"key":"SMITH"},{"data":"jedi:forcepull","floor":13.0,"key":"SMITH"},{"data":"astrologer:RejectReality","floor":23,"key":"SMITH"},{"data":"Menagerie:WallOfBlossoms","floor":27,"key":"SMITH"},{"data":"astrologer:TheChariot","floor":32,"key":"SMITH"},{"data":"infinitespire:DeathsTouch","floor":41,"key":"SMITH"},{"data":"infinitespire:Punishment","floor":46,"key":"SMITH"},{"data":"astrologer:NorthStar","floor":49,"key":"SMITH"}],"circlet_count":0,"master_deck":["astrologer:Strike","astrologer:Defend","astrologer:Defend","astrologer:Defend","astrologer:Defend","astrologer:NorthStar+1","astrologer:TheFool","jedi:forcepull+1","astrologer:MeteorShower+1","astrologer:CometStrike+1","Menagerie:WallOfBlossoms+1","Menagerie:LightningHelix","astrologer:TheHierophant","astrologer:Conjunction","astrologer:Eclipse","astrologer:Trine","astrologer:FadingStar","astrologer:Moonlight+1","astrologer:FrozenStar+1","astrologer:RejectReality+1","Pot Of Greed","astrologer:TheChariot+1","Pot Of Greed","Quick Slash","Predator","Deflect","astrologer:Stardust","astrologer:LonelyStar+1","astrologer:SolarFlare","infinitespire:DeathsTouch+1","astrologer:Prismatic","infinitespire:Punishment+1","astrologer:Moonlight+1","astrologer:SolarFlare","Pot Of Greed","astrologer:StarOfCourage+1","astrologer:SolarFlare+1"],"relics":["astrologer:SkyMirror","Menagerie:Aurumvore","StuffTheSpire:Experiment12","Replay:Mystery Machine","construct:BoolHorns","construct:ClawGrip","astrologer:Telescope","Grinning Jar","Blue Doll","Elementarium:ElementariumTrophy","aspiration:MobileForge","energizedSpire:HugeHouse","halation:BlackBeret","Pear","aspiration:AnachronicSnailShell","halation:SwordOfLegend","Elementarium:GoldenMirage"],"acts_visited":["Exordium","Menagerie:Menagerie","TheBeyond"],"potions_floor_usage":[24,39,44,50],"damage_taken":[{"damage":0.0,"enemies":"Menagerie:WhisperingWraith","floor":1.0,"turns":4.0},{"damage":1.0,"enemies":"Menagerie:2_RABBITS","floor":4.0,"turns":3.0},{"damage":22.0,"enemies":"Menagerie:VoidReaper","floor":7.0,"turns":5.0},{"damage":21.0,"enemies":"Menagerie:Hydra","floor":10.0,"turns":6.0},{"damage":0.0,"enemies":"Menagerie:MonstrousExperiment","floor":11.0,"turns":3.0},{"damage":0.0,"enemies":"Menagerie:MENAGERIE_WILDLIFE","floor":12.0,"turns":3.0},{"damage":0.0,"enemies":"Menagerie:MeltingSalamander","floor":14.0,"turns":3.0},{"damage":9.0,"enemies":"Menagerie:Suneater","floor":16.0,"turns":8.0},{"damage":0.0,"enemies":"Elementarium:2_ELEMENTALS","floor":18.0,"turns":3.0},{"damage":0.0,"enemies":"Elementarium:MUD_AND_TAR_GOLEMS","floor":19.0,"turns":3.0},{"damage":2.0,"enemies":"Elementarium:3_ELEMENTALS","floor":20.0,"turns":4.0},{"damage":0,"enemies":"Elementarium:STONE_GOLEMS","floor":22,"turns":4},{"damage":5,"enemies":"Elementarium:ElementalPortal","floor":24,"turns":9},{"damage":0,"enemies":"Elementarium:Hydrostalker","floor":25,"turns":5},{"damage":0,"enemies":"Elementarium:CYCLONE_AND_LIVING_STORMCLOUD","floor":29,"turns":4},{"damage":0,"enemies":"Elementarium:STONE_GOLEMS","floor":31,"turns":3},{"damage":36,"enemies":"Elementarium:GolemEmperor","floor":33,"turns":12},{"damage":0,"enemies":"Orb Walker","floor":35,"turns":1},{"damage":0,"enemies":"3 Darklings","floor":36,"turns":4},{"damage":0,"enemies":"2 Orb Walkers","floor":39,"turns":2},{"damage":7,"enemies":"Reptomancer","floor":40,"turns":5},{"damage":0,"enemies":"Sphere and 2 Shapes","floor":42,"turns":2},{"damage":5,"enemies":"Nightmare","floor":44,"turns":5},{"damage":4,"enemies":"Transient","floor":45,"turns":5},{"damage":0,"enemies":"3 Darklings","floor":47,"turns":4},{"damage":14,"enemies":"Time Eater","floor":50,"turns":8}],"seed_played":"-7805098236449066617","potions_obtained":[{"floor":10.0,"key":"blueLaboratory:HorrorPotion"},{"floor":11.0,"key":"blueLaboratory:HeartbeatPotion"},{"floor":14.0,"key":"BlessingOfTheForge"},{"floor":16.0,"key":"GamblersBrew"},{"floor":19.0,"key":"blueLaboratory:Moonshine"},{"floor":24,"key":"Strength Potion"},{"floor":33,"key":"blueLaboratory:BottleOfRum"},{"floor":42,"key":"Adrenaline Potion"},{"floor":44,"key":"LiquidBronze"},{"floor":47,"key":"blueLaboratory:BottleOfVodka"}],"is_trial":false,"path_per_floor":["M","?","?","M","?","R","E","?","T","E","M","M","R","M","R_BF","B",null,"M","M","M","?","M","R","E","M","T","R","$","M","?","M","R","B",null,"M","M","?","AVR","?","E","R","M","T","NM","M","R","M","?","R","B",null],"character_chosen":"ASTROLOGER","items_purchased":["astrologer:TheChariot"],"campfire_rested":0,"item_purchase_floors":[28],"current_hp_per_floor":[63,63,63,62,62,62,40,40,40,22,25,28,28,31,52,48,65,68,70,68,68,70,70,65,68,68,68,68,70,70,70,70,34,61,61,64,47,47,47,55,55,55,55,53,52,55,58,58,61,50],"gold":0,"neow_bonus":"RANDOM_COLORLESS","is_daily":false,"chose_seed":false,"campfire_upgraded":8,"win_rate":0.0,"timestamp":1610777422,"path_taken":["M","?","?","?","?","R","E","?","T","E","M","?","R","M","R_BF","BOSS","M","?","M","?","M","R","E","M","T","R","$","?","?","M","R","BOSS","M","M","?","AVR","?","E","R","M","T","NM","M","R","M","?","R","BOSS"],"items_purchased_type":["Card"],"build_version":"2020-12-22","purchased_purges":1,"victory":true,"max_hp_per_floor":[70,70,70,70,70,70,70,70,70,70,70,70,70,70,70,70,70,70,70,70,70,70,70,70,70,70,70,70,70,70,70,70,70,70,70,70,70,65,65,75,75,75,75,75,75,75,75,75,75,75],"card_choices":[{"not_picked":["ReplayTheSpireMod:Private Reserves","Survey Options"],"picked":"jedi:forcepull","floor":0.0},{"not_picked":["astrologer:Conjunction","astrologer:SolarFlare"],"picked":"astrologer:MeteorShower","floor":1.0},{"not_picked":["astrologer:Observe","astrologer:ReadTheStars"],"picked":"astrologer:CometStrike","floor":4.0},{"not_picked":["astrologer:Divination","astrologer:Wish","astrologer:ReadTheStars"],"picked":"SKIP","floor":7.0},{"not_picked":["Menagerie:LightningBolt","Menagerie:Tinker"],"picked":"Menagerie:WallOfBlossoms","floor":8.0},{"not_picked":["Menagerie:MirarisWake","Menagerie:DarkRitual"],"picked":"Menagerie:LightningHelix","floor":8.0},{"not_picked":["astrologer:TheHighPriestess","astrologer:CometStrike"],"picked":"astrologer:TheHierophant","floor":10.0},{"not_picked":["astrologer:Prestidigitation","astrologer:Shine"],"picked":"astrologer:Conjunction","floor":11.0},{"not_picked":["astrologer:Quincunx","astrologer:Sunrise","astrologer:Prismatic"],"picked":"SKIP","floor":12.0},{"not_picked":["astrologer:TheHermit","astrologer:Prestidigitation"],"picked":"astrologer:Eclipse","floor":14.0},{"not_picked":["astrologer:Death","astrologer:Nova"],"picked":"astrologer:Trine","floor":16.0},{"not_picked":["astrologer:Radiance","astrologer:Divination"],"picked":"astrologer:FadingStar","floor":18.0},{"not_picked":["astrologer:SolarFlare+1","astrologer:Retelling"],"picked":"astrologer:Moonlight+1","floor":19.0},{"not_picked":["astrologer:Stardust","astrologer:Moonlight"],"picked":"astrologer:FrozenStar+1","floor":20.0},{"not_picked":["astrologer:StarOfMisfortune","astrologer:SolarFlare"],"picked":"astrologer:RejectReality","floor":22},{"not_picked":["astrologer:Stardust","astrologer:FrozenStar+1","astrologer:Moonlight"],"picked":"SKIP","floor":24},{"not_picked":["astrologer:Divination","astrologer:Opposition+1"],"picked":"astrologer:ShiningStar","floor":25},{"not_picked":["astrologer:TheHighPriestess","astrologer:CrystalBall","astrologer:Prismatic"],"picked":"SKIP","floor":29},{"not_picked":["astrologer:Wish","astrologer:Prestidigitation"],"picked":"astrologer:Stardust","floor":31},{"not_picked":["astrologer:SpaceDust","astrologer:Glimpse"],"picked":"astrologer:LonelyStar+1","floor":35},{"not_picked":["astrologer:Still+1","astrologer:TheHermit"],"picked":"astrologer:SolarFlare","floor":36},{"not_picked":["infinitespire:FutureSight","infinitespire:Oblivion"],"picked":"infinitespire:DeathsTouch","floor":37},{"not_picked":["astrologer:Divination+1","astrologer:Radiance"],"picked":"astrologer:Moonlight+1","floor":39},{"not_picked":["astrologer:Conjunction+1","astrologer:SpaceDust","astrologer:CosmicExpanse"],"picked":"SKIP","floor":40},{"not_picked":["astrologer:MeteorShower","astrologer:Still+1"],"picked":"astrologer:SolarFlare","floor":42},{"not_picked":["astrologer:CometStrike+1","astrologer:SpaceDust","astrologer:Moonlight"],"picked":"SKIP","floor":44},{"not_picked":["astrologer:CometStrike+1","astrologer:SpaceDust","astrologer:Moonlight"],"picked":"SKIP","floor":44},{"not_picked":["astrologer:Prismatic+1","astrologer:Glimpse+1"],"picked":"astrologer:StarOfCourage+1","floor":45},{"not_picked":["astrologer:Eclipse+1","astrologer:Novile"],"picked":"astrologer:SolarFlare+1","floor":47}],"player_experience":1800898,"relics_obtained":[{"floor":7.0,"key":"StuffTheSpire:Experiment12"},{"floor":9.0,"key":"Replay:Mystery Machine"},{"floor":10.0,"key":"construct:BoolHorns"},{"floor":24,"key":"Grinning Jar"},{"floor":26,"key":"Blue Doll"},{"floor":39,"key":"halation:BlackBeret"},{"floor":40,"key":"Pear"},{"floor":43,"key":"aspiration:AnachronicSnailShell"},{"floor":44,"key":"halation:SwordOfLegend"}],"event_choices":[{"damage_healed":0.0,"max_hp_gain":0.0,"max_hp_loss":0.0,"gold_gain":0.0,"event_name":"Menagerie:ScentOfGold","player_choice":"Pacify","floor":2.0,"gold_loss":0.0,"damage_taken":0.0,"relics_obtained":["Menagerie:Aurumvore"]},{"cards_removed":["astrologer:Strike"],"damage_healed":0.0,"max_hp_gain":0.0,"max_hp_loss":0.0,"gold_gain":0.0,"event_name":"Menagerie:ThreeAnimals","player_choice":"Snake","floor":5.0,"gold_loss":0.0,"damage_taken":0.0},{"damage_healed":0.0,"max_hp_gain":0.0,"max_hp_loss":0.0,"gold_gain":0.0,"event_name":"Menagerie:MagicPeddler","player_choice":"Spells","floor":8.0,"gold_loss":70.0,"damage_taken":0.0},{"damage_healed":0,"gold_gain":0,"player_choice":"Fight","damage_taken":0,"max_hp_gain":0,"max_hp_loss":0,"event_name":"Mysterious Sphere","floor":39,"gold_loss":0},{"damage_healed":0,"gold_gain":0,"player_choice":"Offer","damage_taken":0,"relics_obtained":["Elementarium:GoldenMirage"],"max_hp_gain":0,"max_hp_loss":0,"event_name":"Elementarium:ChestOfTheGoldenMirage","floor":48,"gold_loss":143}],"is_beta":false,"boss_relics":[{"not_picked":["halation:MonkeysPaw","Replay:Bronze Core"],"picked":"construct:ClawGrip"},{"not_picked":["Empty Cage","StuffTheSpire:RunicHypercube"],"picked":"aspiration:MobileForge"}],"items_purged_floors":[38],"is_endless":false,"potions_floor_spawned":[10,11,14,16,19,24,25,31,33,36,42,44,47],"ascension_level":6}}