{"host":"o7j6aatxjwpw1421","time":1610817470,"event":{"mods":["2.2 Compatiblity","AchievementEnabler","BaseMod","Colored Map","DeckTracker","Highlight Path","Keyboard Shortcuts","Minty Spire (QoL Compilation)","Permanent Neow","Quick Restart","StSLib","SuperFastMode","everything is the same but u backflip on backflip"],"gold_per_floor":[117,42,59,71,83,83,101,101,101,101,113,13,31,66,66,165,165,178,192,192,206,206,206,206],"floor_reached":23,"language":"KOR","playtime":679,"items_purged":["Defend_P","Defend_P"],"score":351,"play_id":"2ba5418d-03e1-4a86-adc7-ae90abb6705f","local_time":"20210117021750","is_ascension_mode":true,"campfire_choices":[{"data":"Eruption","floor":6.0,"key":"SMITH"},{"data":"Blasphemy","floor":8.0,"key":"SMITH"},{"data":"Vigilance","floor":15.0,"key":"SMITH"}],"circlet_count":0,"master_deck":["Strike_P","Defend_P","Eruption+1","Vigilance+1","InnerPeace","Blasphemy+1","ReachHeaven","Indignation","Ragnarok","Worship","Scrawl","Wireheading"],"relics":["PureWater","Tiny Chest","SacredBark","Enchiridion"],"acts_visited":["Exordium","TheCity"],"potions_floor_usage":[],"damage_taken":[{"damage":1.0,"enemies":"Cultist","floor":1.0,"turns":3.0},{"damage":0.0,"enemies":"Small Slimes","floor":3.0,"turns":2.0},{"damage":0.0,"enemies":"2 Louse","floor":4.0,"turns":1.0},{"damage":16.0,"enemies":"Exordium Wildlife","floor":5.0,"turns":4.0},{"damage":10.0,"enemies":"3 Louse","floor":7.0,"turns":2.0},{"damage":17.0,"enemies":"Lots of Slimes","floor":11.0,"turns":4.0},{"damage":3.0,"enemies":"Exordium Thugs","floor":13.0,"turns":2.0},{"damage":0.0,"enemies":"Lagavulin","floor":14.0,"turns":2.0},{"damage":0.0,"enemies":"Slime Boss","floor":16.0,"turns":3.0},{"damage":0.0,"enemies":"2 Thieves","floor":18.0,"turns":1.0},{"damage":0.0,"enemies":"Spheric Guardian","floor":19.0,"turns":2.0},{"damage":0.0,"enemies":"Snake Plant","floor":21.0,"turns":1.0},{"damage":0,"enemies":"Slavers","floor":23,"turns":1}],"seed_played":"1149608731416371800","potions_obtained":[{"floor":1.0,"key":"Strength Potion"},{"floor":5.0,"key":"BottledMiracle"},{"floor":11.0,"key":"Ancient Potion"},{"floor":13.0,"key":"Fruit Juice"},{"floor":21.0,"key":"EssenceOfSteel"}],"is_trial":false,"path_per_floor":["M","$","M","M","M","R","M","R","T","?","M","$","M","E","R","B",null,"M","M","?","M","?","E"],"character_chosen":"WATCHER","items_purchased":[],"campfire_rested":0,"item_purchase_floors":[],"current_hp_per_floor":[64,64,64,64,48,48,38,38,38,65,48,48,50,50,50,50,65,65,65,65,65,49,49,49],"gold":206,"neow_bonus":"TRANSFORM_TWO_CARDS","is_daily":false,"chose_seed":false,"campfire_upgraded":3,"win_rate":0.0,"timestamp":1610817470,"path_taken":["M","?","M","M","M","R","M","R","T","?","M","$","?","E","R","BOSS","M","M","?","M","?","E"],"items_purchased_type":[],"build_version":"2020-12-22","purchased_purges":2,"victory":false,"max_hp_per_floor":[65,65,65,65,65,65,65,65,65,65,65,65,70,70,70,70,70,70,70,70,70,70,70,70],"card_choices":[{"not_picked":["Evaluate","Weave","Nirvana"],"picked":"SKIP","floor":1.0},{"not_picked":["JustLucky","Evaluate","Prostrate"],"picked":"SKIP","floor":3.0},{"not_picked":["Protect","ClearTheMind","Tantrum"],"picked":"SKIP","floor":4.0},{"not_picked":["CrushJoints","EmptyFist","FlurryOfBlows"],"picked":"SKIP","floor":5.0},{"not_picked":["CutThroughFate","FlurryOfBlows","FlyingSleeves"],"picked":"SKIP","floor":7.0},{"not_picked":["ThirdEye","Collect","WaveOfTheHand"],"picked":"SKIP","floor":11.0},{"not_picked":["FlurryOfBlows","Halt"],"picked":"ReachHeaven","floor":13.0},{"not_picked":["Weave","BattleHymn"],"picked":"Indignation","floor":14.0},{"not_picked":["Blasphemy","Establishment"],"picked":"Ragnarok","floor":16.0},{"not_picked":["Perseverance","Crescendo","Meditate"],"picked":"SKIP","floor":18.0},{"not_picked":["CarveReality","PathToVictory","Evaluate"],"picked":"SKIP","floor":19.0},{"not_picked":["SignatureMove","Evaluate"],"picked":"Wireheading","floor":21.0}],"player_experience":539885,"relics_obtained":[{"floor":14.0,"key":"Tiny Chest"},{"floor":22.0,"key":"Enchiridion"}],"event_choices":[{"damage_healed":27.0,"max_hp_gain":0.0,"max_hp_loss":0.0,"gold_gain":0.0,"event_name":"Wheel of Change","player_choice":"Full Heal","floor":10.0,"gold_loss":0.0,"damage_taken":0.0},{"damage_healed":0.0,"max_hp_gain":0.0,"max_hp_loss":0.0,"gold_gain":0.0,"cards_transformed":["Strike_P","Strike_P"],"event_name":"Drug Dealer","player_choice":"Became Test Subject","floor":20.0,"gold_loss":0.0,"damage_taken":0.0,"cards_obtained":["Worship","Scrawl"]},{"damage_healed":0.0,"max_hp_gain":0.0,"max_hp_loss":0.0,"gold_gain":0.0,"event_name":"Cursed Tome","player_choice":"Obtained Book","floor":22.0,"gold_loss":0.0,"damage_taken":16.0}],"is_beta":false,"boss_relics":[{"not_picked":["Velvet Choker","Fusion Hammer"],"picked":"SacredBark"}],"items_purged_floors":[2,12],"is_endless":false,"potions_floor_spawned":[1,5,11,13,21],"killed_by":"Slavers","ascension_level":6}}