{"host":"yo9wwslrag05lh37","time":1610766988,"event":{"mods":["AchievementEnabler","BaseMod","Block Reminder","Colored Map","Colored Powertips","GifTheSpireLib","HexUI Lib","Highlight Path","Minty Spire (QoL Compilation)","Rare Cards Sparkle","Relic Stats","StSLib","everything is the same but u backflip on backflip"],"gold_per_floor":[110,123,123,144,144,144,183,183,208,239,239,255,20,43,43,139,139,158,182,32,32,32,68,68,68,68],"floor_reached":25,"language":"ENG","playtime":1329,"items_purged":["Strike_R","Strike_R"],"score":458,"play_id":"7695138f-5feb-4ef1-8914-4fa3a682c9ba","local_time":"20210116041628","is_ascension_mode":true,"campfire_choices":[{"data":"Blood for Blood","floor":6,"key":"SMITH"},{"floor":8,"key":"REST"},{"data":"Infernal Blade","floor":11,"key":"SMITH"},{"data":"Shockwave","floor":15,"key":"SMITH"},{"data":"Burning Pact","floor":24,"key":"SMITH"}],"circlet_count":0,"master_deck":["AscendersBane","Strike_R","Strike_R+1","Strike_R+1","Defend_R","Defend_R","Defend_R","Defend_R","Bash+1","Infernal Blade+1","Blood for Blood+1","Shockwave+1","Pommel Strike","Burning Pact+1","Impervious","Disarm+1","Dropkick","Pommel Strike","Ghostly+1","Ghostly","Ghostly","Ghostly Armor+1"],"relics":["Burning Blood","Golden Idol","Boot","Whetstone","MealTicket","Lee\u0027s Waffle","Mark of Pain","Magic Flower"],"acts_visited":["Exordium","TheCity"],"potions_floor_usage":[10,10,23],"damage_taken":[{"damage":6,"enemies":"2 Louse","floor":1,"turns":4},{"damage":2,"enemies":"Jaw Worm","floor":2,"turns":4},{"damage":1,"enemies":"Cultist","floor":4,"turns":3},{"damage":52,"enemies":"Lagavulin","floor":7,"turns":8},{"damage":40,"enemies":"3 Sentries","floor":10,"turns":7},{"damage":12,"enemies":"Large Slime","floor":12,"turns":4},{"damage":4,"enemies":"Blue Slaver","floor":14,"turns":4},{"damage":41,"enemies":"The Guardian","floor":16,"turns":10},{"damage":32,"enemies":"3 Byrds","floor":18,"turns":7},{"damage":19,"enemies":"2 Thieves","floor":19,"turns":4},{"damage":21,"enemies":"Book of Stabbing","floor":23,"turns":6},{"damage":31,"enemies":"Snecko","floor":25,"turns":6}],"seed_played":"-2417147584663540491","potions_obtained":[{"floor":1,"key":"SneckoOil"},{"floor":4,"key":"FearPotion"},{"floor":10,"key":"Strength Potion"}],"is_trial":false,"path_per_floor":["M","M","?","M","?","R","E","R","T","E","R","M","$","M","R","B",null,"M","M","$","?","?","E","R","M"],"character_chosen":"IRONCLAD","items_purchased":["Lee\u0027s Waffle","Pommel Strike"],"campfire_rested":1,"item_purchase_floors":[13,20],"current_hp_per_floor":[75,79,74,74,74,74,28,50,50,16,16,10,81,81,81,46,72,46,33,48,40,40,25,25,0,0],"gold":68,"neow_bonus":"TEN_PERCENT_HP_BONUS","is_daily":false,"chose_seed":false,"campfire_upgraded":4,"win_rate":0.0,"timestamp":1610766988,"path_taken":["M","M","?","M","?","R","E","R","T","E","R","M","$","M","R","BOSS","M","M","$","?","?","E","R","M"],"items_purchased_type":["Relic","Card"],"build_version":"2020-12-22","purchased_purges":2,"victory":false,"max_hp_per_floor":[82,82,74,74,74,74,74,74,74,74,74,74,81,81,81,81,81,81,81,81,40,40,40,40,40,40],"relic_stats":{"Lee\u0027s Waffle":56,"counters":[12,67],"Golden Idol":61,"Magic Flower":[0],"MealTicket":30,"Whetstone":["Strike_R","Strike_R"],"Boot":[8],"obtain_stats":[{"Lee\u0027s Waffle":13,"Golden Idol":3,"Magic Flower":23,"MealTicket":10,"Mark of Pain":17,"Whetstone":9,"Boot":7,"Burning Blood":0},{"Lee\u0027s Waffle":6,"Golden Idol":2,"Magic Flower":11,"MealTicket":5,"Mark of Pain":8,"Whetstone":4,"Boot":4,"Burning Blood":0},{"Lee\u0027s Waffle":30,"Golden Idol":8,"Magic Flower":61,"MealTicket":26,"Mark of Pain":44,"Whetstone":19,"Boot":19,"Burning Blood":0}],"Burning Blood":59},"card_choices":[{"not_picked":["Bloodletting","Sentinel"],"picked":"Infernal Blade","floor":1},{"not_picked":["Sword Boomerang","Shrug It Off"],"picked":"Blood for Blood","floor":2},{"not_picked":["Thunderclap","Pummel","Warcry"],"picked":"SKIP","floor":4},{"not_picked":["Headbutt","Corruption"],"picked":"Shockwave","floor":7},{"not_picked":["Flex","Exhume"],"picked":"Pommel Strike","floor":10},{"not_picked":["Headbutt","Seeing Red","Warcry"],"picked":"SKIP","floor":12},{"not_picked":["Fire Breathing","Bloodletting"],"picked":"Burning Pact","floor":14},{"not_picked":["Fiend Fire","Barricade"],"picked":"Impervious","floor":16},{"not_picked":["Flex","Infernal Blade"],"picked":"Disarm+1","floor":18},{"not_picked":["Cleave","Evolve"],"picked":"Dropkick","floor":19},{"not_picked":["Pommel Strike","Seeing Red"],"picked":"Ghostly Armor+1","floor":23}],"player_experience":1497487,"relics_obtained":[{"floor":7,"key":"Boot"},{"floor":9,"key":"Whetstone"},{"floor":10,"key":"MealTicket"},{"floor":23,"key":"Magic Flower"}],"event_choices":[{"damage_healed":0,"gold_gain":0,"player_choice":"Lose Max HP","damage_taken":0,"relics_obtained":["Golden Idol"],"max_hp_gain":0,"max_hp_loss":8,"event_name":"Golden Idol","floor":3,"gold_loss":0},{"damage_healed":0,"gold_gain":0,"player_choice":"Grow","damage_taken":0,"max_hp_gain":0,"max_hp_loss":0,"event_name":"Living Wall","floor":5,"gold_loss":0,"cards_upgraded":["Bash"]},{"damage_healed":0,"gold_gain":0,"player_choice":"Became a Ghost","damage_taken":0,"max_hp_gain":0,"max_hp_loss":41,"event_name":"Ghosts","floor":21,"gold_loss":0,"cards_obtained":["Ghostly","Ghostly","Ghostly"]},{"damage_healed":0,"gold_gain":0,"player_choice":"Forge","damage_taken":0,"max_hp_gain":0,"max_hp_loss":0,"event_name":"Accursed Blacksmith","floor":22,"gold_loss":0,"cards_upgraded":["Ghostly"]}],"is_beta":false,"boss_relics":[{"not_picked":["Coffee Dripper","Runic Dome"],"picked":"Mark of Pain"}],"items_purged_floors":[13,20],"is_endless":false,"potions_floor_spawned":[1,4,7,10],"killed_by":"Snecko","ascension_level":20}}