{"host":"w7dhjqgqsib0c3vt","time":1610814973,"event":{"mods":["ATMod(°¢èªMod)","BaseMod","Minty Spire (QoL Compilation)","Shop Mod","StSLib","TheWitcher"],"gold_per_floor":[117,192,7,7,74,74,118,173,197,197,259,301,418,482,482,606,606,694,729,729,792,79,79,79,204,204,246,316,368,431,466,466,688,688,741,83,83,60,202,258,408,408,408,558,663,716,754,809,809,934],"floor_reached":51,"language":"ZHS","playtime":3489,"items_purged":["Fission"],"score":1114,"play_id":"fcd63d46-8b6a-4797-9167-1606a68d419e","local_time":"20210117003613","is_ascension_mode":true,"campfire_choices":[{"data":"AT_RightCognition","floor":6.0,"key":"SMITH"},{"floor":15.0,"key":"REST"},{"floor":23.0,"key":"REST"},{"data":"Biased Cognition","floor":32.0,"key":"SMITH"},{"floor":42.0,"key":"DIG"},{"floor":49.0,"key":"REST"}],"circlet_count":0,"master_deck":["Strike_B","Strike_B","Strike_B","Strike_B","Defend_B","Defend_B","Defend_B","Defend_B","Zap","Dualcast","AT_RightCognition+1","Melter","Storm","Barrage","AT_StudyProgram+1","Turbo","White Noise","Coolheaded","Sunder","Electrodynamics","AT_EmpoweredMortalDraw","Beam Cell","Sweeping Beam","Hologram","Chill","Biased Cognition+1","Chaos+1","Cold Snap","Self Repair","AT_StudyProgram+1","Aggregate","Consume","AT_DarkMatter","Go for the Eyes","Conserve Battery","CurseOfTheBell","Loop","Stack","Writhe","Hologram","Biased Cognition","Lockon+1","AT_ThreeBodyProblem+1","Double Energy+1","Barrage+1"],"relics":["Cracked Core","AT_ATBox","NeowsBlessing","HandDrill","AT_MibuBalloonWealth","AT_ImmortalShieldbow","AT_EbonyIvory","AT_MortalBlade","AT_Kusabimaru","Orrery","AT_RedNoBalance","TungstenRod","Pantograph","Calling Bell","MawBank","Kunai","CaptainsWheel","Medical Kit","Mercury Hourglass","Bag of Marbles","Shovel","Calipers","InkBottle","AT_ChloranthyRing","Mango","AT_SpeedBoots","Singing Bowl"],"acts_visited":["Exordium","TheCity","TheBeyond"],"potions_floor_usage":[],"damage_taken":[{"damage":0.0,"enemies":"Small Slimes","floor":1.0,"turns":1.0},{"damage":0.0,"enemies":"2 Louse","floor":5.0,"turns":1.0},{"damage":0.0,"enemies":"Cultist","floor":7.0,"turns":1.0},{"damage":30.0,"enemies":"Gremlin Nob","floor":8.0,"turns":5.0},{"damage":13.0,"enemies":"Large Slime","floor":11.0,"turns":4.0},{"damage":9.0,"enemies":"Red Slaver","floor":12.0,"turns":3.0},{"damage":5.0,"enemies":"Gremlin Gang","floor":13.0,"turns":2.0},{"damage":26.0,"enemies":"Exordium Thugs","floor":14.0,"turns":3.0},{"damage":3.0,"enemies":"The Guardian","floor":16.0,"turns":6.0},{"damage":0.0,"enemies":"3 Byrds","floor":18.0,"turns":1.0},{"damage":7.0,"enemies":"Chosen","floor":19.0,"turns":4.0},{"damage":29.0,"enemies":"Centurion and Healer","floor":21.0,"turns":3.0},{"damage":0.0,"enemies":"Gremlin Leader","floor":25.0,"turns":4.0},{"damage":12.0,"enemies":"Snecko","floor":27.0,"turns":4.0},{"damage":0.0,"enemies":"Sentry and Sphere","floor":28.0,"turns":2.0},{"damage":19.0,"enemies":"Book of Stabbing","floor":29.0,"turns":3.0},{"damage":15.0,"enemies":"Cultist and Chosen","floor":30.0,"turns":4.0},{"damage":8.0,"enemies":"Snake Plant","floor":31.0,"turns":4.0},{"damage":26.0,"enemies":"Collector","floor":33.0,"turns":7.0},{"damage":13.0,"enemies":"Orb Walker","floor":35.0,"turns":4.0},{"damage":29.0,"enemies":"3 Darklings","floor":39.0,"turns":5.0},{"damage":12.0,"enemies":"Giant Head","floor":40.0,"turns":6.0},{"damage":0.0,"enemies":"Mind Bloom Boss Battle","floor":41.0,"turns":4.0},{"damage":0.0,"enemies":"Reptomancer","floor":44.0,"turns":6.0},{"damage":10.0,"enemies":"2 Orb Walkers","floor":45.0,"turns":3.0},{"damage":19.0,"enemies":"Spire Growth","floor":47.0,"turns":3.0},{"damage":27.0,"enemies":"Nemesis","floor":48.0,"turns":5.0},{"damage":32,"enemies":"Awakened One","floor":50,"turns":6}],"seed_played":"-8796729774457111548","potions_obtained":[{"floor":1.0,"key":"Energy Potion"},{"floor":12.0,"key":"Fruit Juice"},{"floor":13.0,"key":"Regen Potion"},{"floor":16.0,"key":"AttackPotion"},{"floor":19.0,"key":"LiquidBronze"},{"floor":28.0,"key":"FairyPotion"},{"floor":30.0,"key":"Swift Potion"},{"floor":31.0,"key":"SkillPotion"},{"floor":35.0,"key":"Weak Potion"},{"floor":44.0,"key":"Block Potion"},{"floor":47.0,"key":"BlessingOfTheForge"}],"is_trial":false,"path_per_floor":["M","?","$","?","M","R","M","E","T","?","M","M","M","M","R","B",null,"M","M","?","M","$","R","?","E","T","M","M","E","M","M","R","B",null,"M","$","?","$","M","E","?","R","T","E","?","T","M","E","R","B",null],"character_chosen":"DEFECT","items_purchased":["HandDrill","Storm","AT_Kusabimaru","Orrery","Self Repair","FocusPotion","LiquidMemories","Strength Potion","Loop","Medical Kit","Mercury Hourglass","Stack","Energy Potion","Hologram"],"campfire_rested":3,"item_purchase_floors":[3,3,22,22,22,22,22,22,36,36,36,36,36,38],"current_hp_per_floor":[75,64,64,64,64,64,64,34,34,34,29,25,30,15,39,51,80,80,73,58,29,29,54,54,54,54,37,42,33,27,41,41,48,85,29,29,50,50,34,85,85,85,85,85,89,89,70,45,75,75],"gold":934,"neow_bonus":"THREE_ENEMY_KILL","is_daily":false,"chose_seed":false,"campfire_upgraded":2,"win_rate":0.0,"timestamp":1610814973,"path_taken":["M","?","$","?","M","R","?","E","T","?","M","M","?","M","R","BOSS","M","?","?","M","$","R","?","E","T","M","M","E","?","M","R","BOSS","M","$","?","$","M","E","?","R","T","E","?","?","?","E","R","BOSS"],"items_purchased_type":["Relic","Card","Relic","Relic","Card","Potion","Potion","Potion","Card","Relic","Relic","Card","Potion","Card"],"build_version":"2020-12-22","purchased_purges":1,"victory":true,"max_hp_per_floor":[75,75,75,75,75,75,75,75,75,75,75,80,80,80,80,80,80,80,80,85,85,85,85,85,85,85,85,85,85,85,85,85,85,85,85,85,85,85,85,85,85,85,85,85,99,99,99,101,101,101],"card_choices":[{"not_picked":["Ball Lightning","Self Repair"],"picked":"Melter","floor":1.0},{"not_picked":["Turbo","Redo"],"picked":"Barrage","floor":5.0},{"not_picked":["Reinforced Body","Compile Driver"],"picked":"AT_StudyProgram","floor":7.0},{"not_picked":["Go for the Eyes","Scrape"],"picked":"Turbo","floor":8.0},{"not_picked":["Compile Driver","Streamline"],"picked":"White Noise","floor":11.0},{"not_picked":["Reinforced Body","Leap"],"picked":"Coolheaded","floor":12.0},{"not_picked":["Tempest","Rebound"],"picked":"Sunder","floor":13.0},{"not_picked":["Sunder","Turbo","Multi-Cast"],"picked":"SKIP","floor":14.0},{"not_picked":["Meteor Strike","AT_RightCognition"],"picked":"Electrodynamics","floor":16.0},{"not_picked":["Leap","Barrage"],"picked":"Beam Cell","floor":18.0},{"not_picked":["Scrape","Coolheaded"],"picked":"Sweeping Beam","floor":19.0},{"not_picked":["Glacier","Melter"],"picked":"Hologram","floor":21.0},{"not_picked":["Rebound","Compile Driver+1"],"picked":"Chill","floor":22.0},{"not_picked":["Stack","Gash+1"],"picked":"Biased Cognition","floor":22.0},{"not_picked":["Steam","Thunder Strike"],"picked":"Chaos+1","floor":22.0},{"not_picked":["AT_HeatAcrobatics","Turbo+1"],"picked":"Cold Snap","floor":22.0},{"not_picked":["Leap","AT_HeatAcrobatics+1"],"picked":"Fission","floor":22.0},{"not_picked":["Hologram","Go for the Eyes","AT_WarpDrive"],"picked":"SKIP","floor":25.0},{"not_picked":["Chaos","Cold Snap"],"picked":"Aggregate","floor":27.0},{"not_picked":["Redo","AT_StudyProgram"],"picked":"Consume","floor":28.0},{"not_picked":["Meteor Strike","Chaos"],"picked":"AT_DarkMatter","floor":29.0},{"not_picked":["Beam Cell","Turbo"],"picked":"Go for the Eyes","floor":30.0},{"not_picked":["Coolheaded","Go for the Eyes"],"picked":"Conserve Battery","floor":31.0},{"not_picked":["Cold Snap","Beam Cell","Sweeping Beam+1"],"picked":"SKIP","floor":35.0},{"not_picked":["Coolheaded+1","Streamline","Conserve Battery"],"picked":"SKIP","floor":39.0},{"not_picked":["Rebound+1","Beam Cell"],"picked":"Biased Cognition","floor":40.0},{"not_picked":["Leap+1","Skim"],"picked":"Lockon+1","floor":41.0},{"not_picked":["Glacier","Rebound"],"picked":"AT_ThreeBodyProblem+1","floor":44.0},{"not_picked":["Coolheaded+1","Static Discharge+1"],"picked":"Double Energy+1","floor":45.0},{"not_picked":["Redo","AT_ThreeBodyProblem"],"picked":"Barrage+1","floor":47.0},{"not_picked":["Gash","Doom and Gloom","Hologram"],"picked":"Singing Bowl","floor":48.0}],"player_experience":624705,"relics_obtained":[{"floor":4.0,"key":"AT_MibuBalloonWealth"},{"floor":8.0,"key":"AT_ImmortalShieldbow"},{"floor":9.0,"key":"AT_EbonyIvory"},{"floor":25.0,"key":"AT_SilverBalance"},{"floor":26.0,"key":"TungstenRod"},{"floor":29.0,"key":"Pantograph"},{"floor":34.0,"key":"MawBank"},{"floor":34.0,"key":"Kunai"},{"floor":34.0,"key":"CaptainsWheel"},{"floor":40.0,"key":"Bag of Marbles"},{"floor":41.0,"key":"Shovel"},{"floor":42.0,"key":"Calipers"},{"floor":43.0,"key":"InkBottle"},{"floor":44.0,"key":"AT_ChloranthyRing"},{"floor":45.0,"key":"Mango"},{"floor":46.0,"key":"AT_SpeedBoots"},{"floor":48.0,"key":"Singing Bowl"}],"event_choices":[{"damage_healed":0.0,"max_hp_gain":0.0,"max_hp_loss":0.0,"gold_gain":75.0,"event_name":"World of Goop","player_choice":"Gather Gold","floor":2.0,"gold_loss":0.0,"damage_taken":11.0},{"damage_healed":0.0,"max_hp_gain":0.0,"max_hp_loss":0.0,"gold_gain":0.0,"event_name":"Wheel of Change","player_choice":"Relic","floor":4.0,"gold_loss":0.0,"damage_taken":0.0},{"damage_healed":0.0,"max_hp_gain":0.0,"max_hp_loss":0.0,"gold_gain":0.0,"event_name":"Accursed Blacksmith","player_choice":"Forge","floor":10.0,"gold_loss":0.0,"damage_taken":0.0,"cards_upgraded":["AT_StudyProgram"]},{"damage_healed":0.0,"max_hp_gain":5.0,"max_hp_loss":0.0,"gold_gain":0.0,"event_name":"Forgotten Altar","player_choice":"Shed Blood","floor":20.0,"gold_loss":0.0,"damage_taken":20.0},{"damage_healed":0.0,"max_hp_gain":0.0,"max_hp_loss":0.0,"gold_gain":0.0,"event_name":"Duplicator","player_choice":"Copied","floor":24.0,"gold_loss":0.0,"damage_taken":0.0,"cards_obtained":["AT_StudyProgram"]},{"damage_healed":21.0,"max_hp_gain":0.0,"max_hp_loss":0.0,"gold_gain":0.0,"event_name":"Winding Halls","player_choice":"Writhe","floor":37.0,"gold_loss":0.0,"damage_taken":0.0,"cards_obtained":["Writhe"]},{"damage_healed":0.0,"max_hp_gain":0.0,"max_hp_loss":0.0,"gold_gain":0.0,"event_name":"MindBloom","player_choice":"Fight","floor":41.0,"gold_loss":0.0,"damage_taken":0.0},{"damage_healed":0.0,"max_hp_gain":0.0,"max_hp_loss":0.0,"gold_gain":0.0,"event_name":"Mysterious Sphere","player_choice":"Fight","floor":45.0,"gold_loss":0.0,"damage_taken":0.0}],"is_beta":false,"boss_relics":[{"not_picked":["Busted Crown","Coffee Dripper"],"picked":"AT_MortalBlade"},{"not_picked":["Astrolabe","Black Star"],"picked":"Calling Bell"}],"items_purged_floors":[36],"is_endless":false,"potions_floor_spawned":[1,12,13,16,19,25,28,30,31,35,44,47],"ascension_level":2}}