{"host":"dlskvfecb6rtl9z1","time":1610821821,"event":{"mods":["2.2 Compatiblity","AchievementEnabler","Aspiration","BaseMod","Better Third Choice","Colored Map","Colored Powertips","Duelist Mod","Hermit","Hubris","Infinite Spire","KinomotoSakuraMod(????)","Koishi","Marisa????????","Minty Spire (QoL Compilation)","Remilia??????","Replay The Spire","Shop Mod","StSLib","Td1madao Mod","The Administrix","The Bug Knight","The Construct","The Cursed","The Disciple","The Hierophant","The Jungle","The Mystic","The Necromancer","The Runesmith","The Senshi","The Servant 0.9.4"],"gold_per_floor":[109,34,34,52,52,88,116,159,207,207,236,236,255,264,264,370,370,396,396,416,416,440,474,487,412,412,444,444,444,473,79,79,79,79],"floor_reached":33,"language":"ENG","playtime":2599,"items_purged":["Defend_R","Defend_R","Pain","Strike_R"],"score":396,"play_id":"0bce930d-6be7-4275-a4b1-aaae389b41b6","local_time":"20210116203021","is_ascension_mode":true,"campfire_choices":[{"data":"True Grit","floor":10,"key":"SMITH"},{"data":"ReplayTheSpireMod:Strike From Hell","floor":15,"key":"SMITH"}],"circlet_count":0,"master_deck":["Strike_R","Strike_R","Strike_R","Bash","Dark Embrace","True Grit+1","Blood for Blood","Abandon","Sentinel","Clash","Sever Soul","ReplayTheSpireMod:Strike From Hell+1","Immolate","Defy Death","Burning Pact"],"relics":["Burning Blood","ReplayTheSpireMod:Ring of Addiction","Potion Belt","Toy Ornithopter","CeramicFish","Mirror","theSenshi:SailorFukuRelic","WarpedTongs","aspiration:RitualDagger","hubris:SlimyHat","aspiration:ArtOfWarUpgrade","Omamori","Orichalcum","infinitespire:Broken Mirror","hubris:HerbalPaste","infinitespire:Lucky Rock"],"acts_visited":["Exordium","TheCity"],"potions_floor_usage":[6,6,8,13,16,27,30,33],"damage_taken":[{"damage":11,"enemies":"2 Louse","floor":1,"turns":2},{"damage":6,"enemies":"Cultist","floor":4,"turns":3},{"damage":23,"enemies":"HollowMod:MossKnight","floor":6,"turns":11},{"damage":3,"enemies":"Small Slimes","floor":7,"turns":4},{"damage":33,"enemies":"3 Sentries","floor":8,"turns":10},{"damage":6,"enemies":"3 Louse","floor":11,"turns":4},{"damage":4,"enemies":"Lots of Slimes","floor":13,"turns":4},{"damage":41,"enemies":"Hexaghost","floor":16,"turns":8},{"damage":22,"enemies":"Spheric Guardian","floor":18,"turns":3},{"damage":53,"enemies":"Shell Parasite","floor":20,"turns":5},{"damage":49,"enemies":"theDuelist:KaibaA2","floor":23,"turns":4},{"damage":29,"enemies":"3 Cultists","floor":24,"turns":5},{"damage":36,"enemies":"Book of Stabbing","floor":27,"turns":4},{"damage":21,"enemies":"Snake Plant","floor":30,"turns":3},{"damage":86,"enemies":"Champ","floor":33,"turns":5}],"seed_played":"-8768539257803134468","potions_obtained":[{"floor":4,"key":"SkillPotion"},{"floor":5,"key":"Doom Potion"},{"floor":5,"key":"SpeedPotion"},{"floor":5,"key":"BlessingOfTheForge"},{"floor":8,"key":"FearPotion"},{"floor":11,"key":"ColorlessPotion"},{"floor":18,"key":"FearPotion"},{"floor":27,"key":"Milkshake"}],"is_trial":false,"path_per_floor":["M","$","?","M","?","E","M","E","T","R","M","?","M","?","R","B",null,"M","$","M","T","T","E","M","?","T","E","R","$","M","$","R","B"],"character_chosen":"IRONCLAD","items_purchased":["hubris:HerbalPaste","infinitespire:Lucky Rock"],"campfire_rested":0,"item_purchase_floors":[31,31],"current_hp_per_floor":[67,67,67,67,67,60,63,41,41,41,41,34,41,41,41,11,61,45,33,68,68,68,40,37,37,37,29,29,29,28,28,28,0,0],"gold":79,"neow_bonus":"THREE_CARDS","is_daily":false,"chose_seed":false,"campfire_upgraded":2,"win_rate":0.0,"timestamp":1610821821,"path_taken":["M","$","?","?","?","E","M","E","T","R","M","?","M","?","R","BOSS","M","?","M","?","?","E","M","?","T","E","R","$","M","$","R","BOSS"],"items_purchased_type":["Relic","Relic"],"build_version":"2020-12-22","purchased_purges":4,"victory":false,"max_hp_per_floor":[80,80,80,80,80,80,80,80,80,80,80,78,78,78,78,78,78,78,78,76,76,76,74,74,74,72,72,72,72,72,72,72,72,72],"card_choices":[{"not_picked":["ReplayTheSpireMod:Limb From Limb","Body Slam"],"picked":"Dark Embrace","floor":0},{"not_picked":["Carnage","Havoc"],"picked":"True Grit","floor":1},{"not_picked":["Havoc","Headbutt"],"picked":"Abandon","floor":4},{"not_picked":["Inflame","Flex"],"picked":"Sentinel","floor":6},{"not_picked":["Anger","Limit Break"],"picked":"Clash","floor":7},{"not_picked":["Heavy Blade","Twin Strike"],"picked":"Sever Soul","floor":8},{"not_picked":["Havoc","Heavy Blade"],"picked":"ReplayTheSpireMod:Strike From Hell","floor":11},{"not_picked":["Iron Wave","Headbutt","Entrench"],"picked":"SKIP","floor":13},{"not_picked":["Offering","Hemogenesis"],"picked":"Immolate","floor":16},{"not_picked":["ReplayTheSpireMod:Strike From Hell","Dropkick"],"picked":"Defy Death","floor":18},{"not_picked":["Pommel Strike","Body Slam","Reckless Charge"],"picked":"SKIP","floor":20},{"not_picked":["Bludgeon","Power Through","Shrug It Off"],"picked":"SKIP","floor":23},{"not_picked":["ReplayTheSpireMod:Strike From Hell","Twin Strike","Anger"],"picked":"SKIP","floor":24},{"not_picked":["Wild Strike","Abandon+1","Perfected Strike"],"picked":"SKIP","floor":27},{"not_picked":["Bloodletting","Massacre"],"picked":"Burning Pact","floor":30}],"player_experience":131683,"relics_obtained":[{"floor":5,"key":"ReplayTheSpireMod:Ring of Addiction"},{"floor":5,"key":"Potion Belt"},{"floor":5,"key":"Toy Ornithopter"},{"floor":6,"key":"CeramicFish"},{"floor":8,"key":"Mirror"},{"floor":9,"key":"theSenshi:SailorFukuRelic"},{"floor":21,"key":"hubris:SlimyHat"},{"floor":22,"key":"Art of War"},{"floor":23,"key":"Omamori"},{"floor":26,"key":"Orichalcum"},{"floor":27,"key":"infinitespire:Broken Mirror"}],"event_choices":[{"damage_healed":0,"gold_gain":0,"cards_transformed":["Strike_R"],"player_choice":"Transformed","damage_taken":0,"max_hp_gain":0,"max_hp_loss":0,"event_name":"Transmorgrifier","floor":3,"gold_loss":0,"cards_obtained":["Blood for Blood"]},{"cards_removed":["Defend_R"],"damage_healed":0,"gold_gain":0,"player_choice":"Card Removal","damage_taken":7,"max_hp_gain":0,"max_hp_loss":0,"event_name":"Golden Wing","floor":12,"gold_loss":0},{"damage_healed":0,"gold_gain":0,"player_choice":"Rummage","damage_taken":0,"relics_obtained":["WarpedTongs"],"max_hp_gain":0,"max_hp_loss":0,"event_name":"Accursed Blacksmith","floor":14,"gold_loss":0,"cards_obtained":["Pain"]},{"cards_removed":["Defend_R"],"damage_healed":0,"gold_gain":0,"player_choice":"Gave Gold","damage_taken":0,"max_hp_gain":0,"max_hp_loss":0,"event_name":"Beggar","floor":25,"gold_loss":75}],"is_beta":false,"boss_relics":[{"not_picked":["SacredBark","Black Blood"],"picked":"aspiration:RitualDagger"}],"items_purged_floors":[2,19,19,31],"is_endless":false,"potions_floor_spawned":[4,8,11,18,27],"killed_by":"Champ","ascension_level":7}}