{"host":"f5gffvlv6a66yqkd","time":1610817103,"event":{"mods":["2.2 Compatiblity","Alarm Clock","BaseMod","Colored Map","Custom Start","DeckTracker","Keyboard Shortcuts","Minty Spire (QoL Compilation)","Permanent Neow","Quick Restart","Relic Stats","StSLib","SuperFastMode"],"gold_per_floor":[117,133,183,195,213,244,244,275,320,320,320,245,261,279,279,355,355,368,102,117,117,117,117,149,149,175,50,50,60,94,111,111,111,111],"floor_reached":33,"language":"KOR","playtime":863,"items_purged":["Strike_P","Strike_P","Strike_P"],"score":640,"play_id":"4621f0d2-d62c-484d-b654-2d6babb81219","local_time":"20210117021143","is_ascension_mode":true,"campfire_choices":[{"data":"Eruption","floor":7.0,"key":"SMITH"},{"data":"Adaptation","floor":10.0,"key":"SMITH"},{"data":"Wallop","floor":15.0,"key":"SMITH"},{"data":"Scrawl","floor":23.0,"key":"SMITH"},{"data":"WheelKick","floor":32.0,"key":"SMITH"}],"circlet_count":0,"master_deck":["AscendersBane","Defend_P","Defend_P","Defend_P","Defend_P","Eruption+1","Vigilance","BowlingBash","CarveReality","CutThroughFate","Wallop+1","FlurryOfBlows","Adaptation+1","Scrawl+1","WheelKick+1","FearNoEvil"],"relics":["PureWater","TeardropLocket","Letter Opener","Oddly Smooth Stone","VioletLotus","Lantern","Juzu Bracelet","Anchor","Blood Vial","Matryoshka"],"acts_visited":["Exordium","TheCity"],"potions_floor_usage":[33,33],"damage_taken":[{"damage":1.0,"enemies":"Small Slimes","floor":1.0,"turns":3.0},{"damage":0.0,"enemies":"Cultist","floor":2.0,"turns":2.0},{"damage":4.0,"enemies":"Jaw Worm","floor":4.0,"turns":2.0},{"damage":0.0,"enemies":"Blue Slaver","floor":5.0,"turns":3.0},{"damage":16.0,"enemies":"Gremlin Nob","floor":6.0,"turns":3.0},{"damage":14.0,"enemies":"Lagavulin","floor":8.0,"turns":5.0},{"damage":0.0,"enemies":"3 Louse","floor":13.0,"turns":2.0},{"damage":2.0,"enemies":"Looter","floor":14.0,"turns":3.0},{"damage":32.0,"enemies":"The Guardian","floor":16.0,"turns":9.0},{"damage":0.0,"enemies":"Spheric Guardian","floor":18.0,"turns":2.0},{"damage":0.0,"enemies":"2 Thieves","floor":20.0,"turns":2.0},{"damage":0.0,"enemies":"Gremlin Leader","floor":24.0,"turns":2.0},{"damage":0.0,"enemies":"Cultist and Chosen","floor":29.0,"turns":3.0},{"damage":33.0,"enemies":"Slavers","floor":30.0,"turns":4.0},{"damage":2.0,"enemies":"Snake Plant","floor":31.0,"turns":3.0},{"damage":41,"enemies":"Champ","floor":33,"turns":6}],"seed_played":"-5616847609906627329","potions_obtained":[{"floor":0.0,"key":"Fruit Juice"},{"floor":0.0,"key":"Regen Potion"},{"floor":0.0,"key":"Ambrosia"},{"floor":16.0,"key":"DuplicationPotion"},{"floor":20.0,"key":"Ancient Potion"},{"floor":30.0,"key":"Weak Potion"},{"floor":31.0,"key":"StancePotion"}],"is_trial":false,"path_per_floor":["M","M","?","M","M","E","R","E","T","R","?","$","M","M","R","B",null,"M","$","M","?","?","R","E","?","T","$","$","M","E","M","R","B"],"character_chosen":"WATCHER","items_purchased":["Lantern"],"campfire_rested":0,"item_purchase_floors":[19],"current_hp_per_floor":[65,65,58,54,54,38,38,24,24,24,24,24,24,22,22,5,56,56,56,56,56,56,56,56,56,56,56,56,58,27,27,27,0,0],"gold":111,"neow_bonus":"THREE_SMALL_POTIONS","is_daily":false,"chose_seed":false,"campfire_upgraded":5,"win_rate":0.0,"timestamp":1610817103,"path_taken":["M","M","?","?","M","E","R","E","T","R","?","?","M","M","R","BOSS","M","$","M","?","?","R","E","?","T","$","?","M","E","M","R","BOSS"],"items_purchased_type":["Relic"],"build_version":"2020-12-22","purchased_purges":3,"victory":false,"max_hp_per_floor":[73,73,73,73,73,73,73,73,73,73,73,73,73,73,73,73,73,73,73,73,73,73,73,73,73,73,73,73,73,73,73,73,73,73],"relic_stats":{"Blood Vial":8,"counters":[16,54],"VioletLotus":[12],"Juzu Bracelet":0,"Letter Opener":[0],"obtain_stats":[{"Blood Vial":28,"Lantern":19,"Anchor":26,"Matryoshka":30,"Oddly Smooth Stone":9,"VioletLotus":17,"Juzu Bracelet":24,"TeardropLocket":6,"Letter Opener":8,"PureWater":0},{"Blood Vial":12,"Lantern":10,"Anchor":12,"Matryoshka":14,"Oddly Smooth Stone":6,"VioletLotus":9,"Juzu Bracelet":12,"TeardropLocket":5,"Letter Opener":6,"PureWater":0},{"Blood Vial":38,"Lantern":34,"Anchor":38,"Matryoshka":45,"Oddly Smooth Stone":18,"VioletLotus":32,"Juzu Bracelet":38,"TeardropLocket":13,"Letter Opener":18,"PureWater":0}]},"card_choices":[{"not_picked":["ThirdEye","Prostrate"],"picked":"BowlingBash","floor":1.0},{"not_picked":["Fasting2","JustLucky"],"picked":"CarveReality","floor":2.0},{"not_picked":["FollowUp","WindmillStrike"],"picked":"CutThroughFate","floor":4.0},{"not_picked":["EmptyFist","WreathOfFlame"],"picked":"Wallop","floor":5.0},{"not_picked":["Halt","Swivel"],"picked":"FlurryOfBlows","floor":6.0},{"not_picked":["ClearTheMind","Judgement"],"picked":"Adaptation","floor":8.0},{"not_picked":["Conclude","Wireheading","CrushJoints"],"picked":"SKIP","floor":13.0},{"not_picked":["CutThroughFate","CrushJoints","FlurryOfBlows"],"picked":"SKIP","floor":14.0},{"not_picked":["Ragnarok","Omniscience"],"picked":"Scrawl","floor":16.0},{"not_picked":["CutThroughFate+1","FlyingSleeves","FollowUp"],"picked":"SKIP","floor":18.0},{"not_picked":["CrushJoints","EmptyFist"],"picked":"WheelKick","floor":20.0},{"not_picked":["CutThroughFate","Wallop","PathToVictory"],"picked":"SKIP","floor":24.0},{"not_picked":["Pray","Meditate","Indignation"],"picked":"SKIP","floor":29.0},{"not_picked":["Pray","Meditate","Indignation"],"picked":"SKIP","floor":29.0},{"not_picked":["Pray","Meditate","Indignation"],"picked":"SKIP","floor":29.0},{"not_picked":["EmptyFist","Omniscience","Collect"],"picked":"SKIP","floor":30.0},{"not_picked":["CrushJoints","Crescendo","EmptyFist"],"picked":"SKIP","floor":31.0}],"player_experience":1571732,"relics_obtained":[{"floor":6.0,"key":"TeardropLocket"},{"floor":8.0,"key":"Letter Opener"},{"floor":9.0,"key":"Oddly Smooth Stone"},{"floor":24.0,"key":"Juzu Bracelet"},{"floor":26.0,"key":"Anchor"},{"floor":30.0,"key":"Matryoshka"}],"event_choices":[{"damage_healed":0.0,"max_hp_gain":0.0,"max_hp_loss":0.0,"gold_gain":50.0,"event_name":"FaceTrader","player_choice":"Touch","floor":3.0,"gold_loss":0.0,"damage_taken":7.0},{"damage_healed":0.0,"max_hp_gain":0.0,"max_hp_loss":0.0,"gold_gain":0.0,"event_name":"Liars Game","player_choice":"Ignored","floor":11.0,"gold_loss":0.0,"damage_taken":0.0},{"cards_removed":["Strike_P"],"damage_healed":0.0,"max_hp_gain":0.0,"max_hp_loss":0.0,"gold_gain":0.0,"event_name":"Back to Basics","player_choice":"Elegance","floor":21.0,"gold_loss":0.0,"damage_taken":0.0},{"damage_healed":0.0,"max_hp_gain":0.0,"max_hp_loss":0.0,"gold_gain":0.0,"event_name":"The Library","player_choice":"Read","floor":22.0,"gold_loss":0.0,"damage_taken":0.0,"cards_obtained":["FearNoEvil"]},{"damage_healed":0.0,"max_hp_gain":0.0,"max_hp_loss":0.0,"gold_gain":0.0,"event_name":"Vampires","player_choice":"Ignored","floor":25.0,"gold_loss":0.0,"damage_taken":0.0}],"is_beta":false,"boss_relics":[{"not_picked":["Snecko Eye","SlaversCollar"],"picked":"VioletLotus"}],"items_purged_floors":[12,19,27],"is_endless":false,"potions_floor_spawned":[2,13,16,20,30,31],"killed_by":"Champ","ascension_level":20}}