{"host":"jak4ncvfzor9mys0","time":1610783341,"event":{"mods":["2.2 Compatiblity","AchievementEnabler","BaseMod","Better Altar","Better Match","Better Note","Better Sensory Stone","Better Skull","Better Third Choice","BetterRewards","Block Reminder","Colored Map","Colored Powertips","Dark Map","Energized Spire","Gold Saver","Hubris","Infinite Spire","Key Reminder","Minty Spire (QoL Compilation)","Rare Cards Sparkle","Red Circlet Mod","Relic Sorter","Relic Stats","Replay The Spire","Retaliation","Spicy Shops","StSLib","SuperFastMode","The Blue Laboratory"],"gold_per_floor":[614,626,637,637,274,306,306,333,333,350,360,360,373,192,192,296,296,310,310,321,334,334,668,668,668,668],"floor_reached":25,"language":"ENG","playtime":1012,"items_purged":["Bash","Defend_R"],"score":402,"play_id":"b3878c0b-227d-4a1e-b3db-56a7472c4ca9","local_time":"20210115234901","is_ascension_mode":true,"campfire_choices":[{"data":"hubris:ReadiedAction","floor":7.0,"key":"SMITH"},{"data":"ReplayTheSpireMod:Strike From Hell","floor":12.0,"key":"SMITH"},{"data":"Demon Form","floor":15.0,"key":"SMITH"},{"floor":24,"key":"REST"}],"circlet_count":0,"master_deck":["Strike_R","Strike_R","Strike_R","Strike_R","Defend_R","Defend_R","Defend_R","hubris:ReadiedAction+1","Thunderclap","ReplayTheSpireMod:Strike From Hell+1","Shrug It Off","Demon Form+1","Rage","Berserk","Shrug It Off+1","ReplayTheSpireMod:LeadingStrike","Parasite","Perfected Strike+1"],"relics":["Burning Blood","TheAbacus","Sling","Magic Flower","hubris:Potato","Replay:Baseball","FossilizedHelix","ReplayFunnel","Old Coin"],"acts_visited":["Exordium","TheCity"],"potions_floor_usage":[24],"damage_taken":[{"damage":5.0,"enemies":"Small Slimes","floor":1.0,"turns":3.0},{"damage":6.0,"enemies":"Cultist","floor":2.0,"turns":3.0},{"damage":0.0,"enemies":"2 Louse","floor":3.0,"turns":4.0},{"damage":12.0,"enemies":"3 Sentries","floor":6.0,"turns":5.0},{"damage":7.0,"enemies":"Lagavulin","floor":8.0,"turns":4.0},{"damage":16.0,"enemies":"Large Slime","floor":10.0,"turns":6.0},{"damage":1.0,"enemies":"3 Louse","floor":11.0,"turns":5.0},{"damage":10.0,"enemies":"Exordium Thugs","floor":13.0,"turns":6.0},{"damage":0,"enemies":"The Guardian","floor":16,"turns":7},{"damage":19,"enemies":"Chosen","floor":18,"turns":6},{"damage":28,"enemies":"2 Thieves","floor":20,"turns":4},{"damage":8,"enemies":"Snecko","floor":21,"turns":5},{"damage":48,"enemies":"Replay:Snechameleon","floor":23,"turns":6},{"damage":54,"enemies":"Nightmare","floor":25,"turns":6}],"seed_played":"3535752938225887466","potions_obtained":[{"floor":1.0,"key":"EntropicBrew"},{"floor":11.0,"key":"BloodPotion"},{"floor":16,"key":"blueLaboratory:PhilterOfMotion"}],"is_trial":false,"path_per_floor":["M","M","M","?","$","E","R","E","T","M","M","R","M","$","R","B",null,"M","?","M","M","?","E","R","NM"],"character_chosen":"IRONCLAD","items_purchased":["hubris:ReadiedAction","TheAbacus","Sling","Magic Flower","Rage"],"campfire_rested":1,"item_purchase_floors":[0,0,0,5,14],"current_hp_per_floor":[80,80,80,73,73,70,70,72,72,65,73,73,72,72,72,80,80,70,70,51,52,52,13,53,0,0],"gold":668,"neow_bonus":"","is_daily":false,"chose_seed":false,"campfire_upgraded":3,"win_rate":0.0,"timestamp":1610783341,"path_taken":["M","M","M","?","$","E","R","E","T","M","M","R","M","$","R","BOSS","M","?","M","?","?","E","R","NM"],"items_purchased_type":["Card","Relic","Relic","Relic","Card"],"build_version":"2020-12-22","purchased_purges":2,"victory":false,"max_hp_per_floor":[80,80,80,80,80,80,80,80,80,80,80,80,80,80,80,80,80,80,80,80,80,80,80,80,80,80],"relic_stats":{"TheAbacus":[138],"counters":[29,148],"Magic Flower":[29],"obtain_stats":[{"ReplayFunnel":22,"Regal Pillow":13,"Magic Flower":5,"hubris:SlimyHat":17,"Sling":3,"Empty Cage":19,"Burning Blood":0,"Old Coin":23,"Replay:Bandana":10,"hubris:Icosahedron":2,"hubris:HerbalPaste":19,"TheAbacus":0,"DollysMirror":21,"MealTicket":6,"Iron Hammer":26,"Replay:Wax Seal":8,"Gremlin Food":24,"NeowsBlessing":0,"Replay:Ancient Bell":17,"Du-Vu Doll":17,"Replay:Baseball":8,"Art of War":9,"hubris:Potato":6,"FossilizedHelix":9,"Meat on the Bone":17},{"ReplayFunnel":27,"Regal Pillow":5,"Magic Flower":18,"hubris:SlimyHat":7,"Sling":1,"Empty Cage":8,"Burning Blood":0,"Old Coin":28,"Replay:Bandana":5,"hubris:Icosahedron":1,"hubris:HerbalPaste":8,"TheAbacus":15,"DollysMirror":8,"MealTicket":3,"Iron Hammer":11,"Replay:Wax Seal":4,"Gremlin Food":10,"NeowsBlessing":0,"Replay:Ancient Bell":7,"Du-Vu Doll":7,"Replay:Baseball":20,"Art of War":4,"hubris:Potato":19,"FossilizedHelix":20,"Meat on the Bone":7},{"ReplayFunnel":136,"Regal Pillow":12,"Magic Flower":88,"hubris:SlimyHat":29,"Sling":1,"Empty Cage":33,"Burning Blood":0,"Old Coin":142,"Replay:Bandana":12,"hubris:Icosahedron":1,"hubris:HerbalPaste":33,"TheAbacus":78,"DollysMirror":33,"MealTicket":4,"Iron Hammer":52,"Replay:Wax Seal":8,"Gremlin Food":47,"NeowsBlessing":0,"Replay:Ancient Bell":29,"Du-Vu Doll":29,"Replay:Baseball":97,"Art of War":8,"hubris:Potato":93,"FossilizedHelix":97,"Meat on the Bone":29}],"Burning Blood":166},"card_choices":[{"not_picked":["Havoc","Blood for Blood","Warcry"],"picked":"SKIP","floor":1.0},{"not_picked":["Massacre","Warcry"],"picked":"Thunderclap","floor":2.0},{"not_picked":["Headbutt","Seeing Red"],"picked":"ReplayTheSpireMod:Strike From Hell","floor":3.0},{"not_picked":["Burning Pact","Warcry"],"picked":"Shrug It Off","floor":6.0},{"not_picked":["DDmod:EasePowerCard","Fire Breathing"],"picked":"Demon Form","floor":8.0},{"not_picked":["Iron Wave","DDmod:CallousedSkill","Life Link"],"picked":"SKIP","floor":10.0},{"not_picked":["Bloodletting","Power Through","Body Slam"],"picked":"SKIP","floor":11.0},{"not_picked":["Iron Wave","Armaments","Wild Strike"],"picked":"SKIP","floor":13.0},{"not_picked":["Offering","Hemogenesis"],"picked":"Berserk","floor":16},{"not_picked":["DDmod:CallousedSkill","DDmod:UnstoppableAttack+1"],"picked":"Shrug It Off+1","floor":18},{"not_picked":["Spot Weakness","Shrug It Off"],"picked":"ReplayTheSpireMod:LeadingStrike","floor":20},{"not_picked":["ReplayTheSpireMod:Corrosion Curse","Blood for Blood+1","Sword Boomerang"],"picked":"SKIP","floor":21},{"not_picked":["Flex","Iron Wave"],"picked":"Perfected Strike+1","floor":23}],"player_experience":2763788,"relics_obtained":[{"floor":6.0,"key":"hubris:Potato"},{"floor":8.0,"key":"Replay:Baseball"},{"floor":9.0,"key":"FossilizedHelix"},{"floor":23,"key":"Old Coin"}],"event_choices":[{"cards_removed":["Strike_R"],"damage_healed":0.0,"max_hp_gain":0.0,"max_hp_loss":0.0,"gold_gain":0.0,"event_name":"Golden Wing","player_choice":"Card Removal","floor":4.0,"gold_loss":0.0,"damage_taken":7.0},{"cards_removed":["Defend_R"],"damage_healed":0,"gold_gain":0,"player_choice":"Give","damage_taken":0,"max_hp_gain":0,"max_hp_loss":0,"event_name":"betterNote:BetterNote","floor":19,"gold_loss":0,"cards_obtained":["Bash"]}],"is_beta":false,"boss_relics":[{"not_picked":["Honey Jar","Runic Dome","energizedSpire:NeverEndingSparkler"]}],"items_purged_floors":[5,14],"is_endless":false,"potions_floor_spawned":[1,2,11,13,16,21],"killed_by":"Nightmare","ascension_level":1}}