{"host":"8qunn9rv8l67kf3a","time":1610840234,"event":{"mods":["100% Spire Juice","2.2 Compatiblity","Act Like it!","Aspiration","Bard","BaseMod","Beaked The Cultist","Bestiary","Better Match","Better Note","Better Sensory Stone","Better Skull","Better Third Choice","Better Vampires","BetterRewards","Block Reminder","Chen","Colored Map","Conspire","Energized Spire","Gensokyo","Gold Saver","GungeonMod","Halation","Hermit","Hubris","Infinite Spire","KinomotoSakuraMod(????)","Koishi","Marisa????????","Marked Mod","Minty Spire (QoL Compilation)","Onozuka Komachi Mod","Potionbrewer","Random Character Button","Reimu??????","Replay The Spire","Shade Mod","Spikes Relics","StSLib","The Administrix","The Bladedancer","The Cursed","The Dragon Tamer","The Druid","The Florist","The Gatherer","The Hierophant","The Jungle","The Marked","The Mystic","The Senshi","The Servant 0.9.4","The Vixen","TheBandit","TheFirefly","TheVacant","Trackpad","Youmu??????","Yuyuko","vexMod","??????REMEMod"],"gold_per_floor":[119,137,37,37,54,118,118,163,163,163,48,48,48,48,48,169,169,245,245,170,170,170,170,198,213,238,238,305,322,322,391,391,532,532,587,802,648,663,704,704,704,704,730,741,741,773,773,773],"floor_reached":46,"language":"ENG","playtime":5967,"items_purged":["Pain"],"score":612,"play_id":"bc92351a-90af-4746-9992-2d09cc932f91","local_time":"20210116183714","is_ascension_mode":false,"metric_token":3987,"campfire_choices":[{"data":"DTMod:RepeatStrike","floor":7,"key":"SMITH"},{"floor":10,"key":"REST"},{"data":"conspire:SpireCoStock","floor":13,"key":"SMITH"},{"data":"conspire:SpireCoStock","floor":15,"key":"SMITH"},{"data":"DTMod:DarkBreath","floor":27,"key":"SMITH"},{"floor":32,"key":"REST"},{"data":"DTMod:SealedStrike+1","floor":40,"key":"SMITH"}],"dtmod_dragon_data":[0,50,3,2,14,4],"circlet_count":0,"master_deck":["DTMod:Strike","DTMod:Strike","DTMod:Strike","DTMod:Strike","DTMod:DoubleHit","DTMod:TargetDefense","DTMod:TargetDefense","DTMod:TargetDefense","DTMod:TargetDefense","DTMod:SwitchingTactic","DTMod:RepeatStrike+1","DTMod:ComboAttack+1","DTMod:ShieldDrain","conspire:SpireCoStock+1","conspire:SpireCoStock+1","DTMod:MagiciansMark+1","DTMod:OpeningTactic","DTMod:LightShield","Panacea+1","theMarked:Challenge+1","DTMod:DarkBreath+1","DTMod:Training+1","DTMod:BuildUp","DTMod:SealedStrike+2","DTMod:Feint","DTMod:QuickFly","Gensokyo:OverchargedCore","DTMod:ComboAttack+1","infinitespire:SevenWalls"],"relics":["DTMod:PactStone","REME_ComplimentaryCards","Simple Rune","BlackRope","halation:Trompette","halation:RedSoulGem","hubris:FunFungus","hubris:TenFootPole","DemoMod:GnawedKey","ShockBauble","Gensokyo:LunaticRedEyes","Replay:Bronze Core","Gensokyo:MosesMiracle","Pet Ghost","Bag of Marbles","trackpad:WritersBlock","trackpad:Compendium","trackpad:AdjectivePendant","SpikesRelics:DaevaFist","ReplayTheSpireMod:Lightbulb","DemoMod:MonsterBlood","DemoMod:WeirdEgg","halation:StarCompass","theSenshi:FeatherClipsRelic","potionbrewer:BhaskarasWheel","Pen Nib","halation:PromiseList","aspiration:EmptySkull","vexMod:PaidLearning","Gensokyo:DualWield","potionbrewer:Torch","hubris:KleinBottle"],"acts_visited":["Exordium","Gensokyo:Gensokyo","Gensokyo:Gensokyoer"],"potions_floor_usage":[46],"damage_taken":[{"damage":0,"enemies":"Gensokyo:2_Kodama","floor":1,"turns":3},{"damage":0,"enemies":"Gensokyo:Gryphon","floor":2,"turns":3},{"damage":0,"enemies":"Gensokyo:Python","floor":5,"turns":2},{"damage":16,"enemies":"Gensokyo:Aya","floor":6,"turns":6},{"damage":0,"enemies":"Gensokyo:Mamizou","floor":8,"turns":7},{"damage":15,"enemies":"Gensokyo:Kokoro","floor":16,"turns":11},{"damage":2,"enemies":"Gensokyo:Chomper","floor":18,"turns":4},{"damage":0,"enemies":"Gensokyo:Tenshi","floor":24,"turns":4},{"damage":0,"enemies":"Gensokyo:AngelMirror","floor":25,"turns":1},{"damage":0,"enemies":"Gensokyo:Wraith","floor":28,"turns":4},{"damage":0,"enemies":"Gensokyo:Monolith_and_Dog","floor":29,"turns":2},{"damage":1,"enemies":"Gensokyo:Koishi","floor":31,"turns":4},{"damage":1,"enemies":"Gensokyo:Eternal_Rivals","floor":33,"turns":10},{"damage":0,"enemies":"Gensokyo:3_Bats","floor":35,"turns":3},{"damage":0,"enemies":"Gensokyo:AncientGuardian","floor":38,"turns":3},{"damage":0,"enemies":"Gensokyo:SeedOfUnknown","floor":39,"turns":3},{"damage":0,"enemies":"Gensokyo:Rafflesia","floor":44,"turns":4},{"damage":25,"enemies":"Nightmare","floor":46,"turns":7}],"seed_played":"-3811573709156128143","potions_obtained":[{"floor":5,"key":"SteroidPotion"},{"floor":6,"key":"potionbrewer:NoxiousPotion"},{"floor":18,"key":"EssenceOfSteel"}],"is_trial":false,"path_per_floor":["M","M","?","?","M","E","R","E","T","R","$","T","R","?","R","B",null,"M","?","?","?","?","AVR","E","M","T","R","M","M","?","E","R","B",null,"M","?","$","M","M","R","?","?","T","M","$","NM"],"character_chosen":"THE_DT","items_purchased":["Simple Rune","BlackRope","DTMod:RepeatStrike","DemoMod:GnawedKey","vexMod:PaidLearning","hubris:KleinBottle"],"campfire_rested":2,"item_purchase_floors":[0,0,0,11,37,45],"current_hp_per_floor":[45,45,45,45,45,29,29,30,30,43,43,43,43,43,43,28,45,43,43,43,42,5,5,24,34,34,34,34,44,44,43,49,49,49,49,9,9,15,21,21,21,21,21,41,22,0,0,0],"gold":773,"neow_bonus":"","is_daily":false,"chose_seed":false,"campfire_upgraded":5,"win_rate":0.0,"timestamp":1610840234,"path_taken":["M","M","?","?","M","E","R","E","T","R","?","?","R","?","R","BOSS","M","?","?","?","?","AVR","E","?","T","R","M","M","?","E","R","BOSS","M","?","?","?","M","R","?","?","T","M","?","NM"],"items_purchased_type":["Relic","Relic","Card","Relic","Relic","Relic"],"build_version":"2020-12-22","purchased_purges":1,"victory":false,"max_hp_per_floor":[45,45,45,45,45,45,45,45,45,45,45,45,45,45,45,45,45,45,45,45,42,42,42,49,49,49,49,49,49,49,49,49,49,49,49,49,49,49,49,49,49,49,49,49,49,49,49,49],"card_choices":[{"not_picked":["DTMod:BizarreTactic","DTMod:CalculatedDefense"],"picked":"DTMod:ComboAttack","floor":1},{"not_picked":["DTMod:Weaken","DTMod:GhostSkin"],"picked":"DTMod:ShieldDrain","floor":2},{"not_picked":["DTMod:RunningTactic","DTMod:MaximumCharge","DTMod:GhostSkin"],"picked":"SKIP","floor":5},{"not_picked":["DTMod:DragonDance","DTMod:Punisher"],"picked":"DTMod:MagiciansMark","floor":6},{"not_picked":["DTMod:BlazingStrike","DTMod:Conduct"],"picked":"DTMod:OpeningTactic","floor":8},{"not_picked":["DTMod:StunTrap","DTMod:RepeatStrike"],"picked":"DTMod:LightShield","floor":16},{"not_picked":["DTMod:Threaten","DTMod:HeatWave+1","DTMod:ShieldDrain"],"picked":"SKIP","floor":18},{"not_picked":["Impatience+1","hubris:Insight+1"],"picked":"Panacea+1","floor":20},{"not_picked":["DTMod:ShadowImage","DTMod:Cover+1"],"picked":"DTMod:DarkBreath","floor":24},{"not_picked":["DTMod:MagicField+1","DTMod:Feint"],"picked":"DTMod:Training+1","floor":25},{"not_picked":["DTMod:Observe+1","DTMod:MagiciansMark+1"],"picked":"DTMod:BuildUp","floor":28},{"not_picked":["DTMod:BizarreTactic","DTMod:Cover+1","DTMod:Hide+1"],"picked":"SKIP","floor":29},{"not_picked":["DTMod:Cover","DTMod:BurningEnergy","DTMod:Overwhelm+1"],"picked":"SKIP","floor":31},{"not_picked":["DTMod:ShadowImage","DTMod:OpeningTactic"],"picked":"DTMod:SealedStrike","floor":33},{"not_picked":["DTMod:BlazingStrike","DTMod:ForkedFire+1"],"picked":"DTMod:Feint","floor":35},{"not_picked":["DTMod:MasterPlan","DTMod:Feint","DTMod:Weaken"],"picked":"SKIP","floor":38},{"not_picked":["DTMod:HeatWave+1","DTMod:ExcessFootwork"],"picked":"DTMod:QuickFly","floor":39},{"not_picked":["DTMod:QuickFly","DTMod:BreakAttack"],"picked":"DTMod:ComboAttack+1","floor":44},{"not_picked":["infinitespire:Collect","infinitespire:Starlight"],"picked":"infinitespire:SevenWalls","floor":45}],"player_experience":672584,"relics_obtained":[{"floor":6,"key":"hubris:FunFungus"},{"floor":8,"key":"hubris:TenFootPole"},{"floor":12,"key":"ShockBauble"},{"floor":24,"key":"DemoMod:MonsterBlood"},{"floor":26,"key":"DemoMod:WeirdEgg"},{"floor":28,"key":"Gensokyo:MosesMiracle"},{"floor":31,"key":"theSenshi:FeatherClipsRelic"},{"floor":43,"key":"potionbrewer:Torch"}],"event_choices":[{"damage_healed":0,"gold_gain":0,"player_choice":"Invest 2","damage_taken":0,"max_hp_gain":0,"max_hp_loss":0,"event_name":"conspire:Investor","floor":3,"gold_loss":0},{"damage_healed":0,"gold_gain":0,"player_choice":"2","damage_taken":0,"max_hp_gain":0,"max_hp_loss":0,"event_name":"betterMatch:BetterMatch","floor":20,"gold_loss":0,"cards_obtained":["betterMatch:ColorlessUncommonCard","betterMatch:CommonCard"]},{"damage_healed":0,"gold_gain":0,"player_choice":"RE RE RE RE RE UP ","damage_taken":88,"relics_obtained":["Bag of Marbles","trackpad:WritersBlock","trackpad:Compendium","trackpad:AdjectivePendant","SpikesRelics:DaevaFist"],"max_hp_gain":0,"max_hp_loss":0,"event_name":"betterSkull:BetterSkull","floor":22,"gold_loss":0,"cards_upgraded":["theMarked:Challenge"]},{"damage_healed":0,"gold_gain":215,"player_choice":"RE RE RE GO UP UP UP GO ","damage_taken":96,"relics_obtained":["Pen Nib","halation:PromiseList","aspiration:EmptySkull"],"max_hp_gain":0,"max_hp_loss":0,"event_name":"betterSkull:BetterSkull","floor":36,"gold_loss":0,"cards_upgraded":["DTMod:ComboAttack","DTMod:Strike","DTMod:Strike"]}],"is_beta":false,"boss_relics":[{"not_picked":["Kintsugi","halation:MonkeysPaw"],"picked":"Replay:Bronze Core"},{"not_picked":["hubris:TerracottaHorce","hubris:GrandSneckoEye"],"picked":"potionbrewer:BhaskarasWheel"}],"items_purged_floors":[23],"is_endless":false,"potions_floor_spawned":[5,6,18,25,29,35,44],"killed_by":"Nightmare","ascension_level":0}}