{"host":"i7jfea87xc8lz16p","time":1610813127,"event":{"mods":["AchievementEnabler","BaseMod","Colored Powertips","Minty Spire (QoL Compilation)","Relic Stats"],"gold_per_floor":[119,132,143,159,51,51,84,84,138,150,150,176,176,194,194,194,194],"floor_reached":16,"language":"ENG","playtime":652,"items_purged":[],"score":224,"play_id":"8b3937e5-6b42-4a82-b952-2e99e65a6a19","local_time":"20210116170527","is_ascension_mode":true,"campfire_choices":[{"data":"Uppercut","floor":6,"key":"SMITH"},{"data":"Shockwave","floor":8,"key":"SMITH"},{"data":"Pommel Strike","floor":13,"key":"SMITH"},{"floor":15,"key":"REST"}],"circlet_count":0,"master_deck":["AscendersBane","Strike_R","Strike_R+1","Strike_R","Strike_R+1","Strike_R","Defend_R","Defend_R","Defend_R","Defend_R","Bash","Pommel Strike+1","Uppercut+1","Perfected Strike","Thunderclap","Shockwave+1","Bloodletting"],"relics":["Burning Blood","Letter Opener","Toy Ornithopter","Smiling Mask","CultistMask","Whetstone"],"acts_visited":["Exordium"],"potions_floor_usage":[12,16,16],"damage_taken":[{"damage":4,"enemies":"2 Louse","floor":1,"turns":4},{"damage":1,"enemies":"Cultist","floor":2,"turns":4},{"damage":4,"enemies":"Jaw Worm","floor":3,"turns":3},{"damage":21,"enemies":"Lots of Slimes","floor":4,"turns":5},{"damage":26,"enemies":"Gremlin Nob","floor":7,"turns":4},{"damage":14,"enemies":"Large Slime","floor":10,"turns":5},{"damage":23,"enemies":"3 Sentries","floor":12,"turns":7},{"damage":21,"enemies":"3 Louse","floor":14,"turns":4},{"damage":48,"enemies":"The Guardian","floor":16,"turns":12}],"seed_played":"7147446228962369674","potions_obtained":[{"floor":2,"key":"SpeedPotion"},{"floor":3,"key":"EssenceOfSteel"},{"floor":10,"key":"Strength Potion"},{"floor":12,"key":"ColorlessPotion"}],"is_trial":false,"path_per_floor":["M","M","M","M","?","R","E","R","T","M","?","E","R","M","R","B"],"character_chosen":"IRONCLAD","items_purchased":[],"campfire_rested":1,"item_purchase_floors":[],"current_hp_per_floor":[77,82,82,67,67,67,47,47,47,39,39,27,27,12,36,0,0],"gold":194,"neow_bonus":"TEN_PERCENT_HP_BONUS","is_daily":false,"chose_seed":false,"campfire_upgraded":3,"win_rate":0.0,"timestamp":1610813127,"path_taken":["M","M","M","M","?","R","E","R","T","?","?","E","R","M","R","BOSS"],"items_purchased_type":[],"build_version":"2020-12-22","purchased_purges":0,"victory":false,"max_hp_per_floor":[82,82,82,82,82,82,82,82,82,82,82,82,82,82,82,82,82],"relic_stats":{"counters":[9,48],"Letter Opener":[0],"Whetstone":["Strike_R","Strike_R"],"Smiling Mask":0,"obtain_stats":[{"CultistMask":11,"Letter Opener":5,"Whetstone":12,"Smiling Mask":9,"Burning Blood":0,"Toy Ornithopter":7},{"CultistMask":6,"Letter Opener":4,"Whetstone":7,"Smiling Mask":5,"Burning Blood":0,"Toy Ornithopter":5},{"CultistMask":25,"Letter Opener":16,"Whetstone":32,"Smiling Mask":20,"Burning Blood":0,"Toy Ornithopter":20}],"Burning Blood":46,"Toy Ornithopter":15},"card_choices":[{"not_picked":["Twin Strike","Rampage"],"picked":"Pommel Strike","floor":1},{"not_picked":["Rampage","Hemokinesis"],"picked":"Uppercut","floor":2},{"not_picked":["Second Wind","Twin Strike"],"picked":"Perfected Strike","floor":3},{"not_picked":["Pommel Strike","Havoc"],"picked":"Thunderclap","floor":4},{"not_picked":["Dropkick","Fire Breathing"],"picked":"Shockwave","floor":7},{"not_picked":["Battle Trance","Dark Embrace"],"picked":"Bloodletting","floor":10},{"not_picked":["Searing Blow","Sever Soul","Shockwave"],"picked":"SKIP","floor":12},{"not_picked":["Armaments","Anger","Heavy Blade"],"picked":"SKIP","floor":14}],"player_experience":1780765,"relics_obtained":[{"floor":7,"key":"Toy Ornithopter"},{"floor":9,"key":"Smiling Mask"},{"floor":12,"key":"Whetstone"}],"event_choices":[{"damage_healed":0,"gold_gain":0,"player_choice":"Paid Gold","damage_taken":0,"relics_obtained":["Letter Opener"],"max_hp_gain":0,"max_hp_loss":0,"event_name":"WeMeetAgain","floor":5,"gold_loss":108},{"damage_healed":0,"gold_gain":0,"player_choice":"Trade","damage_taken":0,"relics_obtained":["CultistMask"],"max_hp_gain":0,"max_hp_loss":0,"event_name":"FaceTrader","floor":11,"gold_loss":0}],"is_beta":false,"boss_relics":[],"items_purged_floors":[],"is_endless":false,"potions_floor_spawned":[2,3,7,10,12],"killed_by":"The Guardian","ascension_level":20}}