{"host":"9n6i2vl93jt4o42q","time":1610758233,"event":{"mods":["BaseMod","Downfall","Minty Spire (QoL Compilation)","Relic Stats","StSLib"],"gold_per_floor":[99,113,113,132,143,161,161,161,171,182,192,117,117,149,166,240,240,165,182,182,194,211,236,305,305,316,316,327,353,353,432,448,525,525,525,525,537,549,549,48,48,48,95,95,109,5,5,34,53,53,53,53],"floor_reached":50,"language":"ENG","playtime":5872,"items_purged":[],"score":955,"play_id":"3356fe50-10eb-42a8-bb41-9b756f99cd08","local_time":"20210116015033","is_ascension_mode":true,"campfire_choices":[{"floor":8.0,"key":"RECALL"},{"floor":12.0,"key":"REST"},{"data":"Guardian:CurlUp","floor":18.0,"key":"SMITH"},{"floor":25.0,"key":"REST"},{"floor":30.0,"key":"REST"},{"data":"Guardian:SentryBeam","floor":47.0,"key":"SMITH"}],"circlet_count":0,"master_deck":["AscendersBane","Guardian:Strike_Guardian+1","Guardian:Strike_Guardian+1","Guardian:Defend_Guardian","Guardian:Defend_Guardian+1","Guardian:Defend_Guardian","Guardian:CurlUp+1","Guardian:TwinSlam","Guardian:SentryBeam+1","Guardian:Incinerate","Guardian:Recover","Guardian:FuturePlans","Guardian:Planning","Guardian:Incinerate","Guardian:PolyBeam","Guardian:RevengeProtocol","Guardian:TemporalStrike","Guardian:MultiBeam","Guardian:BronzeOrb+1","Guardian:EvasiveProtocol","Guardian:ArmoredProtocol","Guardian:Planning+1","Guardian:PiercingHide+1","Guardian:Harden+1","Guardian:Recover+1","Guardian:ExploitGems+1","Guardian:TemporalShield+1","Guardian:ShieldCharger+1","Guardian:BronzeArmor+1","Guardian:ChargeUp+1"],"relics":["Guardian:ModeShifter","Guardian:PickAxe","Vajra","downfall:HeartBlessingRed","White Beast Statue","Black Star","downfall:HeartBlessingGreen","Question Card","Tiny Chest","Letter Opener","Meat on the Bone","Orichalcum","Toxic Egg 2","SlaversCollar","Bottled Flame","Ornamental Fan","Torii","Whetstone","Guardian:DefensiveModeMoreBlock"],"acts_visited":["Exordium","TheCity","TheBeyond"],"potions_floor_usage":[],"damage_taken":[{"damage":0.0,"enemies":"Cultist","floor":2.0,"turns":4.0},{"damage":0.0,"enemies":"2 Louse","floor":4.0,"turns":3.0},{"damage":7.0,"enemies":"Jaw Worm","floor":5.0,"turns":4.0},{"damage":11.0,"enemies":"3 Louse","floor":6.0,"turns":4.0},{"damage":0.0,"enemies":"Gremlin Gang","floor":9.0,"turns":5.0},{"damage":8.0,"enemies":"Exordium Wildlife","floor":10.0,"turns":4.0},{"damage":11.0,"enemies":"Lots of Slimes","floor":11.0,"turns":5.0},{"damage":2.0,"enemies":"3 Sentries","floor":14.0,"turns":7.0},{"damage":0.0,"enemies":"Blue Slaver","floor":15.0,"turns":3.0},{"damage":6.0,"enemies":"downfall:Watcher","floor":16.0,"turns":8.0},{"damage":11.0,"enemies":"Shell Parasite","floor":19.0,"turns":4.0},{"damage":0.0,"enemies":"3 Byrds","floor":21.0,"turns":3.0},{"damage":0.0,"enemies":"Snecko","floor":22.0,"turns":5.0},{"damage":21.0,"enemies":"Slavers","floor":23.0,"turns":4.0},{"damage":23.0,"enemies":"3 Cultists","floor":26.0,"turns":5.0},{"damage":3.0,"enemies":"Sentry and Sphere","floor":28.0,"turns":4.0},{"damage":3.0,"enemies":"Gremlin Leader","floor":29.0,"turns":5.0},{"damage":3.0,"enemies":"Snake Plant","floor":32.0,"turns":4.0},{"damage":25.0,"enemies":"downfall:Ironclad","floor":33.0,"turns":7.0},{"damage":1.0,"enemies":"3 Shapes","floor":37.0,"turns":5.0},{"damage":17.0,"enemies":"Orb Walker","floor":38.0,"turns":5.0},{"damage":0.0,"enemies":"downfall:FleeingMerchant","floor":40.0,"turns":4.0},{"damage":18.0,"enemies":"2 Orb Walkers","floor":43.0,"turns":5.0},{"damage":2.0,"enemies":"Maw","floor":45.0,"turns":7.0},{"damage":0.0,"enemies":"downfall:FleeingMerchant","floor":46.0,"turns":4.0},{"damage":8.0,"enemies":"Giant Head","floor":48.0,"turns":8.0},{"damage":7,"enemies":"Transient","floor":49,"turns":6},{"damage":45,"enemies":"DF_ARCHETYPE_ORBS","floor":50,"turns":14}],"seed_played":"-7945335881403144395","potions_obtained":[{"floor":9.0,"key":"Swift Potion"},{"floor":10.0,"key":"BlessingOfTheForge"},{"floor":11.0,"key":"AttackPotion"},{"floor":14.0,"key":"Guardian:AcceleratePotion"},{"floor":15.0,"key":"Guardian:StasisDiscoveryPotion"},{"floor":26.0,"key":"Guardian:DefensiveModePotion"},{"floor":29.0,"key":"DuplicationPotion"},{"floor":38.0,"key":"Slimebound:ThreeZeroPotion"},{"floor":43.0,"key":"LiquidMemories"},{"floor":45.0,"key":"DistilledChaos"}],"is_trial":false,"path_per_floor":["R","M","?","M","M","M","T","R","M","M","M","R","?","E","M","B",null,"R","M","?","M","M","E","T","R","M","?","M","E","R","T","M","B",null,"R","?","M","M","T","$","T","R","?","?","M","$","R","E","M","B"],"character_chosen":"GUARDIAN","items_purchased":["Guardian:ExploitGems+1","Guardian:TemporalShield+1","Bottled Flame","Guardian:BronzeArmor+1"],"campfire_rested":3,"item_purchase_floors":[40,40,40,46],"current_hp_per_floor":[65,65,65,65,58,47,47,47,47,39,28,49,49,47,47,41,64,64,53,53,53,53,32,32,53,30,30,27,24,45,45,42,29,61,61,49,48,43,43,43,43,43,37,37,47,47,47,39,44,0,0,0],"gold":53,"neow_bonus":"RANDOM_COMMON_RELIC","is_daily":false,"chose_seed":false,"campfire_upgraded":2,"win_rate":0.0,"timestamp":1610758233,"path_taken":["R","M","?","?","M","M","T","R","M","M","M","R","?","E","M","BOSS","R","M","?","M","M","E","T","R","M","?","M","E","R","?","M","BOSS","R","?","M","M","?","$","T","R","?","?","?","$","R","E","M","BOSS"],"items_purchased_type":["Card","Card","Relic","Card"],"build_version":"2020-12-22","purchased_purges":0,"victory":false,"max_hp_per_floor":[72,72,72,72,72,72,72,72,72,72,72,72,72,72,72,72,72,72,72,72,72,72,72,72,72,72,72,72,72,72,72,72,72,72,72,72,72,72,72,72,72,72,72,72,72,72,72,72,72,72,72,72],"relic_stats":{"Torii":2,"counters":[28,146],"Ornamental Fan":[88],"Tiny Chest":1,"Black Star":3,"Letter Opener":[293],"Whetstone":["Guardian:Strike_Guardian","Guardian:Strike_Guardian"],"Orichalcum":[12],"Question Card":14,"obtain_stats":[{"Guardian:DefensiveModeMoreBlock":48,"downfall:HeartBlessingRed":12,"Torii":43,"Guardian:ModeShifter":0,"Vajra":7,"downfall:HeartBlessingGreen":18,"Letter Opener":24,"Whetstone":48,"Orichalcum":29,"Question Card":23,"White Beast Statue":14,"Guardian:PickAxe":0,"SlaversCollar":34,"Bottled Flame":40,"Ornamental Fan":41,"Tiny Chest":23,"Black Star":17,"Toxic Egg 2":31,"Meat on the Bone":29},{"Guardian:DefensiveModeMoreBlock":26,"downfall:HeartBlessingRed":7,"Torii":23,"Guardian:ModeShifter":0,"Vajra":4,"downfall:HeartBlessingGreen":10,"Letter Opener":14,"Whetstone":26,"Orichalcum":17,"Question Card":14,"White Beast Statue":8,"Guardian:PickAxe":0,"SlaversCollar":19,"Bottled Flame":22,"Ornamental Fan":22,"Tiny Chest":14,"Black Star":10,"Toxic Egg 2":17,"Meat on the Bone":17},{"Guardian:DefensiveModeMoreBlock":126,"downfall:HeartBlessingRed":29,"Torii":107,"Guardian:ModeShifter":0,"Vajra":15,"downfall:HeartBlessingGreen":47,"Letter Opener":63,"Whetstone":126,"Orichalcum":77,"Question Card":63,"White Beast Statue":36,"Guardian:PickAxe":0,"SlaversCollar":88,"Bottled Flame":102,"Ornamental Fan":102,"Tiny Chest":63,"Black Star":47,"Toxic Egg 2":77,"Meat on the Bone":77}],"Meat on the Bone":60},"card_choices":[{"not_picked":["Guardian:VentSteam","Guardian:TemporalShield"],"picked":"Guardian:SentryBeam","floor":2.0},{"not_picked":["Guardian:Incinerate","Guardian:Gem_Red"],"picked":"Guardian:Gem_Cyan","floor":4.0},{"not_picked":["Guardian:FloatingOrbs","Guardian:RefractedBeam"],"picked":"Guardian:Incinerate","floor":5.0},{"not_picked":["Guardian:WalkerClaw","Guardian:RollAttack"],"picked":"Guardian:Recover","floor":6.0},{"not_picked":["Guardian:ArmoredProtocol","Guardian:StasisEngine"],"picked":"Guardian:FuturePlans","floor":9.0},{"not_picked":["Guardian:Gem_Red","Guardian:TemporalStrike"],"picked":"Guardian:Planning","floor":10.0},{"not_picked":["Guardian:RollAttack","Guardian:Preprogram"],"picked":"Guardian:Incinerate","floor":11.0},{"not_picked":["Guardian:Preprogram","Guardian:Reroute"],"picked":"Guardian:Gem_Cyan","floor":14.0},{"not_picked":["Guardian:WalkerClaw","Guardian:Incinerate"],"picked":"Guardian:PolyBeam","floor":15.0},{"not_picked":["Guardian:StasisStrike","Guardian:StasisField"],"picked":"Guardian:RevengeProtocol","floor":16.0},{"not_picked":["Guardian:PrismaticBeam","Guardian:Recover"],"picked":"Guardian:TemporalStrike","floor":19.0},{"not_picked":["Guardian:Gem_Red","Guardian:Incinerate"],"picked":"Guardian:MultiBeam","floor":21.0},{"not_picked":["Guardian:FuturePlans","Guardian:Gem_Red"],"picked":"Guardian:BronzeOrb+1","floor":22.0},{"not_picked":["Guardian:Gem_Cyan","Guardian:Gem_Lightblue"],"picked":"Guardian:EvasiveProtocol","floor":23.0},{"not_picked":["Guardian:VentSteam","Guardian:Clone","Guardian:ShieldSpikes","Guardian:Gem_Crimson"],"picked":"SKIP","floor":26.0},{"not_picked":["Guardian:BronzeOrb","Guardian:Gem_Purple","Guardian:PrimingBeam"],"picked":"Guardian:Gem_Yellow","floor":28.0},{"not_picked":["Guardian:PrismaticBeam","Guardian:Gem_Cyan","Guardian:FuturePlans"],"picked":"Guardian:ArmoredProtocol","floor":29.0},{"not_picked":["Guardian:TimeCapacitor+1","Guardian:CrystalBeam+1","Guardian:Gem_Red"],"picked":"Guardian:Planning+1","floor":32.0},{"not_picked":["Guardian:TimeSifter","Guardian:StasisStrike","Guardian:GatlingBeam"],"picked":"Guardian:Gem_Orange","floor":33.0},{"not_picked":["Guardian:Recover+1","Guardian:BronzeArmor+1","Guardian:VentSteam+1"],"picked":"Guardian:PiercingHide+1","floor":37.0},{"not_picked":["Guardian:Gem_Red","Guardian:GuardianWhirl","Guardian:VentSteam+1"],"picked":"Guardian:Harden+1","floor":38.0},{"not_picked":["Guardian:EvasiveProtocol","Guardian:Gem_Green","Guardian:BronzeOrb+1"],"picked":"Guardian:Recover+1","floor":40.0},{"not_picked":["Guardian:BronzeOrb","Guardian:Recover+1","Guardian:TimeBomb+1"],"picked":"Guardian:ShieldCharger+1","floor":43.0},{"not_picked":["Guardian:VentSteam+1","Guardian:Reroute+1","Guardian:Gem_Cyan"],"picked":"Guardian:Gem_White","floor":45.0},{"not_picked":["Guardian:Gem_Green","Guardian:BronzeOrb","Guardian:TemporalStrike","Guardian:MultiBeam"],"picked":"SKIP","floor":46.0},{"not_picked":["Guardian:Incinerate","Guardian:TemporalStrike","Guardian:Recover+1"],"picked":"Guardian:ChargeUp+1","floor":48},{"not_picked":["Guardian:GuardianWhirl","Guardian:MultiBeam","Guardian:Gem_Blue","Guardian:Gem_Lightblue"],"picked":"SKIP","floor":49}],"player_experience":2377305,"relics_obtained":[{"floor":7.0,"key":"Vajra"},{"floor":14.0,"key":"White Beast Statue"},{"floor":23.0,"key":"Question Card"},{"floor":23.0,"key":"Tiny Chest"},{"floor":24.0,"key":"Letter Opener"},{"floor":29.0,"key":"Meat on the Bone"},{"floor":29.0,"key":"Orichalcum"},{"floor":31.0,"key":"Toxic Egg 2"},{"floor":41.0,"key":"Ornamental Fan"},{"floor":43.0,"key":"Torii"},{"floor":48,"key":"Whetstone"},{"floor":48,"key":"Guardian:DefensiveModeMoreBlock"}],"event_choices":[{"cards_removed":["Guardian:Strike_Guardian"],"damage_healed":0.0,"max_hp_gain":0.0,"max_hp_loss":0.0,"gold_gain":0.0,"event_name":"Purifier","player_choice":"Purged","floor":13.0,"gold_loss":0.0,"damage_taken":0.0},{"damage_healed":0.0,"max_hp_gain":0.0,"max_hp_loss":0.0,"gold_gain":0.0,"event_name":"Mysterious Sphere","player_choice":"Fight","floor":43.0,"gold_loss":0.0,"damage_taken":0.0}],"is_beta":false,"boss_relics":[{"not_picked":["Runic Dome","Busted Crown"],"picked":"Black Star"},{"not_picked":["Snecko Eye","Guardian:ModeShifterPlus"],"picked":"SlaversCollar"}],"items_purged_floors":[],"is_endless":false,"potions_floor_spawned":[9,10,11,14,15,16,19,21,22,23,26,28,29,32,33,37,38,40,43,45,46,48,49],"killed_by":"DF_ARCHETYPE_ORBS","ascension_level":17}}