{"host":"tknto047uabgu3zm","time":1610822899,"event":{"mods":["AchievementEnabler","BaseMod","Bestiary","Block Reminder","Colored Map","Colored Powertips","Highlight Path","Minty Spire (QoL Compilation)","MonsterHotkey","Permanent Neow","Random Character Button","Rare Cards Sparkle","Relic Sorter","Relic Stats","StSLib"],"gold_per_floor":[110,385,403,421,148,160,160,171,171,131,131,164,164,89,89,171,171,197,206,223,223,223],"floor_reached":21,"language":"ENG","playtime":1072,"items_purged":[],"score":340,"play_id":"5ed06491-6b3d-4d21-a30b-abc06a1d38ec","local_time":"20210116104819","is_ascension_mode":true,"campfire_choices":[{"data":"Judgement","floor":7,"key":"SMITH"},{"data":"Vault","floor":11,"key":"SMITH"},{"floor":13,"key":"REST"},{"floor":15,"key":"REST"}],"circlet_count":0,"master_deck":["AscendersBane","Eruption","Vigilance","Evaluate","Wireheading","SpiritShield","Halt","Perseverance","ThirdEye","Vault+1","Wireheading","BattleHymn","Meditate","FollowUp","Nirvana","CutThroughFate","Judgement+1","Evaluate","ThirdEye","Conclude","Adaptation","ThirdEye","Alpha","Protect","Decay"],"relics":["Pandora\u0027s Box","Orrery","The Courier","CeramicFish","Runic Dome"],"acts_visited":["Exordium","TheCity"],"potions_floor_usage":[6,12,20,20],"damage_taken":[{"damage":4,"enemies":"Small Slimes","floor":1,"turns":9},{"damage":0,"enemies":"Cultist","floor":3,"turns":3},{"damage":1,"enemies":"Jaw Worm","floor":4,"turns":5},{"damage":0,"enemies":"Blue Slaver","floor":6,"turns":4},{"damage":4,"enemies":"3 Louse","floor":8,"turns":3},{"damage":8,"enemies":"Looter","floor":10,"turns":5},{"damage":33,"enemies":"Gremlin Nob","floor":12,"turns":5},{"damage":30,"enemies":"Hexaghost","floor":16,"turns":12},{"damage":30,"enemies":"2 Thieves","floor":18,"turns":5},{"damage":21,"enemies":"Shell Parasite","floor":20,"turns":6},{"damage":9,"enemies":"Snake Plant","floor":21,"turns":1}],"seed_played":"6140843478947613657","potions_obtained":[{"floor":1,"key":"BlessingOfTheForge"},{"floor":6,"key":"GamblersBrew"},{"floor":12,"key":"DuplicationPotion"},{"floor":18,"key":"SpeedPotion"},{"floor":20,"key":"CultistPotion"}],"is_trial":false,"path_per_floor":["M","?","M","M","$","M","R","M","T","M","R","E","R","?","R","B",null,"M","?","M","M"],"character_chosen":"WATCHER","items_purchased":["Nirvana","CutThroughFate","Orrery"],"campfire_rested":2,"item_purchase_floors":[5,5,5],"current_hp_per_floor":[57,57,57,56,56,56,56,52,52,44,44,11,31,31,51,21,56,26,26,5,0,0],"gold":223,"neow_bonus":"BOSS_RELIC","is_daily":false,"chose_seed":false,"campfire_upgraded":2,"win_rate":0.0,"timestamp":1610822899,"path_taken":["M","?","M","M","$","M","R","?","T","M","R","E","R","?","R","BOSS","M","?","M","M"],"items_purchased_type":["Card","Card","Relic"],"build_version":"2020-12-22","purchased_purges":0,"victory":false,"max_hp_per_floor":[68,68,68,68,68,68,68,68,68,68,68,68,68,68,68,68,68,68,68,68,68,68],"relic_stats":{"counters":[11,58],"CeramicFish":27,"Pandora\u0027s Box":["Evaluate","Wireheading","SpiritShield","Halt","Perseverance","ThirdEye","Vault","Wireheading"],"obtain_stats":[{"Runic Dome":17,"CeramicFish":12,"Orrery":5,"Pandora\u0027s Box":0,"The Courier":9,"PureWater":0},{"Runic Dome":8,"CeramicFish":7,"Orrery":3,"Pandora\u0027s Box":0,"The Courier":5,"PureWater":0},{"Runic Dome":46,"CeramicFish":34,"Orrery":17,"Pandora\u0027s Box":0,"The Courier":24,"PureWater":0}]},"card_choices":[{"not_picked":["FearNoEvil","CrushJoints"],"picked":"BattleHymn","floor":1},{"not_picked":["PathToVictory","BattleHymn"],"picked":"Meditate","floor":3},{"not_picked":["Halt","ClearTheMind"],"picked":"FollowUp","floor":4},{"not_picked":["Evaluate","CutThroughFate"],"picked":"Judgement","floor":5},{"not_picked":["Protect","FlurryOfBlows"],"picked":"Evaluate","floor":5},{"not_picked":["Consecrate","Protect"],"picked":"ThirdEye","floor":5},{"not_picked":["InnerPeace","Fasting2"],"picked":"Conclude","floor":6},{"not_picked":["BowlingBash","CutThroughFate"],"picked":"Adaptation","floor":8},{"not_picked":["EmptyFist","CrushJoints"],"picked":"ThirdEye","floor":10},{"not_picked":["CutThroughFate","SashWhip","Wallop"],"picked":"SKIP","floor":12},{"not_picked":["LessonLearned","Wish"],"picked":"Alpha","floor":16},{"not_picked":["Fasting2","BowlingBash+1"],"picked":"Protect","floor":18},{"not_picked":["Consecrate","Weave","Fasting2"],"picked":"SKIP","floor":20}],"player_experience":496533,"relics_obtained":[{"floor":9,"key":"The Courier"},{"floor":12,"key":"CeramicFish"}],"event_choices":[{"damage_healed":0,"gold_gain":275,"player_choice":"Desecrate","damage_taken":0,"max_hp_gain":0,"max_hp_loss":0,"event_name":"Golden Shrine","floor":2,"gold_loss":0,"cards_obtained":["Regret"]},{"cards_removed":["Regret"],"damage_healed":0,"gold_gain":0,"player_choice":"Card Removal","damage_taken":0,"max_hp_gain":0,"max_hp_loss":0,"event_name":"The Cleric","floor":14,"gold_loss":75},{"damage_healed":0,"gold_gain":0,"player_choice":"Smashed Altar","damage_taken":0,"max_hp_gain":0,"max_hp_loss":0,"event_name":"Forgotten Altar","floor":19,"gold_loss":0,"cards_obtained":["Decay"]}],"is_beta":false,"boss_relics":[{"not_picked":["Runic Pyramid","Sozu"],"picked":"Runic Dome"}],"items_purged_floors":[],"is_endless":false,"potions_floor_spawned":[1,6,12,18,20],"killed_by":"Snake Plant","ascension_level":18}}