{"host":"szp1d6dso4pv7ddl","time":1610769455,"event":{"mods":["AchievementEnabler","Alarm Clock","BaseMod","Bestiary","Block Reminder","Colored Map","Colored Powertips","Curses Come First","Dark Map","Displayed Cursed Tome","Highlight Path","Minty Spire (QoL Compilation)","Permanent Neow","Quick Restart","Relic Sorter","Relic Stats","StSLib","Synergy Search"],"gold_per_floor":[116,116,19,35,35,35,47,67,67,98,118,118,130,158,158,259,259,270,270,270,89,108,108,136,153,235,235,269,194,204,220,220,220,220],"floor_reached":33,"language":"ENG","playtime":1953,"items_purged":["Decay","Strike_B"],"score":502,"play_id":"b18cac18-5822-4d69-8235-f621e57d20dc","local_time":"20210115195735","is_ascension_mode":true,"campfire_choices":[{"data":"Dualcast","floor":6,"key":"SMITH"},{"data":"Streamline","floor":12,"key":"SMITH"},{"data":"Reprogram","floor":15,"key":"SMITH"},{"data":"Biased Cognition","floor":23,"key":"SMITH"},{"floor":27,"key":"REST"},{"data":"1","floor":32,"key":"LIFT"}],"circlet_count":0,"master_deck":["Strike_B","Strike_B","Strike_B","Defend_B","Defend_B","Defend_B","Defend_B","Dualcast+1","Rebound","Conserve Battery","Streamline+1","Chaos","Core Surge","Reprogram+1","Biased Cognition+1","Barrage","Defragment","Compile Driver+1","Capacitor","Coolheaded","Melter","Glacier"],"relics":["Cracked Core","Pocketwatch","Anchor","HornCleat","Mercury Hourglass","Thread and Needle","Omamori","Blood Vial","Nuclear Battery","Blue Candle","Meat on the Bone","Girya"],"acts_visited":["Exordium","TheCity"],"potions_floor_usage":[16,33,33],"damage_taken":[{"damage":2,"enemies":"Small Slimes","floor":1,"turns":3},{"damage":0,"enemies":"2 Louse","floor":4,"turns":2},{"damage":0,"enemies":"Cultist","floor":7,"turns":2},{"damage":0,"enemies":"Large Slime","floor":8,"turns":5},{"damage":0,"enemies":"3 Sentries","floor":10,"turns":4},{"damage":0,"enemies":"Exordium Wildlife","floor":11,"turns":2},{"damage":0,"enemies":"2 Fungi Beasts","floor":13,"turns":3},{"damage":25,"enemies":"Lagavulin","floor":14,"turns":4},{"damage":0,"enemies":"The Guardian","floor":16,"turns":8},{"damage":3,"enemies":"2 Thieves","floor":18,"turns":4},{"damage":11,"enemies":"3 Byrds","floor":22,"turns":4},{"damage":21,"enemies":"Gremlin Leader","floor":24,"turns":9},{"damage":11,"enemies":"Sentry and Sphere","floor":25,"turns":4},{"damage":25,"enemies":"Book of Stabbing","floor":28,"turns":5},{"damage":0,"enemies":"3 Cultists","floor":30,"turns":5},{"damage":0,"enemies":"Chosen and Byrds","floor":31,"turns":6},{"damage":86,"enemies":"Automaton","floor":33,"turns":10}],"seed_played":"-8380574318157361146","potions_obtained":[{"floor":8,"key":"DuplicationPotion"},{"floor":10,"key":"FairyPotion"},{"floor":13,"key":"BlessingOfTheForge"},{"floor":24,"key":"Fire Potion"}],"is_trial":false,"path_per_floor":["M","?","$","M","?","R","M","M","T","E","M","R","M","E","R","B",null,"M","?","?","$","M","R","E","M","T","R","E","?","M","M","R","B"],"character_chosen":"DEFECT","items_purchased":["Conserve Battery","Defragment"],"campfire_rested":1,"item_purchase_floors":[3,21],"current_hp_per_floor":[66,59,59,59,59,59,59,59,59,59,59,59,59,34,34,36,65,64,64,64,64,55,55,36,27,27,49,38,38,40,42,42,0,0],"gold":220,"neow_bonus":"ONE_RARE_RELIC","is_daily":false,"chose_seed":false,"campfire_upgraded":4,"win_rate":0.0,"timestamp":1610769455,"path_taken":["M","?","$","M","?","R","M","M","T","E","M","R","?","E","R","BOSS","M","?","?","?","M","R","E","M","T","R","E","?","M","?","R","BOSS"],"items_purchased_type":["Card","Card"],"build_version":"2020-12-22","purchased_purges":2,"victory":false,"max_hp_per_floor":[75,75,75,75,75,75,75,75,75,75,75,75,75,75,75,75,75,75,75,75,75,75,75,75,75,75,75,75,75,75,75,75,75,75],"relic_stats":{"Blood Vial":18,"counters":[17,79],"Blue Candle":[0],"obtain_stats":[{"Blood Vial":14,"Girya":28,"Anchor":5,"HornCleat":24,"Blue Candle":19,"Thread and Needle":9,"Omamori":10,"Cracked Core":0,"Pocketwatch":0,"Mercury Hourglass":2,"Nuclear Battery":17,"Meat on the Bone":26},{"Blood Vial":8,"Girya":14,"Anchor":2,"HornCleat":12,"Blue Candle":10,"Thread and Needle":4,"Omamori":5,"Cracked Core":0,"Pocketwatch":0,"Mercury Hourglass":1,"Nuclear Battery":9,"Meat on the Bone":13},{"Blood Vial":24,"Girya":58,"Anchor":5,"HornCleat":49,"Blue Candle":36,"Thread and Needle":11,"Omamori":15,"Cracked Core":0,"Pocketwatch":0,"Mercury Hourglass":3,"Nuclear Battery":32,"Meat on the Bone":53}],"Pocketwatch":[69],"Mercury Hourglass":[337],"Meat on the Bone":12},"card_choices":[{"not_picked":["Cold Snap","Stack"],"picked":"Rebound","floor":1},{"not_picked":["Capacitor","Compile Driver","Stack"],"picked":"SKIP","floor":4},{"not_picked":["Fusion","Streamline"],"picked":"Conserve Battery","floor":7},{"not_picked":["Compile Driver","Tempest"],"picked":"Streamline","floor":8},{"not_picked":["Compile Driver","Barrage"],"picked":"Chaos","floor":10},{"not_picked":["Leap","Compile Driver","Ball Lightning"],"picked":"SKIP","floor":11},{"not_picked":["Hologram","Compile Driver"],"picked":"Core Surge","floor":13},{"not_picked":["Undo","Self Repair"],"picked":"Reprogram","floor":14},{"not_picked":["Rainbow","Creative AI"],"picked":"Biased Cognition","floor":16},{"not_picked":["Rebound","Compile Driver"],"picked":"Barrage","floor":18},{"not_picked":["Cold Snap+1","Conserve Battery"],"picked":"Compile Driver+1","floor":22},{"not_picked":["Defragment","Hologram"],"picked":"Capacitor","floor":24},{"not_picked":["Amplify","Turbo"],"picked":"Coolheaded","floor":25},{"not_picked":["Amplify","Hello World","Sweeping Beam"],"picked":"SKIP","floor":28},{"not_picked":["Conserve Battery","Heatsinks"],"picked":"Melter","floor":30},{"not_picked":["Conserve Battery+1","Coolheaded"],"picked":"Glacier","floor":31}],"player_experience":1181677,"relics_obtained":[{"floor":9,"key":"Thread and Needle"},{"floor":10,"key":"Omamori"},{"floor":14,"key":"Blood Vial"},{"floor":24,"key":"HornCleat"},{"floor":26,"key":"Meat on the Bone"},{"floor":28,"key":"Girya"}],"event_choices":[{"damage_healed":0,"gold_gain":0,"player_choice":"Success","damage_taken":7,"relics_obtained":["Mercury Hourglass"],"max_hp_gain":0,"max_hp_loss":0,"event_name":"Scrap Ooze","floor":2,"gold_loss":0},{"cards_removed":["Conserve Battery"],"damage_healed":0,"gold_gain":0,"player_choice":"Gave Card","damage_taken":0,"relics_obtained":["Anchor"],"max_hp_gain":0,"max_hp_loss":0,"event_name":"WeMeetAgain","floor":5,"gold_loss":0},{"damage_healed":0,"gold_gain":0,"player_choice":"Opened","damage_taken":0,"relics_obtained":["Blue Candle"],"max_hp_gain":0,"max_hp_loss":0,"event_name":"The Mausoleum","floor":19,"gold_loss":0,"cards_obtained":["Writhe"]},{"damage_healed":0,"gold_gain":0,"player_choice":"Ignored","damage_taken":0,"max_hp_gain":0,"max_hp_loss":0,"event_name":"Ghosts","floor":20,"gold_loss":0},{"cards_removed":["Zap"],"damage_healed":0,"gold_gain":0,"player_choice":"Gave Gold","damage_taken":0,"max_hp_gain":0,"max_hp_loss":0,"event_name":"Beggar","floor":29,"gold_loss":75}],"is_beta":false,"boss_relics":[{"not_picked":["Tiny House","Pandora\u0027s Box"],"picked":"Nuclear Battery"}],"items_purged_floors":[3,21],"is_endless":false,"potions_floor_spawned":[8,10,13,24,25,28],"killed_by":"Automaton","ascension_level":7}}