{"host":"xbs6xfa3tvu21mfl","time":1610782302,"event":{"mods":["Arknights The Spire","BaseMod","Downfall","Minty Spire (QoL Compilation)","Quick Restart","StSLib"],"gold_per_floor":[99,114,114,127,127,143,169,185,20,32,43,43,43,43],"floor_reached":12,"language":"ZHS","playtime":759,"items_purged":["champ:Defend"],"score":72,"play_id":"fc332619-e880-4c67-8eb6-4e7b51c5664d","local_time":"20210116153142","is_ascension_mode":false,"campfire_choices":[{"floor":1.0,"key":"RECALL"}],"circlet_count":0,"master_deck":["champ:Strike","champ:Strike","champ:Strike","champ:Strike","champ:Defend","champ:Defend","champ:Execute","champ:Taunt","champ:Encircle","champ:DefensiveShout","champ:AdrenalArmor","champ:CrookedStrike","champ:EnragedBash","champ:Endure","champ:RecklessLeap","champ:CalledShot"],"relics":["champ:ChampionCrown","champ:LiftRelic"],"acts_visited":["Exordium"],"potions_floor_usage":[12,12],"damage_taken":[{"damage":9.0,"enemies":"Small Slimes","floor":2.0,"turns":5.0},{"damage":20.0,"enemies":"Jaw Worm","floor":4.0,"turns":3.0},{"damage":21.0,"enemies":"2 Louse","floor":6.0,"turns":3.0},{"damage":33,"enemies":"2 Fungi Beasts","floor":8,"turns":3},{"damage":25,"enemies":"downfall:FleeingMerchant","floor":9,"turns":4},{"damage":13,"enemies":"Red Slaver","floor":10,"turns":3},{"damage":20,"enemies":"3 Louse","floor":11,"turns":3},{"damage":47,"enemies":"Gremlin Nob","floor":12,"turns":3}],"seed_played":"-4198235266830289170","potions_obtained":[{"floor":2.0,"key":"SkillPotion"},{"floor":4.0,"key":"PowerPotion"}],"is_trial":false,"path_per_floor":["R","M","?","M","?","M","T","M","$","M","M","E"],"character_chosen":"THE_CHAMP","items_purchased":["champ:Endure"],"campfire_rested":0,"item_purchase_floors":[9],"current_hp_per_floor":[99,93,93,82,82,70,70,52,52,49,44,0,0,0],"gold":43,"neow_bonus":"TEN_PERCENT_HP_BONUS","is_daily":false,"chose_seed":false,"campfire_upgraded":0,"win_rate":0.0,"timestamp":1610782302,"path_taken":["R","M","?","M","?","M","T","M","$","M","M","E"],"items_purchased_type":["Card"],"build_version":"2020-12-22","purchased_purges":1,"victory":false,"max_hp_per_floor":[99,99,99,99,99,99,99,99,99,99,99,99,99,99],"card_choices":[{"not_picked":["champ:BerserkerStyle","champ:HeartStrike"],"picked":"champ:Encircle","floor":2.0},{"not_picked":["champ:Haymaker","champ:Circumvent"],"picked":"champ:DefensiveShout","floor":4.0},{"not_picked":["champ:BladeFlurry","champ:PerfectedStrike"],"picked":"champ:AdrenalArmor","floor":6.0},{"not_picked":["champ:PerfectedStrike","champ:DefensiveShout"],"picked":"champ:CrookedStrike","floor":8},{"not_picked":["champ:GutPunch","champ:CrownThrow"],"picked":"champ:EnragedBash","floor":9},{"not_picked":["champ:GutPunch","champ:PreciseThrust"],"picked":"champ:RecklessLeap","floor":10},{"not_picked":["champ:RecklessLeap","champ:DefensiveShout"],"picked":"champ:CalledShot","floor":11}],"player_experience":124615,"relics_obtained":[],"event_choices":[{"cards_removed":["champ:Defend"],"damage_healed":0.0,"max_hp_gain":0.0,"max_hp_loss":0.0,"gold_gain":0.0,"event_name":"The Cleric","player_choice":"Card Removal","floor":3.0,"gold_loss":0.0,"damage_taken":0.0}],"is_beta":false,"boss_relics":[],"items_purged_floors":[9],"is_endless":false,"potions_floor_spawned":[2,4],"killed_by":"Gremlin Nob","ascension_level":0}}