{"host":"mgc7o2tpy0ck407l","time":1610824736,"event":{"mods":["Alarm Clock","AlwaysNeverKeys","BaseMod","Better Altar","Better Match","Better Note","Better Sensory Stone","Better Skull","Better Third Choice","Better Vampires","Block Reminder","Booster Modes","Challenge The Spire","Colored Map","Colored Powertips","Disable Question Mark Monsters","Displayed Cursed Tome","Emptier Cage","Energized Spire","Evolution","Infinite Spire","Minty Spire (QoL Compilation)","Permanent Neow","Quick Restart","Rare Cards Sparkle","Reorder Act Four","Spicy Shops","StSLib","SuperFastMode","Transform Curses","Unceasing Turn Reminder"],"gold_per_floor":[117,217,236,198,210,236,248,260,327,339,384,421,473,58,58,179,179,195,73,103,103,130,130,151,228,282,282,324,345,349,349],"floor_reached":30,"language":"ENG","playtime":1120,"items_purged":["Defend_R"],"score":306,"play_id":"63e2d101-5699-4f26-88c5-5c0d54ef59c5","local_time":"20210116141856","is_ascension_mode":true,"campfire_choices":[{"data":"True Grit","floor":7,"key":"SMITH"},{"data":"Armaments","floor":10,"key":"SMITH"},{"data":"Apotheosis","floor":15,"key":"SMITH"},{"data":"Evolve","floor":23,"key":"SMITH"},{"floor":27,"key":"REST"}],"circlet_count":0,"master_deck":["Wild Strike","Wild Strike","Wild Strike","Wild Strike","Wild Strike","Defend_R","Defend_R","Defend_R","Bash","Armaments+1","Flex","True Grit+1","Warcry","Fiend Fire","Power Through","Second Wind","Sever Soul","Evolve+1","Apotheosis+1","Juggernaut","Good Instincts","Evolve"],"relics":["Burning Blood","EVO:Axolotl","betterThird:SlimedRelic","MawBank","Golden Idol","Oddly Smooth Stone","infinitespire:Midas Blood","Lantern","Medical Kit","energizedSpire:DeadBattery","Akabeko","infinitespire:Bottled Soul"],"acts_visited":["Exordium","TheCity"],"potions_floor_usage":[13,29],"damage_taken":[{"damage":0,"enemies":"Small Slimes","floor":1,"turns":2},{"damage":0,"enemies":"Cultist","floor":3,"turns":3},{"damage":0,"enemies":"2 Louse","floor":5,"turns":1},{"damage":24,"enemies":"Lagavulin","floor":6,"turns":5},{"damage":14,"enemies":"Gremlin Nob","floor":11,"turns":3},{"damage":6,"enemies":"Blue Slaver","floor":12,"turns":2},{"damage":9,"enemies":"3 Sentries","floor":13,"turns":6},{"damage":4,"enemies":"Slime Boss","floor":16,"turns":8},{"damage":10,"enemies":"Spheric Guardian","floor":18,"turns":4},{"damage":19,"enemies":"Shell Parasite","floor":20,"turns":6},{"damage":26,"enemies":"Sentry and Sphere","floor":22,"turns":6},{"damage":18,"enemies":"Snake Plant","floor":24,"turns":4},{"damage":23,"enemies":"Slavers","floor":28,"turns":7},{"damage":20,"enemies":"3 Cultists","floor":29,"turns":4},{"damage":10,"enemies":"Sentry and Sphere","floor":30,"turns":3}],"seed_played":"6664713543671104853","potions_obtained":[{"floor":5,"key":"Strength Potion"},{"floor":6,"key":"Fire Potion"},{"floor":12,"key":"ElixirPotion"},{"floor":13,"key":"PowerPotion"},{"floor":20,"key":"Explosive Potion"},{"floor":29,"key":"EssenceOfSteel"}],"is_trial":false,"path_per_floor":["M","?","M","?","M","E","R","?","T","R","E","M","E","$","R","B",null,"M","$","M","?","M","R","M","?","T","R","E","M","M"],"character_chosen":"IRONCLAD","items_purchased":["Evolve","Medical Kit","Apotheosis","Good Instincts"],"campfire_rested":1,"item_purchase_floors":[14,14,14,19],"current_hp_per_floor":[80,80,80,69,75,57,57,57,57,57,49,49,46,46,46,48,74,70,70,57,57,37,37,25,18,18,40,23,9,0,0],"gold":349,"neow_bonus":"THREE_CARDS","is_daily":false,"chose_seed":false,"campfire_upgraded":4,"win_rate":0.0,"timestamp":1610824736,"path_taken":["M","?","?","?","M","E","R","?","T","R","E","M","E","$","R","BOSS","M","$","M","?","M","R","M","?","T","R","E","M","?"],"items_purchased_type":["Card","Relic","Card","Card"],"build_version":"2020-12-22","purchased_purges":1,"victory":false,"max_hp_per_floor":[80,80,80,80,80,80,80,74,74,74,74,74,74,74,74,74,74,74,74,74,74,74,74,74,74,74,74,74,74,74,74],"card_choices":[{"not_picked":["Pommel Strike","Twin Strike"],"picked":"Armaments","floor":0},{"not_picked":["Cleave","Heavy Blade"],"picked":"Flex","floor":1},{"not_picked":["Cleave","Headbutt"],"picked":"True Grit","floor":3},{"not_picked":["Spot Weakness","Anger"],"picked":"Warcry","floor":5},{"not_picked":["Heavy Blade","Clash"],"picked":"Fiend Fire","floor":6},{"not_picked":["Anger","Heavy Blade"],"picked":"Power Through","floor":11},{"not_picked":["Blood for Blood","Body Slam"],"picked":"Second Wind","floor":12},{"not_picked":["Body Slam","Shrug It Off"],"picked":"Sever Soul","floor":13},{"not_picked":["Impervious","Feed"],"picked":"Juggernaut","floor":16},{"not_picked":["Twin Strike","Dropkick","Heavy Blade"],"picked":"SKIP","floor":18},{"not_picked":["Havoc","Twin Strike+1","Thunderclap"],"picked":"SKIP","floor":20},{"not_picked":["Anger","Clash"],"picked":"Evolve","floor":22},{"not_picked":["Armaments+1","Anger","Thunderclap"],"picked":"SKIP","floor":24},{"not_picked":["Demon Form","Perfected Strike","Rupture"],"picked":"SKIP","floor":28},{"not_picked":["Wild Strike","Armaments+1","Thunderclap"],"picked":"SKIP","floor":29}],"player_experience":752690,"relics_obtained":[{"floor":6,"key":"MawBank"},{"floor":9,"key":"Oddly Smooth Stone"},{"floor":11,"key":"infinitespire:Midas Blood"},{"floor":13,"key":"Lantern"},{"floor":26,"key":"Akabeko"},{"floor":28,"key":"infinitespire:Bottled Soul"}],"event_choices":[{"damage_healed":0,"gold_gain":100,"player_choice":"Pray","damage_taken":0,"max_hp_gain":0,"max_hp_loss":0,"event_name":"Golden Shrine","floor":2,"gold_loss":0},{"damage_healed":0,"gold_gain":0,"player_choice":"Slimed","damage_taken":11,"max_hp_gain":0,"max_hp_loss":0,"event_name":"betterThird:BetterGoop","floor":4,"gold_loss":38},{"damage_healed":0,"gold_gain":0,"player_choice":"Lose Max HP","damage_taken":0,"relics_obtained":["Golden Idol"],"max_hp_gain":0,"max_hp_loss":6,"event_name":"Golden Idol","floor":8,"gold_loss":0},{"damage_healed":0,"gold_gain":0,"player_choice":"Bought 0 Potions","damage_taken":0,"max_hp_gain":0,"max_hp_loss":0,"event_name":"The Woman in Blue","floor":21,"gold_loss":0},{"damage_healed":0,"gold_gain":75,"player_choice":"Touch","damage_taken":7,"max_hp_gain":0,"max_hp_loss":0,"event_name":"FaceTrader","floor":25,"gold_loss":0}],"is_beta":false,"boss_relics":[{"not_picked":["infinitespire:Cupcake","SacredBark"],"picked":"energizedSpire:DeadBattery"}],"items_purged_floors":[14],"is_endless":false,"potions_floor_spawned":[5,6,12,13,16,20,29],"killed_by":"Sentry and Sphere","ascension_level":1}}