{"host":"t6r1isv2bex5ovch","time":1610789698,"event":{"mods":["AchievementEnabler","Act Like it!","Aspiration","BaseMod","Better Altar","Better Note","Better Sensory Stone","Better Skull","Better Third Choice","Better Vampires","Colored Powertips","Displayed Cursed Tome","Minty Spire (QoL Compilation)","StSLib","The Bug Knight","The Jungle"],"gold_per_floor":[115,134,145,145,162,190,190,190,190],"floor_reached":8,"language":"ENG","playtime":610,"items_purged":[],"score":61,"play_id":"d29ea5c6-0fed-40ac-8e5f-4fced5f699fa","local_time":"20210116193458","is_ascension_mode":true,"campfire_choices":[{"floor":7,"key":"RECALL"}],"circlet_count":0,"master_deck":["HollowMod:NailStrikeStart","HollowMod:NailStrikeStart","HollowMod:NailStrikeStart","HollowMod:QuickDashStart","HollowMod:QuickDashStart","HollowMod:QuickDashStart","HollowMod:QuickDashStart","HollowMod:FocusHealStart","HollowMod:PogoStrike","HollowMod:TaintedHusks"],"relics":["HollowMod:VesselMask","Art of War"],"acts_visited":["Exordium"],"potions_floor_usage":[5,6],"damage_taken":[{"damage":6,"enemies":"Jaw Worm","floor":1,"turns":4},{"damage":6,"enemies":"Cultist","floor":2,"turns":3},{"damage":0,"enemies":"Small Slimes","floor":3,"turns":3},{"damage":27,"enemies":"Exordium Wildlife","floor":5,"turns":5},{"damage":54,"enemies":"Gremlin Nob","floor":6,"turns":5},{"damage":35,"enemies":"3 Sentries","floor":8,"turns":4}],"seed_played":"3182321773939688493","potions_obtained":[{"floor":1,"key":"ColorlessPotion"},{"floor":5,"key":"Dexterity Potion"}],"is_trial":false,"path_per_floor":["M","M","M","?","M","E","R","E"],"character_chosen":"THE_BUGKNIGHT","items_purchased":[],"campfire_rested":0,"item_purchase_floors":[],"current_hp_per_floor":[82,82,82,82,65,21,21,0,0],"gold":190,"neow_bonus":"TEN_PERCENT_HP_BONUS","is_daily":false,"chose_seed":false,"campfire_upgraded":0,"win_rate":0.0,"timestamp":1610789698,"path_taken":["M","M","M","?","?","E","R","E"],"items_purchased_type":[],"build_version":"2020-12-22","purchased_purges":0,"victory":false,"max_hp_per_floor":[82,82,82,82,82,82,82,82,82],"card_choices":[{"not_picked":["HollowMod:CrystalDash","HollowMod:ChannelNail","HollowMod:DashSlash"],"picked":"SKIP","floor":1},{"not_picked":["HollowMod:SiblingsShadow","HollowMod:CloakDash","HollowMod:SoulSplash"],"picked":"SKIP","floor":2},{"not_picked":["HollowMod:VoidDash","HollowMod:InfectedCysts"],"picked":"HollowMod:TaintedHusks","floor":3},{"not_picked":["HollowMod:Grubsong","HollowMod:ShadowDash","HollowMod:SoulSplash"],"picked":"SKIP","floor":5},{"not_picked":["HollowMod:VengefulVoid","HollowMod:DescendingDark","HollowMod:QuirrelsAssistance"],"picked":"SKIP","floor":6}],"player_experience":438485,"relics_obtained":[{"floor":6,"key":"Art of War"}],"event_choices":[{"cards_removed":["HollowMod:NailStrikeStart"],"damage_healed":0,"gold_gain":0,"player_choice":"Card Removal","damage_taken":0,"max_hp_gain":0,"max_hp_loss":0,"event_name":"Wheel of Change","floor":4,"gold_loss":0}],"is_beta":false,"boss_relics":[],"items_purged_floors":[],"is_endless":false,"potions_floor_spawned":[1,5],"killed_by":"3 Sentries","ascension_level":1}}