{"host":"y6zg4wwu39otf01a","time":1610827496,"event":{"mods":["Act Like it!","Aspiration","BaseMod","Better Altar","Better Match","Better Note","Better Sensory Stone","Better Skull","Better Third Choice","Challenge The Spire","Colored Map","Colored Powertips","Conspire","GifTheSpireLib","Glutton Mod","Halation","Hermit","Highlight Path","Hubris","Infinite Spire","Mimic Mod","Minty Spire (QoL Compilation)","Quick Restart","Random Character Button","Rare Cards Sparkle","Replay The Spire","Retaliation","Shade Mod","Spicy Shops","StSLib","Stuff the Spire","The Blue Laboratory","The Jungle","thorton","vexMod"],"gold_per_floor":[113,113,126,126,144,181,181,213,267,267,107,124,124,159,159,264,264,294,294,219,219,0,0,46,46,93,93,93,134,134,134,148,148],"floor_reached":33,"language":"ENG","playtime":1721,"items_purged":[],"score":314,"play_id":"1a96161a-2ded-4e4a-9f56-8fcc52007bab","local_time":"20210116150456","is_ascension_mode":true,"campfire_choices":[{"data":"Replay:Undeath\u0027s Touch","floor":7,"key":"SMITH"},{"floor":10,"key":"REST"},{"data":"1","floor":15,"key":"LIFT"},{"data":"2","floor":23,"key":"LIFT"},{"floor":25,"key":"REST"},{"data":"3","floor":27,"key":"LIFT"},{"floor":32,"key":"REST"}],"circlet_count":0,"master_deck":["Strike_R","Strike_R","Strike_R","Strike_R","Defend_R","Defend_R","Defend_R","Defend_R","Bash","Reckless Charge","Regret","Heavy Blade","Replay:Undeath\u0027s Touch+1","Flying Knee","Finisher","Neutralize","Evolve","Feed","hermit:Covet","Limit Break+1","Survey Options+1","infinitespire:DeathsTouch","ReplayTheSpireMod:Private Reserves+1","hubris:Greed","Flex","infinitespire:Gouge","StuffTheSpire:Slingshot"],"relics":["Burning Blood","Bird Faced Urn","Vajra","halation:IllGainedPizza","Dream Catcher","Mirror","Omamori","Girya","Cauldron","infinitespire:Beetle Shell","ReplayTheSpireMod:SealedPack","Necronomicon","hubris:Teleporter","Potion Belt","vexMod:PaidLearning","hubris:MedicalManual","Magic Flower","Chameleon Ring"],"acts_visited":["Exordium","TheCity"],"potions_floor_usage":[6,12,12,14,26],"damage_taken":[{"damage":4,"enemies":"conspire:RoseBush","floor":1,"turns":3},{"damage":7,"enemies":"Jaw Worm","floor":3,"turns":2},{"damage":1,"enemies":"Cultist","floor":5,"turns":3},{"damage":44,"enemies":"Lagavulin","floor":6,"turns":6},{"damage":22,"enemies":"Gremlin Nob","floor":8,"turns":4},{"damage":17,"enemies":"Large Slime","floor":12,"turns":5},{"damage":5,"enemies":"conspire:2 RoseBushes","floor":14,"turns":5},{"damage":30,"enemies":"Slime Boss","floor":16,"turns":8},{"damage":35,"enemies":"3 Byrds","floor":18,"turns":5},{"damage":32,"enemies":"Replay:Snechameleon","floor":24,"turns":3},{"damage":5,"enemies":"Chosen","floor":26,"turns":4},{"damage":44,"enemies":"conspire:Head Lice","floor":30,"turns":4},{"damage":51,"enemies":"Pondfish","floor":33,"turns":4}],"seed_played":"5018634481258858232","potions_obtained":[{"floor":3,"key":"Swift Potion"},{"floor":5,"key":"Fruit Juice"},{"floor":8,"key":"DistilledChaos"},{"floor":11,"key":"Regen Potion"},{"floor":12,"key":"blueLaboratory:BubblePotion"},{"floor":24,"key":"Regen Potion"}],"is_trial":false,"path_per_floor":["M","?","M","?","M","E","R","E","T","R","$","M","?","MIM","R","B",null,"M","?","?","?","$","R","E","R","MIM","R","AVR","E","?","R","B"],"character_chosen":"IRONCLAD","items_purchased":["Girya","Cauldron","Potion Belt","vexMod:PaidLearning"],"campfire_rested":3,"item_purchase_floors":[11,11,22,22],"current_hp_per_floor":[72,72,71,71,72,39,39,23,23,46,46,49,49,50,50,28,77,53,37,37,37,37,37,13,37,52,52,52,20,20,44,0,0],"gold":148,"neow_bonus":"ONE_RARE_RELIC","is_daily":false,"chose_seed":false,"campfire_upgraded":1,"win_rate":0.0,"timestamp":1610827496,"path_taken":["M","?","M","?","M","E","R","E","T","R","$","?","?","?","R","BOSS","M","?","?","?","?","R","E","R","MIM","R","AVR","E","?","R","BOSS"],"items_purchased_type":["Relic","Relic","Relic","Relic"],"build_version":"2020-12-22","purchased_purges":0,"victory":false,"max_hp_per_floor":[72,72,72,72,72,77,77,77,77,77,77,77,77,77,77,77,77,80,80,80,80,80,80,80,80,80,80,80,80,80,80,80,80],"card_choices":[{"not_picked":["Clash","Armaments"],"picked":"Reckless Charge","floor":1},{"not_picked":["Cleave","DDmod:SpikeInjectionSkill"],"picked":"Heavy Blade","floor":3},{"not_picked":["DDmod:SpikedSkill","ReplayTheSpireMod:Strike From Hell"],"picked":"Replay:Undeath\u0027s Touch","floor":5},{"not_picked":["Clash","Eclipse","DDmod:BurningFumesPowerCard"],"picked":"SKIP","floor":6},{"not_picked":["Sword Boomerang","Sentinel"],"picked":"Whirlwind","floor":8},{"not_picked":["Heavy Blade","Clash"],"picked":"DDmod:PokeAttack","floor":10},{"not_picked":["Warcry","Blood for Blood","Shrug It Off"],"picked":"SKIP","floor":12},{"not_picked":["ReplayTheSpireMod:LeadingStrike","Clash"],"picked":"Evolve","floor":14},{"not_picked":["DDmod:PlatedThornsSkill","DDmod:GrandUltimatumAttack"],"picked":"Feed","floor":16},{"not_picked":["Eruption","Shade:CarefulCut"],"picked":"hermit:Covet","floor":17},{"not_picked":["conspire:Purge","Demonic Infusion"],"picked":"Limit Break","floor":17},{"not_picked":["Replay:Parry","ReplayTheSpireMod:Uncanny Aura"],"picked":"Survey Options","floor":17},{"not_picked":["infinitespire:Execution","hubris:Rewind"],"picked":"infinitespire:DeathsTouch","floor":17},{"not_picked":["DDmod:SpikeInjectionSkill+1","hubris:CleavingFinish+1","Wild Strike"],"picked":"SKIP","floor":18},{"not_picked":["Forethought+1","ReplayTheSpireMod:Uncanny Aura+1"],"picked":"ReplayTheSpireMod:Private Reserves+1","floor":20},{"not_picked":["ReplayReversal","Sentinel","DDmod:CallousedSkill"],"picked":"SKIP","floor":24},{"not_picked":["True Grit","Fiend Fire"],"picked":"Flex","floor":25},{"not_picked":["Shrug It Off","Uppercut","ReplayTheSpireMod:Strike From Hell"],"picked":"SKIP","floor":30},{"not_picked":["ReplayTheSpireMod:Strike From Hell+1","DDmod:SpikedSkill+1"],"picked":"StuffTheSpire:Slingshot","floor":32}],"player_experience":704243,"relics_obtained":[{"floor":6,"key":"Dream Catcher"},{"floor":8,"key":"Mirror"},{"floor":9,"key":"Omamori"},{"floor":14,"key":"infinitespire:Beetle Shell"},{"floor":19,"key":"Necronomicon"},{"floor":24,"key":"hubris:MedicalManual"},{"floor":30,"key":"Chameleon Ring"}],"event_choices":[{"damage_healed":0,"gold_gain":0,"player_choice":"Box","damage_taken":0,"relics_obtained":["Vajra"],"max_hp_gain":0,"max_hp_loss":0,"event_name":"Big Fish","floor":2,"gold_loss":0,"cards_obtained":["Regret"]},{"damage_healed":0,"gold_gain":0,"player_choice":"Gave Potion","damage_taken":0,"relics_obtained":["halation:IllGainedPizza"],"max_hp_gain":0,"max_hp_loss":0,"event_name":"WeMeetAgain","floor":4,"gold_loss":0},{"damage_healed":0,"gold_gain":0,"player_choice":"Obtained Book","damage_taken":16,"max_hp_gain":0,"max_hp_loss":0,"event_name":"Cursed Tome","floor":19,"gold_loss":0},{"damage_healed":0,"gold_gain":0,"player_choice":"2","damage_taken":0,"max_hp_gain":0,"max_hp_loss":0,"event_name":"betterMatch:BetterMatch","floor":20,"gold_loss":0,"cards_obtained":["betterMatch:ColorlessUncommonCard"]}],"is_beta":false,"boss_relics":[{"not_picked":["conspire:SlowCooker","Kintsugi"],"picked":"ReplayTheSpireMod:SealedPack"}],"items_purged_floors":[],"is_endless":false,"potions_floor_spawned":[3,5,8,12,24],"killed_by":"Pondfish","ascension_level":2}}