{"host":"0mywbdtsrkvoq3rn","time":1610793289,"event":{"mods":["BaseMod","Lobotomy","Minty Spire (QoL Compilation)","Relic Stats","Replay The Spire","Shop Mod","Spicy Shops","StSLib","¡¾ÒÅÎï¿¨ÅÆ¡¿REMEMod"],"gold_per_floor":[109,32,49,49,67,98,98,109,109,109,133,133,152,152,152,152,152],"floor_reached":16,"language":"ZHS","playtime":958,"items_purged":[],"score":107,"play_id":"4a3e7a37-50fe-4e38-99dc-953b0ee5dfee","local_time":"20210116183449","is_ascension_mode":true,"campfire_choices":[{"floor":7.0,"key":"REST"},{"floor":12.0,"key":"REST"},{"floor":15,"key":"REST"}],"circlet_count":0,"master_deck":["Strike_G","Strike_G","Strike_G","Strike_G+1","Strike_G","Defend_G","Defend_G+1","Defend_G","Survivor","REME_BodyOfCthun","SnowQueen","Heel Hook","SpiderBud","MeatLantern","ReplayTheSpireMod:From All Sides","BigBadWolf","Fluid Movement","REME_GreenPollution","NothingThere","Regret"],"relics":["REME_ComplimentaryCards","CogitoBucket","Chemical X","Sizzling Blood","Replay:Bottled Steam","Replay:Accelerometer","Golden Idol","HellTrain","Simple Rune"],"acts_visited":[],"potions_floor_usage":[],"damage_taken":[{"damage":0.0,"enemies":"2 Louse","floor":1.0,"turns":4.0},{"damage":0.0,"enemies":"Small Slimes","floor":3.0,"turns":4.0},{"damage":1.0,"enemies":"Jaw Worm","floor":5.0,"turns":5.0},{"damage":55.0,"enemies":"3 Sentries","floor":6.0,"turns":18.0},{"damage":4.0,"enemies":"Looter","floor":8.0,"turns":4.0},{"damage":28.0,"enemies":"Exordium Wildlife","floor":11.0,"turns":6.0},{"damage":10,"enemies":"Large Slime","floor":13,"turns":7},{"damage":67,"enemies":"Slime Boss","floor":16,"turns":9}],"seed_played":"3259098143510717608","potions_obtained":[{"floor":1.0,"key":"GamblersBrew"},{"floor":5.0,"key":"Strength Potion"},{"floor":8.0,"key":"Dexterity Potion"}],"is_trial":false,"path_per_floor":["M","$","M","?","M","E","R","M","T","?","M","R","M","?","R","B"],"character_chosen":"THE_SILENT","items_purchased":["Chemical X"],"campfire_rested":3,"item_purchase_floors":[2],"current_hp_per_floor":[70,70,70,74,74,23,45,45,45,45,21,43,45,45,67,6,6],"gold":152,"neow_bonus":"","is_daily":false,"chose_seed":false,"campfire_upgraded":0,"win_rate":0.0,"timestamp":1610793289,"path_taken":["M","$","M","?","M","E","R","M","T","?","M","R","M","?","R","BOSS"],"items_purchased_type":["Relic"],"build_version":"2020-12-22","purchased_purges":0,"victory":false,"max_hp_per_floor":[70,70,70,74,74,74,74,74,74,74,74,74,74,74,74,74,74],"relic_stats":{"counters":[9,58],"Golden Idol":9,"Chemical X":[13],"obtain_stats":[{"Replay:Accelerometer":9,"CogitoBucket":0,"Golden Idol":10,"Simple Rune":14,"Sizzling Blood":4,"Chemical X":2,"HellTrain":11,"Ring of the Snake":0,"REME_ComplimentaryCards":0,"Replay:Bottled Steam":6},{"Replay:Accelerometer":5,"CogitoBucket":0,"Golden Idol":5,"Simple Rune":8,"Sizzling Blood":2,"Chemical X":1,"HellTrain":7,"Ring of the Snake":0,"REME_ComplimentaryCards":0,"Replay:Bottled Steam":4},{"Replay:Accelerometer":35,"CogitoBucket":0,"Golden Idol":35,"Simple Rune":49,"Sizzling Blood":8,"Chemical X":4,"HellTrain":42,"Ring of the Snake":0,"REME_ComplimentaryCards":0,"Replay:Bottled Steam":31}]},"card_choices":[{"not_picked":["Murderer","Scorched"],"picked":"SnowQueen","floor":1.0},{"not_picked":["Reflex","Bane"],"picked":"Heel Hook","floor":1.0},{"not_picked":["LongBird","BeautyBeast"],"picked":"SpiderBud","floor":3.0},{"not_picked":["Prepared","Slice","Dagger Spray"],"picked":"SKIP","floor":3.0},{"not_picked":["GalaxyChild","CENSORED"],"picked":"MeatLantern","floor":5.0},{"not_picked":["Backstab","PiercingWail"],"picked":"ReplayTheSpireMod:From All Sides","floor":5.0},{"not_picked":["LittlePrince","CherryBlossoms"],"picked":"BigBadWolf","floor":6.0},{"not_picked":["Hidden Blade","Acrobatics"],"picked":"Fluid Movement","floor":6.0},{"not_picked":["Acrobatics","Poisoned Stab"],"picked":"REME_GreenPollution","floor":8.0},{"not_picked":["OldLady","CherryBlossoms"],"picked":"NothingThere","floor":11.0},{"not_picked":["Accuracy","Flying Knee","Sucker Punch"],"picked":"SKIP","floor":11.0},{"not_picked":["Leg Sweep","Reflex","Underhanded Strike"],"picked":"SKIP","floor":13}],"player_experience":130708,"relics_obtained":[{"floor":6.0,"key":"Replay:Bottled Steam"},{"floor":9.0,"key":"Replay:Accelerometer"}],"event_choices":[{"damage_healed":0.0,"max_hp_gain":0.0,"max_hp_loss":0.0,"gold_gain":0.0,"event_name":"Golden Idol","player_choice":"Take Wound","floor":10.0,"gold_loss":0.0,"damage_taken":0.0,"relics_obtained":["Golden Idol"],"cards_obtained":["Injury"]},{"damage_healed":0,"gold_gain":0,"player_choice":"Box","damage_taken":0,"relics_obtained":["Simple Rune"],"max_hp_gain":0,"max_hp_loss":0,"event_name":"Big Fish","floor":14,"gold_loss":0,"cards_obtained":["Regret"]}],"is_beta":false,"boss_relics":[],"items_purged_floors":[],"is_endless":false,"potions_floor_spawned":[1,5,8,11],"killed_by":"Slime Boss","ascension_level":1}}