{"host":"pbilagsjdlm37x3a","time":1610810754,"event":{"mods":["Act Like it!","BaseMod","Gensokyo","Minty Spire (QoL Compilation)","Rare Cards Sparkle","StSLib","[IsaacMod]ÒÔÈö¼âËþ","everything is the same but u backflip on backflip","vexMod"],"gold_per_floor":[41121,39948,39948,39429,39429,39461,39481,39511,39511,39539,39572,39597,38816,38746,38746,38849,38849,38865,38825,38825,37536,37536,37565,37592,37623,37701,36620,36653,36653,35936,35956,35956,36061,36061,36075,36075,36090,35343,35343,35378,35378,35410,35480,34693,34693,34726,34243,34270,34270,34270,34270,34270,34012,34040,34040],"floor_reached":56,"language":"ZHS","playtime":3442,"items_purged":["Worship","Demon Form","Go for the Eyes","LikeWater"],"score":2198,"play_id":"f298499f-a17c-436b-a8d0-0121844060a5","local_time":"20210116232554","daily_mods":["SealedDeck","Diverse","Heirloom","Time Dilation","Flight"],"is_ascension_mode":true,"campfire_choices":[{"data":"After Image","floor":15.0,"key":"SMITH"},{"data":"Apotheosis","floor":32.0,"key":"SMITH"},{"floor":41,"key":"RECALL"},{"data":"DevaForm","floor":49,"key":"SMITH"},{"data":"Fasting2","floor":52,"key":"SMITH"}],"circlet_count":0,"master_deck":["Wraith Form v2","Echo Form+1","DevaForm+1","Prostrate","Body Slam","EmptyMind","Chill","Coolheaded","Defragment+1","Catalyst","Well Laid Plans","Searing Blow","Noxious Fumes","Entrench+1","After Image+1","Venomology","TalkToTheHand","Panacea","EpicFetus","Impervious","Genetic Algorithm+1","Apotheosis+1","Footwork","Chill","Lockon+1","Backflip+1","Metallicize","Acrobatics+1","Echo Form+1","Amplify+1","ElectricPowerLearning+1","Fasting2+1","Evolve","Capacitor","Flash of Steel+1","Finesse","Phantasmal Killer"],"relics":["Cracked Core","HushsDoor","GuppysTail","Old Coin","ClockworkSouvenir","Peace Pipe","Leech","Gensokyo:CelestialsFlawlessClothing","Runic Capacitor","Art of War","Gensokyo:Mercy","StrikeDummy","PreservedInsect","Ginger","Mango","FossilizedHelix","DeathBook","TheBattery","Medical Kit","HandDrill","Sling","MagicMushroom","DataDisk","vexMod:ScavengeHelm","PokeGo","Cauldron","Cables","vexMod:InvisibilityCloak","Ancient Tea Set","Letter Opener","Molten Egg 2","OrangePellets","Regal Pillow","Du-Vu Doll","Orichalcum","Lantern","Orrery","Frozen Eye","NineVolt","DollysMirror","Busted Crown","GuppysCollar","MealTicket","vexMod:Spyglass","Thread and Needle","Gremlin Horn","CeramicFish","Vajra","EdensBlessing","Calipers","vexMod:PaidLearning","vexMod:RedPlottingStone","SalivaCoin","Nunchaku","Frozen Egg 2","vexMod:BarristanHead","vexMod:Cooldron","Bag of Preparation","SteamSale","vexMod:MemoryStick","DeadEye"],"acts_visited":["Gensokyo:Gensokyo","Gensokyo:Gensokyoer","TheBeyond","TheEnding"],"potions_floor_usage":[40,46,48,55,55,55,55,55],"damage_taken":[{"damage":8.0,"enemies":"Gensokyo:2_Kodama","floor":1.0,"turns":4.0},{"damage":8.0,"enemies":"Gensokyo:Cirno","floor":6.0,"turns":6.0},{"damage":13.0,"enemies":"Gensokyo:Gryphon","floor":7.0,"turns":3.0},{"damage":3.0,"enemies":"Gensokyo:Mamizou","floor":8.0,"turns":6.0},{"damage":0.0,"enemies":"Gensokyo:Cirno","floor":10.0,"turns":5.0},{"damage":1.0,"enemies":"Gensokyo:Aya","floor":11.0,"turns":5.0},{"damage":0.0,"enemies":"Gensokyo:Mamizou","floor":12.0,"turns":6.0},{"damage":15.0,"enemies":"Gensokyo:Yukari","floor":16.0,"turns":7.0},{"damage":0.0,"enemies":"Gensokyo:AngelMirror","floor":18.0,"turns":2.0},{"damage":0.0,"enemies":"Gensokyo:Reisen","floor":23.0,"turns":3.0},{"damage":17.0,"enemies":"Gensokyo:Tenshi","floor":24.0,"turns":3.0},{"damage":6.0,"enemies":"Gensokyo:Koishi","floor":25.0,"turns":4.0},{"damage":17.0,"enemies":"Gensokyo:Tenshi","floor":28.0,"turns":3.0},{"damage":0.0,"enemies":"Gensokyo:3_Dogs","floor":31.0,"turns":3.0},{"damage":0.0,"enemies":"Gensokyo:Kaguya","floor":33.0,"turns":8.0},{"damage":0.0,"enemies":"Orb Walker","floor":35.0,"turns":3.0},{"damage":0.0,"enemies":"3 Shapes","floor":37.0,"turns":3.0},{"damage":0,"enemies":"Nemesis","floor":40,"turns":5},{"damage":0,"enemies":"Reptomancer","floor":42,"turns":3},{"damage":0,"enemies":"Giant Head","floor":46,"turns":6},{"damage":0,"enemies":"Reptomancer","floor":48,"turns":4},{"damage":0,"enemies":"Time Eater","floor":50,"turns":6},{"damage":0,"enemies":"Shield and Spear","floor":54,"turns":5},{"damage":0,"enemies":"Delirium","floor":55,"turns":11}],"seed_played":"3912719743277650723","potions_obtained":[{"floor":7.0,"key":"DistilledChaos"},{"floor":20.0,"key":"FocusPotion"},{"floor":21.0,"key":"Fruit Juice"},{"floor":21.0,"key":"Swift Potion"},{"floor":24.0,"key":"PowerPotion"}],"is_trial":true,"path_per_floor":["M","$","?","$","?","E","M","E","T","E","E","E","COS","?","R","B",null,"M","?","?","$","?","E","E","E","T","$","E","?","COS","M","R","B",null,"M","?","M","$","?","E","R","E","T","$","?","E","$","E","R","B",null,"R","$","E","B",null],"character_chosen":"DEFECT","items_purchased":["ClockworkSouvenir","Peace Pipe","Leech","DistilledChaos","SpeedPotion","SmokeBomb","Well Laid Plans","Ball Lightning","Runic Capacitor","Art of War","Searing Blow","SkillPotion","vexMod:ScavengeHelm","PokeGo","Cauldron","Ancient Potion","TalkToTheHand","Panacea","EpicFetus","Impervious","OrangePellets","vexMod:BerryBomb","Regal Pillow","Apotheosis","Footwork","Chill","Lockon+1","FocusPotion","GuppysCollar","ElectricPowerLearning","FairyPotion","vexMod:Spyglass","Thread and Needle","Gremlin Horn","Evolve","EdensBlessing","Calipers","Capacitor","vexMod:PaidLearning","Frozen Egg 2","vexMod:BarristanHead","vexMod:Cooldron","SteamSale","vexMod:MemoryStick","Phantasmal Killer"],"campfire_rested":0,"item_purchase_floors":[2,2,2,2,2,2,2,2,4,4,4,4,21,21,21,21,21,21,21,21,27,27,27,27,27,27,27,27,34,34,34,38,38,38,38,44,44,44,44,47,47,47,53,53,53],"current_hp_per_floor":[67,67,49,49,49,43,32,34,34,50,53,58,58,58,58,49,96,96,96,96,101,93,93,77,75,75,81,67,67,67,71,71,78,78,78,78,78,78,78,78,78,78,78,78,78,78,88,88,88,88,88,88,88,88,88],"gold":34040,"neow_bonus":"","is_daily":false,"chose_seed":false,"campfire_upgraded":4,"win_rate":0.0,"timestamp":1610810754,"path_taken":["M","$","?","$","?","E","?","E","T","E","E","E","COS","?","R","BOSS","M","?","?","$","?","E","E","E","T","$","E","?","COS","?","R","BOSS","M","?","?","$","?","E","R","E","T","$","?","E","?","E","R","BOSS","R","$","E","BOSS"],"items_purchased_type":["Relic","Relic","Relic","Potion","Potion","Potion","Card","Card","Relic","Relic","Card","Potion","Relic","Relic","Relic","Potion","Card","Card","Card","Card","Relic","Relic","Relic","Card","Card","Card","Card","Potion","Relic","Card","Potion","Relic","Relic","Relic","Card","Relic","Relic","Card","Relic","Relic","Relic","Relic","Relic","Relic","Card"],"build_version":"2020-12-22","purchased_purges":4,"victory":true,"max_hp_per_floor":[75,75,75,75,75,75,75,75,75,89,89,89,89,89,89,89,96,96,96,96,101,93,93,93,93,93,99,99,99,99,99,99,99,78,78,78,78,78,78,78,78,78,78,78,78,78,88,88,88,88,88,88,88,88,88],"card_choices":[{"not_picked":["Sanctity","SashWhip"],"picked":"Catalyst","floor":1.0},{"not_picked":["Dual Wield","FTL"],"picked":"Noxious Fumes","floor":6.0},{"not_picked":["Cleave","Thunderclap","Protect"],"picked":"SKIP","floor":7.0},{"not_picked":["Chaos","Fan","Evaluate"],"picked":"SKIP","floor":8.0},{"not_picked":["Glass Knife","Armaments","Beam Cell"],"picked":"SKIP","floor":10.0},{"not_picked":["Leg Sweep","Compile Driver"],"picked":"Entrench","floor":11.0},{"not_picked":["Pray","Ball Lightning"],"picked":"After Image","floor":12.0},{"not_picked":["Berserk","Storm of Steel"],"picked":"Venomology","floor":16.0},{"not_picked":["Flex","FlurryOfBlows+1","Evaluate+1"],"picked":"SKIP","floor":18.0},{"not_picked":["Self Repair","Blade Dance+1","WheelKick"],"picked":"SKIP","floor":23.0},{"not_picked":["Intimidate","FlyingSleeves"],"picked":"Genetic Algorithm+1","floor":24.0},{"not_picked":["Steam","Protect","Compile Driver"],"picked":"SKIP","floor":25.0},{"not_picked":["Genetic Algorithm","BattleHymn"],"picked":"Backflip+1","floor":28.0},{"not_picked":["WheelKick+1","Leap+1"],"picked":"Acrobatics+1","floor":30.0},{"not_picked":["Redo+1","Flex+1","ConjureBlade"],"picked":"SKIP","floor":31.0},{"not_picked":["Bullet Time","Corruption"],"picked":"Amplify","floor":33.0},{"not_picked":["Setup"],"picked":"SKIP","floor":35.0},{"not_picked":[],"picked":"Fasting2","floor":37.0},{"not_picked":["BowlingBash+1"],"picked":"SKIP","floor":40},{"not_picked":["Warcry+1"],"picked":"SKIP","floor":42},{"not_picked":["Dropkick+1"],"picked":"SKIP","floor":46},{"not_picked":["Reinforced Body"],"picked":"SKIP","floor":48},{"not_picked":["Beam Cell+1"],"picked":"SKIP","floor":54}],"player_experience":542227,"relics_obtained":[{"floor":6.0,"key":"StrikeDummy"},{"floor":8.0,"key":"PreservedInsect"},{"floor":9.0,"key":"Ginger"},{"floor":10.0,"key":"Mango"},{"floor":11.0,"key":"FossilizedHelix"},{"floor":12.0,"key":"DeathBook"},{"floor":23.0,"key":"vexMod:InvisibilityCloak"},{"floor":24.0,"key":"Ancient Tea Set"},{"floor":25.0,"key":"Letter Opener"},{"floor":26.0,"key":"Molten Egg 2"},{"floor":28.0,"key":"Lantern"},{"floor":40,"key":"CeramicFish"},{"floor":42,"key":"Vajra"},{"floor":46,"key":"SalivaCoin"},{"floor":48,"key":"Bag of Preparation"},{"floor":54,"key":"DeadEye"}],"event_choices":[{"damage_healed":0.0,"max_hp_gain":0.0,"max_hp_loss":0.0,"gold_gain":0.0,"event_name":"Tomb of Lord Red Mask","player_choice":"Ignored","floor":36.0,"gold_loss":0.0,"damage_taken":0.0},{"damage_healed":0,"gold_gain":0,"player_choice":"Upgraded","damage_taken":0,"max_hp_gain":0,"max_hp_loss":0,"event_name":"Upgrade Shrine","floor":39,"gold_loss":0,"cards_upgraded":["ElectricPowerLearning"]},{"cards_removed":["Dagger Spray"],"damage_healed":0,"gold_gain":0,"player_choice":"Removed Attack","damage_taken":0,"max_hp_gain":0,"max_hp_loss":0,"event_name":"Falling","floor":45,"gold_loss":0}],"is_beta":false,"boss_relics":[{"not_picked":["vexMod:DeviousBotling","Runic Dome"],"picked":"MagicMushroom"},{"not_picked":[]},{"not_picked":["Empty Cage","Astrolabe"],"picked":"Busted Crown"},{"not_picked":[]}],"items_purged_floors":[2,4,27,47],"is_endless":false,"potions_floor_spawned":[6,7,8,10,16,24,25,28,46,48],"ascension_level":1}}