{"host":"t6r1isv2bex5ovch","time":1610760800,"event":{"mods":["AchievementEnabler","Act Like it!","Aspiration","BaseMod","Better Altar","Better Note","Better Sensory Stone","Better Skull","Better Third Choice","Better Vampires","Colored Powertips","Displayed Cursed Tome","Minty Spire (QoL Compilation)","StSLib","The Bug Knight","The Jungle"],"gold_per_floor":[111,111,131,56,72,72,101,1,1,19,33,33,45,45,45,150,150,164,184,59,72,72,72],"floor_reached":22,"language":"ENG","playtime":1801,"items_purged":["HollowMod:MidwifesHunger","HollowMod:QuickDashStart","HollowMod:RadiancesLament+1"],"score":197,"play_id":"85cf02db-55d0-4f6e-a128-9c423b2fa4df","local_time":"20210116113320","is_ascension_mode":true,"campfire_choices":[{"floor":6,"key":"RECALL"},{"data":"HollowMod:CycloneSlash","floor":15,"key":"SMITH"}],"circlet_count":0,"master_deck":["HollowMod:NailStrikeStart","HollowMod:NailStrikeStart","HollowMod:QuickDashStart","HollowMod:FocusHealStart","HollowMod:PogoStrike","HollowMod:HuntersJournal","Panacea","HollowMod:RecoilStrike","HollowMod:CycloneSlash+1","HollowMod:DoubleDash","HollowMod:BaldurShell","HollowMod:AwokenDreamNail+1","HollowMod:InfectedAttack+1","HollowMod:ChannelNail"],"relics":["HollowMod:VesselMask","aspiration:DSix","Happy Flower","Astrolabe"],"acts_visited":["Exordium","TheCity"],"potions_floor_usage":[3,7,10,21,21,21],"damage_taken":[{"damage":2,"enemies":"Small Slimes","floor":1,"turns":7},{"damage":1,"enemies":"Cultist","floor":3,"turns":3},{"damage":2,"enemies":"2 Louse","floor":5,"turns":3},{"damage":29,"enemies":"3 Sentries","floor":7,"turns":6},{"damage":0,"enemies":"2 Fungi Beasts","floor":10,"turns":2},{"damage":0,"enemies":"Large Slime","floor":11,"turns":4},{"damage":9,"enemies":"Blue Slaver","floor":13,"turns":3},{"damage":44,"enemies":"HollowMod:FalseKnight","floor":16,"turns":13},{"damage":22,"enemies":"Spheric Guardian","floor":18,"turns":4},{"damage":22,"enemies":"3 Byrds","floor":19,"turns":6},{"damage":32,"enemies":"Snake Plant","floor":21,"turns":3},{"damage":36,"enemies":"Centurion and Healer","floor":22,"turns":6}],"seed_played":"8037309884311790771","potions_obtained":[{"floor":1,"key":"Swift Potion"},{"floor":5,"key":"DistilledChaos"},{"floor":7,"key":"BlessingOfTheForge"},{"floor":16,"key":"Strength Potion"},{"floor":18,"key":"DistilledChaos"},{"floor":19,"key":"Fire Potion"}],"is_trial":false,"path_per_floor":["M","?","M","$","M","R","E","$","T","M","M","?","M","?","R","B",null,"M","M","$","M","M"],"character_chosen":"THE_BUGKNIGHT","items_purchased":[],"campfire_rested":0,"item_purchase_floors":[],"current_hp_per_floor":[75,75,75,75,75,75,56,56,56,56,66,66,57,65,65,33,75,59,49,49,23,0,0],"gold":72,"neow_bonus":"DSIX","is_daily":false,"chose_seed":false,"campfire_upgraded":1,"win_rate":0.0,"timestamp":1610760800,"path_taken":["M","?","M","$","M","R","E","?","T","?","M","?","M","?","R","BOSS","M","M","$","M","M"],"items_purchased_type":[],"build_version":"2020-12-22","purchased_purges":3,"victory":false,"max_hp_per_floor":[75,75,75,75,75,75,75,75,75,75,75,75,75,75,75,75,75,75,75,75,75,75,75],"card_choices":[{"not_picked":["HollowMod:NewGlowingWomb","HollowMod:VengefulVoid","HollowMod:LuriensSpire"],"picked":"SKIP","floor":1},{"not_picked":["HollowMod:CrystalDash","HollowMod:ChannelNail"],"picked":"HollowMod:RecoilStrike","floor":3},{"not_picked":["HollowMod:DescendingDark","HollowMod:RecoilStrike"],"picked":"HollowMod:CycloneSlash","floor":5},{"not_picked":["HollowMod:ZotesMagnificence","HollowMod:HeavyBlow"],"picked":"HollowMod:DoubleDash","floor":7},{"not_picked":["HollowMod:SoulEater","HollowMod:HeavyBlow","HollowMod:InfectedCysts"],"picked":"SKIP","floor":10},{"not_picked":["HollowMod:InfectedAttack","HollowMod:VengefulVoid"],"picked":"HollowMod:BaldurShell","floor":11},{"not_picked":["HollowMod:ShadowDash","HollowMod:NewGlowingWomb","HollowMod:PureVessel"],"picked":"SKIP","floor":13},{"not_picked":["HollowMod:TaintedHusks+1","HollowMod:ChannelNail","HollowMod:QuirrelsAssistance"],"picked":"SKIP","floor":18},{"not_picked":["HollowMod:TaintedHusks+1","HollowMod:QuirrelsAssistance"],"picked":"HollowMod:ChannelNail","floor":18},{"not_picked":["HollowMod:ShadowDash","HollowMod:DungDefenderAura","HollowMod:InfectedCysts+1"],"picked":"SKIP","floor":19},{"not_picked":["HollowMod:LuriensSpire","HollowMod:NewLittleFool","HollowMod:VengefulVoid"],"picked":"SKIP","floor":21}],"player_experience":411712,"relics_obtained":[{"floor":7,"key":"Happy Flower"}],"event_choices":[{"damage_healed":0,"gold_gain":0,"player_choice":"3 cards matched","damage_taken":0,"max_hp_gain":0,"max_hp_loss":0,"event_name":"Match and Keep!","floor":2,"gold_loss":0,"cards_obtained":["HollowMod:HuntersJournal","Panacea","HollowMod:MidwifesHunger"]},{"cards_removed":["HollowMod:NailStrikeStart"],"damage_healed":0,"gold_gain":0,"player_choice":"Forget","damage_taken":0,"max_hp_gain":0,"max_hp_loss":0,"event_name":"Living Wall","floor":12,"gold_loss":0}],"is_beta":false,"boss_relics":[{"not_picked":["aspiration:SecretTechniqueScroll","Pandora\u0027s Box"],"picked":"Astrolabe"}],"items_purged_floors":[4,8,20],"is_endless":false,"potions_floor_spawned":[1,5,7,16,18,19],"killed_by":"Centurion and Healer","ascension_level":1}}