{"host":"h4qgcirtxz6qax9j","time":1610803286,"event":{"mods":["AchievementEnabler","BaseMod","Colored Powertips","Minty Spire (QoL Compilation)","StSLib","SuperFastMode","The Animator"],"gold_per_floor":[118,118,118,135,155,155,201,201,201,201,262,262,294,308,308,412,412,424,439,439,439,456,470,388,388,388,419,419,437,469,481,481,481,481],"floor_reached":33,"language":"KOR","playtime":1670,"items_purged":[],"score":295,"play_id":"facb2610-1943-4c75-b336-5a04e1f0cc20","local_time":"20210116222126","is_ascension_mode":false,"campfire_choices":[{"data":"animator:Nanami","floor":6,"key":"SMITH"},{"data":"animator:YunYun","floor":8,"key":"SMITH"},{"floor":10,"key":"REST"},{"floor":12,"key":"REST"},{"floor":15,"key":"REST"},{"floor":25,"key":"REST"},{"data":"animator:Megumin+3","floor":28,"key":"SMITH"},{"floor":32,"key":"REST"}],"circlet_count":0,"master_deck":["animator:Strike_Konosuba","animator:Defend_Konosuba","animator:Strike","animator:Strike","animator:Strike","animator:Defend","animator:Defend","animator:Defend","animator:Kazuma","animator:Aqua","animator:Genos","animator:Eris","animator:Konayuki","animator:Nanami+1","animator:YunYun+1","animator:Ara","animator:Ara","animator:UneriGinkaku","animator:Biyorigo","animator:Megumin+9","Necronomicurse","animator:Ciel+1","animator:Aqua","animator:Emonzaemon","animator:Kazuma+1"],"relics":["animator:LivingPicture","animator:TheMissingPiece","InkBottle","Regal Pillow","animator:HeavyHalberd","Bronze Scales","Centennial Puzzle","animator:HolyGrailRelic","Necronomicon","MealTicket","Dream Catcher","Omamori"],"acts_visited":["Exordium","TheCity"],"potions_floor_usage":[16,23,23,33],"damage_taken":[{"damage":0,"enemies":"2 Louse","floor":1,"turns":4},{"damage":0,"enemies":"Small Slimes","floor":4,"turns":4},{"damage":6,"enemies":"Jaw Worm","floor":5,"turns":7},{"damage":39,"enemies":"3 Sentries","floor":7,"turns":13},{"damage":45,"enemies":"Gremlin Nob","floor":11,"turns":5},{"damage":21,"enemies":"Lagavulin","floor":13,"turns":5},{"damage":7,"enemies":"Exordium Wildlife","floor":14,"turns":4},{"damage":64,"enemies":"The Guardian","floor":16,"turns":11},{"damage":9,"enemies":"Chosen","floor":18,"turns":5},{"damage":46,"enemies":"Spheric Guardian","floor":19,"turns":7},{"damage":1,"enemies":"Snake Plant","floor":22,"turns":3},{"damage":39,"enemies":"Centurion and Healer","floor":23,"turns":7},{"damage":7,"enemies":"Gremlin Leader","floor":27,"turns":9},{"damage":16,"enemies":"Shelled Parasite and Fungi","floor":29,"turns":3},{"damage":20,"enemies":"Slavers","floor":30,"turns":2},{"damage":5,"enemies":"Cultist and Chosen","floor":31,"turns":5},{"damage":95,"enemies":"Champ","floor":33,"turns":13}],"seed_played":"6648623915286668550","potions_obtained":[{"floor":5,"key":"Energy Potion"},{"floor":14,"key":"BlessingOfTheForge"},{"floor":16,"key":"ColorlessPotion"},{"floor":19,"key":"Explosive Potion"},{"floor":30,"key":"FearPotion"}],"is_trial":false,"path_per_floor":["M","?","?","M","M","R","E","R","T","R","?","R","E","M","R","B",null,"M","M","?","?","M","M","$","R","T","E","R","M","E","M","R","B"],"character_chosen":"THE_ANIMATOR","items_purchased":["animator:Aqua"],"campfire_rested":5,"item_purchase_floors":[24],"current_hp_per_floor":[66,66,54,59,58,58,24,24,24,58,18,52,36,32,66,5,74,73,34,18,44,48,14,14,50,50,52,52,45,29,30,69,0,0],"gold":481,"neow_bonus":"ONE_RANDOM_RARE_CARD","is_daily":false,"chose_seed":false,"campfire_upgraded":3,"win_rate":0.0,"timestamp":1610803286,"path_taken":["M","?","?","M","M","R","E","R","T","R","?","R","E","M","R","BOSS","M","M","?","?","M","M","?","R","T","E","R","?","E","M","R","BOSS"],"items_purchased_type":["Card"],"build_version":"2020-12-22","purchased_purges":0,"victory":false,"max_hp_per_floor":[66,66,66,66,66,66,66,66,66,66,66,66,66,66,66,66,74,77,79,79,79,76,73,73,73,73,75,75,77,79,81,81,78,78],"card_choices":[{"not_picked":["animator:Spearman","animator:Scar"],"picked":"animator:Genos","floor":1},{"not_picked":["animator:TsurugaMeisai","animator:IzunaHatsuse"],"picked":"animator:Konayuki","floor":4},{"not_picked":["animator:Witch","animator:Eris"],"picked":"animator:Nanami","floor":5},{"not_picked":["animator:Aqua","animator:Verdia"],"picked":"animator:YunYun","floor":7},{"not_picked":["animator:Melzalgald","animator:Elsword"],"picked":"animator:Ara","floor":11},{"not_picked":["animator:MaesHughes","animator:Jibril"],"picked":"animator:Ara","floor":13},{"not_picked":["animator:Geryuganshoop","animator:ElricEdward"],"picked":"animator:UneriGinkaku","floor":14},{"not_picked":["animator:Eve","animator:Hans"],"picked":"animator:Biyorigo","floor":16},{"not_picked":["animator:Mitsurugi","animator:Verdia"],"picked":"animator:Megumin","floor":18},{"not_picked":["animator:FielNirvalen","animator:Nanami","animator:DolaRiku"],"picked":"SKIP","floor":19},{"not_picked":["animator:Raven","animator:Spearman","animator:Father"],"picked":"SKIP","floor":22},{"not_picked":["animator:ZankiKiguchi","animator:Raven"],"picked":"animator:Ciel+1","floor":23},{"not_picked":["animator:Azekura","animator:TsurugaMeisai"],"picked":"animator:Emonzaemon","floor":27},{"not_picked":["animator:Emonzaemon","animator:MumenRider","animator:SwordMaiden"],"picked":"SKIP","floor":29},{"not_picked":["animator:SilverFang","animator:Laby","animator:Spearman"],"picked":"SKIP","floor":30},{"not_picked":["animator:Verdia","animator:SilverFang"],"picked":"animator:Kazuma+1","floor":31},{"not_picked":["animator:GuildGirl+1","animator:Pride"],"picked":"animator:Megumin","floor":32}],"player_experience":49945,"relics_obtained":[{"floor":7,"key":"Regal Pillow"},{"floor":9,"key":"animator:HeavyHalberd"},{"floor":11,"key":"Bronze Scales"},{"floor":13,"key":"Centennial Puzzle"},{"floor":20,"key":"Necronomicon"},{"floor":26,"key":"MealTicket"},{"floor":27,"key":"Dream Catcher"},{"floor":30,"key":"Omamori"}],"event_choices":[{"damage_healed":0,"gold_gain":0,"cards_transformed":["animator:Greed"],"player_choice":"Change","damage_taken":0,"max_hp_gain":0,"max_hp_loss":0,"event_name":"Living Wall","floor":2,"gold_loss":0,"cards_obtained":["animator:Eris"]},{"damage_healed":0,"gold_gain":0,"player_choice":"Success","damage_taken":12,"relics_obtained":["InkBottle"],"max_hp_gain":0,"max_hp_loss":0,"event_name":"Scrap Ooze","floor":3,"gold_loss":0},{"damage_healed":0,"gold_gain":0,"player_choice":"Searched \u00271\u0027 times","damage_taken":0,"max_hp_gain":0,"max_hp_loss":0,"event_name":"Dead Adventurer","floor":11,"gold_loss":0},{"damage_healed":0,"gold_gain":0,"player_choice":"Obtained Book","damage_taken":16,"max_hp_gain":0,"max_hp_loss":0,"event_name":"Cursed Tome","floor":20,"gold_loss":0},{"damage_healed":26,"gold_gain":0,"player_choice":"Heal","damage_taken":0,"max_hp_gain":0,"max_hp_loss":0,"event_name":"The Library","floor":21,"gold_loss":0}],"is_beta":false,"boss_relics":[{"not_picked":["Velvet Choker","Busted Crown"],"picked":"animator:HolyGrailRelic"}],"items_purged_floors":[],"is_endless":false,"potions_floor_spawned":[5,14,16,18,19,22,30],"killed_by":"Champ","ascension_level":0}}