{"host":"sv70n8tirfk0oiuf","time":1610813215,"event":{"mods":["Act Like it!","BaseMod","Gensokyo","Marisa£®ÏF”Í°°ƒß¿Ì…≥£©","Minty Spire (QoL Compilation)","Reimu£®≤©¿ˆ¡È√Œ£©","Remilia£®¿Ÿ√◊¿Ú—«£©","StSLib","The Administrix","noobMod"],"gold_per_floor":[118,136,148,159,159,192,122,151,151,162,179,211,226,71,71,143,143,159,369,369,369,27,27,42,42,42,53,282,597,597,611,611,690,690,706,716,727,727,108,141,141,175,175,189,205,237,237,265,265,265,265],"floor_reached":52,"language":"ZHS","playtime":5329,"items_purged":[],"score":2212,"play_id":"8d495f50-26bc-4486-8a22-83ff3787952d","local_time":"20210117000654","daily_mods":["SealedDeck"],"is_ascension_mode":true,"campfire_choices":[{"data":"Gathering:ReiMu","floor":15.0,"key":"SMITH"},{"floor":23,"key":"REST"},{"data":"MikOfLucky:ReiMu","floor":30,"key":"SMITH"},{"data":"CleanRite:ReiMu","floor":32,"key":"SMITH"},{"data":"1","floor":41,"key":"LIFT"},{"data":"2","floor":49,"key":"LIFT"}],"circlet_count":0,"master_deck":["AscendersBane","SpreadBorder2:ReiMu","SpreadBorder2:ReiMu","TightArray:ReiMu","FoulBorder2:ReiMu","Gathering:ReiMu+1","TightArray:ReiMu","LearningPray:ReiMu","Meditation:ReiMu","YinYangSange:ReiMu+1","SpreadBorder2:ReiMu","Intuition:ReiMu","Intuition:ReiMu","UniversalSpiritual:ReiMu+1","OrbThrow:ReiMu","YinYangSign:ReiMu","SubcavityInstant:ReiMu","CleanRite:ReiMu+1","SpreadBorder2:ReiMu","Gensokyo:LockedMedkit","SpreadBorder2:ReiMu","MikOfLucky:ReiMu+1","Conquer:ReiMu","SubcavityFantasy:ReiMu","Conquer:ReiMu","Gensokyo:ManorOfTheDishes","ReincarnationDial+1","Carnage+1","FitfulNightmare+1","EarthLightRay+1","Authority:ReiMu"],"relics":["FlyPower:ReiMu","ice","Singing Bowl","Tea:ReiMu","Girya","Calipers","Black Star","Centennial Puzzle","Strange Spoon","CaptainsWheel","Gensokyo:ChorusOfJoy","StrikeDummy","BodyOfKamiR:ReiMu","Bag of Preparation","Old Coin","RedLine:ReiMu","Gensokyo:DualWield","Medical Kit","PrismaticShard","Sundial","Nunchaku","Lizard Tail","KaguraBell:ReiMu","Boot","PureWhite:ReiMu","Juzu Bracelet","InkBottle","The Courier","Thread and Needle"],"acts_visited":["Gensokyo:Gensokyo","Gensokyo:Gensokyoer","Gensokyo:Gensokyoest"],"potions_floor_usage":[],"damage_taken":[{"damage":10.0,"enemies":"Gensokyo:3_Fairies","floor":1.0,"turns":6.0},{"damage":0.0,"enemies":"Gensokyo:Python","floor":2.0,"turns":4.0},{"damage":7.0,"enemies":"Gensokyo:Gryphon","floor":3.0,"turns":5.0},{"damage":13.0,"enemies":"Gensokyo:Python_and_Kodama","floor":4.0,"turns":6.0},{"damage":0.0,"enemies":"Gensokyo:Mamizou","floor":6.0,"turns":9.0},{"damage":16.0,"enemies":"Gensokyo:Cirno","floor":8.0,"turns":14.0},{"damage":13.0,"enemies":"Gensokyo:3_Kodama","floor":10.0,"turns":4.0},{"damage":3.0,"enemies":"Gensokyo:VengefulSpirit","floor":11.0,"turns":6.0},{"damage":10.0,"enemies":"Gensokyo:Mamizou","floor":12.0,"turns":5.0},{"damage":11.0,"enemies":"Gensokyo:CorruptedTreant","floor":13.0,"turns":5.0},{"damage":3,"enemies":"Gensokyo:Yukari","floor":16,"turns":10},{"damage":26,"enemies":"Gensokyo:CosmicMonolith","floor":18,"turns":10},{"damage":26,"enemies":"Gensokyo:2_Gloops","floor":19,"turns":10},{"damage":56,"enemies":"Gensokyo:Mirror_and_Dog","floor":24,"turns":10},{"damage":44,"enemies":"Gensokyo:Swordslinger","floor":27,"turns":7},{"damage":22,"enemies":"Gensokyo:Tenshi","floor":28,"turns":6},{"damage":7,"enemies":"Gensokyo:Slime_Group","floor":29,"turns":4},{"damage":0,"enemies":"Gensokyo:Wraith","floor":31,"turns":4},{"damage":18,"enemies":"Gensokyo:Eternal_Rivals","floor":33,"turns":7},{"damage":0,"enemies":"Gensokyo:AncientGuardian","floor":35,"turns":5},{"damage":14,"enemies":"Gensokyo:3_Bats","floor":36,"turns":2},{"damage":2,"enemies":"Gensokyo:Sharpion","floor":37,"turns":5},{"damage":3,"enemies":"Gensokyo:Doremy","floor":40,"turns":6},{"damage":2,"enemies":"Gensokyo:Marisa","floor":42,"turns":5},{"damage":0,"enemies":"Gensokyo:SeedOfUnknown","floor":44,"turns":5},{"damage":0,"enemies":"Gensokyo:3_Boulders","floor":45,"turns":3},{"damage":17,"enemies":"Gensokyo:Kasen","floor":46,"turns":5},{"damage":18,"enemies":"Gensokyo:Marisa","floor":48,"turns":3},{"damage":0,"enemies":"Gensokyo:Shinki","floor":50,"turns":8},{"damage":0,"enemies":"Gensokyo:Scarlet_Devils","floor":51,"turns":5}],"seed_played":"-3536763916066201844","potions_obtained":[{"floor":3.0,"key":"EntropicBrew"},{"floor":8.0,"key":"Fire Potion"},{"floor":27,"key":"BottledKami:ReiMu"},{"floor":36,"key":"BottledKami:ReiMu"}],"is_trial":true,"path_per_floor":["M","M","M","M","$","E","?","E","T","M","M","E","M","COS","R","B",null,"M","M","$","?","COS","R","M","?","T","M","E","M","R","M","R","B",null,"M","M","M","?","COS","E","R","E","T","M","M","E","?","E","R","B","B",null],"character_chosen":"REIMU","items_purchased":[],"campfire_rested":1,"item_purchase_floors":[],"current_hp_per_floor":[44,44,37,24,24,24,24,8,8,48,47,37,28,28,28,25,63,39,15,15,15,15,61,5,5,5,37,95,88,88,88,88,70,102,102,90,90,90,90,87,87,85,85,90,93,91,91,83,83,88,95],"gold":265,"neow_bonus":"","is_daily":false,"chose_seed":false,"campfire_upgraded":3,"win_rate":0.0,"timestamp":1610813214,"path_taken":["M","M","M","M","$","E","?","E","T","M","M","E","M","COS","R","BOSS","M","M","?","?","COS","R","?","?","T","M","E","M","R","M","R","BOSS","M","M","M","?","COS","E","R","E","T","M","?","E","?","E","R","BOSS","BOSS"],"items_purchased_type":[],"build_version":"2020-12-22","purchased_purges":0,"victory":true,"max_hp_per_floor":[60,60,60,60,60,60,60,60,60,63,68,69,75,75,75,75,75,77,79,79,79,79,79,79,79,79,86,98,101,101,105,105,113,113,116,120,127,127,127,133,133,142,142,146,148,158,158,167,167,170,173],"card_choices":[{"not_picked":["SubcavityInstant:ReiMu","ShadowOfCrow2:ReiMu"],"picked":"YinYangSange:ReiMu","floor":1.0},{"not_picked":["AlertArray:ReiMu","AirStrike:ReiMu"],"picked":"SpreadBorder2:ReiMu","floor":2.0},{"not_picked":["PayForSelf:ReiMu","AirStrike:ReiMu"],"picked":"Intuition:ReiMu","floor":3.0},{"not_picked":["EmergencyTakeOff:ReiMu","AirStrike:ReiMu"],"picked":"Intuition:ReiMu","floor":4.0},{"not_picked":["SubAcupoint:ReiMu","AirStrike:ReiMu"],"picked":"UniversalSpiritual:ReiMu","floor":6.0},{"not_picked":["RunawayExorcism:ReiMu","SubAcupoint:ReiMu"],"picked":"OrbThrow:ReiMu","floor":8.0},{"not_picked":["OrbThrow:ReiMu","PhosphorusFlame:ReiMu"],"picked":"YinYangSign:ReiMu","floor":10.0},{"not_picked":["Amulet:ReiMu","RainPray2:ReiMu","WonderfulDomain:ReiMu"],"picked":"Singing Bowl","floor":11.0},{"not_picked":["PrepareRite:ReiMu","CareerPray:ReiMu"],"picked":"SubcavityInstant:ReiMu","floor":12.0},{"not_picked":["RainPray2:ReiMu","WonderfulDomain:ReiMu","Conquer:ReiMu"],"picked":"Singing Bowl","floor":13.0},{"not_picked":["OctopathSalyBorderN:ReiMu","Authority:ReiMu"],"picked":"CleanRite:ReiMu","floor":16},{"not_picked":["Intuition:ReiMu+1","AlertArray:ReiMu","RainPray2:ReiMu"],"picked":"Singing Bowl","floor":18},{"not_picked":["Conquer:ReiMu","Enchanting:ReiMu","EmergencyTakeOff:ReiMu"],"picked":"Singing Bowl","floor":19},{"not_picked":["Conquer:ReiMu","PrayRite:ReiMu"],"picked":"SpreadBorder2:ReiMu","floor":24},{"not_picked":["Meditation:ReiMu","SafetyPray:ReiMu","AirStrike:ReiMu"],"picked":"Singing Bowl","floor":27},{"not_picked":["ForcedLanding:ReiMu","SubcavityInstant:ReiMu+1","AirStrike:ReiMu"],"picked":"Singing Bowl","floor":28},{"not_picked":["SafetyPray:ReiMu","PayForSelf:ReiMu+1"],"picked":"MikOfLucky:ReiMu","floor":29},{"not_picked":["CareerPray:ReiMu","CeremonyResonance:ReiMu"],"picked":"Conquer:ReiMu","floor":31},{"not_picked":["CleanRite:ReiMu","CardOfSanctity:ReiMu"],"picked":"SubcavityFantasy:ReiMu","floor":33},{"not_picked":["AirStrike:ReiMu","DoubleButterfly:ReiMu"],"picked":"Conquer:ReiMu","floor":35},{"not_picked":["EmergencyTakeOff:ReiMu+1","Intuition:ReiMu","Dreaming2:ReiMu"],"picked":"Singing Bowl","floor":36},{"not_picked":["ForcedLanding:ReiMu","SubAcupoint:ReiMu","Crusade:ReiMu"],"picked":"Singing Bowl","floor":37},{"not_picked":["AdministrixMod:FuneraryRites+1","Robbery+1"],"picked":"ReincarnationDial+1","floor":40},{"not_picked":["Dreaming2:ReiMu+1","EmptyBody"],"picked":"Carnage+1","floor":40},{"not_picked":["AdministrixMod:CenturiesAscent","HeartBreak"],"picked":"FitfulNightmare+1","floor":42},{"not_picked":["Flying Knee","ChainGang","Conclude"],"picked":"Singing Bowl","floor":44},{"not_picked":["Concentrate+1","Gensokyo:SalamanderShield+1"],"picked":"EarthLightRay+1","floor":45},{"not_picked":["Slice","EmptyFist","SuperPerseids+1"],"picked":"Singing Bowl","floor":46},{"not_picked":["SubAcupoint:ReiMu","AdministrixMod:TrickOfTheLight","AdministrixMod:Convergence"],"picked":"Singing Bowl","floor":48}],"player_experience":338240,"relics_obtained":[{"floor":6.0,"key":"Singing Bowl"},{"floor":8.0,"key":"Tea:ReiMu"},{"floor":9.0,"key":"Girya"},{"floor":12.0,"key":"Calipers"},{"floor":26,"key":"StrikeDummy"},{"floor":28,"key":"BodyOfKamiR:ReiMu"},{"floor":28,"key":"Bag of Preparation"},{"floor":40,"key":"Sundial"},{"floor":40,"key":"Nunchaku"},{"floor":42,"key":"Lizard Tail"},{"floor":42,"key":"KaguraBell:ReiMu"},{"floor":43,"key":"Boot"},{"floor":46,"key":"Juzu Bracelet"},{"floor":46,"key":"InkBottle"},{"floor":48,"key":"The Courier"},{"floor":48,"key":"Thread and Needle"}],"event_choices":[],"is_beta":false,"boss_relics":[{"not_picked":["Tiny House","Runic Dome"],"picked":"Black Star"},{"not_picked":["Cursed Key","Philosopher\u0027s Stone"],"picked":"RedLine:ReiMu"}],"items_purged_floors":[],"is_endless":false,"potions_floor_spawned":[3,8,11,12,13,24,27,29,33,36,44,48],"ascension_level":20}}