{"host":"mydft8i2zzydgggw","time":1610835844,"event":{"mods":["AchievementEnabler","BaseMod","BetterRewards","Colored Map","Colored Powertips","DeckTracker","Keyboard Shortcuts","Minty Spire (QoL Compilation)","Rare Cards Sparkle","StSLib","SuperFastMode","everything is the same but u backflip on backflip"],"gold_per_floor":[114,114,129,146,146,146,158,158,158,173,189,189,189,67,67,167,167,181,96,96,106,125,125,135,135,158,169,169,169,268,283,283,283,283],"floor_reached":33,"language":"KOR","playtime":616,"items_purged":["Pain"],"score":347,"play_id":"597dd824-0dfb-4e4a-8b8e-a73cc6824ebd","local_time":"20210117072404","is_ascension_mode":true,"campfire_choices":[{"data":"Coolheaded","floor":6,"key":"SMITH"},{"data":"Double Energy","floor":8,"key":"SMITH"},{"data":"Zap","floor":12,"key":"SMITH"},{"data":"Coolheaded","floor":15,"key":"SMITH"},{"data":"Echo Form","floor":23,"key":"SMITH"},{"floor":29,"key":"REST"},{"floor":32,"key":"REST"}],"circlet_count":0,"master_deck":["Strike_B","Strike_B","Strike_B","Defend_B","Defend_B","Defend_B","Defend_B","Zap+1","Dualcast","Electrodynamics","Double Energy+1","Coolheaded+1","Sweeping Beam","Coolheaded+1","Echo Form+1","Chill","Cold Snap+1","Turbo","Loop+1"],"relics":["Cracked Core","Centennial Puzzle","WarpedTongs","Black Star","Molten Egg 2","Bronze Scales","Frozen Egg 2"],"acts_visited":["Exordium","TheCity"],"potions_floor_usage":[16,16,16,27,31],"damage_taken":[{"damage":11,"enemies":"2 Louse","floor":1,"turns":3},{"damage":8,"enemies":"Small Slimes","floor":3,"turns":2},{"damage":1,"enemies":"Cultist","floor":4,"turns":3},{"damage":7,"enemies":"Blue Slaver","floor":7,"turns":4},{"damage":9,"enemies":"Looter","floor":10,"turns":3},{"damage":0,"enemies":"3 Louse","floor":11,"turns":2},{"damage":37,"enemies":"Slime Boss","floor":16,"turns":10},{"damage":5,"enemies":"Spheric Guardian","floor":18,"turns":4},{"damage":14,"enemies":"2 Thieves","floor":21,"turns":2},{"damage":17,"enemies":"Sentry and Sphere","floor":22,"turns":5},{"damage":0,"enemies":"3 Cultists","floor":24,"turns":2},{"damage":4,"enemies":"Snecko","floor":27,"turns":4},{"damage":17,"enemies":"Centurion and Healer","floor":31,"turns":5},{"damage":67,"enemies":"Automaton","floor":33,"turns":12}],"seed_played":"-1606977697164515696","potions_obtained":[{"floor":3,"key":"SteroidPotion"},{"floor":4,"key":"Swift Potion"},{"floor":10,"key":"Energy Potion"},{"floor":22,"key":"DuplicationPotion"},{"floor":27,"key":"FearPotion"},{"floor":31,"key":"FearPotion"}],"is_trial":false,"path_per_floor":["M","?","M","M","?","R","M","R","T","M","M","R","?","$","R","B",null,"M","?","?","M","M","R","M","?","T","M","T","R","?","M","R","B"],"character_chosen":"DEFECT","items_purchased":["Coolheaded"],"campfire_rested":2,"item_purchase_floors":[14],"current_hp_per_floor":[57,50,42,41,66,66,59,59,59,50,50,50,50,50,50,13,60,55,55,55,41,24,24,24,10,10,6,6,30,30,13,37,0,0],"gold":283,"neow_bonus":"ONE_RANDOM_RARE_CARD","is_daily":false,"chose_seed":false,"campfire_upgraded":5,"win_rate":0.0,"timestamp":1610835844,"path_taken":["M","?","M","M","?","R","M","R","T","M","M","R","?","$","R","BOSS","M","?","?","M","M","R","M","?","T","M","?","R","?","M","R","BOSS"],"items_purchased_type":["Card"],"build_version":"2020-12-22","purchased_purges":1,"victory":false,"max_hp_per_floor":[75,75,75,75,75,75,75,75,75,75,75,75,75,75,75,75,75,75,75,75,75,75,75,75,80,80,80,80,80,80,80,80,80,80],"card_choices":[{"not_picked":["Cold Snap","Storm"],"picked":"Double Energy","floor":1},{"not_picked":["Conserve Battery","White Noise"],"picked":"Coolheaded","floor":3},{"not_picked":["Doom and Gloom","Steam","Rebound"],"picked":"SKIP","floor":4},{"not_picked":["Hyperbeam","Barrage"],"picked":"Sweeping Beam","floor":7},{"not_picked":["Beam Cell","Melter","Fusion"],"picked":"SKIP","floor":10},{"not_picked":["Sweeping Beam","White Noise","Hologram"],"picked":"SKIP","floor":11},{"not_picked":["Fission","Buffer"],"picked":"Echo Form","floor":16},{"not_picked":["Go for the Eyes","Redo+1"],"picked":"Chill","floor":18},{"not_picked":["Sweeping Beam+1","Steam","Heatsinks"],"picked":"SKIP","floor":21},{"not_picked":["Steam","Leap"],"picked":"Cold Snap+1","floor":22},{"not_picked":["Sweeping Beam+1","Aggregate"],"picked":"Turbo","floor":24},{"not_picked":["Redo","Rebound+1","Hologram"],"picked":"SKIP","floor":27},{"not_picked":["Go for the Eyes+1","Redo"],"picked":"Loop+1","floor":31}],"player_experience":171764,"relics_obtained":[{"floor":9,"key":"Centennial Puzzle"},{"floor":26,"key":"Bronze Scales"},{"floor":28,"key":"Frozen Egg 2"}],"event_choices":[{"cards_removed":["Strike_B"],"damage_healed":0,"gold_gain":0,"player_choice":"Card Removal","damage_taken":7,"max_hp_gain":0,"max_hp_loss":0,"event_name":"Golden Wing","floor":2,"gold_loss":0},{"damage_healed":25,"gold_gain":0,"player_choice":"Banana","damage_taken":0,"max_hp_gain":0,"max_hp_loss":0,"event_name":"Big Fish","floor":5,"gold_loss":0},{"damage_healed":0,"gold_gain":0,"player_choice":"Rummage","damage_taken":0,"relics_obtained":["WarpedTongs"],"max_hp_gain":0,"max_hp_loss":0,"event_name":"Accursed Blacksmith","floor":13,"gold_loss":0,"cards_obtained":["Pain"]},{"damage_healed":0,"gold_gain":0,"player_choice":"Obtained Relic","damage_taken":0,"relics_obtained":["Molten Egg 2"],"max_hp_gain":0,"max_hp_loss":0,"event_name":"Addict","floor":19,"gold_loss":85},{"damage_healed":0,"gold_gain":0,"player_choice":"Ignored","damage_taken":0,"max_hp_gain":0,"max_hp_loss":0,"event_name":"Ghosts","floor":20,"gold_loss":0},{"damage_healed":0,"gold_gain":0,"player_choice":"Shed Blood","damage_taken":19,"max_hp_gain":5,"max_hp_loss":0,"event_name":"Forgotten Altar","floor":25,"gold_loss":0},{"damage_healed":0,"gold_gain":99,"player_choice":"Stole From Cult","damage_taken":0,"max_hp_gain":0,"max_hp_loss":0,"event_name":"Nest","floor":30,"gold_loss":0}],"is_beta":false,"boss_relics":[{"not_picked":["Tiny House","FrozenCore"],"picked":"Black Star"}],"items_purged_floors":[14],"is_endless":false,"potions_floor_spawned":[3,4,10,22,27,31],"killed_by":"Automaton","ascension_level":9}}