{"host":"9d9dhukr2jywmy0f","time":1610796960,"event":{"mods":["2.2 Compatiblity","Alarm Clock","BaseMod","Bestiary","Block Reminder","Colored Map","Colored Powertips","Curses Come First","DeckTracker","Highlight Path","Key Reminder","Minty Spire (QoL Compilation)","Quick Restart","Rare Cards Sparkle","Relic Sorter","Relic Stats","Spire Birthday Party","StSLib","SuperFastMode","Synergy Search","TestMod","Unceasing Turn Reminder","Unknown Chances"],"gold_per_floor":[211,211,211,50,50,50,64,64,88,88,129,129,2,2,2,95,95,115,115,115,15,15,15,59,59,59],"floor_reached":25,"language":"ZHS","playtime":758,"items_purged":["Strike_G","Strike_G+1"],"score":422,"play_id":"4c42dc23-2a94-484c-81c7-e8b4978da80a","local_time":"20210116193600","is_ascension_mode":true,"campfire_choices":[{"data":"Neutralize","floor":6.0,"key":"SMITH"},{"data":"Concentrate","floor":8.0,"key":"SMITH"},{"floor":12.0,"key":"RECALL"},{"data":"Deadly Poison","floor":15.0,"key":"SMITH"},{"data":"Night Terror","floor":23.0,"key":"SMITH"}],"circlet_count":0,"master_deck":["AscendersBane","Strike_G+1","Strike_G+1","Strike_G+1","Defend_G+1","Defend_G+1","Defend_G+1","Defend_G+1","Defend_G+1","Survivor+1","Neutralize+1","Concentrate+1","Terror","Deadly Poison+1","Night Terror+1","Footwork"],"relics":["Ring of the Snake","testmod-TestBox","Golden Idol","Medical Kit","keyreminder:keyreminder","War Paint","Juzu Bracelet","testmod-NegativeEmotionEnhancer","Question Card"],"acts_visited":["Exordium","TheCity"],"potions_floor_usage":[24],"damage_taken":[{"damage":2.0,"enemies":"Small Slimes","floor":1.0,"turns":4.0},{"damage":4.0,"enemies":"Jaw Worm","floor":7.0,"turns":6.0},{"damage":32.0,"enemies":"3 Sentries","floor":11.0,"turns":14.0},{"damage":15.0,"enemies":"The Guardian","floor":16.0,"turns":14.0},{"damage":18.0,"enemies":"Spheric Guardian","floor":18.0,"turns":6.0},{"damage":32,"enemies":"Book of Stabbing","floor":24,"turns":5},{"damage":0,"enemies":"Chosen","floor":25,"turns":2}],"seed_played":"828397276941538312","potions_obtained":[{"floor":1.0,"key":"testmod-TestPotion"},{"floor":11.0,"key":"SkillPotion"},{"floor":18.0,"key":"CunningPotion"},{"floor":24,"key":"SpeedPotion"}],"is_trial":false,"path_per_floor":["M","?","?","$","T","R","M","R","T","?","E","R","$","?","R","B",null,"M","?","?","$","$","R","E","M"],"character_chosen":"THE_SILENT","items_purchased":["Medical Kit","Deadly Poison"],"campfire_rested":0,"item_purchase_floors":[4,13],"current_hp_per_floor":[57,57,39,39,39,39,35,35,35,35,16,16,16,21,21,6,50,34,34,34,34,34,34,4,4,4],"gold":59,"neow_bonus":"HUNDRED_GOLD","is_daily":false,"chose_seed":false,"campfire_upgraded":4,"win_rate":0.0,"timestamp":1610796960,"path_taken":["M","?","?","$","?","R","?","R","T","?","E","R","$","?","R","BOSS","M","?","?","?","$","R","E","M"],"items_purchased_type":["Relic","Card"],"build_version":"2020-11-30","purchased_purges":2,"victory":false,"max_hp_per_floor":[66,60,60,60,60,60,60,60,60,60,60,60,60,65,65,65,65,66,66,66,66,66,66,67,67,67],"relic_stats":{"counters":[7,51],"Golden Idol":43,"Juzu Bracelet":0,"War Paint":["Defend_G","Defend_G"],"Medical Kit":[1],"Question Card":0,"obtain_stats":[{"keyreminder:keyreminder":5,"testmod-TestBox":0,"Golden Idol":2,"Juzu Bracelet":11,"testmod-NegativeEmotionEnhancer":17,"War Paint":9,"Medical Kit":4,"Question Card":24,"Ring of the Snake":0},{"keyreminder:keyreminder":1,"testmod-TestBox":0,"Golden Idol":1,"Juzu Bracelet":3,"testmod-NegativeEmotionEnhancer":4,"War Paint":2,"Medical Kit":1,"Question Card":6,"Ring of the Snake":0},{"keyreminder:keyreminder":4,"testmod-TestBox":0,"Golden Idol":4,"Juzu Bracelet":24,"testmod-NegativeEmotionEnhancer":38,"War Paint":10,"Medical Kit":4,"Question Card":49,"Ring of the Snake":0}],"Ring of the Snake":[14]},"card_choices":[{"not_picked":["All Out Attack","Slice"],"picked":"Concentrate","floor":1.0},{"not_picked":["Backflip","Poisoned Stab"],"picked":"Terror","floor":7.0},{"not_picked":["Dash","Sucker Punch","Wraith Form v2"],"picked":"SKIP","floor":11.0},{"not_picked":["Malaise","Die Die Die"],"picked":"Night Terror","floor":16.0},{"not_picked":["Quick Slash+1","Bane","Outmaneuver"],"picked":"SKIP","floor":18.0},{"not_picked":["Backflip+1","PiercingWail"],"picked":"Footwork","floor":24}],"player_experience":826587,"relics_obtained":[{"floor":9.0,"key":"War Paint"},{"floor":11.0,"key":"Juzu Bracelet"},{"floor":24,"key":"Question Card"}],"event_choices":[{"damage_healed":0.0,"max_hp_gain":0.0,"max_hp_loss":6.0,"gold_gain":0.0,"event_name":"Golden Idol","player_choice":"Lose Max HP","floor":2.0,"gold_loss":0.0,"damage_taken":0.0,"relics_obtained":["Golden Idol"]},{"damage_healed":0.0,"max_hp_gain":0.0,"max_hp_loss":0.0,"gold_gain":0.0,"event_name":"Shining Light","player_choice":"Entered Light","floor":3.0,"gold_loss":0.0,"damage_taken":18.0,"cards_upgraded":["Strike_G","Survivor"]},{"damage_healed":0.0,"max_hp_gain":0.0,"max_hp_loss":0.0,"gold_gain":0.0,"event_name":"Dead Adventurer","player_choice":"Searched \u00270\u0027 times","floor":10.0,"gold_loss":0.0,"damage_taken":0.0},{"damage_healed":0.0,"max_hp_gain":5.0,"max_hp_loss":0.0,"gold_gain":0.0,"event_name":"Big Fish","player_choice":"Donut","floor":14.0,"gold_loss":0.0,"damage_taken":0.0},{"damage_healed":0.0,"max_hp_gain":0.0,"max_hp_loss":0.0,"gold_gain":0.0,"event_name":"Back to Basics","player_choice":"Simplicity","floor":19.0,"gold_loss":0.0,"damage_taken":0.0,"cards_upgraded":["Strike_G","Strike_G","Strike_G","Defend_G","Defend_G","Defend_G"]},{"damage_healed":0.0,"max_hp_gain":0.0,"max_hp_loss":0.0,"gold_gain":0.0,"event_name":"The Mausoleum","player_choice":"Ignored","floor":20.0,"gold_loss":0.0,"damage_taken":0.0}],"is_beta":false,"boss_relics":[{"not_picked":["testmod-Prudence","testmod-SaigiyounoYou"],"picked":"testmod-NegativeEmotionEnhancer"}],"items_purged_floors":[13,21],"is_endless":false,"potions_floor_spawned":[1,11,18,24],"killed_by":"Chosen","ascension_level":20}}