{"host":"9d9dhukr2jywmy0f","time":1610799682,"event":{"mods":["2.2 Compatiblity","Alarm Clock","BaseMod","Bestiary","Block Reminder","Colored Map","Colored Powertips","Curses Come First","DeckTracker","Highlight Path","Key Reminder","Minty Spire (QoL Compilation)","Quick Restart","Rare Cards Sparkle","Relic Sorter","Relic Stats","Spire Birthday Party","StSLib","SuperFastMode","Synergy Search","TestMod","Unceasing Turn Reminder","Unknown Chances"],"gold_per_floor":[113,113,188,113,130,158,176,176,176,188,8,8,21,48,48,125,125,140,156,206,121,46,81,81,109,132,132,145,70,70,85,85,161,161,180,180,194,205,105,133,133,166,166,166,566,601,614,639,639,639,639,639,639,108,137,137],"floor_reached":57,"language":"ZHS","playtime":1971,"items_purged":["Defend_G","Defend_G","Survivor"],"score":3577,"play_id":"39a6a5cc-6b82-471f-8ee5-40d7bb86fbe3","local_time":"20210116202122","is_ascension_mode":true,"campfire_choices":[{"data":"Neutralize","floor":8.0,"key":"SMITH"},{"data":"Grand Finale","floor":12.0,"key":"SMITH"},{"data":"Well Laid Plans","floor":15.0,"key":"SMITH"},{"data":"Strike_G","floor":24.0,"key":"PURGE"},{"data":"Strike_G","floor":27.0,"key":"PURGE"},{"data":"Defend_G","floor":30.0,"key":"PURGE"},{"data":"testmod-WeaknessCounterattack","floor":32.0,"key":"PURGE"},{"floor":41.0,"key":"RECALL"},{"data":"Blur","floor":44.0,"key":"SMITH"},{"data":"Defend_G","floor":49,"key":"PURGE"},{"data":"Reflex","floor":53,"key":"SMITH"}],"circlet_count":0,"master_deck":["AscendersBane","Defend_G","Neutralize+1","Reflex+1","Acrobatics","Blur+1","Grand Finale+1","Well Laid Plans+1","Escape Plan+1","Footwork","Escape Plan"],"relics":["Ring of the Snake","testmod-TestBox","NeowsBlessing","testmod-RainbowHikingShoes","Centennial Puzzle","testmod-Prudence","Potion Belt","Peace Pipe","Strawberry","Orichalcum","testmod-BatchProcessingSystem","testmod-Antiphasic","Blue Candle","HornCleat","Prayer Wheel","The Specimen","Ginger","Snake Skull"],"acts_visited":["Exordium","TheCity","TheBeyond","TheEnding"],"potions_floor_usage":[56,56,56,56],"damage_taken":[{"damage":0.0,"enemies":"2 Louse","floor":1.0,"turns":1.0},{"damage":0.0,"enemies":"Small Slimes","floor":5.0,"turns":1.0},{"damage":0.0,"enemies":"Gremlin Nob","floor":6.0,"turns":1.0},{"damage":1.0,"enemies":"Jaw Worm","floor":7.0,"turns":5.0},{"damage":1.0,"enemies":"Looter","floor":10.0,"turns":5.0},{"damage":10.0,"enemies":"Large Slime","floor":13.0,"turns":5.0},{"damage":3.0,"enemies":"The Guardian","floor":16.0,"turns":6.0},{"damage":0.0,"enemies":"2 Thieves","floor":18.0,"turns":1.0},{"damage":0.0,"enemies":"Chosen","floor":19.0,"turns":2.0},{"damage":0.0,"enemies":"Gremlin Leader","floor":23.0,"turns":2.0},{"damage":0.0,"enemies":"Slavers","floor":25.0,"turns":1.0},{"damage":0.0,"enemies":"Snake Plant","floor":28.0,"turns":1.0},{"damage":0.0,"enemies":"Snecko","floor":31.0,"turns":1.0},{"damage":0.0,"enemies":"Automaton","floor":33.0,"turns":1.0},{"damage":0.0,"enemies":"3 Darklings","floor":35.0,"turns":1.0},{"damage":0.0,"enemies":"3 Shapes","floor":37.0,"turns":1.0},{"damage":0.0,"enemies":"Spire Growth","floor":38.0,"turns":1.0},{"damage":0.0,"enemies":"Giant Head","floor":40.0,"turns":1.0},{"damage":0.0,"enemies":"Nemesis","floor":42.0,"turns":1.0},{"damage":0.0,"enemies":"Reptomancer","floor":46.0,"turns":1.0},{"damage":0,"enemies":"Jaw Worm Horde","floor":47,"turns":1},{"damage":0,"enemies":"Mind Bloom Boss Battle","floor":48,"turns":1},{"damage":0,"enemies":"Donu and Deca","floor":50,"turns":1},{"damage":0,"enemies":"Awakened One","floor":51,"turns":2},{"damage":0,"enemies":"Shield and Spear","floor":55,"turns":1},{"damage":2,"enemies":"The Heart","floor":56,"turns":4}],"seed_played":"-93019733614032555","potions_obtained":[{"floor":1.0,"key":"Swift Potion"},{"floor":10.0,"key":"CultistPotion"},{"floor":13.0,"key":"SpeedPotion"},{"floor":18.0,"key":"SteroidPotion"},{"floor":28.0,"key":"Strength Potion"},{"floor":31.0,"key":"SkillPotion"},{"floor":33.0,"key":"testmod-TestPotion"},{"floor":38.0,"key":"Fruit Juice"},{"floor":40.0,"key":"Strength Potion"},{"floor":55,"key":"testmod-TestPotion"}],"is_trial":false,"path_per_floor":["M","?","?","?","M","E","M","R","T","M","$","R","M","T","R","B",null,"M","M","?","?","?","E","R","E","T","R","M","$","R","M","R","B",null,"M","?","M","M","$","E","R","E","T","R","?","E","M","?","R","B","B",null,"R","$","E","B",null],"character_chosen":"THE_SILENT","items_purchased":["Grand Finale","Ginger","Footwork"],"campfire_rested":0,"item_purchase_floors":[11,54,54],"current_hp_per_floor":[59,52,41,41,41,41,40,40,40,39,39,39,29,29,29,26,56,56,56,56,56,56,56,56,63,63,63,63,63,63,63,63,63,71,71,71,71,76,76,76,76,76,76,76,76,76,76,76,76,76,76,78,78,78,78,76],"gold":137,"neow_bonus":"THREE_ENEMY_KILL","is_daily":false,"chose_seed":false,"campfire_upgraded":5,"win_rate":0.0,"timestamp":1610799682,"path_taken":["M","?","?","?","M","E","M","R","T","M","?","R","M","?","R","BOSS","M","M","?","?","?","E","R","E","T","R","M","$","R","M","R","BOSS","M","?","M","M","$","E","R","E","T","R","?","E","M","?","R","BOSS","BOSS","R","$","E","BOSS"],"items_purchased_type":["Card","Relic","Card"],"build_version":"2020-11-30","purchased_purges":3,"victory":true,"max_hp_per_floor":[66,66,66,66,66,66,66,66,66,66,66,66,66,66,66,66,66,66,66,66,66,66,66,66,73,73,73,73,73,73,73,73,73,73,73,73,73,78,78,78,78,78,78,78,78,78,78,78,78,78,78,78,78,78,78,78],"relic_stats":{"Peace Pipe":6,"Centennial Puzzle":[6],"counters":[26,49],"Blue Candle":[0],"Prayer Wheel":1,"Snake Skull":[0],"Ginger":[2],"Orichalcum":[6],"obtain_stats":[{"Potion Belt":21,"testmod-TestBox":0,"NeowsBlessing":0,"The Specimen":48,"Blue Candle":42,"testmod-BatchProcessingSystem":34,"Snake Skull":55,"Ginger":54,"testmod-RainbowHikingShoes":6,"Orichalcum":26,"keyreminder:keyreminder":9,"Peace Pipe":23,"testmod-Antiphasic":40,"Centennial Puzzle":14,"testmod-Prudence":17,"HornCleat":43,"Strawberry":25,"Prayer Wheel":46,"Ring of the Snake":0},{"Potion Belt":9,"testmod-TestBox":0,"NeowsBlessing":0,"The Specimen":22,"Blue Candle":19,"testmod-BatchProcessingSystem":14,"Snake Skull":25,"Ginger":24,"testmod-RainbowHikingShoes":3,"Orichalcum":11,"keyreminder:keyreminder":4,"Peace Pipe":10,"testmod-Antiphasic":18,"Centennial Puzzle":6,"testmod-Prudence":7,"HornCleat":19,"Strawberry":11,"Prayer Wheel":20,"Ring of the Snake":0},{"Potion Belt":27,"testmod-TestBox":0,"NeowsBlessing":0,"The Specimen":41,"Blue Candle":38,"testmod-BatchProcessingSystem":33,"Snake Skull":45,"Ginger":44,"testmod-RainbowHikingShoes":3,"Orichalcum":30,"keyreminder:keyreminder":8,"Peace Pipe":29,"testmod-Antiphasic":37,"Centennial Puzzle":18,"testmod-Prudence":24,"HornCleat":38,"Strawberry":30,"Prayer Wheel":39,"Ring of the Snake":0}],"Ring of the Snake":[52]},"card_choices":[{"not_picked":["Blade Dance","Dodge and Roll"],"picked":"Reflex","floor":1.0},{"not_picked":["Masterful Stab","Predator"],"picked":"Acrobatics","floor":5.0},{"not_picked":["Flechettes","Dodge and Roll","Eviscerate"],"picked":"SKIP","floor":6.0},{"not_picked":["Flying Knee","Distraction","Sucker Punch"],"picked":"SKIP","floor":7.0},{"not_picked":["Flying Knee","Distraction","Sucker Punch"],"picked":"SKIP","floor":7.0},{"not_picked":["Flying Knee","Distraction","Sucker Punch"],"picked":"SKIP","floor":7.0},{"not_picked":["Cloak And Dagger","Sucker Punch"],"picked":"Blur","floor":10.0},{"not_picked":["Sucker Punch","Dagger Throw"],"picked":"Well Laid Plans","floor":13.0},{"not_picked":["Flying Knee","Bane","Slice"],"picked":"SKIP","floor":18.0},{"not_picked":["PiercingWail+1","Blade Dance","Accuracy"],"picked":"SKIP","floor":19.0},{"not_picked":["Skewer","Flying Knee","Bouncing Flask"],"picked":"SKIP","floor":23.0},{"not_picked":["Deadly Poison","Dagger Spray","PiercingWail"],"picked":"SKIP","floor":25.0},{"not_picked":["Slice","Die Die Die","Accuracy"],"picked":"SKIP","floor":28.0},{"not_picked":["Setup","Acrobatics","Skewer"],"picked":"SKIP","floor":31.0},{"not_picked":["Poisoned Stab","Dagger Throw","Sucker Punch"],"picked":"SKIP","floor":35.0},{"not_picked":["Slice","Riddle With Holes","Backstab+1"],"picked":"SKIP","floor":37.0},{"not_picked":["Slice","Expertise","PiercingWail"],"picked":"SKIP","floor":38.0},{"not_picked":["Blur+1","Terror+1","Bouncing Flask"],"picked":"SKIP","floor":40.0},{"not_picked":["Heel Hook","Poisoned Stab+1","Flying Knee"],"picked":"SKIP","floor":42.0},{"not_picked":["Outmaneuver","Footwork","Calculated Gamble"],"picked":"SKIP","floor":46.0},{"not_picked":["Deadly Poison+1","Night Terror"],"picked":"Escape Plan+1","floor":47},{"not_picked":["Acrobatics+1","Terror+1","Underhanded Strike"],"picked":"SKIP","floor":47},{"not_picked":["Predator","Poisoned Stab"],"picked":"Escape Plan","floor":55}],"player_experience":827345,"relics_obtained":[{"floor":6.0,"key":"testmod-RainbowHikingShoes"},{"floor":14.0,"key":"Centennial Puzzle"},{"floor":23.0,"key":"Peace Pipe"},{"floor":25.0,"key":"Strawberry"},{"floor":26.0,"key":"Orichalcum"},{"floor":40.0,"key":"testmod-Antiphasic"},{"floor":42.0,"key":"Blue Candle"},{"floor":43.0,"key":"HornCleat"},{"floor":46.0,"key":"Prayer Wheel"},{"floor":48,"key":"The Specimen"},{"floor":55,"key":"Snake Skull"}],"event_choices":[{"cards_removed":["Strike_G"],"damage_healed":0.0,"max_hp_gain":0.0,"max_hp_loss":0.0,"gold_gain":0.0,"event_name":"Golden Wing","player_choice":"Card Removal","floor":2.0,"gold_loss":0.0,"damage_taken":7.0},{"damage_healed":0.0,"max_hp_gain":0.0,"max_hp_loss":0.0,"gold_gain":75.0,"event_name":"World of Goop","player_choice":"Gather Gold","floor":3.0,"gold_loss":0.0,"damage_taken":11.0},{"cards_removed":["Strike_G"],"damage_healed":0.0,"max_hp_gain":0.0,"max_hp_loss":0.0,"gold_gain":0.0,"event_name":"The Cleric","player_choice":"Card Removal","floor":4.0,"gold_loss":75.0,"damage_taken":0.0},{"damage_healed":0.0,"max_hp_gain":0.0,"max_hp_loss":0.0,"gold_gain":50.0,"event_name":"Nest","player_choice":"Stole From Cult","floor":20.0,"gold_loss":0.0,"damage_taken":0.0},{"damage_healed":0.0,"max_hp_gain":0.0,"max_hp_loss":0.0,"gold_gain":0.0,"event_name":"Addict","player_choice":"Obtained Relic","floor":21.0,"gold_loss":85.0,"damage_taken":0.0,"relics_obtained":["Potion Belt"]},{"cards_removed":["Strike_G"],"damage_healed":0.0,"max_hp_gain":0.0,"max_hp_loss":0.0,"gold_gain":0.0,"event_name":"Beggar","player_choice":"Gave Gold","floor":22.0,"gold_loss":75.0,"damage_taken":0.0},{"damage_healed":0.0,"max_hp_gain":0.0,"max_hp_loss":0.0,"gold_gain":0.0,"event_name":"Tomb of Lord Red Mask","player_choice":"Ignored","floor":36.0,"gold_loss":0.0,"damage_taken":0.0},{"damage_healed":0.0,"max_hp_gain":0.0,"max_hp_loss":0.0,"gold_gain":400.0,"event_name":"¶÷ÂåË¹µÄÅÌ×Ó","player_choice":"Sell","floor":45.0,"relics_lost":["keyreminder:keyreminder"],"gold_loss":0.0,"damage_taken":0.0},{"damage_healed":0,"gold_gain":0,"player_choice":"Fight","damage_taken":0,"max_hp_gain":0,"max_hp_loss":0,"event_name":"MindBloom","floor":48,"gold_loss":0}],"is_beta":false,"boss_relics":[{"not_picked":["testmod-Nine","Busted Crown"],"picked":"testmod-Prudence"},{"not_picked":["Runic Pyramid","testmod-DeterminationOfClimber"],"picked":"testmod-BatchProcessingSystem"}],"items_purged_floors":[29,39,54],"is_endless":false,"potions_floor_spawned":[1,10,13,18,28,31,33,38,40,46,48,55],"ascension_level":20}}