{"host":"a1eatafr7pisesky","time":1610819385,"event":{"mods":["100% Spire Juice","AchievementEnabler","BaseMod","Colored Map","Keyboard Shortcuts","Minty Spire (QoL Compilation)","Say the Spire","StSLib","SuperFastMode","everything is the same but u backflip on backflip"],"gold_per_floor":[95,105,4,4,24,52,52,79,79,122,149,191,21,53,53,157,37,49,58,81,90,114,19,43,77,77,99,122,122,152,32,32,142,142,166,166,166,17,32,58,58,68,68,95,45,45,58,79,79,79,79,79,17,59,59,59],"floor_reached":55,"language":"KOR","playtime":2049,"items_purged":["Moonworks:Strike","Moonworks:Strike"],"score":895,"play_id":"648ed162-7e65-453f-9d74-32345c4695fc","local_time":"20210117024945","is_ascension_mode":true,"campfire_choices":[{"data":"Moonworks:IndiscriminateFireSupport","floor":7.0,"key":"SMITH"},{"floor":15.0,"key":"REST"},{"data":"Moonworks:Wanted","floor":29.0,"key":"SMITH"},{"floor":32.0,"key":"REST"},{"data":"Moonworks:ForcedRevival","floor":41.0,"key":"SMITH"},{"data":"Moonworks:IntelligenceOfficer","floor":46.0,"key":"SMITH"},{"floor":49.0,"key":"RECALL"},{"data":"Moonworks:MetallicMonocoque","floor":52.0,"key":"SMITH"}],"circlet_count":0,"master_deck":["Moonworks:Strike","Moonworks:Defend+1","Moonworks:Defend","Moonworks:Defend","Moonworks:Ambush","Moonworks:LongDistanceShot+1","Moonworks:IndiscriminateFireSupport+1","Moonworks:MiracleRedBeanIceCream+1","Moonworks:NicePresent","Moonworks:BindingChains","Moonworks:NicePresent+1","Moonworks:WeAreWaruda","Moonworks:IntelligenceOfficer+1","Moonworks:ShieldCounter","Moonworks:ForcedRevival+1","Moonworks:NicePresent","Moonworks:MetallicMonocoque+1","J.A.X.","Moonworks:DeployBits","Moonworks:Dash","Moonworks:NicePresent","Moonworks:NicePresent","Moonworks:Wanted+1","Moonworks:ReproductionOfRecords","Moonworks:ImOnFire","Moonworks:GoAway","Moonworks:BigMagnum","Moonworks:Dash","Moonworks:RagingMadness","Moonworks:SakisCookie+1"],"relics":["Moonworks:BrokenBomb","Moonworks:Homemark","CeramicFish","Shuriken","Prayer Wheel","War Paint","Runic Pyramid","Blue Candle","Kunai","Nunchaku","Oddly Smooth Stone","SacredBark","Membership Card","Bronze Scales","Dream Catcher","Bottled Lightning"],"acts_visited":["Exordium","TheCity","TheBeyond","TheEnding"],"potions_floor_usage":[55],"damage_taken":[{"damage":0.0,"enemies":"Small Slimes","floor":1.0,"turns":3.0},{"damage":0.0,"enemies":"2 Louse","floor":2.0,"turns":2.0},{"damage":0.0,"enemies":"Jaw Worm","floor":5.0,"turns":3.0},{"damage":15.0,"enemies":"3 Sentries","floor":6.0,"turns":6.0},{"damage":1.0,"enemies":"Large Slime","floor":8.0,"turns":4.0},{"damage":28.0,"enemies":"Gremlin Nob","floor":10.0,"turns":4.0},{"damage":0.0,"enemies":"3 Louse","floor":11.0,"turns":1.0},{"damage":24.0,"enemies":"Lagavulin","floor":12.0,"turns":4.0},{"damage":0.0,"enemies":"Red Slaver","floor":14.0,"turns":3.0},{"damage":12.0,"enemies":"Hexaghost","floor":16.0,"turns":6.0},{"damage":9.0,"enemies":"2 Thieves","floor":18.0,"turns":2.0},{"damage":13.0,"enemies":"Shell Parasite","floor":20.0,"turns":3.0},{"damage":0.0,"enemies":"Cultist and Chosen","floor":22.0,"turns":3.0},{"damage":19.0,"enemies":"Book of Stabbing","floor":23.0,"turns":4.0},{"damage":11.0,"enemies":"Snecko","floor":24.0,"turns":6.0},{"damage":2.0,"enemies":"Gremlin Leader","floor":25.0,"turns":4.0},{"damage":0.0,"enemies":"Snake Plant","floor":27.0,"turns":2.0},{"damage":6.0,"enemies":"Cultist and Chosen","floor":28.0,"turns":3.0},{"damage":30.0,"enemies":"Slavers","floor":30.0,"turns":2.0},{"damage":4.0,"enemies":"Automaton","floor":33.0,"turns":6.0},{"damage":2.0,"enemies":"Orb Walker","floor":35.0,"turns":3.0},{"damage":13.0,"enemies":"3 Darklings","floor":39.0,"turns":3.0},{"damage":16.0,"enemies":"Reptomancer","floor":40.0,"turns":3.0},{"damage":1.0,"enemies":"Jaw Worm Horde","floor":42.0,"turns":2.0},{"damage":1.0,"enemies":"Spire Growth","floor":47.0,"turns":3.0},{"damage":21.0,"enemies":"Transient","floor":48.0,"turns":5.0},{"damage":26.0,"enemies":"Awakened One","floor":50.0,"turns":9.0},{"damage":53.0,"enemies":"Shield and Spear","floor":54.0,"turns":3.0},{"damage":51,"enemies":"The Heart","floor":55,"turns":5}],"seed_played":"4278357037622327712","potions_obtained":[{"floor":5.0,"key":"DuplicationPotion"},{"floor":10.0,"key":"Strength Potion"},{"floor":11.0,"key":"GamblersBrew"},{"floor":12.0,"key":"SteroidPotion"},{"floor":20.0,"key":"Explosive Potion"},{"floor":22.0,"key":"PowerPotion"},{"floor":25.0,"key":"LiquidBronze"},{"floor":33.0,"key":"Energy Potion"},{"floor":40.0,"key":"Swift Potion"},{"floor":42.0,"key":"Swift Potion"},{"floor":47.0,"key":"DuplicationPotion"}],"is_trial":false,"path_per_floor":["M","M","$","?","M","E","R","M","T","E","M","E","$","M","R","B",null,"M","?","M","?","M","E","M","E","T","M","M","R","E","?","R","B",null,"M","?","?","$","M","E","R","M","T","T","$","R","M","M","R","B",null,"R","$","E","B"],"character_chosen":"THE_STARBREAKER","items_purchased":["Moonworks:NicePresent","Swift Potion","Membership Card","Moonworks:RagingMadness","DuplicationPotion"],"campfire_rested":2,"item_purchase_floors":[3,13,38,53,53],"current_hp_per_floor":[60,60,60,48,53,43,43,47,47,24,24,5,5,10,28,26,60,56,56,50,50,55,46,45,48,48,53,47,47,22,22,40,46,60,58,58,58,58,50,34,34,41,41,41,41,41,48,40,40,27,60,60,60,15,0,0],"gold":59,"neow_bonus":"HUNDRED_GOLD","is_daily":false,"chose_seed":false,"campfire_upgraded":5,"win_rate":0.0,"timestamp":1610819385,"path_taken":["M","M","$","?","M","E","R","M","T","E","M","E","$","M","R","BOSS","M","?","M","?","M","E","M","E","T","M","M","R","E","?","R","BOSS","M","?","?","$","M","E","R","?","T","?","$","R","?","M","R","BOSS","R","$","E","BOSS"],"items_purchased_type":["Card","Potion","Relic","Card","Potion"],"build_version":"2020-12-22","purchased_purges":2,"victory":false,"max_hp_per_floor":[60,60,60,60,60,60,60,60,60,60,60,60,60,60,60,60,60,60,60,60,60,60,60,60,60,60,60,60,60,60,60,60,60,60,60,60,60,60,60,60,60,60,60,60,60,60,60,60,60,60,60,60,60,60,60,60],"card_choices":[{"not_picked":["Moonworks:DeployBits","Moonworks:Assault"],"picked":"Moonworks:IndiscriminateFireSupport","floor":1.0},{"not_picked":["Moonworks:LulusLuckyEgg","Moonworks:UnpaidWork"],"picked":"Moonworks:MiracleRedBeanIceCream","floor":2.0},{"not_picked":["Moonworks:EvilSpyWorkPreparation","Moonworks:IndiscriminateFireSupport"],"picked":"Moonworks:BindingChains","floor":5.0},{"not_picked":["Moonworks:DeployBits","Moonworks:IndiscriminateFireSupport","Moonworks:RedAndBlue"],"picked":"SKIP","floor":6.0},{"not_picked":["Moonworks:IndiscriminateFireSupport","Moonworks:UnluckyCharm"],"picked":"Moonworks:NicePresent","floor":8.0},{"not_picked":["Moonworks:Assault","Moonworks:Heat300Percent"],"picked":"Moonworks:WeAreWaruda","floor":10.0},{"not_picked":["Moonworks:Bloodlust","Moonworks:ImmovableObject"],"picked":"Moonworks:IntelligenceOfficer","floor":11.0},{"not_picked":["Moonworks:IndiscriminateFireSupport","Moonworks:ImOnFire","Moonworks:CloudOfSeagulls"],"picked":"SKIP","floor":11.0},{"not_picked":["Moonworks:CloudOfSeagulls","Moonworks:BigMagnum"],"picked":"Moonworks:ShieldCounter","floor":12.0},{"not_picked":["Moonworks:IndiscriminateFireSupport","Moonworks:DeployBits"],"picked":"Moonworks:ForcedRevival","floor":14.0},{"not_picked":["Moonworks:Assault","Moonworks:EvilSpyWorkPreparation"],"picked":"Moonworks:NicePresent","floor":14.0},{"not_picked":["Moonworks:FinalBattle","Moonworks:Blazing"],"picked":"Moonworks:MetallicMonocoque","floor":16.0},{"not_picked":["Moonworks:SakisCookie","Moonworks:FinalSurgery+1","Moonworks:Assault"],"picked":"SKIP","floor":18.0},{"not_picked":["Moonworks:EvilSpyWorkPreparation","Moonworks:IndiscriminateFireSupport","Moonworks:BeyondHell"],"picked":"SKIP","floor":18.0},{"not_picked":["Moonworks:JonathanRush","Moonworks:SakisCookie+1"],"picked":"Moonworks:DeployBits","floor":20.0},{"not_picked":["Moonworks:LulusLuckyEgg+1","Moonworks:SakisCookie","Moonworks:DeployBits+1"],"picked":"SKIP","floor":20.0},{"not_picked":["Moonworks:FinalSurgery","Moonworks:BindingChains"],"picked":"Moonworks:NicePresent","floor":22.0},{"not_picked":["Moonworks:Heat300Percent+1","Moonworks:CloudOfSeagulls","Moonworks:PlushieMaster"],"picked":"SKIP","floor":22.0},{"not_picked":["Moonworks:RedAndBlue","Moonworks:EvilSpyWorkPreparation","Moonworks:Assault"],"picked":"SKIP","floor":23.0},{"not_picked":["Moonworks:LulusLuckyEgg","Moonworks:CloudOfSeagulls"],"picked":"Moonworks:NicePresent","floor":24.0},{"not_picked":["Moonworks:EvilSpyWorkPreparation","Moonworks:NicePresent+1","Moonworks:Poppoformation"],"picked":"SKIP","floor":24.0},{"not_picked":["Moonworks:CompletionReward","Moonworks:Assault+1"],"picked":"Moonworks:Wanted","floor":25.0},{"not_picked":["Moonworks:SakisCookie+1","Moonworks:BigMagnum"],"picked":"Moonworks:ReproductionOfRecords","floor":27.0},{"not_picked":["Moonworks:IndiscriminateFireSupport+1","Moonworks:FullSpeedAlicianrone+1","Moonworks:RedAndBlue"],"picked":"SKIP","floor":27.0},{"not_picked":["Moonworks:NicePresent","Moonworks:Poppoformation"],"picked":"Moonworks:ImOnFire","floor":28.0},{"not_picked":["Moonworks:DeployBits","Moonworks:EvilSpyWorkPreparation","Moonworks:CloudOfSeagulls"],"picked":"SKIP","floor":28.0},{"not_picked":["Moonworks:Flamethrower","Moonworks:MixPhenomenon","Moonworks:Poppoformation+1"],"picked":"SKIP","floor":30.0},{"not_picked":["Moonworks:Accelerator","Moonworks:MetallicMonocoque"],"picked":"Moonworks:GoAway","floor":33.0},{"not_picked":["Moonworks:Assault+1","Moonworks:SakisCookie+1"],"picked":"Moonworks:BigMagnum","floor":35.0},{"not_picked":["Moonworks:LulusLuckyEgg","Moonworks:Bloodlust+1","Moonworks:ImOnFire"],"picked":"SKIP","floor":35.0},{"not_picked":["Moonworks:Assault","Moonworks:NicePresent","Moonworks:ReflectiveShell"],"picked":"SKIP","floor":39.0},{"not_picked":["Moonworks:SakisCookie+1","Moonworks:LulusLuckyEgg+1","Moonworks:BigMagnum+1"],"picked":"SKIP","floor":39.0},{"not_picked":["Moonworks:NicePresent+1","Moonworks:Bloodlust","Moonworks:FinalSurgery+1"],"picked":"SKIP","floor":40.0},{"not_picked":["Moonworks:NicePresent","Moonworks:LulusLuckyEgg+1","Moonworks:CookingTime+1"],"picked":"SKIP","floor":42.0},{"not_picked":["Moonworks:EvilSpyWorkPreparation+1","Moonworks:DeployBits","Moonworks:ImOnFire"],"picked":"SKIP","floor":42.0},{"not_picked":["Moonworks:IndiscriminateFireSupport","Moonworks:BigMagnum+1","Moonworks:SelfDestruct"],"picked":"SKIP","floor":47.0},{"not_picked":["Moonworks:Assault+1","Moonworks:JonathanRush+1","Moonworks:DeployBits+1"],"picked":"SKIP","floor":47.0},{"not_picked":["Moonworks:Dinner+1","Moonworks:BeyondHell+1"],"picked":"Moonworks:Dash","floor":48.0},{"not_picked":["Moonworks:FinalSurgery+1","Moonworks:BigBangBell+1","Moonworks:ImOnFire+1"],"picked":"SKIP","floor":48.0},{"not_picked":["Moonworks:Accelerator","Moonworks:NicePresent"],"picked":"Moonworks:SakisCookie+1","floor":54.0}],"player_experience":322693,"relics_obtained":[{"floor":6.0,"key":"CeramicFish"},{"floor":9.0,"key":"Shuriken"},{"floor":10.0,"key":"Prayer Wheel"},{"floor":12.0,"key":"War Paint"},{"floor":23.0,"key":"Blue Candle"},{"floor":25.0,"key":"Kunai"},{"floor":26.0,"key":"Nunchaku"},{"floor":30.0,"key":"Oddly Smooth Stone"},{"floor":40.0,"key":"Bronze Scales"},{"floor":44.0,"key":"Dream Catcher"},{"floor":54.0,"key":"Bottled Lightning"}],"event_choices":[{"damage_healed":0.0,"max_hp_gain":0.0,"max_hp_loss":0.0,"gold_gain":0.0,"event_name":"Shining Light","player_choice":"Entered Light","floor":4.0,"gold_loss":0.0,"damage_taken":12.0,"cards_upgraded":["Moonworks:MiracleRedBeanIceCream","Moonworks:LongDistanceShot"]},{"damage_healed":0.0,"max_hp_gain":0.0,"max_hp_loss":0.0,"gold_gain":0.0,"event_name":"Drug Dealer","player_choice":"Obtain J.A.X.","floor":19.0,"gold_loss":0.0,"damage_taken":0.0,"cards_obtained":["J.A.X."]},{"damage_healed":0.0,"max_hp_gain":0.0,"max_hp_loss":0.0,"gold_gain":0.0,"event_name":"The Library","player_choice":"Read","floor":21.0,"gold_loss":0.0,"damage_taken":0.0,"cards_obtained":["Moonworks:Dash"]},{"damage_healed":0.0,"max_hp_gain":0.0,"max_hp_loss":0.0,"gold_gain":0.0,"event_name":"Ghosts","player_choice":"Ignored","floor":31.0,"gold_loss":0.0,"damage_taken":0.0},{"cards_removed":["Moonworks:Defend"],"damage_healed":0.0,"max_hp_gain":0.0,"max_hp_loss":0.0,"gold_gain":0.0,"event_name":"Falling","player_choice":"Removed Skill","floor":36.0,"gold_loss":0.0,"damage_taken":0.0},{"cards_removed":["Moonworks:Strike"],"damage_healed":0.0,"max_hp_gain":0.0,"max_hp_loss":0.0,"gold_gain":0.0,"event_name":"Purifier","player_choice":"Purged","floor":37.0,"gold_loss":0.0,"damage_taken":0.0}],"is_beta":false,"boss_relics":[{"not_picked":["Busted Crown","Pandora\u0027s Box"],"picked":"Runic Pyramid"},{"not_picked":["Tiny House","Velvet Choker"],"picked":"SacredBark"}],"items_purged_floors":[3,45],"is_endless":false,"potions_floor_spawned":[5,10,11,12,14,20,22,25,33,40,42,47],"killed_by":"The Heart","ascension_level":1}}