{"host":"6tbnl7luddn6zb8h","time":1610772528,"event":{"mods":["Act Like it!","BaseMod","Colored Map","Colored Powertips","GifTheSpireLib","Good Game Mod","Minty Spire (QoL Compilation)","Pale of the Ancients","Quick Restart","Rare Cards Sparkle","Replay The Spire","Reworked Bosses","Spicy Shops","StSLib","Stuff the Spire","The Factory","The Jungle","Wandering Minibosses","Yakumo Yukari mod","[IsaacMod]ÒÔÈö¼âËþ"],"gold_per_floor":[140,140,114,130,6,6,6],"floor_reached":6,"language":"ZHS","playtime":340,"items_purged":[],"score":36,"play_id":"a358598f-6ac8-45f0-830f-71dea26ca1ac","local_time":"20210116124848","daily_mods":["Allstar","Colorless Cards","Heirloom"],"is_ascension_mode":true,"campfire_choices":[],"circlet_count":0,"master_deck":["AT_purpleEX","AT_purpleEX","AT_purpleEX","AT_purpleEX","Defend_purpleEX","Defend_purpleEX","Defend_purpleEX","Defend_purpleEX","Observe_purple_1","Observe_purple_2","Secret Technique","Metamorphosis","PanicButton","DoctorFetus","Replay:BasicMightCard","DarkRealmRedLine_purple","Dramatic Entrance","Charmbait_purple","Swift Strike","Bait_HighSpeedFlying_purple","Finesse"],"relics":["Boundary_crack","Memoryfragments_purpleEX","HushsDoor","REME:ComplimentaryCards","Thread and Needle","YumHeart","Golden Idol"],"acts_visited":["Exordium"],"potions_floor_usage":[6],"damage_taken":[{"damage":0,"enemies":"Cultist","floor":1,"turns":4},{"damage":0,"enemies":"Small Slimes","floor":4,"turns":3}],"seed_played":"-4256721576494668299","potions_obtained":[{"floor":1,"key":"BlessingOfTheForge"}],"is_trial":true,"path_per_floor":["M","?","$","M","$","E"],"character_chosen":"Youkari","items_purchased":["Charmbait_purple","Bait_HighSpeedFlying_purple","Finesse"],"campfire_rested":0,"item_purchase_floors":[3,5,5],"current_hp_per_floor":[70,53,53,53,53,48,48],"gold":6,"neow_bonus":"","is_daily":false,"chose_seed":false,"campfire_upgraded":0,"win_rate":0.0,"timestamp":1610772528,"path_taken":["M","?","?","M","$","E"],"items_purchased_type":["Card","Card","Card"],"build_version":"2020-12-22","purchased_purges":0,"victory":false,"max_hp_per_floor":[70,70,70,70,70,70,70],"card_choices":[{"not_picked":[],"picked":"ChaosCard","floor":0},{"not_picked":["OmniscientAndOmnipotent_Monster_purple","SfantasyHide_purple"],"picked":"Dramatic Entrance","floor":1},{"not_picked":["Bomb","CommonSense_AntiCommonSense_purple"],"picked":"Swift Strike","floor":4}],"player_experience":268414,"relics_obtained":[],"event_choices":[{"damage_healed":0,"gold_gain":0,"player_choice":"Take Damage","damage_taken":17,"relics_obtained":["Golden Idol"],"max_hp_gain":0,"max_hp_loss":0,"event_name":"Golden Idol","floor":2,"gold_loss":0}],"is_beta":false,"boss_relics":[],"items_purged_floors":[],"is_endless":true,"potions_floor_spawned":[1],"killed_by":"3 Sentries","ascension_level":1}}