{"host":"e1wc9sdc4kdvhg3d","time":1610777208,"event":{"mods":["AchievementEnabler","BaseMod","BetterRewards","Minty Spire (QoL Compilation)","Relic Stats","StSLib"],"gold_per_floor":[115,135,135,146,166,166,200,200,200,232,232,267,267,285,285,382,382,398,109,123,123,141,175,175,175,175,175,274,299,209,226,226,330,330,347,2,14,0,0,27,27,45,45,58,88,88,88,117,117,117],"floor_reached":51,"language":"ENG","playtime":3282,"items_purged":["Strike_G","Strike_G"],"score":1487,"play_id":"ad7cf6a1-83ed-496e-8054-82f526d9bb85","local_time":"20210116000648","is_ascension_mode":true,"campfire_choices":[{"data":"Noxious Fumes","floor":6,"key":"SMITH"},{"floor":11,"key":"REST"},{"data":"Blade Dance","floor":13,"key":"SMITH"},{"data":"Blade Dance","floor":15,"key":"SMITH"},{"data":"Envenom","floor":24,"key":"SMITH"},{"data":"Neutralize","floor":27,"key":"SMITH"},{"data":"Noxious Fumes","floor":32,"key":"SMITH"},{"data":"Infinite Blades","floor":41,"key":"SMITH"},{"floor":47,"key":"RECALL"},{"data":"Noxious Fumes","floor":49,"key":"SMITH"}],"circlet_count":0,"master_deck":["Defend_G","Defend_G","Defend_G","Survivor+1","Neutralize+1","Noxious Fumes+1","Well Laid Plans","Sucker Punch+1","Dodge and Roll","Deflect+1","Blade Dance+1","Footwork","Dagger Throw","Heel Hook","Caltrops","Poisoned Stab","Blade Dance+1","Envenom+1","Noxious Fumes+1","Noxious Fumes+1","Quick Slash","Acrobatics","Bite","Bite+1","Bite","Bite","Bite","Corpse Explosion","Infinite Blades+1","Blade Dance","Backflip+1","Blur","Slice+1","Adrenaline+1"],"relics":["Ring of the Serpent","Kunai","Strawberry","HandDrill","Tough Bandages","Mummified Hand","Ornamental Fan","Ginger","Omamori","Philosopher\u0027s Stone","War Paint","MutagenicStrength","Nunchaku","The Courier","Blood Vial","Ice Cream","Red Mask","Letter Opener","Blue Candle","Toxic Egg 2"],"acts_visited":["Exordium","TheCity","TheBeyond"],"potions_floor_usage":[7,22,22,29,33,45,48,50,50],"damage_taken":[{"damage":0,"enemies":"Cultist","floor":1,"turns":4},{"damage":0,"enemies":"Jaw Worm","floor":2,"turns":5},{"damage":0,"enemies":"Small Slimes","floor":4,"turns":4},{"damage":21,"enemies":"Gremlin Gang","floor":5,"turns":5},{"damage":4,"enemies":"Gremlin Nob","floor":7,"turns":4},{"damage":10,"enemies":"3 Sentries","floor":10,"turns":8},{"damage":2,"enemies":"Lagavulin","floor":12,"turns":6},{"damage":0,"enemies":"3 Louse","floor":14,"turns":3},{"damage":14,"enemies":"Hexaghost","floor":16,"turns":8},{"damage":2,"enemies":"2 Thieves","floor":18,"turns":4},{"damage":0,"enemies":"Chosen","floor":20,"turns":3},{"damage":4,"enemies":"Shelled Parasite and Fungi","floor":22,"turns":4},{"damage":4,"enemies":"Slavers","floor":23,"turns":5},{"damage":2,"enemies":"Gremlin Leader","floor":29,"turns":6},{"damage":0,"enemies":"Snake Plant","floor":31,"turns":2},{"damage":22,"enemies":"Champ","floor":33,"turns":8},{"damage":0,"enemies":"3 Shapes","floor":35,"turns":4},{"damage":21,"enemies":"3 Darklings","floor":37,"turns":2},{"damage":12,"enemies":"Nemesis","floor":40,"turns":5},{"damage":0,"enemies":"4 Shapes","floor":42,"turns":4},{"damage":5,"enemies":"Jaw Worm Horde","floor":44,"turns":3},{"damage":0,"enemies":"Giant Head","floor":45,"turns":6},{"damage":27,"enemies":"Reptomancer","floor":48,"turns":6},{"damage":33,"enemies":"Donu and Deca","floor":50,"turns":7}],"seed_played":"6183464626233710214","potions_obtained":[{"floor":5,"key":"LiquidMemories"},{"floor":12,"key":"Fire Potion"},{"floor":16,"key":"Fire Potion"},{"floor":23,"key":"SkillPotion"},{"floor":29,"key":"CunningPotion"},{"floor":31,"key":"Dexterity Potion"},{"floor":33,"key":"LiquidBronze"},{"floor":35,"key":"Explosive Potion"},{"floor":39,"key":"AttackPotion"},{"floor":39,"key":"PowerPotion"},{"floor":45,"key":"FearPotion"}],"is_trial":false,"path_per_floor":["M","M","?","M","M","R","E","?","T","E","R","E","R","M","R","B",null,"M","$","M","?","M","E","R","?","T","R","?","E","?","M","R","B",null,"M","$","M","?","?","E","R","M","T","M","E","?","R","E","R","B",null],"character_chosen":"THE_SILENT","items_purchased":["Noxious Fumes","Kunai","Strawberry","Well Laid Plans","HandDrill","Sucker Punch","Dodge and Roll","Noxious Fumes","War Paint","Ice Cream","Infinite Blades","Blade Dance"],"campfire_rested":1,"item_purchase_floors":[0,0,0,0,0,0,0,19,19,36,36,36],"current_hp_per_floor":[70,70,70,70,49,49,45,45,45,35,58,56,56,56,56,42,68,66,66,66,66,62,58,58,53,53,53,53,53,53,53,53,42,50,53,53,34,34,34,37,37,45,45,47,53,53,53,37,37,23],"gold":117,"neow_bonus":"","is_daily":false,"chose_seed":false,"campfire_upgraded":8,"win_rate":0.0,"timestamp":1610777208,"path_taken":["M","?","?","?","M","R","E","?","T","E","R","E","R","M","R","BOSS","M","$","?","?","M","E","R","?","T","R","?","E","?","M","R","BOSS","M","$","M","?","?","E","R","?","T","M","E","?","R","E","R","BOSS"],"items_purchased_type":["Card","Relic","Relic","Card","Relic","Card","Card","Card","Relic","Relic","Card","Card"],"build_version":"2020-12-22","purchased_purges":2,"victory":true,"max_hp_per_floor":[77,77,77,77,77,77,77,77,77,77,77,77,77,77,77,77,77,77,77,77,77,77,77,77,53,53,53,53,53,53,53,53,53,53,53,53,53,53,53,53,53,53,53,53,53,53,53,53,53,53],"relic_stats":{"counters":[50,254],"Blue Candle":[0],"Ginger":[7],"Letter Opener":[98],"War Paint":["Deflect","Survivor"],"Blood Vial":12,"Tough Bandages":[123],"Nunchaku":[28],"Mummified Hand":[101],"Ornamental Fan":[468],"HandDrill":[62],"Kunai":[127],"obtain_stats":[{"Ice Cream":36,"Regal Pillow":25,"Calipers":21,"Gremlin Horn":26,"Incense Burner":10,"Whetstone":14,"Ginger":10,"Cursed Key":17,"Smiling Mask":9,"Burning Blood":0,"Old Coin":13,"ClockworkSouvenir":0,"Blood Vial":29,"Dream Catcher":27,"Tough Bandages":0,"Nunchaku":23,"Matryoshka":8,"Mummified Hand":6,"Strawberry":0,"Tiny Chest":2,"Philosopher\u0027s Stone":17,"Red Mask":20,"HandDrill":0,"Kunai":0,"Toxic Egg 2":48,"Blue Candle":23,"Eternal Feather":9,"PreservedInsect":0,"Pen Nib":9,"The Courier":26,"Omamori":10,"Letter Opener":40,"War Paint":19,"MawBank":7,"Ornamental Fan":9,"MutagenicStrength":21,"Ring of the Serpent":34},{"Ice Cream":43,"Regal Pillow":13,"Calipers":11,"Gremlin Horn":13,"Incense Burner":22,"Whetstone":8,"Ginger":32,"Cursed Key":9,"Smiling Mask":21,"Burning Blood":0,"Old Coin":7,"ClockworkSouvenir":16,"Blood Vial":40,"Dream Catcher":14,"Tough Bandages":26,"Nunchaku":39,"Matryoshka":21,"Mummified Hand":20,"Strawberry":26,"Tiny Chest":17,"Philosopher\u0027s Stone":35,"Red Mask":11,"HandDrill":26,"Kunai":26,"Toxic Egg 2":49,"Blue Candle":12,"Eternal Feather":21,"PreservedInsect":0,"Pen Nib":5,"The Courier":39,"Omamori":6,"Letter Opener":45,"War Paint":36,"MawBank":5,"Ornamental Fan":31,"MutagenicStrength":37,"Ring of the Serpent":42},{"Ice Cream":221,"Regal Pillow":63,"Calipers":52,"Gremlin Horn":63,"Incense Burner":111,"Whetstone":30,"Ginger":168,"Cursed Key":40,"Smiling Mask":104,"Burning Blood":0,"Old Coin":26,"ClockworkSouvenir":80,"Blood Vial":207,"Dream Catcher":71,"Tough Bandages":138,"Nunchaku":201,"Matryoshka":104,"Mummified Hand":99,"Strawberry":138,"Tiny Chest":85,"Philosopher\u0027s Stone":185,"Red Mask":52,"HandDrill":138,"Kunai":138,"Toxic Egg 2":247,"Blue Candle":58,"Eternal Feather":104,"PreservedInsect":0,"Pen Nib":19,"The Courier":201,"Omamori":24,"Letter Opener":228,"War Paint":189,"MawBank":19,"Ornamental Fan":160,"MutagenicStrength":192,"Ring of the Serpent":217}]},"card_choices":[{"not_picked":["Dagger Spray","Sucker Punch"],"picked":"Deflect","floor":1},{"not_picked":["Slice","Flying Knee"],"picked":"Blade Dance","floor":2},{"not_picked":["Masterful Stab","Setup"],"picked":"Footwork","floor":4},{"not_picked":["Die Die Die","Slice"],"picked":"Dagger Throw","floor":5},{"not_picked":["Escape Plan","Distraction"],"picked":"Heel Hook","floor":7},{"not_picked":["Masterful Stab","Doppelganger"],"picked":"Caltrops","floor":10},{"not_picked":["Dodge and Roll","Slice"],"picked":"Poisoned Stab","floor":12},{"not_picked":["Dagger Spray","Sucker Punch"],"picked":"Blade Dance","floor":14},{"not_picked":["Tools of the Trade","Doppelganger"],"picked":"Envenom","floor":16},{"not_picked":["Dagger Throw","Blade Dance"],"picked":"Noxious Fumes","floor":18},{"not_picked":["Prepared","Distraction"],"picked":"Quick Slash","floor":20},{"not_picked":["Outmaneuver+1","Leg Sweep","Dagger Spray"],"picked":"SKIP","floor":22},{"not_picked":["Skewer+1","Finisher"],"picked":"Acrobatics","floor":23},{"not_picked":["Well Laid Plans","Calculated Gamble","Glass Knife"],"picked":"SKIP","floor":29},{"not_picked":["Deadly Poison","Bane","Flying Knee+1"],"picked":"SKIP","floor":31},{"not_picked":["Bullet Time","Burst"],"picked":"Corpse Explosion","floor":33},{"not_picked":["Finisher+1","Expertise+1","Dagger Throw+1"],"picked":"SKIP","floor":35},{"not_picked":["Masterful Stab","Acrobatics"],"picked":"Backflip+1","floor":37},{"not_picked":["Backflip","Bouncing Flask+1"],"picked":"Blur","floor":40},{"not_picked":["Choke+1","Sucker Punch"],"picked":"Slice+1","floor":42},{"not_picked":["Deflect+1","Skewer+1","Leg Sweep"],"picked":"SKIP","floor":44},{"not_picked":["Heel Hook","Acrobatics+1","Bane"],"picked":"SKIP","floor":45},{"not_picked":["Outmaneuver+1","Dagger Throw+1"],"picked":"Adrenaline+1","floor":48}],"player_experience":456924,"relics_obtained":[{"floor":7,"key":"Mummified Hand"},{"floor":9,"key":"Ornamental Fan"},{"floor":10,"key":"Ginger"},{"floor":12,"key":"Omamori"},{"floor":23,"key":"Nunchaku"},{"floor":26,"key":"The Courier"},{"floor":29,"key":"Blood Vial"},{"floor":40,"key":"Letter Opener"},{"floor":45,"key":"Blue Candle"},{"floor":48,"key":"Toxic Egg 2"}],"event_choices":[{"cards_removed":["Defend_G"],"damage_healed":0,"gold_gain":0,"player_choice":"Offered Basic","damage_taken":0,"max_hp_gain":0,"max_hp_loss":0,"event_name":"Bonfire Elementals","floor":3,"gold_loss":0},{"damage_healed":0,"gold_gain":0,"player_choice":"Upgraded","damage_taken":0,"max_hp_gain":0,"max_hp_loss":0,"event_name":"Upgrade Shrine","floor":8,"gold_loss":0,"cards_upgraded":["Sucker Punch"]},{"damage_healed":0,"gold_gain":0,"player_choice":"Inject Mutagens","damage_taken":0,"relics_obtained":["MutagenicStrength"],"max_hp_gain":0,"max_hp_loss":0,"event_name":"Drug Dealer","floor":21,"gold_loss":0},{"damage_healed":0,"gold_gain":0,"player_choice":"Became a vampire","damage_taken":0,"max_hp_gain":0,"max_hp_loss":24,"event_name":"Vampires","floor":25,"gold_loss":0,"cards_obtained":["Bite","Bite","Bite","Bite","Bite"]},{"damage_healed":0,"gold_gain":99,"player_choice":"Stole From Cult","damage_taken":0,"max_hp_gain":0,"max_hp_loss":0,"event_name":"Nest","floor":28,"gold_loss":0},{"cards_removed":["Defend_G"],"damage_healed":0,"gold_gain":0,"player_choice":"Upgrade and Remove","damage_taken":0,"max_hp_gain":0,"max_hp_loss":0,"event_name":"Designer","floor":30,"gold_loss":90,"cards_upgraded":["Bite"]},{"damage_healed":0,"gold_gain":0,"player_choice":"Paid","damage_taken":0,"relics_obtained":["Red Mask"],"max_hp_gain":0,"max_hp_loss":0,"event_name":"Tomb of Lord Red Mask","floor":38,"gold_loss":14},{"damage_healed":0,"gold_gain":0,"player_choice":"Got Potions","damage_taken":0,"max_hp_gain":0,"max_hp_loss":0,"event_name":"Lab","floor":39,"gold_loss":0},{"damage_healed":0,"gold_gain":0,"player_choice":"Memory 1","damage_taken":0,"max_hp_gain":0,"max_hp_loss":0,"event_name":"SensoryStone","floor":46,"gold_loss":0}],"is_beta":false,"boss_relics":[{"not_picked":["Pandora\u0027s Box","Runic Pyramid"],"picked":"Philosopher\u0027s Stone"},{"not_picked":["SacredBark","Astrolabe"],"picked":"Ring of the Serpent"}],"items_purged_floors":[0,19],"is_endless":false,"potions_floor_spawned":[5,12,16,23,29,31,33,35,37,45],"ascension_level":9}}