{"host":"h1wz0053njowq1zz","time":1610838096,"event":{"mods":["2.2 Compatiblity","AchievementEnabler","BaseMod","DeckTracker","Highlight Path","Minty Spire (QoL Compilation)","Permanent Neow","Poem Panic","Quick Restart","Rare Cards Sparkle","Replay The Spire","Small Relic Pack","StSLib"],"gold_per_floor":[118,118,134,134,147,147,180,198,198,217,88,88,123,140,140,241,241,257,257,257,257,9,9,36,49,49,49,66,66,99,116,116,221,221,239,259,275,40,53,53,65,97,97,128,128,128,144,144,144,144],"floor_reached":51,"language":"POL","playtime":2642,"items_purged":[],"score":1064,"play_id":"bff4b4a6-e53f-439a-93b8-75994fd47d8c","local_time":"20210117000136","is_ascension_mode":true,"campfire_choices":[{"data":"Scrape","floor":6,"key":"SMITH"},{"data":"Zap","floor":12,"key":"SMITH"},{"floor":15,"key":"DIG"},{"floor":23,"key":"REST"},{"data":"Skim","floor":27,"key":"SMITH"},{"data":"Reboot","floor":29,"key":"SMITH"},{"data":"Reinforced Body","floor":32,"key":"SMITH"},{"data":"Seek","floor":40,"key":"SMITH"},{"data":"FTL","floor":45,"key":"SMITH"},{"data":"ReplayGash","floor":49,"key":"SMITH"}],"circlet_count":0,"master_deck":["Zap+1","All For One+1","Go for the Eyes","FTL+1","Beam Cell","FTL+1","Reinforced Body+1","Scrape+1","Go for the Eyes","Skim+1","Gash","Steam","Go for the Eyes+1","Gash","Reboot+1","Steam+1","Beam Cell","Reinforced Body+1","Seek+1","Sweeping Beam+1","Rebound","Gash","Master of Strategy","ReplayGash+1","Stack+1"],"relics":["Cracked Core","PoemPanic:PoemPanicRelic","Vajra","Meat on the Bone","Dead Branch","Blood Vial","Ring of Chaos","relicPack:DSword","Shuriken","Boot","Chameleon Ring","Kunai","Painkiller Herb","Replay:Mystery Machine","Onion Ring","Prayer Wheel"],"acts_visited":["Exordium","TheCity","TheBeyond"],"potions_floor_usage":[50,50],"damage_taken":[{"damage":0,"enemies":"Cultist","floor":1,"turns":2},{"damage":0,"enemies":"2 Louse","floor":3,"turns":1},{"damage":0,"enemies":"Small Slimes","floor":5,"turns":1},{"damage":7,"enemies":"3 Sentries","floor":7,"turns":2},{"damage":0,"enemies":"3 Louse","floor":8,"turns":1},{"damage":0,"enemies":"Looter","floor":10,"turns":1},{"damage":12,"enemies":"Replay:BlueRogue","floor":13,"turns":2},{"damage":0,"enemies":"Gremlin Gang","floor":14,"turns":2},{"damage":0,"enemies":"Hexaghost","floor":16,"turns":3},{"damage":0,"enemies":"3 Byrds","floor":18,"turns":2},{"damage":0,"enemies":"Gremlin Leader","floor":24,"turns":2},{"damage":0,"enemies":"Spheric Guardian","floor":25,"turns":1},{"damage":0,"enemies":"Shelled Parasite and Fungi","floor":28,"turns":2},{"damage":3,"enemies":"Slavers","floor":30,"turns":3},{"damage":0,"enemies":"Centurion and Healer","floor":31,"turns":1},{"damage":14,"enemies":"Collector","floor":33,"turns":3},{"damage":0,"enemies":"Orb Walker","floor":35,"turns":1},{"damage":4,"enemies":"3 Shapes","floor":36,"turns":1},{"damage":0,"enemies":"Maw","floor":37,"turns":2},{"damage":5,"enemies":"Sphere and 2 Shapes","floor":39,"turns":2},{"damage":0,"enemies":"Transient","floor":41,"turns":5},{"damage":9,"enemies":"Giant Head","floor":42,"turns":2},{"damage":0,"enemies":"R_Hoarder","floor":44,"turns":3},{"damage":0,"enemies":"Jaw Worm Horde","floor":47,"turns":1},{"damage":0,"enemies":"Awakened One","floor":50,"turns":6}],"seed_played":"2147518368125877524","potions_obtained":[{"floor":3,"key":"SkillPotion"},{"floor":7,"key":"Languid Potion"},{"floor":13,"key":"Explosive Potion"},{"floor":16,"key":"FearPotion"},{"floor":25,"key":"Block Potion"},{"floor":33,"key":"SteroidPotion"}],"is_trial":false,"path_per_floor":["M","?","M","?","M","R","E","M","T","M","$","R","E","M","R","B",null,"M","?","?","?","$","R","E","M","T","R","M","R","E","M","R","B",null,"?","?","?","T","?","T","?","E","T","E","T","?","?","?","T","B",null],"character_chosen":"DEFECT","items_purchased":["Gash","Steam","Go for the Eyes+1","Shuriken","Gash","Master of Strategy"],"campfire_rested":1,"item_purchase_floors":[11,11,11,22,38,38],"current_hp_per_floor":[75,60,60,60,60,60,53,53,53,53,53,53,41,41,41,43,75,75,40,31,31,31,53,55,57,57,57,59,59,58,60,60,48,75,75,71,73,73,70,70,72,65,65,67,67,67,69,69,69,71],"gold":144,"neow_bonus":"","is_daily":false,"chose_seed":false,"campfire_upgraded":8,"win_rate":0.0,"timestamp":1610838096,"path_taken":["M","?","M","?","?","R","E","M","T","M","?","R","E","M","R","BOSS","M","?","?","?","$","R","E","M","T","R","?","R","E","M","R","BOSS","?","?","?","T","?","T","?","E","T","E","T","?","?","?","T","BOSS"],"items_purchased_type":["Card","Card","Card","Relic","Card","Card"],"build_version":"2020-12-22","purchased_purges":0,"victory":true,"max_hp_per_floor":[75,75,75,75,75,75,75,75,75,75,75,75,75,75,75,75,75,75,75,75,75,75,75,75,75,75,75,75,75,75,75,75,75,75,75,75,75,75,75,75,75,75,75,75,75,75,75,75,75,75],"card_choices":[{"not_picked":["Redo","Undo","Sweeping Beam"],"picked":"SKIP","floor":1},{"not_picked":["Sweeping Beam","Redo","Hologram"],"picked":"SKIP","floor":3},{"not_picked":["Cold Snap","Redo","Lockon"],"picked":"SKIP","floor":5},{"not_picked":["Defragment","Amplify"],"picked":"Skim","floor":7},{"not_picked":["Static Discharge","Undo","Chaos"],"picked":"SKIP","floor":8},{"not_picked":["Fusion","BasicCrystalCard","Doom and Gloom"],"picked":"SKIP","floor":10},{"not_picked":["Ball Lightning","ReplayTheSpireMod:Omega Cannon","Storm"],"picked":"SKIP","floor":13},{"not_picked":["Auto Shields","Panic Button"],"picked":"Gash","floor":14},{"not_picked":["Creative AI","Biased Cognition"],"picked":"Reboot","floor":16},{"not_picked":["Cold Snap","Hologram","Go for the Eyes"],"picked":"SKIP","floor":18},{"not_picked":["Biased Cognition","Ball Lightning","Rip and Tear"],"picked":"SKIP","floor":24},{"not_picked":["Conserve Battery","Chaos"],"picked":"Steam+1","floor":25},{"not_picked":["Crystallizer+1","Redo","Panic Button+1"],"picked":"SKIP","floor":28},{"not_picked":["Hyperbeam","Ball Lightning"],"picked":"Beam Cell","floor":30},{"not_picked":["Coolheaded","Panic Button+1"],"picked":"Reinforced Body","floor":31},{"not_picked":["Biased Cognition","Machine Learning"],"picked":"Seek","floor":33},{"not_picked":["Cold Snap","Barrage","Chaos"],"picked":"SKIP","floor":35},{"not_picked":["Barrage+1","Fusion+1"],"picked":"Sweeping Beam+1","floor":36},{"not_picked":["BasicCrystalCard","Darkness"],"picked":"Rebound","floor":37},{"not_picked":["Scrape+1","Rebound"],"picked":"ReplayGash","floor":39},{"not_picked":["White Noise","Steam+1","Consume"],"picked":"SKIP","floor":41},{"not_picked":["Conserve Battery","ReplayGash+1","Rainbow"],"picked":"SKIP","floor":42},{"not_picked":["Turbo","Loop+1","White Noise+1"],"picked":"SKIP","floor":44},{"not_picked":["Coolheaded+1","Hologram+1"],"picked":"Stack+1","floor":47},{"not_picked":["Hologram+1","ReplayTheSpireMod:Repulse","Turbo+1"],"picked":"SKIP","floor":47}],"player_experience":190040,"relics_obtained":[{"floor":7,"key":"Vajra"},{"floor":9,"key":"Meat on the Bone"},{"floor":13,"key":"Dead Branch"},{"floor":15,"key":"Blood Vial"},{"floor":24,"key":"Boot"},{"floor":26,"key":"Chameleon Ring"},{"floor":30,"key":"Kunai"},{"floor":42,"key":"Replay:Mystery Machine"},{"floor":43,"key":"Onion Ring"},{"floor":44,"key":"Prayer Wheel"}],"event_choices":[{"damage_healed":0,"gold_gain":0,"player_choice":"Entered Light","damage_taken":15,"max_hp_gain":0,"max_hp_loss":0,"event_name":"Shining Light","floor":2,"gold_loss":0,"cards_upgraded":["FTL","Reinforced Body"]},{"damage_healed":0,"gold_gain":0,"player_choice":"Upgraded","damage_taken":0,"max_hp_gain":0,"max_hp_loss":0,"event_name":"Upgrade Shrine","floor":4,"gold_loss":0,"cards_upgraded":["All For One"]},{"damage_healed":0,"gold_gain":0,"player_choice":"Stopped","damage_taken":9,"max_hp_gain":0,"max_hp_loss":0,"event_name":"Cursed Tome","floor":20,"gold_loss":0},{"cards_removed":["Dualcast"],"damage_healed":0,"gold_gain":0,"player_choice":"Offered Basic","damage_taken":0,"max_hp_gain":0,"max_hp_loss":0,"event_name":"Bonfire Elementals","floor":21,"gold_loss":0}],"is_beta":false,"boss_relics":[{"not_picked":["Ectoplasm","Cursed Key"],"picked":"Ring of Chaos"},{"not_picked":["Tiny House","ChewingGum"],"picked":"Painkiller Herb"}],"items_purged_floors":[],"is_endless":false,"potions_floor_spawned":[3,7,13,16,18,25,33,35,36,42,47],"ascension_level":3}}