{"host":"1a3cjta80tad0aqj","time":1610804364,"event":{"mods":["2.2 Compatiblity","AchievementEnabler","BaseMod","Colored Map","DeckTracker","KOR Keyword Fix","Keyboard Shortcuts","Minty Spire (QoL Compilation)","Permanent Neow","Quick Restart","Random Character Button","StSLib","SuperFastMode","everything is the same but u backflip on backflip"],"gold_per_floor":[216,236,254,179,179,212,212,237,289,77,77,107,119,161,173,185,185],"floor_reached":16,"language":"KOR","playtime":483,"items_purged":["Strike_B"],"score":157,"play_id":"f150e9a1-70f7-4da3-a645-33fa311f0c72","local_time":"20210116223924","is_ascension_mode":true,"campfire_choices":[{"floor":7.0,"key":"REST"},{"floor":11.0,"key":"REST"},{"floor":13,"key":"REST"},{"data":"Electrodynamics","floor":15,"key":"SMITH"}],"circlet_count":0,"master_deck":["Strike_B","Strike_B","Strike_B","Defend_B","Defend_B","Defend_B","Defend_B","Zap","Dualcast","Sunder","Meteor Strike","Storm","Capacitor","Electrodynamics+1","Hologram","Self Repair"],"relics":["Cracked Core","Singing Bowl","Art of War","Lantern","Orrery","MawBank","Regal Pillow"],"acts_visited":["Exordium"],"potions_floor_usage":[16],"damage_taken":[{"damage":5.0,"enemies":"2 Louse","floor":1.0,"turns":2.0},{"damage":5.0,"enemies":"Small Slimes","floor":2.0,"turns":3.0},{"damage":1.0,"enemies":"Cultist","floor":3.0,"turns":3.0},{"damage":28.0,"enemies":"Gremlin Nob","floor":6.0,"turns":4.0},{"damage":36.0,"enemies":"3 Sentries","floor":8.0,"turns":7.0},{"damage":36,"enemies":"Gremlin Nob","floor":12,"turns":5},{"damage":21,"enemies":"Lagavulin","floor":14,"turns":6},{"damage":33,"enemies":"Hexaghost","floor":16,"turns":7}],"seed_played":"-320686064081918137","potions_obtained":[{"floor":1.0,"key":"Strength Potion"},{"floor":6.0,"key":"Fruit Juice"},{"floor":8.0,"key":"AttackPotion"},{"floor":12,"key":"FocusPotion"}],"is_trial":false,"path_per_floor":["M","M","M","$","?","E","R","E","T","$","R","E","R","E","R","B"],"character_chosen":"DEFECT","items_purchased":["Capacitor","Orrery"],"campfire_rested":3,"item_purchase_floors":[10,10],"current_hp_per_floor":[70,65,64,64,64,43,67,33,33,39,66,30,57,45,45,12,12],"gold":185,"neow_bonus":"HUNDRED_GOLD","is_daily":false,"chose_seed":true,"campfire_upgraded":1,"win_rate":0.0,"timestamp":1610804364,"path_taken":["M","M","M","$","?","E","R","E","T","$","R","E","R","E","R","BOSS"],"items_purchased_type":["Card","Relic"],"build_version":"2020-12-22","purchased_purges":1,"victory":false,"max_hp_per_floor":[75,75,75,75,75,82,82,84,84,90,90,90,90,92,92,92,92],"card_choices":[{"not_picked":["Leap","Ball Lightning"],"picked":"Sunder","floor":1.0},{"not_picked":["Coolheaded","Go for the Eyes"],"picked":"Meteor Strike","floor":2.0},{"not_picked":["Conserve Battery","Heatsinks"],"picked":"Storm","floor":3.0},{"not_picked":["Force Field","Storm","Doom and Gloom"],"picked":"Singing Bowl","floor":6.0},{"not_picked":["Streamline","Barrage","Redo"],"picked":"Singing Bowl","floor":8.0},{"not_picked":["Auto Shields","Ball Lightning"],"picked":"Electrodynamics","floor":10.0},{"not_picked":["Blizzard","Hello World","All For One"],"picked":"Singing Bowl","floor":10.0},{"not_picked":["Beam Cell","Gash"],"picked":"Hologram","floor":10.0},{"not_picked":["Beam Cell","Streamline","Hologram"],"picked":"Singing Bowl","floor":10.0},{"not_picked":["Stack","Compile Driver","Beam Cell"],"picked":"Singing Bowl","floor":10.0},{"not_picked":["Stack","Electrodynamics"],"picked":"Self Repair","floor":12},{"not_picked":["Gash","Stack","Hologram"],"picked":"Singing Bowl","floor":14}],"player_experience":671917,"relics_obtained":[{"floor":6.0,"key":"Singing Bowl"},{"floor":8.0,"key":"Art of War"},{"floor":9.0,"key":"Lantern"},{"floor":12,"key":"MawBank"},{"floor":14,"key":"Regal Pillow"}],"event_choices":[{"damage_healed":0.0,"max_hp_gain":0.0,"max_hp_loss":0.0,"gold_gain":0.0,"event_name":"Liars Game","player_choice":"Ignored","floor":5.0,"gold_loss":0.0,"damage_taken":0.0}],"is_beta":false,"boss_relics":[],"items_purged_floors":[4],"is_endless":false,"potions_floor_spawned":[1,6,8,12],"killed_by":"Hexaghost","ascension_level":1}}