{"host":"dftyqn972q7tuon4","time":1610764682,"event":{"mods":["AchievementEnabler","BaseMod","Better Altar","Better Match","Better Note","Better Sensory Stone","Better Skull","Better Third Choice","Colored Powertips","Highlight Path","Minty Spire (QoL Compilation)","Permanent Neow","Quick Restart","StSLib"],"gold_per_floor":[217,217,73,73,97,97,115,115,115,115,130,60,60,25,25,25,25],"floor_reached":16,"language":"ENG","playtime":514,"items_purged":[],"score":128,"play_id":"173c7561-7076-4c10-9079-417b9f959c49","local_time":"20210116033802","is_ascension_mode":true,"campfire_choices":[{"data":"Juggernaut","floor":6,"key":"SMITH"},{"data":"Shockwave","floor":8,"key":"SMITH"},{"data":"Defend_R","floor":15,"key":"SMITH"}],"circlet_count":0,"master_deck":["Strike_R","Strike_R","Strike_R","Strike_R","Defend_R","Defend_R","Defend_R","Defend_R+1","Bash","Shrug It Off","Juggernaut+1","Shockwave+1","Entrench","Second Wind"],"relics":["Burning Blood","Oddly Smooth Stone","Golden Idol","Bottled Lightning"],"acts_visited":["Exordium"],"potions_floor_usage":[16],"damage_taken":[{"damage":6,"enemies":"2 Louse","floor":1,"turns":3},{"damage":8,"enemies":"Jaw Worm","floor":5,"turns":4},{"damage":4,"enemies":"Small Slimes","floor":7,"turns":5},{"damage":22,"enemies":"Gremlin Gang","floor":11,"turns":8},{"damage":45,"enemies":"Slime Boss","floor":16,"turns":13}],"seed_played":"4455097428344951822","potions_obtained":[{"floor":7,"key":"ColorlessPotion"}],"is_trial":false,"path_per_floor":["M","?","$","?","M","R","M","R","T","?","M","$","?","?","R","B"],"character_chosen":"IRONCLAD","items_purchased":["Oddly Smooth Stone","Second Wind"],"campfire_rested":0,"item_purchase_floors":[3,12],"current_hp_per_floor":[72,72,72,52,50,50,52,52,52,52,36,36,29,49,49,4,4],"gold":25,"neow_bonus":"HUNDRED_GOLD","is_daily":false,"chose_seed":false,"campfire_upgraded":3,"win_rate":0.0,"timestamp":1610764682,"path_taken":["M","?","?","?","M","R","M","R","T","?","?","$","?","?","R","BOSS"],"items_purchased_type":["Relic","Card"],"build_version":"2020-12-22","purchased_purges":0,"victory":false,"max_hp_per_floor":[80,80,80,80,80,80,80,80,80,80,80,80,80,80,80,80,80],"card_choices":[{"not_picked":["Iron Wave","Inflame"],"picked":"Shrug It Off","floor":1},{"not_picked":["Havoc","Pommel Strike"],"picked":"Juggernaut","floor":5},{"not_picked":["Dark Embrace","Anger"],"picked":"Shockwave","floor":7},{"not_picked":["Twin Strike","Infernal Blade"],"picked":"Entrench","floor":11}],"player_experience":663115,"relics_obtained":[{"floor":9,"key":"Bottled Lightning"}],"event_choices":[{"damage_healed":72,"gold_gain":0,"player_choice":"Embrace Burn","damage_taken":0,"max_hp_gain":0,"max_hp_loss":80,"event_name":"betterThird:BetterShining","floor":2,"gold_loss":0},{"damage_healed":0,"gold_gain":0,"player_choice":"Take Damage","damage_taken":20,"relics_obtained":["Golden Idol"],"max_hp_gain":0,"max_hp_loss":0,"event_name":"Golden Idol","floor":4,"gold_loss":0},{"cards_removed":["Burn"],"damage_healed":0,"gold_gain":0,"player_choice":"Purged","damage_taken":0,"max_hp_gain":0,"max_hp_loss":0,"event_name":"Purifier","floor":10,"gold_loss":0},{"cards_removed":["Strike_R"],"damage_healed":0,"gold_gain":0,"player_choice":"Card Removal","damage_taken":7,"max_hp_gain":0,"max_hp_loss":0,"event_name":"Golden Wing","floor":13,"gold_loss":0},{"damage_healed":20,"gold_gain":0,"player_choice":"Healed","damage_taken":0,"max_hp_gain":0,"max_hp_loss":0,"event_name":"The Cleric","floor":14,"gold_loss":35}],"is_beta":false,"boss_relics":[],"items_purged_floors":[],"is_endless":false,"potions_floor_spawned":[7],"killed_by":"Slime Boss","ascension_level":9}}