{"host":"axuns55dzq466eei","time":1610778059,"event":{"mods":["BaseMod","Colored Map","Keyboard Shortcuts","Minty Spire (QoL Compilation)","StSLib","SuperFastMode"],"gold_per_floor":[119,119,119,140,140,175,190,190,190,190,29,29,29,63,63,156,156,171,14,14,14,14,14,38,38,62,82,98,98,137,9,9,9,9],"floor_reached":33,"language":"KOR","playtime":409,"items_purged":["Steam Power+1"],"score":548,"play_id":"6dcb8972-ab89-4b43-b46b-f9e086f8941b","local_time":"20210116152059","is_ascension_mode":true,"campfire_choices":[{"data":"Coolheaded","floor":8.0,"key":"SMITH"},{"data":"Zap","floor":10.0,"key":"SMITH"},{"floor":12,"key":"REST"},{"data":"Defragment","floor":15,"key":"SMITH"},{"data":"Dualcast","floor":23,"key":"SMITH"},{"data":"Darkness","floor":25,"key":"SMITH"},{"floor":32,"key":"REST"}],"circlet_count":0,"master_deck":["AscendersBane","Defend_B","Defend_B","Defend_B","Zap+1","Dualcast+1","Doom and Gloom","Coolheaded+1","Defragment+1","Electrodynamics","White Noise+1","Rebound+1","Darkness+1","Heatsinks","Compile Driver"],"relics":["Cracked Core","NeowsBlessing","Cables","Golden Idol","Singing Bowl","Question Card","DataDisk","Centennial Puzzle","Astrolabe","Runic Capacitor","Vajra","Red Mask"],"acts_visited":["Exordium","TheCity"],"potions_floor_usage":[30,33],"damage_taken":[{"damage":0.0,"enemies":"Jaw Worm","floor":1.0,"turns":1.0},{"damage":0.0,"enemies":"Small Slimes","floor":4.0,"turns":1.0},{"damage":0.0,"enemies":"Gremlin Nob","floor":6.0,"turns":1.0},{"damage":11.0,"enemies":"Cultist","floor":7.0,"turns":4.0},{"damage":15,"enemies":"3 Sentries","floor":14,"turns":5},{"damage":20,"enemies":"Hexaghost","floor":16,"turns":7},{"damage":6,"enemies":"Spheric Guardian","floor":18,"turns":3},{"damage":12,"enemies":"3 Byrds","floor":24,"turns":2},{"damage":19,"enemies":"Snake Plant","floor":27,"turns":3},{"damage":8,"enemies":"Snecko","floor":28,"turns":4},{"damage":7,"enemies":"Masked Bandits","floor":30,"turns":2},{"damage":56,"enemies":"Automaton","floor":33,"turns":6}],"seed_played":"-3291870859683046820","potions_obtained":[{"floor":4.0,"key":"BlessingOfTheForge"},{"floor":16,"key":"SneckoOil"},{"floor":18,"key":"Energy Potion"}],"is_trial":false,"path_per_floor":["M","?","?","M","?","E","M","R","T","R","$","R","?","E","R","B",null,"M","$","?","?","?","R","M","R","T","M","M","T","?","$","R","B"],"character_chosen":"DEFECT","items_purchased":["DataDisk","Runic Capacitor","Compile Driver"],"campfire_rested":2,"item_purchase_floors":[11,19,31],"current_hp_per_floor":[64,59,35,35,35,35,26,26,26,26,26,47,71,56,56,36,64,60,60,60,60,60,60,48,48,48,29,23,23,18,18,41,0,0],"gold":9,"neow_bonus":"THREE_ENEMY_KILL","is_daily":false,"chose_seed":false,"campfire_upgraded":5,"win_rate":0.0,"timestamp":1610778059,"path_taken":["M","?","?","M","?","E","?","R","T","R","$","R","?","E","R","BOSS","M","$","?","?","?","R","M","R","T","M","?","?","?","$","R","BOSS"],"items_purchased_type":["Relic","Relic","Card"],"build_version":"2020-12-22","purchased_purges":1,"victory":false,"max_hp_per_floor":[71,71,71,71,71,71,73,73,73,73,73,73,73,73,73,73,73,75,75,75,75,75,75,75,75,75,75,77,77,79,79,79,79,79],"card_choices":[{"not_picked":["Rebound","Beam Cell","Stack"],"picked":"SKIP","floor":1.0},{"not_picked":["Streamline","Compile Driver"],"picked":"Doom and Gloom","floor":4.0},{"not_picked":["Compile Driver","Consume"],"picked":"Coolheaded","floor":6.0},{"not_picked":["Gash","Rebound","Compile Driver"],"picked":"Singing Bowl","floor":7.0},{"not_picked":["Fission","Go for the Eyes","Darkness"],"picked":"Defragment","floor":14},{"not_picked":["Machine Learning","Thunder Strike","Fission"],"picked":"Electrodynamics","floor":16},{"not_picked":["Rebound","Leap","Genetic Algorithm","Gash"],"picked":"Singing Bowl","floor":18},{"not_picked":["Sweeping Beam","Hologram+1","Streamline"],"picked":"Darkness","floor":24},{"not_picked":["Ball Lightning","Rebound","Turbo"],"picked":"Heatsinks","floor":27},{"not_picked":["Darkness+1","Capacitor","BootSequence","Sweeping Beam"],"picked":"Singing Bowl","floor":28},{"not_picked":["Loop","Chill","Hologram","Rebound"],"picked":"Singing Bowl","floor":30}],"player_experience":1077512,"relics_obtained":[{"floor":6.0,"key":"Singing Bowl"},{"floor":9.0,"key":"Question Card"},{"floor":14,"key":"Centennial Puzzle"},{"floor":26,"key":"Vajra"},{"floor":30,"key":"Red Mask"}],"event_choices":[{"damage_healed":0.0,"max_hp_gain":0.0,"max_hp_loss":0.0,"gold_gain":0.0,"event_name":"Scrap Ooze","player_choice":"Success","floor":2.0,"gold_loss":0.0,"damage_taken":5.0,"relics_obtained":["Cables"]},{"damage_healed":0.0,"max_hp_gain":0.0,"max_hp_loss":0.0,"gold_gain":0.0,"event_name":"Golden Idol","player_choice":"Take Damage","floor":3.0,"gold_loss":0.0,"damage_taken":24.0,"relics_obtained":["Golden Idol"]},{"cards_removed":["Strike_B"],"damage_healed":0.0,"max_hp_gain":0.0,"max_hp_loss":0.0,"gold_gain":0.0,"event_name":"Purifier","player_choice":"Purged","floor":5.0,"gold_loss":0.0,"damage_taken":0.0},{"damage_healed":24,"gold_gain":0,"player_choice":"Banana","damage_taken":0,"max_hp_gain":0,"max_hp_loss":0,"event_name":"Big Fish","floor":13,"gold_loss":0},{"damage_healed":0,"gold_gain":0,"player_choice":"Ignored","damage_taken":0,"max_hp_gain":0,"max_hp_loss":0,"event_name":"Cursed Tome","floor":20,"gold_loss":0},{"cards_removed":["Strike_B"],"damage_healed":0,"gold_gain":0,"player_choice":"Card Removal","damage_taken":0,"max_hp_gain":0,"max_hp_loss":0,"event_name":"Wheel of Change","floor":22,"gold_loss":0},{"damage_healed":0,"gold_gain":0,"player_choice":"Fought Bandits","damage_taken":0,"max_hp_gain":0,"max_hp_loss":0,"event_name":"Masked Bandits","floor":30,"gold_loss":0}],"is_beta":false,"boss_relics":[{"not_picked":["Sozu","Calling Bell"],"picked":"Astrolabe"}],"items_purged_floors":[31],"is_endless":false,"potions_floor_spawned":[4,16,18],"killed_by":"Automaton","ascension_level":20}}