{"host":"1c17lcvl7acx821p","time":1610837145,"event":{"mods":["AchievementEnabler","BaseMod","Colored Map","Minty Spire (QoL Compilation)","StSLib"],"gold_per_floor":[15,26,26,45,45,77,77,90,136,169,169,199,215,215,215],"floor_reached":14,"language":"ENG","playtime":578,"items_purged":[],"score":132,"play_id":"b12782e3-ba85-46fc-b574-efcc268ff19a","local_time":"20210117004545","is_ascension_mode":true,"campfire_choices":[{"floor":7.0,"key":"REST"},{"floor":11.0,"key":"REST"}],"circlet_count":0,"master_deck":["Strike_G","Strike_G","Strike_G","Strike_G","Defend_G","Defend_G","Defend_G","Defend_G","Defend_G","Survivor","Neutralize","Backflip","Deflect","Reflex","Skewer","Noxious Fumes","Tactician","Adrenaline","Dagger Throw","Reflex","Noxious Fumes+1","Sucker Punch"],"relics":["Ring of the Snake","Prayer Wheel","Frozen Egg 2","Anchor","Snake Skull","StrikeDummy","Orichalcum"],"acts_visited":["Exordium"],"potions_floor_usage":[],"damage_taken":[{"damage":1.0,"enemies":"Cultist","floor":1.0,"turns":4.0},{"damage":1.0,"enemies":"2 Louse","floor":2.0,"turns":3.0},{"damage":0.0,"enemies":"Small Slimes","floor":4.0,"turns":3.0},{"damage":23.0,"enemies":"3 Sentries","floor":6.0,"turns":8.0},{"damage":6.0,"enemies":"Exordium Thugs","floor":8.0,"turns":5.0},{"damage":41.0,"enemies":"Gremlin Nob","floor":10.0,"turns":5.0},{"damage":20.0,"enemies":"3 Sentries","floor":12.0,"turns":8.0},{"damage":0.0,"enemies":"Blue Slaver","floor":13.0,"turns":3.0},{"damage":10,"enemies":"Gremlin Nob","floor":14,"turns":2}],"seed_played":"116281193376026266","potions_obtained":[{"floor":1.0,"key":"SneckoOil"},{"floor":6.0,"key":"GamblersBrew"},{"floor":8.0,"key":"SneckoOil"},{"floor":10.0,"key":"Ancient Potion"},{"floor":12.0,"key":"Weak Potion"}],"is_trial":false,"path_per_floor":["M","M","?","M","?","E","R","M","T","E","R","E","M","E"],"character_chosen":"THE_SILENT","items_purchased":[],"campfire_rested":2,"item_purchase_floors":[],"current_hp_per_floor":[69,68,61,61,54,31,52,46,46,5,26,6,6,0,0],"gold":215,"neow_bonus":"ONE_RARE_RELIC","is_daily":false,"chose_seed":false,"campfire_upgraded":0,"win_rate":0.0,"timestamp":1610837145,"path_taken":["M","?","?","M","?","E","R","?","T","E","R","E","M","E"],"items_purchased_type":[],"build_version":"2020-12-22","purchased_purges":0,"victory":false,"max_hp_per_floor":[70,70,70,70,70,70,70,70,70,70,70,70,70,70,70],"card_choices":[{"not_picked":["Outmaneuver","Eviscerate"],"picked":"Backflip","floor":1.0},{"not_picked":["Choke","Dodge and Roll"],"picked":"Deflect","floor":1.0},{"not_picked":["Dagger Throw","Poisoned Stab"],"picked":"Reflex","floor":2.0},{"not_picked":["Distraction","Flying Knee"],"picked":"Skewer","floor":2.0},{"not_picked":["Backflip","Poisoned Stab"],"picked":"Noxious Fumes","floor":4.0},{"not_picked":["Underhanded Strike","Predator"],"picked":"Tactician","floor":4.0},{"not_picked":["Bane","Backflip"],"picked":"Adrenaline","floor":6.0},{"not_picked":["Dagger Spray","Quick Slash"],"picked":"Dagger Throw","floor":8.0},{"not_picked":["Heel Hook","Blade Dance","Sucker Punch"],"picked":"SKIP","floor":8.0},{"not_picked":["Distraction","Burst"],"picked":"Reflex","floor":10.0},{"not_picked":["Tactician","Finisher","Bullet Time"],"picked":"SKIP","floor":12.0},{"not_picked":["Acrobatics","Bane"],"picked":"Noxious Fumes+1","floor":13.0},{"not_picked":["Bane","Deadly Poison"],"picked":"Sucker Punch","floor":13.0}],"player_experience":101174,"relics_obtained":[{"floor":6.0,"key":"Anchor"},{"floor":9.0,"key":"Snake Skull"},{"floor":10.0,"key":"StrikeDummy"},{"floor":12.0,"key":"Orichalcum"}],"event_choices":[{"cards_removed":["Strike_G"],"damage_healed":0.0,"max_hp_gain":0.0,"max_hp_loss":0.0,"gold_gain":0.0,"event_name":"Golden Wing","player_choice":"Card Removal","floor":3.0,"gold_loss":0.0,"damage_taken":7.0},{"damage_healed":0.0,"max_hp_gain":0.0,"max_hp_loss":0.0,"gold_gain":0.0,"event_name":"Scrap Ooze","player_choice":"Success","floor":5.0,"gold_loss":0.0,"damage_taken":7.0,"relics_obtained":["Frozen Egg 2"]}],"is_beta":false,"boss_relics":[],"items_purged_floors":[],"is_endless":false,"potions_floor_spawned":[1,6,8,10,12],"killed_by":"Gremlin Nob","ascension_level":4}}