{"host":"vyjryxuuuxkt43k4","time":1610781293,"event":{"mods":["AchievementEnabler","BaseMod","Colored Map","DeckTracker","Minty Spire (QoL Compilation)","Permanent Neow","Quick Restart","StSLib","SuperFastMode","everything is the same but u backflip on backflip"],"gold_per_floor":[114,114,114,131,141,169,169,179,224,224,236,236,266,281,281,377,377,397,412,327,344,25,25,25,25,25,25,45,76,76,103,103,207,207,225,243,243,243,261,288,288,315,342,370,127,146,162,187,187,187,187,187,106,138,138],"floor_reached":56,"language":"KOR","playtime":3114,"items_purged":["Defend_G","Venomology+1"],"score":1579,"play_id":"f661aba1-1be5-4909-a863-804e090a0127","local_time":"20210116161453","is_ascension_mode":true,"campfire_choices":[{"data":"Crippling Poison","floor":7.0,"key":"SMITH"},{"floor":10.0,"key":"REST"},{"data":"Neutralize","floor":12.0,"key":"SMITH"},{"data":"Adrenaline","floor":15.0,"key":"SMITH"},{"floor":23.0,"key":"REST"},{"data":"Tactician","floor":25.0,"key":"SMITH"},{"data":"Noxious Fumes","floor":27.0,"key":"SMITH"},{"data":"Dodge and Roll","floor":32.0,"key":"SMITH"},{"floor":41.0,"key":"REST"},{"floor":49.0,"key":"RECALL"},{"data":"Well Laid Plans","floor":52.0,"key":"SMITH"}],"circlet_count":0,"master_deck":["Strike_G","Strike_G","Strike_G","Defend_G","Defend_G","Defend_G","Defend_G","Survivor","Neutralize+1","Tactician+1","Blade Dance","Flying Knee","Crippling Poison+1","Noxious Fumes+1","Dodge and Roll+1","Adrenaline+1","Escape Plan","Corpse Explosion","Backflip","Deadly Poison+1","Well Laid Plans+1","Ghostly+1","Ghostly+1","Ghostly+1","Ghostly+1","Ghostly+1","Catalyst+1","Adrenaline+1","Bouncing Flask+1","Calculated Gamble+1","Blind+1","Catalyst+1","Reflex+1","Leg Sweep+1","Outmaneuver+1","PiercingWail+1","Prepared+1","Crippling Poison+1","Caltrops"],"relics":["Ring of the Snake","Snake Skull","Sundial","Bag of Preparation","Omamori","Calling Bell","Dream Catcher","Blue Candle","Unceasing Top","Bronze Scales","Toxic Egg 2","Question Card","Darkstone Periapt","Dead Branch","Sozu","Strawberry","Happy Flower","Mango","Strange Spoon","PreservedInsect","Pen Nib"],"acts_visited":["Exordium","TheCity","TheBeyond","TheEnding"],"potions_floor_usage":[],"damage_taken":[{"damage":0.0,"enemies":"Cultist","floor":1.0,"turns":6.0},{"damage":5.0,"enemies":"Jaw Worm","floor":4.0,"turns":6.0},{"damage":2.0,"enemies":"Small Slimes","floor":5.0,"turns":4.0},{"damage":32.0,"enemies":"Gremlin Nob","floor":6.0,"turns":4.0},{"damage":3.0,"enemies":"3 Louse","floor":8.0,"turns":4.0},{"damage":0.0,"enemies":"2 Fungi Beasts","floor":11.0,"turns":3.0},{"damage":25.0,"enemies":"3 Sentries","floor":13.0,"turns":6.0},{"damage":0.0,"enemies":"Gremlin Gang","floor":14.0,"turns":2.0},{"damage":18.0,"enemies":"Hexaghost","floor":16.0,"turns":11.0},{"damage":14.0,"enemies":"Chosen","floor":18.0,"turns":5.0},{"damage":27.0,"enemies":"Spheric Guardian","floor":19.0,"turns":6.0},{"damage":3.0,"enemies":"Centurion and Healer","floor":21.0,"turns":5.0},{"damage":1.0,"enemies":"Snecko","floor":28.0,"turns":5.0},{"damage":6.0,"enemies":"Slavers","floor":29.0,"turns":5.0},{"damage":6.0,"enemies":"Gremlin Leader","floor":31.0,"turns":5.0},{"damage":9.0,"enemies":"Automaton","floor":33.0,"turns":8.0},{"damage":4.0,"enemies":"3 Darklings","floor":35.0,"turns":3.0},{"damage":2.0,"enemies":"Orb Walker","floor":36.0,"turns":3.0},{"damage":3.0,"enemies":"Writhing Mass","floor":39.0,"turns":3.0},{"damage":12.0,"enemies":"Reptomancer","floor":40.0,"turns":4.0},{"damage":1.0,"enemies":"Giant Head","floor":42.0,"turns":7.0},{"damage":0.0,"enemies":"Reptomancer","floor":44.0,"turns":4.0},{"damage":0.0,"enemies":"Sphere and 2 Shapes","floor":46.0,"turns":5.0},{"damage":0.0,"enemies":"Transient","floor":47.0,"turns":5.0},{"damage":3.0,"enemies":"Nemesis","floor":48.0,"turns":5.0},{"damage":0.0,"enemies":"Time Eater","floor":50.0,"turns":6.0},{"damage":4,"enemies":"Shield and Spear","floor":54,"turns":5},{"damage":36,"enemies":"The Heart","floor":55,"turns":7}],"seed_played":"7977732831211556114","potions_obtained":[{"floor":5.0,"key":"Poison Potion"},{"floor":8.0,"key":"Energy Potion"},{"floor":11.0,"key":"Weak Potion"},{"floor":18.0,"key":"SkillPotion"},{"floor":21.0,"key":"Poison Potion"},{"floor":29.0,"key":"Dexterity Potion"}],"is_trial":false,"path_per_floor":["M","?","?","M","M","E","R","M","T","R","M","R","E","M","R","B",null,"M","M","?","M","$","R","?","R","T","R","M","E","?","E","R","B",null,"M","M","?","?","M","E","R","E","T","E","$","M","M","E","R","B",null,"R","$","E","B",null],"character_chosen":"THE_SILENT","items_purchased":["Toxic Egg 2","Strange Spoon","Caltrops"],"campfire_rested":3,"item_purchase_floors":[22,45,53],"current_hp_per_floor":[70,75,68,63,61,29,29,26,26,48,48,48,23,23,23,5,75,61,34,34,31,31,53,37,37,37,37,36,30,30,24,24,15,37,33,31,31,31,28,23,36,35,35,49,49,49,49,46,46,46,58,58,58,54,18],"gold":138,"neow_bonus":"RANDOM_COMMON_RELIC","is_daily":false,"chose_seed":false,"campfire_upgraded":7,"win_rate":0.0,"timestamp":1610781293,"path_taken":["M","?","?","M","M","E","R","M","T","R","M","R","E","M","R","BOSS","M","M","?","M","$","R","?","R","T","R","M","E","?","E","R","BOSS","M","M","?","?","M","E","R","E","T","E","$","M","?","E","R","BOSS","R","$","E","BOSS"],"items_purchased_type":["Relic","Relic","Card"],"build_version":"2020-12-22","purchased_purges":2,"victory":true,"max_hp_per_floor":[70,75,75,75,75,75,75,75,75,75,75,75,75,75,75,75,75,75,75,75,75,75,75,37,37,37,37,37,37,37,37,37,37,37,37,37,37,37,37,44,44,44,44,58,58,58,58,58,58,58,58,58,58,58,58],"card_choices":[{"not_picked":["Underhanded Strike","PiercingWail"],"picked":"Tactician","floor":1.0},{"not_picked":["Choke","Reflex"],"picked":"Blade Dance","floor":4.0},{"not_picked":["Distraction","PiercingWail"],"picked":"Flying Knee","floor":5.0},{"not_picked":["Unload","Dodge and Roll"],"picked":"Crippling Poison","floor":6.0},{"not_picked":["Dagger Spray","Prepared"],"picked":"Noxious Fumes","floor":8.0},{"not_picked":["Choke","Prepared"],"picked":"Dodge and Roll","floor":11.0},{"not_picked":["Quick Slash","Escape Plan"],"picked":"Adrenaline","floor":13.0},{"not_picked":["Calculated Gamble","Caltrops"],"picked":"Escape Plan","floor":14.0},{"not_picked":["Burst","Envenom"],"picked":"Corpse Explosion","floor":16.0},{"not_picked":["Escape Plan","Blade Dance","Expertise"],"picked":"SKIP","floor":18.0},{"not_picked":["Slice","Deflect"],"picked":"Backflip","floor":19.0},{"not_picked":["Riddle With Holes","Slice"],"picked":"Deadly Poison+1","floor":21.0},{"not_picked":["Flying Knee","Slice"],"picked":"Well Laid Plans","floor":23.0},{"not_picked":["Cloak And Dagger+1","Backflip+1","Riddle With Holes","Underhanded Strike"],"picked":"SKIP","floor":28.0},{"not_picked":["Crippling Poison+1","Backflip+1","Poisoned Stab"],"picked":"Catalyst+1","floor":29.0},{"not_picked":["Infinite Blades+1","Dodge and Roll+1","Backflip+1"],"picked":"Venomology+1","floor":31.0},{"not_picked":["Corpse Explosion+1","Doppelganger+1","A Thousand Cuts"],"picked":"Adrenaline+1","floor":33.0},{"not_picked":["Terror+1","Quick Slash+1","Poisoned Stab+1"],"picked":"Bouncing Flask+1","floor":35.0},{"not_picked":["Dagger Throw","Poisoned Stab+1","Quick Slash+1"],"picked":"Calculated Gamble+1","floor":36.0},{"not_picked":["The Bomb+1","Chrysalis+1","Dramatic Entrance"],"picked":"Blind+1","floor":37.0},{"not_picked":["Deadly Poison+1","Underhanded Strike+1","Sucker Punch+1"],"picked":"Catalyst+1","floor":39.0},{"not_picked":["Dodge and Roll+1","Quick Slash","Calculated Gamble+1"],"picked":"Reflex+1","floor":40.0},{"not_picked":["Dagger Throw+1","Concentrate+1","Sucker Punch+1"],"picked":"Leg Sweep+1","floor":41.0},{"not_picked":["Escape Plan+1","Bane","Quick Slash+1"],"picked":"Outmaneuver+1","floor":42.0},{"not_picked":["Deadly Poison+1","Outmaneuver+1","Noxious Fumes"],"picked":"PiercingWail+1","floor":44.0},{"not_picked":["Outmaneuver+1","Bane","Deflect+1"],"picked":"Prepared+1","floor":46.0},{"not_picked":["Deadly Poison+1","Blade Dance+1","Quick Slash+1","Deflect+1"],"picked":"SKIP","floor":47.0},{"not_picked":["Dodge and Roll+1","Envenom","Caltrops+1"],"picked":"Crippling Poison+1","floor":48.0},{"not_picked":["Blade Dance+1","Skewer","Noxious Fumes","Dodge and Roll+1"],"picked":"SKIP","floor":54}],"player_experience":362772,"relics_obtained":[{"floor":6.0,"key":"Sundial"},{"floor":9.0,"key":"Bag of Preparation"},{"floor":13.0,"key":"Omamori"},{"floor":17.0,"key":"Dream Catcher"},{"floor":17.0,"key":"Blue Candle"},{"floor":17.0,"key":"Unceasing Top"},{"floor":26.0,"key":"Question Card"},{"floor":29.0,"key":"Darkstone Periapt"},{"floor":31.0,"key":"Dead Branch"},{"floor":40.0,"key":"Strawberry"},{"floor":42.0,"key":"Happy Flower"},{"floor":44.0,"key":"Mango"},{"floor":48.0,"key":"PreservedInsect"},{"floor":54,"key":"Pen Nib"}],"event_choices":[{"damage_healed":0.0,"max_hp_gain":5.0,"max_hp_loss":0.0,"gold_gain":0.0,"event_name":"Big Fish","player_choice":"Donut","floor":2.0,"gold_loss":0.0,"damage_taken":0.0},{"cards_removed":["Strike_G"],"damage_healed":0.0,"max_hp_gain":0.0,"max_hp_loss":0.0,"gold_gain":0.0,"event_name":"Golden Wing","player_choice":"Card Removal","floor":3.0,"gold_loss":0.0,"damage_taken":7.0},{"damage_healed":0.0,"max_hp_gain":0.0,"max_hp_loss":0.0,"gold_gain":0.0,"event_name":"Addict","player_choice":"Obtained Relic","floor":20.0,"gold_loss":85.0,"damage_taken":0.0,"relics_obtained":["Bronze Scales"]},{"damage_healed":0.0,"max_hp_gain":0.0,"max_hp_loss":38.0,"gold_gain":0.0,"event_name":"Ghosts","player_choice":"Became a Ghost","floor":24.0,"gold_loss":0.0,"damage_taken":0.0,"cards_obtained":["Ghostly","Ghostly","Ghostly","Ghostly","Ghostly"]},{"cards_removed":["Strike_G"],"damage_healed":0.0,"max_hp_gain":0.0,"max_hp_loss":0.0,"gold_gain":0.0,"event_name":"Back to Basics","player_choice":"Elegance","floor":30.0,"gold_loss":0.0,"damage_taken":0.0},{"damage_healed":0.0,"max_hp_gain":0.0,"max_hp_loss":0.0,"gold_gain":0.0,"event_name":"SensoryStone","player_choice":"Memory 1","floor":37.0,"gold_loss":0.0,"damage_taken":0.0},{"damage_healed":0.0,"max_hp_gain":0.0,"max_hp_loss":0.0,"gold_gain":0.0,"event_name":"The Woman in Blue","player_choice":"Bought 0 Potions","floor":38.0,"gold_loss":0.0,"damage_taken":0.0}],"is_beta":false,"boss_relics":[{"not_picked":["Tiny House","Snecko Eye"],"picked":"Calling Bell"},{"not_picked":["Philosopher\u0027s Stone","HoveringKite"],"picked":"Sozu"}],"items_purged_floors":[22,45],"is_endless":false,"potions_floor_spawned":[5,8,11,18,21,29,39,44,46],"ascension_level":3}}