{"host":"yl36o65drctrf4ph","time":1610801151,"event":{"mods":["BaseMod","BetterRewards","Good Game Mod","Minty Spire (QoL Compilation)","Practice Mode","Remove Card Discount Mod","Shop Mod","Thieving Mod","Treasure Hunter","noobMod"],"gold_per_floor":[112,129,93,109,125,125,135,135,212,228,228,249,265,293,293,399,399,418,434,533,548,142,142,156,156,156,192,212,212,249,270,270,377,377,396,146,192,207,49,104,104,154,163,16,16,74,74,92,92,97],"floor_reached":51,"language":"ENG","playtime":3452,"items_purged":["Strike_B","Defend_B","Streamline"],"score":1020,"play_id":"932441da-474a-41b6-80e0-29660e8e432b","local_time":"20210116204551","is_ascension_mode":true,"campfire_choices":[{"data":"Storm","floor":6.0,"key":"SMITH"},{"data":"Cold Snap","floor":8.0,"key":"SMITH"},{"floor":11.0,"key":"REST"},{"floor":15,"key":"REST"},{"data":"Creative AI","floor":23,"key":"SMITH"},{"data":"Doom and Gloom","floor":25,"key":"SMITH"},{"data":"FTL","floor":32,"key":"SMITH"},{"data":"Self Repair","floor":41,"key":"SMITH"},{"data":"Heatsinks","floor":45,"key":"SMITH"},{"data":"Redo","floor":47,"key":"SMITH"},{"data":"Brilliance","floor":49,"key":"SMITH"}],"circlet_count":0,"master_deck":["Strike_B","Strike_B","Strike_B","Defend_B","Defend_B","Dualcast","Brilliance+1","Loop","Cold Snap+1","Loop","Double Energy","TH:CopperCoins+1","All For One","Gash","FTL+1","TH:PixieDust+1","Conserve Battery","TH:DeckOfManyThings+1","Creative AI+1","Glacier","Doom and Gloom+1","Turbo","Self Repair+1","Go for the Eyes+1","TH:BikiniMail+1","TH:DeckOfManyThings+1","Cold Snap","TH:ArmorSpikes+1","Heatsinks+1","TH:ElvenBoots+1","Machine Learning","Leap+1","Biased Cognition+1","Rip and Tear+1","Tempest+1","Chill","Redo+1","Electrodynamics+1","TH:DeckOfManyThings+1","Consume+1","TH:BikiniMail+1","Beam Cell+1","TH:BikiniMail+1","TH:BikiniMail+1","Blizzard+1"],"relics":["FrozenCore","REME:ComplimentaryCards","ice","Pantograph","TH:Anvil","Incense Burner","ClockworkSouvenir","Blood Vial","Eternal Feather","Vajra","Happy Flower","Astrolabe","Frozen Egg 2","Calipers","CeramicFish","Kunai","Lantern","PreservedInsect","StrikeDummy"],"acts_visited":["Exordium","TheCity","TheBeyond"],"potions_floor_usage":[14],"damage_taken":[{"damage":0.0,"enemies":"Cultist","floor":1.0,"turns":2.0},{"damage":1.0,"enemies":"Jaw Worm","floor":2.0,"turns":3.0},{"damage":0.0,"enemies":"2 Louse","floor":4.0,"turns":2.0},{"damage":45.0,"enemies":"Exordium Thugs","floor":5.0,"turns":5.0},{"damage":16.0,"enemies":"Exordium Wildlife","floor":7.0,"turns":4.0},{"damage":12.0,"enemies":"2 Fungi Beasts","floor":10.0,"turns":3.0},{"damage":4.0,"enemies":"Large Slime","floor":12.0,"turns":5.0},{"damage":17.0,"enemies":"Blue Slaver","floor":13.0,"turns":3.0},{"damage":1,"enemies":"Gremlin Nob","floor":14,"turns":3},{"damage":49,"enemies":"Hexaghost","floor":16,"turns":10},{"damage":23,"enemies":"Spheric Guardian","floor":18,"turns":5},{"damage":5,"enemies":"Chosen","floor":19,"turns":6},{"damage":45,"enemies":"Snake Plant","floor":21,"turns":7},{"damage":0,"enemies":"Chosen and Byrds","floor":24,"turns":4},{"damage":0,"enemies":"Gremlin Leader","floor":27,"turns":5},{"damage":8,"enemies":"Centurion and Healer","floor":28,"turns":4},{"damage":0,"enemies":"Book of Stabbing","floor":30,"turns":3},{"damage":0,"enemies":"Sentry and Sphere","floor":31,"turns":4},{"damage":39,"enemies":"Collector","floor":33,"turns":5},{"damage":5,"enemies":"3 Shapes","floor":35,"turns":5},{"damage":15,"enemies":"2 Orb Walkers","floor":37,"turns":4},{"damage":0,"enemies":"Orb Walker","floor":38,"turns":3},{"damage":0,"enemies":"Giant Head","floor":40,"turns":8},{"damage":38,"enemies":"Nemesis","floor":42,"turns":3},{"damage":1,"enemies":"Giant Head","floor":46,"turns":39},{"damage":31,"enemies":"3 Darklings","floor":48,"turns":4},{"damage":55,"enemies":"Donu and Deca","floor":50,"turns":7}],"seed_played":"1281666320751880524","potions_obtained":[{"floor":1.0,"key":"PowerPotion"},{"floor":12.0,"key":"ColorlessPotion"},{"floor":16,"key":"Ancient Potion"},{"floor":21,"key":"Energy Potion"},{"floor":27,"key":"SmokeBomb"},{"floor":46,"key":"Swift Potion"}],"is_trial":false,"path_per_floor":["M","M","$","M","M","R","M","R","T","M","R","M","M","E","R","B",null,"M","M","?","M","$","R","M","R","T","E","M","?","E","M","R","B",null,"M","$","?","M","$","E","R","E","T","$","R","E","R","M","R","B",null],"character_chosen":"DEFECT","items_purchased":["Storm","Self Repair","ClockworkSouvenir","Blood Vial","BlessingOfTheForge","Frozen Egg 2","Electrodynamics+1","PreservedInsect"],"campfire_rested":2,"item_purchase_floors":[3,22,22,22,22,36,39,44],"current_hp_per_floor":[75,74,74,74,29,29,13,13,13,1,23,19,2,1,23,71,76,53,48,48,96,96,96,103,103,103,103,95,74,76,85,103,84,121,123,123,110,119,119,128,143,105,105,105,129,140,167,138,165,143],"gold":97,"neow_bonus":"","is_daily":false,"chose_seed":false,"campfire_upgraded":9,"win_rate":0.0,"timestamp":1610801151,"path_taken":["M","M","$","M","M","R","M","R","T","M","R","M","M","E","R","BOSS","M","M","?","M","$","R","M","R","T","E","M","?","E","M","R","BOSS","M","$","?","M","?","E","R","E","T","$","R","E","R","M","R","BOSS"],"items_purchased_type":["Card","Card","Relic","Relic","Potion","Relic","Card","Relic"],"build_version":"2020-12-22","purchased_purges":3,"victory":true,"max_hp_per_floor":[75,75,75,75,75,75,75,75,75,75,75,75,75,75,75,76,76,80,85,85,96,96,96,103,103,103,103,105,110,113,116,116,121,121,130,130,135,137,137,143,143,144,144,144,144,180,180,188,188,200],"card_choices":[{"not_picked":["Reinforced Body","Turbo"],"picked":"Streamline","floor":1.0},{"not_picked":["Stack","Beam Cell"],"picked":"Loop","floor":2.0},{"not_picked":["Redo","Hologram"],"picked":"Cold Snap","floor":4.0},{"not_picked":["Hello World","Stack"],"picked":"Loop","floor":5.0},{"not_picked":["Storm","Beam Cell"],"picked":"Double Energy","floor":7.0},{"not_picked":["TH:EnergyPotion"],"picked":"TH:CopperCoins","floor":9.0},{"not_picked":["Turbo","Steam"],"picked":"All For One","floor":10.0},{"not_picked":["Reprogram","Rebound"],"picked":"Gash","floor":12.0},{"not_picked":["Beam Cell","Streamline"],"picked":"FTL","floor":13.0},{"not_picked":["TH:EnergyPotion"],"picked":"TH:PixieDust","floor":14},{"not_picked":["Ball Lightning","Barrage"],"picked":"Conserve Battery","floor":14},{"not_picked":["TH:Mimic"],"picked":"TH:DeckOfManyThings","floor":16},{"not_picked":["Rainbow","Meteor Strike"],"picked":"Creative AI","floor":16},{"not_picked":["Redo","Compile Driver"],"picked":"Glacier","floor":18},{"not_picked":["Steam Power","Conserve Battery"],"picked":"Doom and Gloom","floor":19},{"not_picked":["Redo","Compile Driver"],"picked":"Turbo","floor":21},{"not_picked":["Hello World","Compile Driver"],"picked":"Go for the Eyes+1","floor":24},{"not_picked":["TH:EnergyPotion"],"picked":"TH:BikiniMail","floor":26},{"not_picked":["TH:Mimic"],"picked":"TH:DeckOfManyThings","floor":27},{"not_picked":["Hologram","Compile Driver"],"picked":"Cold Snap","floor":27},{"not_picked":["Streamline","Barrage+1","Stack"],"picked":"SKIP","floor":28},{"not_picked":["TH:DeckOfManyThings"],"picked":"TH:ArmorSpikes","floor":30},{"not_picked":["Barrage","Hello World"],"picked":"Heatsinks","floor":30},{"not_picked":["Streamline","Stack","Steam"],"picked":"SKIP","floor":31},{"not_picked":["TH:DeckOfManyThings"],"picked":"TH:ElvenBoots","floor":33},{"not_picked":["Buffer","Fission"],"picked":"Machine Learning","floor":33},{"not_picked":["Leap+1","Beam Cell+1"],"picked":"Tempest+1","floor":35},{"not_picked":["Stack+1","Cold Snap"],"picked":"Chill","floor":37},{"not_picked":["Double Energy+1","Chaos"],"picked":"Redo","floor":38},{"not_picked":["TH:Mimic"],"picked":"TH:DeckOfManyThings","floor":40},{"not_picked":["Sweeping Beam","Streamline"],"picked":"Consume+1","floor":40},{"not_picked":["TH:PixieDust"],"picked":"TH:BikiniMail","floor":42},{"not_picked":["Force Field+1","Fission"],"picked":"Beam Cell+1","floor":42},{"not_picked":["TH:EnergyPotion"],"picked":"TH:BikiniMail","floor":43},{"not_picked":["TH:ElvenBoots"],"picked":"TH:BikiniMail","floor":46},{"not_picked":["Double Energy","Compile Driver+1"],"picked":"Blizzard+1","floor":46},{"not_picked":["Streamline","Stack+1","Sweeping Beam"],"picked":"SKIP","floor":48}],"player_experience":119178,"relics_obtained":[{"floor":9.0,"key":"TH:Anvil"},{"floor":14,"key":"Incense Burner"},{"floor":26,"key":"Eternal Feather"},{"floor":27,"key":"Vajra"},{"floor":30,"key":"Happy Flower"},{"floor":37,"key":"Calipers"},{"floor":40,"key":"CeramicFish"},{"floor":42,"key":"Kunai"},{"floor":43,"key":"Lantern"},{"floor":46,"key":"StrikeDummy"}],"event_choices":[{"damage_healed":0,"gold_gain":99,"player_choice":"Stole From Cult","damage_taken":0,"max_hp_gain":0,"max_hp_loss":0,"event_name":"Nest","floor":20,"gold_loss":0},{"damage_healed":0,"gold_gain":0,"player_choice":"Shed Blood","damage_taken":26,"max_hp_gain":5,"max_hp_loss":0,"event_name":"Forgotten Altar","floor":29,"gold_loss":0},{"damage_healed":0,"gold_gain":0,"player_choice":"Fight","damage_taken":0,"max_hp_gain":0,"max_hp_loss":0,"event_name":"Mysterious Sphere","floor":37,"gold_loss":0}],"is_beta":false,"boss_relics":[{"not_picked":["Cursed Key","Calling Bell"],"picked":"FrozenCore"},{"not_picked":["Pandora\u0027s Box","Snecko Eye"],"picked":"Astrolabe"}],"items_purged_floors":[22,22,22],"is_endless":false,"potions_floor_spawned":[1,12,16,21,27,28,30,31,46,48],"ascension_level":1}}