{"host":"irc1izoeqqttpzsx","time":1610771274,"event":{"mods":["2.2 Compatiblity","Aspiration","BaseMod","Better Note","BetterRewards","Colored Map","Colored Powertips","Conspire","DeckTracker","GifTheSpireLib","Highlight Path","Hubris","Mad Scientist","Mimic Mod","Minty Spire (QoL Compilation)","Rare Cards Sparkle","Relic Sorter","Replay The Spire","Shop Mod","Spikes Relics","StSLib","SuperFastMode","The Servant 0.9.4","Trackpad","Uncapped"],"gold_per_floor":[110,129,129,129,141,141,161,193,248,248,248],"floor_reached":10,"language":"ENG","playtime":386,"items_purged":[],"score":71,"play_id":"dc70ea5c-1de6-4344-a3bb-84a1d6969c96","local_time":"20210115232754","is_ascension_mode":true,"campfire_choices":[{"data":"Replay:DivineShield","floor":6,"key":"SMITH"}],"circlet_count":0,"master_deck":["Strike_P","Strike_P","Strike_P","Strike_P","Defend_P+1","Defend_P","Defend_P","Defend_P","Eruption","Vigilance+1","Ragnarok","Prostrate","Replay:DivineShield+1","Prostrate+1","Indignation+1","Replay:AllIn+1"],"relics":["PureWater","Toxic Egg 2","Strawberry","War Paint"],"acts_visited":["Exordium"],"potions_floor_usage":[8],"damage_taken":[{"damage":3,"enemies":"Jaw Worm","floor":1,"turns":4},{"damage":0,"enemies":"conspire:RoseBush","floor":2,"turns":5},{"damage":0,"enemies":"Small Slimes","floor":5,"turns":3},{"damage":6,"enemies":"Blue Slaver","floor":7,"turns":4},{"damage":26,"enemies":"Replay:BlueRogue","floor":8,"turns":6},{"damage":53,"enemies":"Lagavulin","floor":10,"turns":5}],"seed_played":"7339356326851642367","potions_obtained":[{"floor":2,"key":"SmokeBomb"},{"floor":7,"key":"BottledMiracle"}],"is_trial":false,"path_per_floor":["M","M","?","?","M","R","M","E","T","E"],"character_chosen":"WATCHER","items_purchased":[],"campfire_rested":0,"item_purchase_floors":[],"current_hp_per_floor":[62,62,62,55,55,55,49,30,30,0,0],"gold":248,"neow_bonus":"THREE_RARE_CARDS","is_daily":false,"chose_seed":false,"campfire_upgraded":1,"win_rate":0.0,"timestamp":1610771274,"path_taken":["M","M","?","?","M","R","M","E","T","E"],"items_purchased_type":[],"build_version":"2020-12-22","purchased_purges":0,"victory":false,"max_hp_per_floor":[65,65,65,65,65,65,65,72,72,72,72],"card_choices":[{"not_picked":["Blasphemy","DeusExMachina"],"picked":"Ragnarok","floor":0},{"not_picked":["EmptyFist","Adaptation"],"picked":"Prostrate","floor":1},{"not_picked":["FlurryOfBlows","BowlingBash"],"picked":"Replay:DivineShield","floor":2},{"not_picked":["FlurryOfBlows","ThirdEye+1"],"picked":"Prostrate+1","floor":5},{"not_picked":["Consecrate","LikeWater"],"picked":"Indignation+1","floor":7},{"not_picked":["CrushJoints","Replay:BluntJabs"],"picked":"Replay:AllIn+1","floor":8}],"player_experience":506152,"relics_obtained":[{"floor":8,"key":"Strawberry"},{"floor":9,"key":"War Paint"}],"event_choices":[{"cards_removed":["Injury"],"damage_healed":0,"gold_gain":0,"player_choice":"Card Removal","damage_taken":7,"max_hp_gain":0,"max_hp_loss":0,"event_name":"Golden Wing","floor":4,"gold_loss":0}],"is_beta":false,"boss_relics":[],"items_purged_floors":[],"is_endless":false,"potions_floor_spawned":[2,7],"killed_by":"Lagavulin","ascension_level":1}}