{"host":"vrsxkkch9ccrec7k","time":1610773109,"event":{"mods":["Act Like it!","BaseMod","Bestiary","Better Sensory Stone","Better Third Choice","Better Vampires","Downfall","Minty Spire (QoL Compilation)","Permanent Neow","Relic Stats","Spicy Shops","StSLib"],"gold_per_floor":[99,111,211,211,211,211,211,236,262,274,308,6,6,39,50,151,151,51,70,70,70,70,105,105,124,139,168,8,20,20,34,53,152,152,52,66,79,91,108,108,132,32,60,71,71,103,103,9,23,23,23,23],"floor_reached":50,"language":"ENG","playtime":5504,"items_purged":[],"score":738,"play_id":"d324a2da-73ea-495b-8dfd-7ef107737241","local_time":"20210115235829","is_ascension_mode":true,"campfire_choices":[{"data":"hexamod:Float","floor":1,"key":"SMITH"},{"data":"Swift Strike","floor":6,"key":"SMITH"},{"data":"hexamod:EmpoweredFlame","floor":13,"key":"SMITH"},{"data":"hexamod:ShieldOfDarkness","floor":18,"key":"SMITH"},{"data":"hexamod:ForkedFlame","floor":30,"key":"SMITH"},{"floor":35,"key":"RECALL"},{"data":"hexamod:FlameSwitch","floor":40,"key":"SMITH"},{"data":"hexamod:Defend","floor":42,"key":"SMITH"},{"floor":45,"key":"REST"}],"circlet_count":0,"master_deck":["hexamod:Strike+1","hexamod:Strike+1","hexamod:Defend+1","hexamod:Defend+1","hexamod:Defend+1","hexamod:Defend+1","hexamod:Sear+1","hexamod:Float+1","Swift Strike+1","hexamod:ThermalTransfer+1","hexamod:ShieldOfDarkness+1","hexamod:GhostflameBarrier+1","hexamod:ThirdSeal","hexamod:EmpoweredFlame+1","hexamod:SpectersWail+1","hexamod:Hexaguard+1","hexamod:SixthSeal","hexamod:GiftsFromTheDead+1","hexamod:TimeWarp+1","hexamod:GhostflameBarrier+1","hexamod:RetreatToShadows+1","hexamod:GhostLash+1","hexamod:FlameSwitch+1","hexamod:ForkedFlame+1","hexamod:GhostShield+1","hexamod:RetreatToShadows+1","hexamod:GhostShield+1","hexamod:Rewind+1","hexamod:ForkedFlame+1","hexamod:Hexaguard+1","hexamod:Hexaguard+1","hexamod:Haunt+1","hexamod:AdvancingGuard+1","hexamod:Again+1","hexamod:UnleashSpirits","hexamod:GhostOfSpireFuture+1","hexamod:WildfireWeapon+1","hexamod:EmpoweredFlame+1"],"relics":["hexamod:UnbrokenSoul","Sundial","Odd Mushroom","hexamod:SoulConsumer","Frozen Egg 2","Oddly Smooth Stone","hexamod:IceCube","downfall:HeartBlessingGreen","Bag of Preparation","Shuriken","Meat on the Bone","Anchor","downfall:HeartBlessingBlue","Vajra","downfall:HeartBlessingRed","Centennial Puzzle","Singing Bowl"],"acts_visited":["Exordium","TheCity","TheBeyond"],"potions_floor_usage":[11,15,16,25,28,29,43,43,44,44,50,50],"damage_taken":[{"damage":0,"enemies":"Small Slimes","floor":2,"turns":3},{"damage":7,"enemies":"The Mushroom Lair","floor":8,"turns":4},{"damage":0,"enemies":"Jaw Worm","floor":10,"turns":3},{"damage":3,"enemies":"Gremlin Nob","floor":11,"turns":5},{"damage":0,"enemies":"downfall:FleeingMerchant","floor":12,"turns":4},{"damage":30,"enemies":"Lagavulin","floor":14,"turns":10},{"damage":0,"enemies":"2 Louse","floor":15,"turns":2},{"damage":5,"enemies":"WA_ARCHETYPE_RETAIN","floor":16,"turns":9},{"damage":2,"enemies":"Spheric Guardian","floor":19,"turns":6},{"damage":29,"enemies":"Slavers","floor":23,"turns":7},{"damage":0,"enemies":"3 Byrds","floor":25,"turns":3},{"damage":0,"enemies":"Snake Plant","floor":26,"turns":4},{"damage":6,"enemies":"Gremlin Leader","floor":27,"turns":9},{"damage":0,"enemies":"downfall:FleeingMerchant","floor":28,"turns":4},{"damage":6,"enemies":"3 Cultists","floor":29,"turns":5},{"damage":12,"enemies":"Sentry and Sphere","floor":31,"turns":6},{"damage":3,"enemies":"Centurion and Healer","floor":32,"turns":5},{"damage":24,"enemies":"DF_ARCHETYPE_CLAW","floor":33,"turns":9},{"damage":0,"enemies":"3 Shapes","floor":36,"turns":3},{"damage":0,"enemies":"Orb Walker","floor":37,"turns":2},{"damage":3,"enemies":"Transient","floor":38,"turns":5},{"damage":4,"enemies":"Writhing Mass","floor":39,"turns":10},{"damage":18,"enemies":"Reptomancer","floor":43,"turns":7},{"damage":7,"enemies":"Jaw Worm Horde","floor":44,"turns":4},{"damage":11,"enemies":"Giant Head","floor":46,"turns":8},{"damage":3,"enemies":"downfall:FleeingMerchant","floor":48,"turns":4},{"damage":8,"enemies":"Maw","floor":49,"turns":7},{"damage":183,"enemies":"IC_BLOCK_ARCHETYPE","floor":50,"turns":6}],"seed_played":"5801155272654747634","potions_obtained":[{"floor":8,"key":"Regen Potion"},{"floor":10,"key":"SneckoOil"},{"floor":14,"key":"Fire Potion"},{"floor":15,"key":"LiquidMemories"},{"floor":23,"key":"LiquidBronze"},{"floor":27,"key":"SteroidPotion"},{"floor":29,"key":"SpeedPotion"},{"floor":32,"key":"Fire Potion"},{"floor":33,"key":"hexamod:InfernoChargePotion"},{"floor":43,"key":"EntropicBrew"},{"floor":49,"key":"bronze:BurnAndBuffPotion"}],"is_trial":false,"path_per_floor":["R","M","?","?","?","R","T","?","T","M","E","$","R","E","M","B",null,"R","M","?","?","?","E","T","M","M","E","$","M","R","M","M","B",null,"R","M","M","M","M","R","T","R","E","M","R","E","?","$","M","B"],"character_chosen":"THE_SPIRIT","items_purchased":["Frozen Egg 2","Dexterity Potion","Anchor","hexamod:EmpoweredFlame+1"],"campfire_rested":1,"item_purchase_floors":[12,12,28,48],"current_hp_per_floor":[70,70,70,75,75,75,75,68,68,68,65,69,69,43,48,47,68,68,70,70,70,70,45,45,45,49,47,51,49,49,49,46,38,66,76,76,76,77,77,77,77,77,63,56,81,78,78,77,77,0,0,0],"gold":23,"neow_bonus":"RANDOM_COLORLESS","is_daily":false,"chose_seed":false,"campfire_upgraded":7,"win_rate":0.0,"timestamp":1610773109,"path_taken":["R","M","?","?","?","R","T","?","?","M","E","$","R","E","M","BOSS","R","M","?","?","?","E","T","M","?","E","$","M","R","?","M","BOSS","R","M","M","M","M","R","T","R","E","M","R","E","?","$","M","BOSS"],"items_purchased_type":["Relic","Potion","Relic","Card"],"build_version":"2020-12-22","purchased_purges":0,"victory":false,"max_hp_per_floor":[70,70,70,75,75,75,75,75,75,75,75,75,75,75,75,75,75,75,75,75,75,75,75,75,75,75,75,75,75,75,75,75,75,75,85,85,85,85,85,85,85,85,85,85,85,89,89,91,95,95,95,95],"relic_stats":{"Centennial Puzzle":[15],"Singing Bowl":10,"counters":[28,154],"Sundial":[20],"Shuriken":[31],"Bag of Preparation":[36],"obtain_stats":[{"downfall:HeartBlessingRed":42,"Singing Bowl":46,"Oddly Smooth Stone":14,"Vajra":41,"downfall:HeartBlessingGreen":18,"Bag of Preparation":23,"Odd Mushroom":8,"Frozen Egg 2":12,"Anchor":28,"Centennial Puzzle":43,"hexamod:UnbrokenSoul":34,"Sundial":7,"Shuriken":24,"downfall:HeartBlessingBlue":35,"hexamod:SoulConsumer":11,"hexamod:SpiritBrand":0,"hexamod:IceCube":17,"Meat on the Bone":27},{"downfall:HeartBlessingRed":22,"Singing Bowl":25,"Oddly Smooth Stone":6,"Vajra":22,"downfall:HeartBlessingGreen":8,"Bag of Preparation":10,"Odd Mushroom":2,"Frozen Egg 2":5,"Anchor":14,"Centennial Puzzle":23,"hexamod:UnbrokenSoul":18,"Sundial":1,"Shuriken":10,"downfall:HeartBlessingBlue":18,"hexamod:SoulConsumer":4,"hexamod:SpiritBrand":0,"hexamod:IceCube":8,"Meat on the Bone":13},{"downfall:HeartBlessingRed":118,"Singing Bowl":137,"Oddly Smooth Stone":29,"Vajra":118,"downfall:HeartBlessingGreen":40,"Bag of Preparation":53,"Odd Mushroom":7,"Frozen Egg 2":19,"Anchor":73,"Centennial Puzzle":125,"hexamod:UnbrokenSoul":98,"Sundial":3,"Shuriken":53,"downfall:HeartBlessingBlue":98,"hexamod:SoulConsumer":15,"hexamod:SpiritBrand":0,"hexamod:IceCube":40,"Meat on the Bone":69}],"Meat on the Bone":24},"card_choices":[{"not_picked":["Panacea","Finesse"],"picked":"Swift Strike","floor":0},{"not_picked":["hexamod:SkipABeat","hexamod:GhostShield"],"picked":"hexamod:ThermalTransfer","floor":2},{"not_picked":["hexamod:BacktrackSmack","hexamod:ThirdSeal"],"picked":"hexamod:GhostflameBarrier","floor":8},{"not_picked":["hexamod:BurningTouch","hexamod:NightmareGuise","hexamod:ExtraCrispy"],"picked":"SKIP","floor":10},{"not_picked":["hexamod:InspiringFlames","hexamod:FirstSeal"],"picked":"hexamod:ThirdSeal","floor":11},{"not_picked":["hexamod:GhostLash","hexamod:NightmareStrike"],"picked":"hexamod:EmpoweredFlame","floor":12},{"not_picked":["hexamod:GhostShield","hexamod:CatchUp","hexamod:HauntingEcho"],"picked":"SKIP","floor":12},{"not_picked":["hexamod:RetreatToShadows","hexamod:FastForward"],"picked":"hexamod:SpectersWail","floor":14},{"not_picked":["hexamod:SpectersWail","hexamod:ShieldOfDarkness","hexamod:BurningTouch"],"picked":"SKIP","floor":14},{"not_picked":["hexamod:SpectersWail","hexamod:SuperheatedStrike"],"picked":"hexamod:Hexaguard","floor":15},{"not_picked":["hexamod:GhostflameInferno","hexamod:TurnItUp"],"picked":"hexamod:SixthSeal","floor":16},{"not_picked":["hexamod:GhostOfSpirePresent+1","hexamod:GhostflameInferno"],"picked":"hexamod:GiftsFromTheDead+1","floor":16},{"not_picked":["hexamod:RadiantFlame+1","hexamod:Firestarter","hexamod:AdvancingGuard"],"picked":"SKIP","floor":19},{"not_picked":["hexamod:InspiringFlames","hexamod:HauntingEcho"],"picked":"hexamod:TimeWarp","floor":23},{"not_picked":["hexamod:FastForward","hexamod:PhantomCloak+1"],"picked":"hexamod:GhostflameBarrier+1","floor":25},{"not_picked":["hexamod:HeatMetal","hexamod:FlamesFromBeyond","hexamod:HeatShield"],"picked":"SKIP","floor":26},{"not_picked":["hexamod:ThermalTransfer","hexamod:ShieldOfDarkness","hexamod:InspiringFlames"],"picked":"SKIP","floor":26},{"not_picked":["hexamod:HauntingEcho","hexamod:InspiringFlames"],"picked":"hexamod:RetreatToShadows","floor":27},{"not_picked":["hexamod:ThirdSeal","hexamod:AdvancingGuard"],"picked":"hexamod:GhostLash+1","floor":27},{"not_picked":["hexamod:ThirdSeal","hexamod:BurningTouch"],"picked":"hexamod:FlameSwitch","floor":28},{"not_picked":["hexamod:AdvancingGuard","hexamod:HeatMetal"],"picked":"hexamod:ForkedFlame","floor":28},{"not_picked":["hexamod:Firestarter","hexamod:PhantomFireball"],"picked":"hexamod:GhostShield+1","floor":29},{"not_picked":["hexamod:BurningTouch","hexamod:BacktrackSmack","hexamod:AdvancingGuard"],"picked":"SKIP","floor":29},{"not_picked":["hexamod:NightmareStrike","hexamod:Firestarter"],"picked":"hexamod:RetreatToShadows+1","floor":31},{"not_picked":["hexamod:SuperheatedStrike","hexamod:ThirdSeal","hexamod:SpectralAdrenaline+1"],"picked":"SKIP","floor":31},{"not_picked":["hexamod:ThirdSeal","hexamod:FlamesFromBeyond"],"picked":"hexamod:GhostShield+1","floor":32},{"not_picked":["hexamod:BurningTouch","hexamod:GhostLash+1"],"picked":"hexamod:Rewind+1","floor":32},{"not_picked":["hexamod:SearingWound","hexamod:GhostOfSpirePresent+1"],"picked":"hexamod:ForkedFlame","floor":33},{"not_picked":["hexamod:ThermalTransfer+1","hexamod:NightmareGuise+1"],"picked":"hexamod:Hexaguard+1","floor":36},{"not_picked":["hexamod:BacktrackSmack+1","hexamod:PhantomFireball"],"picked":"hexamod:Hexaguard+1","floor":36},{"not_picked":["hexamod:DynamicBlow+1","hexamod:ThermalTransfer"],"picked":"hexamod:Haunt+1","floor":37},{"not_picked":["hexamod:Hexaguard+1","hexamod:GhostShield"],"picked":"hexamod:AdvancingGuard+1","floor":38},{"not_picked":["hexamod:HauntingEcho+1","hexamod:SwordOfDarkness","hexamod:HeatCrush+1"],"picked":"SKIP","floor":38},{"not_picked":["hexamod:NightmareStrike","hexamod:SuperheatedStrike"],"picked":"hexamod:Again+1","floor":39},{"not_picked":["hexamod:RainOfEmbers","hexamod:NightmareStrike","hexamod:NightmareGuise+1"],"picked":"SKIP","floor":39},{"not_picked":["hexamod:Rewind","hexamod:StepThrough+1"],"picked":"hexamod:UnleashSpirits","floor":43},{"not_picked":["hexamod:ChargedBarrage","hexamod:FastForward"],"picked":"hexamod:GhostOfSpireFuture+1","floor":43},{"not_picked":["hexamod:NightmareStrike+1","hexamod:GhostShield+1","hexamod:AdvancingGuard+1"],"picked":"SKIP","floor":44},{"not_picked":["hexamod:AdvancingGuard","hexamod:BurningTouch","hexamod:ThermalTransfer+1"],"picked":"SKIP","floor":44},{"not_picked":["hexamod:SwordOfDarkness+1","hexamod:Haunt","hexamod:SpectersWail+1"],"picked":"Singing Bowl","floor":46},{"not_picked":["hexamod:SuperheatedStrike+1","hexamod:HeatCrush","hexamod:GhostflameBarrier+1"],"picked":"Singing Bowl","floor":46},{"not_picked":["hexamod:HauntingEcho+1","hexamod:FourthSeal"],"picked":"hexamod:WildfireWeapon+1","floor":48},{"not_picked":["hexamod:SpectralSpark+1","hexamod:RainOfEmbers+1","hexamod:DynamicBlow+1"],"picked":"Singing Bowl","floor":48},{"not_picked":["hexamod:GhostLash+1","hexamod:FlamesFromBeyond","hexamod:SuperheatedStrike"],"picked":"Singing Bowl","floor":49},{"not_picked":["hexamod:ShieldOfDarkness","hexamod:BurningTouch","hexamod:CatchUp"],"picked":"Singing Bowl","floor":49}],"player_experience":1545484,"relics_obtained":[{"floor":7,"key":"Sundial"},{"floor":8,"key":"Odd Mushroom"},{"floor":11,"key":"hexamod:SoulConsumer"},{"floor":14,"key":"Oddly Smooth Stone"},{"floor":23,"key":"Bag of Preparation"},{"floor":24,"key":"Shuriken"},{"floor":27,"key":"Meat on the Bone"},{"floor":41,"key":"Vajra"},{"floor":43,"key":"Centennial Puzzle"},{"floor":46,"key":"Singing Bowl"}],"event_choices":[{"damage_healed":0,"gold_gain":0,"player_choice":"Donut","damage_taken":0,"max_hp_gain":5,"max_hp_loss":0,"event_name":"Big Fish","floor":4,"gold_loss":0},{"damage_healed":0,"gold_gain":0,"cards_transformed":["hexamod:Strike"],"player_choice":"Change","damage_taken":0,"max_hp_gain":0,"max_hp_loss":0,"event_name":"Living Wall","floor":5,"gold_loss":0,"cards_obtained":["hexamod:ShieldOfDarkness"]},{"damage_healed":0,"gold_gain":0,"player_choice":"Fought Mushrooms","damage_taken":0,"max_hp_gain":0,"max_hp_loss":0,"event_name":"Mushrooms","floor":8,"gold_loss":0}],"is_beta":false,"boss_relics":[{"not_picked":["Sozu","Cursed Key"],"picked":"hexamod:IceCube"},{"not_picked":["Calling Bell","Busted Crown"],"picked":"hexamod:UnbrokenSoul"}],"items_purged_floors":[],"is_endless":false,"potions_floor_spawned":[8,10,14,15,23,27,29,32,33,37,43,49],"killed_by":"IC_BLOCK_ARCHETYPE","ascension_level":5}}