{"host":"njruw0b0uprlitpx","time":1610825734,"event":{"mods":["2.2 Compatiblity","Astrologer","Bartender","BaseMod","Better Altar","Better Match","Better Note","Better Sensory Stone","Better Skull","Better Third Choice","BetterRewards","Block Reminder","Colored Map","Colored Powertips","Energized Spire","Jedi Mod","Keyboard Shortcuts","Minty Spire (QoL Compilation)","Quick Restart","Rare Cards Sparkle","Relic Stats","Replay The Spire","SacredBarkPlus","Spicy Shops","StSLib","SuperFastMode","The Blackbeard","The Construct","The Dragon Tamer","The Forsaken","The Marked","The Mystic","The Necromancer","Wandering Minibosses"],"gold_per_floor":[114,114,129,129,144,144,174,174,199,199,151,151,111,141,141,241,241,256,271,271,14,207,207,207,207,207,207,207,207,21,21,21,21,21,21,21,21,21,21,21,21,21,21,35,35,0,0,0,0,0],"floor_reached":51,"language":"ENG","playtime":1916,"items_purged":["Shame","Masterful Stab"],"score":831,"play_id":"600dd9d9-8a50-4bf3-bb7f-7a90df8452b6","local_time":"20210116133534","daily_mods":["Allstar","Flight","Night Terrors"],"is_ascension_mode":false,"campfire_choices":[{"data":"Midas Touch","floor":6,"key":"SMITH"},{"data":"Neutralize","floor":8,"key":"SMITH"},{"data":"Deep Breath","floor":10,"key":"SMITH"},{"data":"Panacea","floor":12,"key":"SMITH"},{"data":"Bullet Time","floor":15,"key":"SMITH"},{"data":"A Thousand Cuts","floor":23,"key":"SMITH"},{"data":"Burst","floor":27,"key":"SMITH"},{"data":"Footwork","floor":28,"key":"SMITH"},{"data":"Noxious Fumes","floor":32,"key":"SMITH"},{"floor":39,"key":"REST"},{"data":"Quick Slash","floor":40,"key":"SMITH"},{"data":"Deadly Poison","floor":41,"key":"SMITH"},{"data":"Bouncing Flask","floor":42,"key":"SMITH"},{"data":"Dash","floor":47,"key":"SMITH"},{"data":"Sadistic Nature","floor":49,"key":"SMITH"}],"circlet_count":0,"master_deck":["Survivor","Neutralize+1","Panacea+1","Dark Shackles","Deep Breath+1","Midas Touch+1","Discovery+1","Flying Knee","Bouncing Flask+1","Backflip","Bullet Time+1","A Thousand Cuts+1","jedi:pocketpoison","Atom Bomb","Finisher","Blade Dance","Footwork+1","Dodge and Roll","Hidden Blade","Bane","Poisoned Stab","Acrobatics","Backflip+1","Dash+1","Quick Slash+1","Deadly Poison+1","Hidden Blade+1","Bane","Burst+1","Blade Dance+1","RitualDagger","Noxious Fumes+1","Terror","jedi:studypoison+1","AbeCurse","Prepared+1","Terror+1","Sucker Punch+1","Dodge and Roll+1","Sadistic Nature+1"],"relics":["Ring of the Snake","Replay:Wax Seal","jedi:shrinkray","betterThird:SlimedRelic","Pandora\u0027s Box","PreservedInsect","jedi:ominousloannote","Onion Ring","Sundial","jedi:arcanewood","Abe\u0027s Treasure","theForsaken:Lifeblossom","Red Mask"],"acts_visited":["Exordium","TheCity","TheBeyond"],"potions_floor_usage":[7,16,16,16,33,33,50,50,50],"damage_taken":[{"damage":0,"enemies":"2 Louse","floor":1,"turns":3},{"damage":2,"enemies":"Small Slimes","floor":3,"turns":3},{"damage":0,"enemies":"Jaw Worm","floor":5,"turns":3},{"damage":16,"enemies":"Gremlin Nob","floor":7,"turns":3},{"damage":13,"enemies":"Lagavulin","floor":14,"turns":3},{"damage":0,"enemies":"Slime Boss","floor":16,"turns":9},{"damage":0,"enemies":"Chosen","floor":18,"turns":2},{"damage":0,"enemies":"2 Thieves","floor":19,"turns":1},{"damage":3,"enemies":"Slavers","floor":24,"turns":2},{"damage":5,"enemies":"Book of Stabbing","floor":25,"turns":3},{"damage":4,"enemies":"Automaton","floor":33,"turns":2},{"damage":0,"enemies":"Orb Walker","floor":35,"turns":2},{"damage":21,"enemies":"3 Darklings","floor":36,"turns":4},{"damage":0,"enemies":"Jaw Worm Horde","floor":44,"turns":1},{"damage":92,"enemies":"Awakened One","floor":50,"turns":11}],"seed_played":"2700428786693623746","potions_obtained":[{"floor":3,"key":"FearPotion"},{"floor":5,"key":"PowerPotion"},{"floor":13,"key":"EntropicBrew"},{"floor":13,"key":"jedi:holywater"},{"floor":13,"key":"Fire Potion"},{"floor":33,"key":"Weak Potion"},{"floor":36,"key":"Ancient Potion"}],"is_trial":false,"path_per_floor":["M","?","M","?","M","R","E","R","T","R","?","R","?","E","R","B",null,"M","M","?","$","$","R","E","E","T","R","R","?","$","?","R","B",null,"M","M","?","?","R","R","R","R","T","M","$","?","R","$","R","B",null],"character_chosen":"THE_SILENT","items_purchased":["Quick Slash","Deadly Poison","jedi:ominousloannote","Hidden Blade+1","Bane","Noxious Fumes","Terror","Sadistic Nature"],"campfire_rested":1,"item_purchase_floors":[21,21,22,22,22,30,30,48],"current_hp_per_floor":[70,70,68,68,68,68,52,52,52,52,41,41,41,28,28,28,70,70,70,70,70,70,70,67,62,62,62,62,56,56,56,56,52,70,70,49,21,21,65,65,65,65,65,65,65,65,65,65,65,36],"gold":0,"neow_bonus":"","is_daily":true,"chose_seed":false,"campfire_upgraded":14,"win_rate":0.0,"timestamp":1610825734,"path_taken":["M","?","M","?","?","R","E","R","T","R","?","R","?","E","R","BOSS","M","M","?","$","$","R","E","E","T","R","R","?","$","?","R","BOSS","M","M","?","?","?","R","R","R","T","?","$","?","R","?","R","BOSS"],"items_purchased_type":["Card","Card","Relic","Card","Card","Card","Card","Card"],"build_version":"2020-12-22","purchased_purges":2,"victory":true,"max_hp_per_floor":[70,70,70,70,70,70,70,70,70,70,70,70,70,70,70,70,70,70,70,70,70,70,70,70,70,70,70,70,70,70,70,70,70,70,70,70,70,70,65,65,65,65,65,65,65,65,65,65,65,65],"relic_stats":{"counters":[15,52],"Sundial":[2],"Pandora\u0027s Box":["jedi:pocketpoison","Atom Bomb","Finisher","Blade Dance","Footwork","Dodge and Roll","Hidden Blade","Bane","Poisoned Stab","Acrobatics"],"PreservedInsect":80,"obtain_stats":[{"theForsaken:Lifeblossom":43,"PreservedInsect":20,"jedi:shrinkray":9,"jedi:ominousloannote":22,"Sundial":25,"betterThird:SlimedRelic":11,"Pandora\u0027s Box":17,"Onion Ring":24,"Red Mask":46,"Replay:Wax Seal":7,"jedi:arcanewood":26,"Abe\u0027s Treasure":34,"Ring of the Snake":0},{"theForsaken:Lifeblossom":13,"PreservedInsect":8,"jedi:shrinkray":4,"jedi:ominousloannote":8,"Sundial":10,"betterThird:SlimedRelic":4,"Pandora\u0027s Box":6,"Onion Ring":9,"Red Mask":14,"Replay:Wax Seal":4,"jedi:arcanewood":10,"Abe\u0027s Treasure":11,"Ring of the Snake":0},{"theForsaken:Lifeblossom":40,"PreservedInsect":27,"jedi:shrinkray":12,"jedi:ominousloannote":27,"Sundial":32,"betterThird:SlimedRelic":12,"Pandora\u0027s Box":24,"Onion Ring":29,"Red Mask":41,"Replay:Wax Seal":12,"jedi:arcanewood":32,"Abe\u0027s Treasure":34,"Ring of the Snake":0}],"Ring of the Snake":[30]},"card_choices":[{"not_picked":["Deflect","Replay:Poison Smokescreen"],"picked":"Flying Knee","floor":1},{"not_picked":["ReplayTheSpireMod:Exploit Weakness","Deflect"],"picked":"Masterful Stab","floor":3},{"not_picked":["Deadly Poison","Sucker Punch"],"picked":"Bouncing Flask","floor":5},{"not_picked":["Underhanded Strike","PiercingWail"],"picked":"Backflip","floor":7},{"not_picked":["Backstab","Poisoned Stab"],"picked":"Bullet Time","floor":14},{"not_picked":["Unload","Venomology"],"picked":"A Thousand Cuts","floor":16},{"not_picked":["PiercingWail","ReplayTheSpireMod:The Works"],"picked":"Backflip+1","floor":18},{"not_picked":["Blade Dance","Dagger Spray"],"picked":"Dash","floor":19},{"not_picked":["Hidden Blade+1","Distraction"],"picked":"Burst","floor":24},{"not_picked":["Blur","Bane"],"picked":"Blade Dance+1","floor":25},{"not_picked":["Envenom","Venomology"],"picked":"jedi:studypoison","floor":33},{"not_picked":["Dagger Throw+1","Riddle With Holes+1"],"picked":"Prepared+1","floor":35},{"not_picked":["Underhanded Strike","Hidden Blade+1"],"picked":"Terror+1","floor":36},{"not_picked":["Dagger Throw","Blade Dance"],"picked":"Sucker Punch+1","floor":37},{"not_picked":["Sucker Punch+1","Dagger Spray"],"picked":"Dodge and Roll+1","floor":44}],"player_experience":1734564,"relics_obtained":[{"floor":7,"key":"Replay:Wax Seal"},{"floor":9,"key":"jedi:shrinkray"},{"floor":24,"key":"Onion Ring"},{"floor":25,"key":"Sundial"},{"floor":26,"key":"jedi:arcanewood"},{"floor":43,"key":"theForsaken:Lifeblossom"}],"event_choices":[{"damage_healed":0,"gold_gain":0,"player_choice":"Grow","damage_taken":0,"max_hp_gain":0,"max_hp_loss":0,"event_name":"Living Wall","floor":4,"gold_loss":0,"cards_upgraded":["Discovery"]},{"damage_healed":0,"gold_gain":0,"player_choice":"Slimed","damage_taken":11,"max_hp_gain":0,"max_hp_loss":0,"event_name":"betterThird:BetterGoop","floor":11,"gold_loss":48},{"damage_healed":0,"gold_gain":0,"player_choice":"Bought 3 Potions","damage_taken":0,"max_hp_gain":0,"max_hp_loss":0,"event_name":"The Woman in Blue","floor":13,"gold_loss":0},{"damage_healed":0,"gold_gain":0,"player_choice":"Stole Relic","damage_taken":0,"relics_obtained":["PreservedInsect"],"max_hp_gain":0,"max_hp_loss":0,"event_name":"Addict","floor":20,"gold_loss":0,"cards_obtained":["Shame"]},{"damage_healed":0,"gold_gain":0,"player_choice":"Dagger","damage_taken":6,"max_hp_gain":0,"max_hp_loss":0,"event_name":"betterThird:BetterNest","floor":29,"gold_loss":0,"cards_obtained":["RitualDagger"]},{"damage_healed":0,"gold_gain":0,"player_choice":"Forge","damage_taken":0,"max_hp_gain":0,"max_hp_loss":0,"event_name":"Accursed Blacksmith","floor":38,"gold_loss":0,"cards_upgraded":["jedi:studypoison"]},{"damage_healed":0,"gold_gain":0,"player_choice":"Paid","damage_taken":0,"relics_obtained":["Red Mask"],"max_hp_gain":0,"max_hp_loss":0,"event_name":"Tomb of Lord Red Mask","floor":46,"gold_loss":35}],"is_beta":false,"boss_relics":[{"not_picked":["Black Star","Kintsugi"],"picked":"Pandora\u0027s Box"},{"not_picked":["Coffee Dripper","Calling Bell"],"picked":"Abe\u0027s Treasure"}],"items_purged_floors":[21,22],"is_endless":false,"potions_floor_spawned":[3,5,14,19,24,33,36],"ascension_level":0}}