{"host":"gkh5j5k5w4qf7k7n","time":1610797133,"event":{"mods":["2.2 Compatiblity","AchievementEnabler","Arknights The Spire","BaseMod","Colored Map","Colored Powertips","GifTheSpireLib","Hermit","Keyboard Shortcuts","Minty Spire (QoL Compilation)","Quick Restart","StSLib","SuperFastMode","The Druid","The Problem Sleuth","TheBandit","¡¼?Úª?ø«¡½REMEMod"],"gold_per_floor":[13,13,13,26,101,130,130,155,209,209,243,243,168,195,195,295,295,310,310,64,81,81,81,113,212,212,212,226,226,254,267,267,362,362,377,392,267,310,85,85,136,136,214,214,247,597,617,629,629,629,629,629,79,108,108],"floor_reached":56,"language":"KOR","playtime":3569,"items_purged":["theSleuth:Strike","theSleuth:Defend","theSleuth:WilsonBust","theSleuth:KeyHandgun","theSleuth:Defend+1"],"score":1799,"play_id":"79b8b06e-1ef1-4cd6-87f5-8558302e9e11","local_time":"20210116203853","is_ascension_mode":true,"campfire_choices":[{"floor":7.0,"key":"REST"},{"floor":10.0,"key":"REST"},{"data":"theSleuth:TakeInventory","floor":12.0,"key":"SMITH"},{"data":"theSleuth:FudgeDeck","floor":15.0,"key":"SMITH"},{"data":"theSleuth:TripleScuffle","floor":23.0,"key":"SMITH"},{"data":"theSleuth:Embarrass","floor":27.0,"key":"SMITH"},{"data":"theSleuth:RetainReturn","floor":29.0,"key":"SMITH"},{"data":"theSleuth:Distill","floor":32,"key":"SMITH"},{"data":"theSleuth:MobRule","floor":40,"key":"SMITH"},{"data":"theSleuth:FudgeDeck","floor":42,"key":"SMITH"},{"floor":49,"key":"RECALL"},{"data":"Madness","floor":52,"key":"SMITH"}],"circlet_count":0,"master_deck":["AscendersBane","theSleuth:Defend+1","theSleuth:TakeInventory+1","theSleuth:Diplomacy","theSleuth:BrassTacks","theSleuth:TripleScuffle+1","theSleuth:BenStillerBust","theSleuth:FudgeDeck+1","theSleuth:MobRule+1","theSleuth:Embarrass+1","theSleuth:Distill+1","theSleuth:RetainReturn+1","theSleuth:WilsonBust","theSleuth:BenStillerBust","theSleuth:Supermassive","theSleuth:TripleScuffle+1","theSleuth:FudgeDeck+1","Madness","Madness+1","theSleuth:FudgeDeck"],"relics":["Bag of Marbles","Omamori","Bottled Lightning","War Paint","theSleuth:MegatonKey","theSleuth:BowenStilsonDogg","Thread and Needle","Akabeko","Question Card","Busted Crown","Turnip","White Beast Statue","Juzu Bracelet","Old Coin","Happy Flower","Frozen Eye","Boot"],"acts_visited":["Exordium","TheCity","TheBeyond","TheEnding"],"potions_floor_usage":[30,31,31,35,36,38,38,41,45,47,48,54,55,55,55],"damage_taken":[{"damage":3.0,"enemies":"2 Louse","floor":1.0,"turns":4.0},{"damage":0.0,"enemies":"Cultist","floor":4.0,"turns":5.0},{"damage":15.0,"enemies":"3 Sentries","floor":6.0,"turns":12.0},{"damage":16.0,"enemies":"Gremlin Nob","floor":8.0,"turns":5.0},{"damage":20.0,"enemies":"3 Sentries","floor":11.0,"turns":12.0},{"damage":5.0,"enemies":"Lagavulin","floor":14.0,"turns":9.0},{"damage":11.0,"enemies":"Hexaghost","floor":16.0,"turns":13.0},{"damage":21.0,"enemies":"3 Byrds","floor":18.0,"turns":5.0},{"damage":0.0,"enemies":"Chosen","floor":21.0,"turns":4.0},{"damage":5.0,"enemies":"Book of Stabbing","floor":24.0,"turns":5.0},{"damage":2.0,"enemies":"Shelled Parasite and Fungi","floor":28.0,"turns":4.0},{"damage":0,"enemies":"Slavers","floor":30,"turns":6},{"damage":0,"enemies":"Centurion and Healer","floor":31,"turns":7},{"damage":22,"enemies":"Champ","floor":33,"turns":14},{"damage":1,"enemies":"Orb Walker","floor":35,"turns":4},{"damage":0,"enemies":"3 Darklings","floor":36,"turns":3},{"damage":8,"enemies":"Writhing Mass","floor":38,"turns":5},{"damage":0,"enemies":"2 Orb Walkers","floor":41,"turns":4},{"damage":2,"enemies":"Nemesis","floor":45,"turns":6},{"damage":0,"enemies":"Mind Bloom Boss Battle","floor":46,"turns":6},{"damage":0,"enemies":"Spire Growth","floor":47,"turns":3},{"damage":0,"enemies":"Transient","floor":48,"turns":5},{"damage":2,"enemies":"Time Eater","floor":50,"turns":10},{"damage":5,"enemies":"Shield and Spear","floor":54,"turns":6},{"damage":18,"enemies":"The Heart","floor":55,"turns":10}],"seed_played":"8457574331640525778","potions_obtained":[{"floor":6.0,"key":"Weak Potion"},{"floor":8.0,"key":"Explosive Potion"},{"floor":11.0,"key":"CultistPotion"},{"floor":28.0,"key":"DistilledChaos"},{"floor":30,"key":"Fruit Juice"},{"floor":36,"key":"Regen Potion"},{"floor":41,"key":"SteroidPotion"},{"floor":45,"key":"DistilledChaos"},{"floor":48,"key":"SkillPotion"},{"floor":54,"key":"theSleuth:Depotion"}],"is_trial":false,"path_per_floor":["M","?","?","M","?","E","R","E","T","R","E","R","$","E","R","B",null,"M","?","$","M","?","R","E","?","T","R","M","R","E","M","R","B",null,"M","M","$","M","$","R","?","R","T","?","E","?","M","M","R","B",null,"R","$","E","B",null],"character_chosen":"THE_sleuth","items_purchased":["theSleuth:BowenStilsonDogg","theSleuth:FudgeDeck","theSleuth:FudgeDeck","Happy Flower","Frozen Eye"],"campfire_rested":2,"item_purchase_floors":[20,39,53,53,53],"current_hp_per_floor":[63,48,41,41,30,15,36,20,20,41,21,21,21,16,16,5,56,35,35,35,35,35,35,30,30,30,30,28,28,28,38,38,16,66,65,65,65,71,71,71,71,71,71,61,59,59,59,59,59,57,77,77,77,72,54],"gold":108,"neow_bonus":"THREE_RARE_CARDS","is_daily":false,"chose_seed":false,"campfire_upgraded":9,"win_rate":0.0,"timestamp":1610797133,"path_taken":["M","?","?","M","?","E","R","E","T","R","E","R","$","E","R","BOSS","M","?","$","M","?","R","E","?","T","R","M","R","E","M","R","BOSS","M","M","$","M","$","R","?","R","T","?","E","?","M","M","R","BOSS","R","$","E","BOSS"],"items_purchased_type":["Relic","Card","Card","Relic","Relic"],"build_version":"2020-12-22","purchased_purges":5,"victory":true,"max_hp_per_floor":[73,73,73,73,73,73,73,73,73,73,73,73,73,73,73,73,73,73,73,73,73,73,73,73,73,73,73,73,73,73,83,83,83,83,83,83,83,83,83,83,83,83,83,83,83,83,83,83,83,83,83,83,83,83,83],"card_choices":[{"not_picked":["theSleuth:WeirdPuzzleShit","theSleuth:GummyWormZombie"],"picked":"theSleuth:BrassTacks","floor":0.0},{"not_picked":["theSleuth:Unscale","theSleuth:Deprogram"],"picked":"theSleuth:WilsonBust","floor":1.0},{"not_picked":["theSleuth:BellyOTheWhale","theSleuth:Ogle","theSleuth:FlaskOfWhiskey"],"picked":"SKIP","floor":4.0},{"not_picked":["theSleuth:ForceDeck","theSleuth:VictoryPose","theSleuth:PezUzi"],"picked":"SKIP","floor":6.0},{"not_picked":["theSleuth:Ignore","theSleuth:GummyWormZombie"],"picked":"theSleuth:BenStillerBust","floor":8.0},{"not_picked":["theSleuth:TruffleShuffle","theSleuth:Ignore"],"picked":"theSleuth:FudgeDeck","floor":11.0},{"not_picked":["theSleuth:Fortify","theSleuth:TorsoFlail","theSleuth:CandyLeather"],"picked":"SKIP","floor":14.0},{"not_picked":["theSleuth:WeirdPuzzleShit","theSleuth:TheZillyhammer"],"picked":"theSleuth:MobRule","floor":16.0},{"not_picked":["theSleuth:BenStillerBust","theSleuth:BiteHardly","theSleuth:Ogle"],"picked":"SKIP","floor":18.0},{"not_picked":["theSleuth:Unscale","theSleuth:Ogle+1","theSleuth:TruffleShuffle+1"],"picked":"SKIP","floor":21.0},{"not_picked":["theSleuth:FlaskOfWhiskey","theSleuth:Treaty","theSleuth:Ogle"],"picked":"SKIP","floor":24.0},{"not_picked":["theSleuth:CharismaBlast","theSleuth:BellyOTheWhale"],"picked":"theSleuth:RetainReturn","floor":28.0},{"not_picked":["theSleuth:TruffleTrouble","theSleuth:BellyOTheWhale"],"picked":"theSleuth:WilsonBust","floor":30},{"not_picked":["theSleuth:Tootshotgun","theSleuth:Unscale","theSleuth:VictoryPose"],"picked":"theSleuth:BenStillerBust","floor":31},{"not_picked":["theSleuth:CandyMech","theSleuth:TootsieRollFrankenstein","theSleuth:Diabeatdown"],"picked":"theSleuth:Supermassive","floor":33},{"not_picked":["theSleuth:WilsonBust"],"picked":"theSleuth:TripleScuffle+1","floor":35},{"not_picked":["theSleuth:WizardSudoku+1","theSleuth:Joust+1"],"picked":"SKIP","floor":36},{"not_picked":["theSleuth:PezUzi+1","theSleuth:Ignore"],"picked":"SKIP","floor":38},{"not_picked":["theSleuth:WeirdPuzzleShit","theSleuth:CandyCorn+1"],"picked":"SKIP","floor":45},{"not_picked":["theSleuth:VictoryPose","theSleuth:Unscale"],"picked":"SKIP","floor":47},{"not_picked":["theSleuth:Taze","theSleuth:ThinkAhead"],"picked":"SKIP","floor":48},{"not_picked":["theSleuth:CandyCorn","theSleuth:CandidBullets"],"picked":"SKIP","floor":54}],"player_experience":810967,"relics_obtained":[{"floor":6.0,"key":"Bag of Marbles"},{"floor":8.0,"key":"Omamori"},{"floor":11.0,"key":"Bottled Lightning"},{"floor":14.0,"key":"War Paint"},{"floor":24.0,"key":"Thread and Needle"},{"floor":26.0,"key":"Akabeko"},{"floor":30,"key":"Question Card"},{"floor":41,"key":"Turnip"},{"floor":43,"key":"White Beast Statue"},{"floor":45,"key":"Juzu Bracelet"},{"floor":46,"key":"Old Coin"},{"floor":54,"key":"Boot"}],"event_choices":[{"damage_healed":0.0,"max_hp_gain":0.0,"max_hp_loss":0.0,"gold_gain":0.0,"event_name":"Shining Light","player_choice":"Entered Light","floor":2.0,"gold_loss":0.0,"damage_taken":15.0,"cards_upgraded":["theSleuth:Strike","theSleuth:Strike"]},{"cards_removed":["theSleuth:Strike"],"damage_healed":0.0,"max_hp_gain":0.0,"max_hp_loss":0.0,"gold_gain":0.0,"event_name":"Golden Wing","player_choice":"Card Removal","floor":3.0,"gold_loss":0.0,"damage_taken":7.0},{"damage_healed":0.0,"max_hp_gain":0.0,"max_hp_loss":0.0,"gold_gain":75.0,"event_name":"World of Goop","player_choice":"Gather Gold","floor":5.0,"gold_loss":0.0,"damage_taken":11.0},{"damage_healed":0.0,"max_hp_gain":0.0,"max_hp_loss":0.0,"gold_gain":0.0,"event_name":"Vampires","player_choice":"Ignored","floor":19.0,"gold_loss":0.0,"damage_taken":0.0},{"damage_healed":0.0,"max_hp_gain":0.0,"max_hp_loss":0.0,"gold_gain":0.0,"cards_transformed":["theSleuth:Strike","theSleuth:Strike"],"event_name":"Drug Dealer","player_choice":"Became Test Subject","floor":22.0,"gold_loss":0.0,"damage_taken":0.0,"cards_obtained":["theSleuth:Embarrass","theSleuth:Distill"]},{"damage_healed":0.0,"max_hp_gain":0.0,"max_hp_loss":0.0,"gold_gain":99.0,"event_name":"Nest","player_choice":"Stole From Cult","floor":25.0,"gold_loss":0.0,"damage_taken":0.0},{"damage_healed":0,"gold_gain":0,"player_choice":"Fight","damage_taken":0,"max_hp_gain":0,"max_hp_loss":0,"event_name":"Mysterious Sphere","floor":41,"gold_loss":0},{"damage_healed":0,"gold_gain":0,"player_choice":"Embrace Madness","damage_taken":10,"max_hp_gain":0,"max_hp_loss":0,"event_name":"Winding Halls","floor":44,"gold_loss":0,"cards_obtained":["Madness","Madness"]},{"damage_healed":0,"gold_gain":0,"player_choice":"Fight","damage_taken":0,"max_hp_gain":0,"max_hp_loss":0,"event_name":"MindBloom","floor":46,"gold_loss":0}],"is_beta":false,"boss_relics":[{"not_picked":["theSleuth:AffinityCrow","Tiny House"],"picked":"theSleuth:MegatonKey"},{"not_picked":["Fusion Hammer","REME_DuelDisc"],"picked":"Busted Crown"}],"items_purged_floors":[13,20,37,39,53],"is_endless":false,"potions_floor_spawned":[6,8,11,28,30,33,36,41,45,46,47,48,54],"ascension_level":12}}