{"host":"hptm0vhwolarug47","time":1610772410,"event":{"mods":["BaseMod","Downfall","GifTheSpireLib","Minty Spire (QoL Compilation)","StSLib"],"gold_per_floor":[99,113,126,126,142,142,168,168,198,198,218,218,51,81,99,99,99,99],"floor_reached":16,"language":"ZHS","playtime":1971,"items_purged":["Guardian:Defend_Guardian"],"score":110,"play_id":"112abb4a-1fee-400c-9e55-67d504e82282","local_time":"20210116124650","is_ascension_mode":false,"campfire_choices":[{"data":"Guardian:CurlUp","floor":1,"key":"SMITH"},{"data":"Guardian:BronzeArmor","floor":6,"key":"SMITH"},{"data":"Guardian:TwinSlam","floor":8,"key":"SMITH"},{"data":"Guardian:Suspension","floor":10,"key":"SMITH"}],"circlet_count":0,"master_deck":["Guardian:Strike_Guardian","Guardian:Strike_Guardian","Guardian:Strike_Guardian","Guardian:Strike_Guardian","Guardian:Defend_Guardian","Guardian:Defend_Guardian","Guardian:Defend_Guardian","Guardian:CurlUp+1","Guardian:TwinSlam+1","Guardian:ChargeCore","Guardian:BronzeArmor+1","Guardian:Suspension+1","Guardian:Recover","Guardian:Gem_White","Guardian:DecasProtection","Guardian:TemporalShield"],"relics":["Guardian:ModeShifter","Tiny Chest","Art of War","Matryoshka","Nunchaku"],"acts_visited":["Exordium"],"potions_floor_usage":[9,13,16,16],"damage_taken":[{"damage":2,"enemies":"Cultist","floor":2,"turns":4},{"damage":0,"enemies":"Small Slimes","floor":3,"turns":3},{"damage":0,"enemies":"2 Louse","floor":5,"turns":2},{"damage":10,"enemies":"3 Sentries","floor":9,"turns":9},{"damage":20,"enemies":"Exordium Thugs","floor":11,"turns":4},{"damage":0,"enemies":"downfall:FleeingMerchant","floor":13,"turns":4},{"damage":11,"enemies":"Lagavulin","floor":14,"turns":7},{"damage":6,"enemies":"Large Slime","floor":15,"turns":7},{"damage":39,"enemies":"WA_ARCHETYPE_RETAIN","floor":16,"turns":15}],"seed_played":"1994497759322215953","potions_obtained":[{"floor":3,"key":"Guardian:BlockOnCardUsePotion"},{"floor":4,"key":"DistilledChaos"},{"floor":4,"key":"Fire Potion"},{"floor":5,"key":"Block Potion"},{"floor":14,"key":"FearPotion"},{"floor":15,"key":"Fire Potion"}],"is_trial":false,"path_per_floor":["R","M","M","?","M","R","T","R","E","R","M","?","$","E","M","B"],"character_chosen":"GUARDIAN","items_purchased":["Guardian:Gem_White"],"campfire_rested":0,"item_purchase_floors":[13],"current_hp_per_floor":[88,86,86,86,86,86,86,86,76,76,56,53,53,42,36,0,0,0],"gold":99,"neow_bonus":"TEN_PERCENT_HP_BONUS","is_daily":false,"chose_seed":false,"campfire_upgraded":4,"win_rate":0.0,"timestamp":1610772410,"path_taken":["R","M","M","?","M","R","T","R","E","R","?","?","$","E","M","BOSS"],"items_purchased_type":["Card"],"build_version":"2020-12-22","purchased_purges":1,"victory":false,"max_hp_per_floor":[88,88,88,88,88,88,88,88,88,88,88,88,88,88,88,88,88,88],"card_choices":[{"not_picked":["Guardian:ShieldCharger","Guardian:PrismaticBeam"],"picked":"Guardian:ChargeCore","floor":2},{"not_picked":["Guardian:Suspension","Guardian:Incinerate"],"picked":"Guardian:Gem_Blue","floor":3},{"not_picked":["Guardian:PiercingHide","Guardian:ShieldCharger"],"picked":"Guardian:BronzeArmor","floor":5},{"not_picked":["Guardian:PolyBeam","Guardian:Emergency"],"picked":"Guardian:Suspension","floor":9},{"not_picked":["Guardian:PrismaticBarrier","Guardian:Gem_Green","Guardian:Emergency"],"picked":"SKIP","floor":11},{"not_picked":["Guardian:Suspension","Guardian:Incinerate"],"picked":"Guardian:Recover","floor":13},{"not_picked":["Guardian:BronzeArmor","Guardian:Planning"],"picked":"Guardian:DecasProtection","floor":14},{"not_picked":["Guardian:PrismaticBeam","Guardian:RollAttack"],"picked":"Guardian:TemporalShield","floor":15}],"player_experience":125603,"relics_obtained":[{"floor":7,"key":"Tiny Chest"},{"floor":9,"key":"Art of War"},{"floor":14,"key":"Nunchaku"}],"event_choices":[{"damage_healed":0,"gold_gain":0,"player_choice":"Got Potions","damage_taken":0,"max_hp_gain":0,"max_hp_loss":0,"event_name":"Lab","floor":4,"gold_loss":0},{"damage_healed":0,"gold_gain":0,"player_choice":"Success","damage_taken":3,"relics_obtained":["Matryoshka"],"max_hp_gain":0,"max_hp_loss":0,"event_name":"Scrap Ooze","floor":12,"gold_loss":0}],"is_beta":false,"boss_relics":[],"items_purged_floors":[13],"is_endless":false,"potions_floor_spawned":[3,5,14,15],"killed_by":"WA_ARCHETYPE_RETAIN","ascension_level":0}}