{"host":"qmlry8i8enac5s44","time":1610796766,"event":{"mods":["Act Like it!","BaseMod","Colored Map","Gensokyo","Luminous","Marisa£®ÏF”Í°°ƒß¿Ì…≥£©","Minty Spire (QoL Compilation)","StSLib","°æ“≈ŒÔø®≈∆°øREMEMod"],"gold_per_floor":[114,214,231,244,84,114,114,114,139,165,165,197,215,244,244,347,347,365,365,54,54,54,88,88,100,100,129,156,156,156,173,173,274,274,286,286,286,286,304,330,330,355,355,355,381,60,74,106,106,106,106,106,15,40,40],"floor_reached":56,"language":"ZHS","playtime":7113,"items_purged":["Strike_MRS","MasterSpark"],"score":1618,"play_id":"632c6234-b33f-488a-b7e8-ae017a6ca20a","local_time":"20210116193246","is_ascension_mode":true,"campfire_choices":[{"data":"MagicChant","floor":7.0,"key":"SMITH"},{"data":"Gensokyo:UnlikelyAid","floor":11.0,"key":"SMITH"},{"data":"MilkyWay","floor":15.0,"key":"SMITH"},{"floor":24.0,"key":"RECALL"},{"floor":29.0,"key":"REST"},{"data":"JA","floor":32.0,"key":"SMITH"},{"data":"MaximisePower","floor":41.0,"key":"SMITH"},{"floor":44.0,"key":"REST"},{"data":"Gensokyo:FourOfAKind","floor":49.0,"key":"SMITH"},{"data":"Gensokyo:FourOfAKind","floor":52.0,"key":"SMITH"}],"circlet_count":0,"master_deck":["Defend_MRS+1","UpSweep","Gensokyo:UnlikelyAid+1","MilkyWay+1","Necronomicurse","MagicChant+1","MilkyWay","EscapeVelocity+1","OortCloud+1","CasketOfStar+1","REME_FirmDetermination+1","WitchLeyline","Gensokyo:FourOfAKind+1","Gensokyo:FourOfAKind+1","Gensokyo:FourOfAKind","Gensokyo:FourOfAKind+1","JA+1","MaximisePower+1","PropBag","UnstableBomb+1"],"relics":["MiniHakkero","REME_ComplimentaryCards","NeowsBlessing","Necronomicon","Frozen Egg 2","Lantern","Bottled Lightning","Smiling Mask","WingedGreaves","Astrolabe","Gensokyo:ConquerorOfFear","PreservedInsect","Gensokyo:ChorusOfJoy","The Courier","Gremlin Horn","Snecko Eye","Mango","Toy Ornithopter","REME_HourglassOfDeath","InkBottle","HandDrill","Happy Flower","Bottled Flame","REME_HandOfSuture","Du-Vu Doll","War Paint"],"acts_visited":["Exordium","Gensokyo:Gensokyo","Gensokyo:Gensokyoer","TheEnding"],"potions_floor_usage":[54,55],"damage_taken":[{"damage":0.0,"enemies":"Gensokyo:3_Fairies","floor":1.0,"turns":2.0},{"damage":0.0,"enemies":"Gensokyo:2_Kodama","floor":3.0,"turns":1.0},{"damage":0.0,"enemies":"Gensokyo:Python","floor":4.0,"turns":1.0},{"damage":5.0,"enemies":"Gensokyo:Mamizou","floor":6.0,"turns":10.0},{"damage":4.0,"enemies":"Gensokyo:Cirno","floor":10.0,"turns":5.0},{"damage":9.0,"enemies":"Gensokyo:Aya","floor":12.0,"turns":3.0},{"damage":5.0,"enemies":"Gensokyo:VengefulSpirit","floor":13.0,"turns":3.0},{"damage":1.0,"enemies":"Gensokyo:Mamizou","floor":14.0,"turns":6.0},{"damage":13.0,"enemies":"Gensokyo:Reimu","floor":16.0,"turns":5.0},{"damage":4.0,"enemies":"Gensokyo:CosmicMonolith","floor":18.0,"turns":4.0},{"damage":38.0,"enemies":"Gensokyo:Tenshi","floor":23.0,"turns":4.0},{"damage":8.0,"enemies":"Gensokyo:3_Dogs","floor":25.0,"turns":3.0},{"damage":0.0,"enemies":"Gensokyo:Reisen","floor":27.0,"turns":4.0},{"damage":3.0,"enemies":"Gensokyo:Koishi","floor":28.0,"turns":4.0},{"damage":3.0,"enemies":"Gensokyo:Slime_Group","floor":31.0,"turns":4.0},{"damage":15.0,"enemies":"Gensokyo:Eiki","floor":33.0,"turns":7.0},{"damage":20.0,"enemies":"Gensokyo:3_Boulders","floor":35.0,"turns":3.0},{"damage":2.0,"enemies":"Gensokyo:AncientGuardian","floor":39.0,"turns":2.0},{"damage":2.0,"enemies":"Gensokyo:Doremy","floor":40.0,"turns":4.0},{"damage":9.0,"enemies":"Gensokyo:Marisa","floor":42.0,"turns":5.0},{"damage":0.0,"enemies":"Gensokyo:Kasen","floor":45.0,"turns":3.0},{"damage":0.0,"enemies":"Gensokyo:4_Bats","floor":47.0,"turns":4.0},{"damage":0.0,"enemies":"Gensokyo:Doremy","floor":48.0,"turns":3.0},{"damage":0.0,"enemies":"Gensokyo:Yuyuko","floor":50.0,"turns":3.0},{"damage":0,"enemies":"Shield and Spear","floor":54,"turns":1},{"damage":42,"enemies":"The Heart","floor":55,"turns":5}],"seed_played":"-7185285718073615865","potions_obtained":[{"floor":1.0,"key":"BottledSpark"},{"floor":10.0,"key":"LiquidBronze"},{"floor":12.0,"key":"Block Potion"},{"floor":13.0,"key":"Regen Potion"},{"floor":14.0,"key":"Explosive Potion"},{"floor":23.0,"key":"Explosive Potion"},{"floor":25.0,"key":"SkillPotion"},{"floor":31.0,"key":"StarNLove"},{"floor":33.0,"key":"DuplicationPotion"},{"floor":47.0,"key":"Ancient Potion"},{"floor":48.0,"key":"SkillPotion"}],"is_trial":false,"path_per_floor":["M","?","M","M","?","E","R","?","T","E","R","E","M","E","R","B",null,"M","?","$","?","?","E","R","M","T","E","E","R","?","M","R","B",null,"M","?","?","?","M","E","R","E","T","R","E","COS","M","E","R","B",null,"R","$","E","B",null],"character_chosen":"MARISA","items_purchased":["REME_FirmDetermination+1","PreservedInsect","WitchLeyline","Strength Potion"],"campfire_rested":2,"item_purchase_floors":[20,20,20,53],"current_hp_per_floor":[75,75,75,75,75,70,70,40,40,36,36,27,22,36,36,23,75,71,71,71,71,53,15,15,7,7,7,4,19,53,50,50,35,53,33,33,26,26,24,36,36,27,27,47,47,47,57,57,57,57,67,67,67,67,25],"gold":40,"neow_bonus":"THREE_ENEMY_KILL","is_daily":false,"chose_seed":false,"campfire_upgraded":7,"win_rate":0.0,"timestamp":1610796766,"path_taken":["M","?","?","M","?","E","R","?","T","E","R","E","M","E","R","BOSS","M","?","$","?","?","E","R","?","T","E","E","R","?","M","R","BOSS","M","?","?","?","?","E","R","E","T","R","E","COS","M","E","R","BOSS","R","$","E","BOSS"],"items_purchased_type":["Card","Relic","Card","Potion"],"build_version":"2020-12-22","purchased_purges":2,"victory":true,"max_hp_per_floor":[75,75,75,75,75,75,75,75,75,75,75,75,75,75,75,75,75,75,75,75,75,53,53,53,53,53,53,53,53,53,53,53,53,53,53,53,53,53,53,67,67,67,67,67,67,67,67,67,67,67,67,67,67,67,67],"card_choices":[{"not_picked":["AsteroidBelt","UnstableBomb"],"picked":"MilkyWay","floor":1.0},{"not_picked":["NonDirectionalLaser","DC","EventHorizon"],"picked":"SKIP","floor":3.0},{"not_picked":["MysteriousBeam","PowerUp","AbsoluteMagnitude"],"picked":"SKIP","floor":4.0},{"not_picked":["EarthLightRay","WitchLeyline"],"picked":"MagicChant","floor":6.0},{"not_picked":["NonDirectionalLaser","EarthLightRay"],"picked":"MilkyWay","floor":10.0},{"not_picked":["ChargeUpSpray","DoubleSpark","StarlightTyphoon"],"picked":"SKIP","floor":12.0},{"not_picked":["Occultation","NonDirectionalLaser","GrandCross"],"picked":"SKIP","floor":13.0},{"not_picked":["GravityBeat","SprinkleStarSeal","SporeBomb"],"picked":"SKIP","floor":14.0},{"not_picked":["BigCrunch","StarDustReverie"],"picked":"SuperNova+1","floor":16.0},{"not_picked":["DC","NonDirectionalLaser+1","MysteriousBeam"],"picked":"SKIP","floor":18.0},{"not_picked":["SporeBomb+1","DC"],"picked":"JA","floor":23.0},{"not_picked":["6A","DC+1","MilkyWay"],"picked":"SKIP","floor":25.0},{"not_picked":["DeepEcoloBomb","IllusionStar","ChargeUpSpray"],"picked":"SKIP","floor":27.0},{"not_picked":["PulseMagic","GrandCross"],"picked":"MillisecondPulsars+1","floor":28.0},{"not_picked":["ChargingUp","GrandCross","DC"],"picked":"SKIP","floor":31.0},{"not_picked":["JA","BlazingStar"],"picked":"MaximisePower","floor":33.0},{"not_picked":["Acceleration","MilkyWay","ManaConvection"],"picked":"SKIP","floor":35.0},{"not_picked":["RefractionSpark","DC+1","EnergyFlow+1"],"picked":"SKIP","floor":39.0},{"not_picked":["MilkyWay","NonDirectionalLaser"],"picked":"PropBag","floor":40.0},{"not_picked":["SporeBomb+1","PowerUp+1","DoubleSpark+1"],"picked":"SKIP","floor":42.0},{"not_picked":["BlazingStar","AsteroidBelt+1","LuminesStrike+1"],"picked":"SKIP","floor":45.0},{"not_picked":["DragonMeteor","Singularity+1"],"picked":"UnstableBomb+1","floor":47.0},{"not_picked":["Singularity+1","MilkyWay+1","Robbery"],"picked":"SKIP","floor":48.0},{"not_picked":["DarkMatter","IllusionStar+1","SporeBomb+1"],"picked":"SKIP","floor":54}],"player_experience":336643,"relics_obtained":[{"floor":6.0,"key":"Frozen Egg 2"},{"floor":9.0,"key":"Lantern"},{"floor":10.0,"key":"Bottled Lightning"},{"floor":12.0,"key":"Smiling Mask"},{"floor":14.0,"key":"WingedGreaves"},{"floor":23.0,"key":"Gensokyo:ConquerorOfFear"},{"floor":23.0,"key":"Boot"},{"floor":27.0,"key":"The Courier"},{"floor":28.0,"key":"Gremlin Horn"},{"floor":40.0,"key":"Mango"},{"floor":42.0,"key":"Toy Ornithopter"},{"floor":43.0,"key":"REME_HourglassOfDeath"},{"floor":45.0,"key":"InkBottle"},{"floor":48.0,"key":"Bottled Flame"},{"floor":54,"key":"War Paint"}],"event_choices":[],"is_beta":false,"boss_relics":[{"not_picked":["Runic Dome","SacredBark"],"picked":"Astrolabe"},{"not_picked":["ExperimentalFamiliar","Calling Bell"],"picked":"Snecko Eye"}],"items_purged_floors":[20,53],"is_endless":false,"potions_floor_spawned":[1,10,12,13,14,23,25,31,33,42,47,48],"ascension_level":2}}