{"host":"yo9wwslrag05lh37","time":1610834034,"event":{"mods":["AchievementEnabler","BaseMod","Block Reminder","Colored Map","Colored Powertips","GifTheSpireLib","HexUI Lib","Highlight Path","Minty Spire (QoL Compilation)","Rare Cards Sparkle","Relic Stats","StSLib","everything is the same but u backflip on backflip"],"gold_per_floor":[118,129,129,146,166,193,193,193,218,251,263,278,294,322,322,421,421,408,408,408,408,423,423,449,449,449,449,256,275,275,286,286,286,286],"floor_reached":33,"language":"ENG","playtime":3419,"items_purged":["Strike_R+1"],"score":456,"play_id":"3f2eb922-2b67-44ed-a68a-5c1b17571309","local_time":"20210116225354","is_ascension_mode":true,"campfire_choices":[{"data":"Bash","floor":8,"key":"SMITH"},{"floor":15,"key":"REST"},{"data":"Feed","floor":23,"key":"SMITH"},{"data":"Demon Form","floor":25,"key":"SMITH"},{"floor":27,"key":"REST"},{"data":"Armaments","floor":32,"key":"SMITH"}],"circlet_count":0,"master_deck":["AscendersBane","Strike_R+1","Strike_R+1","Defend_R+1","Defend_R+1","Defend_R+1","Defend_R+1","Bash+1","Anger","Cleave","Thunderclap","Twin Strike","Demon Form+1","Armaments+1","Burning Pact","Pommel Strike","Flame Barrier","Heavy Blade","Feed+1","Feel No Pain","Dual Wield","Dropkick+1","Heavy Blade"],"relics":["Burning Blood","Dream Catcher","Strawberry","Tiny Chest","Gambling Chip","SlaversCollar","Nilry\u0027s Codex","Art of War","Smiling Mask","Question Card","Strange Spoon"],"acts_visited":["Exordium","TheCity"],"potions_floor_usage":[10,14,14,29,33,33,33],"damage_taken":[{"damage":2,"enemies":"Jaw Worm","floor":1,"turns":3},{"damage":7,"enemies":"2 Louse","floor":2,"turns":3},{"damage":5,"enemies":"Cultist","floor":4,"turns":4},{"damage":9,"enemies":"Blue Slaver","floor":5,"turns":5},{"damage":36,"enemies":"Lagavulin","floor":6,"turns":6},{"damage":8,"enemies":"Gremlin Nob","floor":10,"turns":3},{"damage":18,"enemies":"Large Slime","floor":11,"turns":4},{"damage":7,"enemies":"Looter","floor":12,"turns":3},{"damage":15,"enemies":"Exordium Wildlife","floor":13,"turns":3},{"damage":20,"enemies":"Lagavulin","floor":14,"turns":6},{"damage":20,"enemies":"Slime Boss","floor":16,"turns":6},{"damage":19,"enemies":"2 Thieves","floor":18,"turns":4},{"damage":12,"enemies":"Chosen","floor":22,"turns":3},{"damage":41,"enemies":"Book of Stabbing","floor":24,"turns":5},{"damage":18,"enemies":"3 Cultists","floor":29,"turns":5},{"damage":22,"enemies":"Chosen and Byrds","floor":31,"turns":8},{"damage":80,"enemies":"Collector","floor":33,"turns":6}],"seed_played":"-4976147648361071688","potions_obtained":[{"floor":2,"key":"Fire Potion"},{"floor":4,"key":"CultistPotion"},{"floor":11,"key":"Energy Potion"},{"floor":12,"key":"Swift Potion"},{"floor":14,"key":"LiquidBronze"},{"floor":16,"key":"DistilledChaos"},{"floor":22,"key":"GamblersBrew"},{"floor":31,"key":"FearPotion"}],"is_trial":false,"path_per_floor":["M","M","?","M","M","E","?","R","T","E","M","M","M","E","R","B",null,"M","?","?","T","M","R","E","R","T","R","$","M","?","M","R","B"],"character_chosen":"IRONCLAD","items_purchased":["Strange Spoon"],"campfire_rested":2,"item_purchase_floors":[28],"current_hp_per_floor":[84,83,83,84,81,51,51,51,58,56,44,43,34,20,48,34,80,70,70,54,54,51,51,16,16,16,46,46,34,67,55,55,0,0],"gold":286,"neow_bonus":"TEN_PERCENT_HP_BONUS","is_daily":false,"chose_seed":false,"campfire_upgraded":4,"win_rate":0.0,"timestamp":1610834034,"path_taken":["M","M","?","M","M","E","?","R","T","E","M","?","M","E","R","BOSS","M","?","?","?","M","R","E","R","T","R","$","M","?","M","R","BOSS"],"items_purchased_type":["Relic"],"build_version":"2020-12-22","purchased_purges":1,"victory":false,"max_hp_per_floor":[88,88,88,88,88,88,88,88,95,95,95,95,95,95,95,95,95,98,98,98,98,101,101,101,101,101,101,101,101,101,105,105,105,105],"relic_stats":{"Strange Spoon":[2],"Dream Catcher":2,"counters":[17,77],"Gambling Chip":[19],"Tiny Chest":1,"Art of War":[8],"Smiling Mask":25,"Question Card":3,"obtain_stats":[{"SlaversCollar":17,"Strange Spoon":28,"Dream Catcher":6,"Nilry\u0027s Codex":20,"Strawberry":9,"Gambling Chip":14,"Tiny Chest":10,"Art of War":21,"Smiling Mask":24,"Question Card":26,"Burning Blood":0},{"SlaversCollar":11,"Strange Spoon":14,"Dream Catcher":5,"Nilry\u0027s Codex":12,"Strawberry":5,"Gambling Chip":10,"Tiny Chest":6,"Art of War":12,"Smiling Mask":14,"Question Card":14,"Burning Blood":0},{"SlaversCollar":46,"Strange Spoon":58,"Dream Catcher":21,"Nilry\u0027s Codex":50,"Strawberry":21,"Gambling Chip":40,"Tiny Chest":24,"Art of War":50,"Smiling Mask":58,"Question Card":58,"Burning Blood":0}],"Burning Blood":96},"card_choices":[{"not_picked":["Pommel Strike","Inflame"],"picked":"Anger","floor":1},{"not_picked":["True Grit","Headbutt"],"picked":"Cleave","floor":2},{"not_picked":["True Grit","Rage"],"picked":"Twin Strike","floor":4},{"not_picked":["Iron Wave","Armaments","Heavy Blade"],"picked":"SKIP","floor":5},{"not_picked":["Shrug It Off","Thunderclap"],"picked":"Demon Form","floor":6},{"not_picked":["Clothesline","Wild Strike"],"picked":"Burning Pact","floor":10},{"not_picked":["Body Slam","Dual Wield"],"picked":"Pommel Strike","floor":11},{"not_picked":["Pummel","Clothesline"],"picked":"Flame Barrier","floor":12},{"not_picked":["Clothesline","Body Slam"],"picked":"Heavy Blade","floor":13},{"not_picked":["Entrench","Anger","Wild Strike"],"picked":"SKIP","floor":14},{"not_picked":["Immolate","Juggernaut"],"picked":"Feed","floor":16},{"not_picked":["Havoc","Cleave"],"picked":"Feel No Pain","floor":18},{"not_picked":["Armaments+1","Uppercut"],"picked":"Dual Wield","floor":22},{"not_picked":["Dropkick","Spot Weakness","Body Slam+1"],"picked":"SKIP","floor":24},{"not_picked":["Rupture","Havoc","Burning Pact"],"picked":"Dropkick+1","floor":27},{"not_picked":["Dark Embrace","Fire Breathing+1","Clash+1"],"picked":"Heavy Blade","floor":29},{"not_picked":["Anger+1","Armaments","Headbutt","Rage"],"picked":"SKIP","floor":31}],"player_experience":1504613,"relics_obtained":[{"floor":6,"key":"Dream Catcher"},{"floor":9,"key":"Strawberry"},{"floor":10,"key":"Tiny Chest"},{"floor":14,"key":"Gambling Chip"},{"floor":20,"key":"Nilry\u0027s Codex"},{"floor":21,"key":"Art of War"},{"floor":24,"key":"Smiling Mask"},{"floor":26,"key":"Question Card"}],"event_choices":[{"damage_healed":0,"gold_gain":0,"cards_transformed":["Strike_R"],"player_choice":"Change","damage_taken":0,"max_hp_gain":0,"max_hp_loss":0,"event_name":"Living Wall","floor":3,"gold_loss":0,"cards_obtained":["Thunderclap"]},{"damage_healed":0,"gold_gain":0,"cards_transformed":["Strike_R"],"player_choice":"Transformed","damage_taken":0,"max_hp_gain":0,"max_hp_loss":0,"event_name":"Transmorgrifier","floor":7,"gold_loss":0,"cards_obtained":["Armaments"]},{"damage_healed":0,"gold_gain":0,"player_choice":"Simplicity","damage_taken":0,"max_hp_gain":0,"max_hp_loss":0,"event_name":"Back to Basics","floor":19,"gold_loss":0,"cards_upgraded":["Strike_R","Strike_R","Strike_R","Defend_R","Defend_R","Defend_R","Defend_R"]},{"damage_healed":0,"gold_gain":0,"player_choice":"Obtained Book","damage_taken":16,"max_hp_gain":0,"max_hp_loss":0,"event_name":"Cursed Tome","floor":20,"gold_loss":0},{"damage_healed":33,"gold_gain":0,"player_choice":"Heal","damage_taken":0,"max_hp_gain":0,"max_hp_loss":0,"event_name":"The Library","floor":30,"gold_loss":0}],"is_beta":false,"boss_relics":[{"not_picked":["SacredBark","Runic Pyramid"],"picked":"SlaversCollar"}],"items_purged_floors":[28],"is_endless":false,"potions_floor_spawned":[2,4,11,12,14,16,22,31],"killed_by":"Collector","ascension_level":10}}