{"host":"ydujlihd8f5px9gp","time":1610812367,"event":{"mods":["AchievementEnabler","BaseMod","Block Reminder","Colored Map","Minty Spire (QoL Compilation)","ojb\u0027s Info Mod"],"gold_per_floor":[115,127,147,166,180,180,213,213,213,213,243,45,69,87,87,188,188,206,218,218,16,16,51,51,83,110,110,123,123,140,157,157,253,253,271,286,8,8,8,36,36,68,68,84,99,99,99,99,99,99],"floor_reached":51,"language":"ENG","playtime":2121,"items_purged":["Defend_R","Strike_R","Shame"],"score":921,"play_id":"0fdbbf07-9b88-42a3-83cb-089dc4981ab6","local_time":"20210116135247","is_ascension_mode":true,"campfire_choices":[{"data":"Pommel Strike","floor":6,"key":"SMITH"},{"floor":10,"key":"REST"},{"floor":15,"key":"REST"},{"data":"Flame Barrier","floor":24,"key":"SMITH"},{"data":"Shrug It Off","floor":29,"key":"SMITH"},{"floor":32,"key":"REST"},{"data":"Double Tap","floor":41,"key":"SMITH"},{"data":"Bash","floor":47,"key":"SMITH"},{"floor":49,"key":"REST"}],"circlet_count":0,"master_deck":["Defend_R+1","Defend_R","Bash+1","Clash","Shrug It Off+1","Pommel Strike+1","Flame Barrier+1","Inflame+1","Headbutt+1","Heavy Blade+1","Feed+1","Iron Wave+1","Blood for Blood+1","Flame Barrier+1","Uppercut+1","Bite+1","Bite+1","Bite+1","Bite+1","Rampage+1","Shrug It Off+1","Double Tap+1","Iron Wave+1","Carnage+1","Carnage+1","Parasite","Pommel Strike+1","Shrug It Off+1"],"relics":["SacredBark","Molten Egg 2","Bronze Scales","Juzu Bracelet","Odd Mushroom","Velvet Choker","Kunai","StoneCalendar","Bottled Lightning","Oddly Smooth Stone","Cursed Key","Strawberry","Red Skull","Question Card","Mercury Hourglass"],"acts_visited":["Exordium","TheCity","TheBeyond"],"potions_floor_usage":[7,11,11,13,16,28,33,33,50,50],"damage_taken":[{"damage":18,"enemies":"Jaw Worm","floor":1,"turns":5},{"damage":2,"enemies":"2 Louse","floor":2,"turns":2},{"damage":1,"enemies":"Cultist","floor":3,"turns":4},{"damage":3,"enemies":"Blue Slaver","floor":4,"turns":5},{"damage":10,"enemies":"Large Slime","floor":5,"turns":7},{"damage":14,"enemies":"Lagavulin","floor":7,"turns":8},{"damage":13,"enemies":"Gremlin Nob","floor":11,"turns":3},{"damage":7,"enemies":"The Mushroom Lair","floor":13,"turns":4},{"damage":6,"enemies":"Looter","floor":14,"turns":2},{"damage":35,"enemies":"The Guardian","floor":16,"turns":8},{"damage":0,"enemies":"3 Byrds","floor":18,"turns":3},{"damage":12,"enemies":"Chosen","floor":19,"turns":4},{"damage":33,"enemies":"Book of Stabbing","floor":23,"turns":6},{"damage":25,"enemies":"Slavers","floor":25,"turns":5},{"damage":5,"enemies":"3 Cultists","floor":28,"turns":4},{"damage":0,"enemies":"Snake Plant","floor":30,"turns":3},{"damage":30,"enemies":"Shelled Parasite and Fungi","floor":31,"turns":5},{"damage":42,"enemies":"Collector","floor":33,"turns":8},{"damage":0,"enemies":"Orb Walker","floor":35,"turns":3},{"damage":24,"enemies":"3 Shapes","floor":36,"turns":5},{"damage":14,"enemies":"Nemesis","floor":40,"turns":7},{"damage":13,"enemies":"Reptomancer","floor":42,"turns":7},{"damage":7,"enemies":"Maw","floor":44,"turns":6},{"damage":17,"enemies":"Jaw Worm Horde","floor":45,"turns":3},{"damage":34,"enemies":"Donu and Deca","floor":50,"turns":7}],"seed_played":"-267749071776855239","potions_obtained":[{"floor":1,"key":"Weak Potion"},{"floor":2,"key":"GamblersBrew"},{"floor":7,"key":"DuplicationPotion"},{"floor":13,"key":"PowerPotion"},{"floor":19,"key":"PowerPotion"},{"floor":25,"key":"SteroidPotion"},{"floor":28,"key":"SneckoOil"},{"floor":39,"key":"Strength Potion"},{"floor":39,"key":"SmokeBomb"},{"floor":40,"key":"Dexterity Potion"}],"is_trial":false,"path_per_floor":["M","M","M","M","M","R","E","?","T","R","E","$","?","M","R","B",null,"M","M","?","$","?","E","R","E","T","?","M","R","M","M","R","B",null,"M","M","$","?","?","E","R","E","T","M","M","?","R","?","R","B",null],"character_chosen":"IRONCLAD","items_purchased":["LiquidBronze","Headbutt+1","FairyPotion","Strawberry"],"campfire_rested":4,"item_purchase_floors":[12,12,21,37],"current_hp_per_floor":[62,60,59,56,46,46,32,16,16,40,27,27,20,14,38,3,80,84,72,72,72,72,39,39,18,18,18,26,26,32,15,35,14,69,73,62,69,69,69,76,76,72,72,77,67,67,67,67,88,60],"gold":99,"neow_bonus":"BOSS_RELIC","is_daily":false,"chose_seed":false,"campfire_upgraded":5,"win_rate":0.0,"timestamp":1610812367,"path_taken":["M","M","M","M","M","R","E","?","T","R","E","$","?","M","R","BOSS","M","M","?","?","?","E","R","E","T","?","M","R","M","M","R","BOSS","M","M","$","?","?","E","R","E","T","M","M","?","R","?","R","BOSS"],"items_purchased_type":["Potion","Card","Potion","Relic"],"build_version":"2020-12-22","purchased_purges":3,"victory":true,"max_hp_per_floor":[80,80,80,80,80,80,80,80,80,80,80,80,80,80,80,80,80,84,84,84,84,84,84,84,88,88,61,65,65,65,69,69,69,69,73,77,84,84,84,84,84,84,84,84,88,88,88,88,88,88],"card_choices":[{"not_picked":["Dual Wield","Thunderclap"],"picked":"Clash","floor":1},{"not_picked":["Cleave","Wild Strike"],"picked":"Shrug It Off","floor":2},{"not_picked":["Flex","Warcry"],"picked":"Pommel Strike","floor":3},{"not_picked":["Clothesline","Reckless Charge"],"picked":"Flame Barrier","floor":4},{"not_picked":["Reaper","True Grit","Shockwave"],"picked":"SKIP","floor":5},{"not_picked":["Flex","Body Slam+1","Heavy Blade+1"],"picked":"SKIP","floor":7},{"not_picked":["Sentinel","Warcry"],"picked":"Inflame","floor":11},{"not_picked":["True Grit","Body Slam+1"],"picked":"Heavy Blade+1","floor":13},{"not_picked":["Flex","Sword Boomerang+1","Thunderclap+1"],"picked":"SKIP","floor":14},{"not_picked":["Demon Form","Barricade"],"picked":"Feed+1","floor":16},{"not_picked":["Metallicize","Headbutt+1"],"picked":"Iron Wave+1","floor":18},{"not_picked":["Thunderclap+1","Armaments"],"picked":"Blood for Blood+1","floor":19},{"not_picked":["Body Slam+1","Seeing Red","Sever Soul+1"],"picked":"SKIP","floor":23},{"not_picked":["Wild Strike+1","Anger+1"],"picked":"Uppercut+1","floor":25},{"not_picked":["Flame Barrier","Body Slam+1","Warcry"],"picked":"SKIP","floor":28},{"not_picked":["Metallicize","Body Slam+1"],"picked":"Rampage+1","floor":30},{"not_picked":["True Grit","Thunderclap+1"],"picked":"Shrug It Off+1","floor":31},{"not_picked":["Berserk","Fiend Fire+1"],"picked":"Double Tap","floor":33},{"not_picked":["Uppercut+1","Heavy Blade+1","Anger+1"],"picked":"SKIP","floor":35},{"not_picked":["Clothesline+1","Twin Strike+1"],"picked":"Iron Wave+1","floor":36},{"not_picked":["Seeing Red+1","Armaments+1"],"picked":"Carnage+1","floor":40},{"not_picked":["Heavy Blade+1","Anger+1"],"picked":"Carnage+1","floor":42},{"not_picked":["Bloodletting","Heavy Blade+1","Clothesline+1"],"picked":"Pommel Strike+1","floor":44},{"not_picked":["Hemokinesis+1","Metallicize+1","Twin Strike+1"],"picked":"Shrug It Off+1","floor":45}],"player_experience":128640,"relics_obtained":[{"floor":7,"key":"Molten Egg 2"},{"floor":9,"key":"Bronze Scales"},{"floor":11,"key":"Juzu Bracelet"},{"floor":13,"key":"Odd Mushroom"},{"floor":23,"key":"StoneCalendar"},{"floor":25,"key":"Bottled Lightning"},{"floor":26,"key":"Oddly Smooth Stone"},{"floor":40,"key":"Red Skull"},{"floor":42,"key":"Question Card"},{"floor":43,"key":"Mercury Hourglass"}],"event_choices":[{"damage_healed":0,"gold_gain":0,"player_choice":"Entered Light","damage_taken":16,"max_hp_gain":0,"max_hp_loss":0,"event_name":"Shining Light","floor":8,"gold_loss":0,"cards_upgraded":["Defend_R","Flame Barrier"]},{"damage_healed":0,"gold_gain":0,"player_choice":"Fought Mushrooms","damage_taken":0,"max_hp_gain":0,"max_hp_loss":0,"event_name":"Mushrooms","floor":13,"gold_loss":0},{"damage_healed":0,"gold_gain":0,"cards_transformed":["Strike_R"],"player_choice":"Transformed","damage_taken":0,"max_hp_gain":0,"max_hp_loss":0,"event_name":"Transmorgrifier","floor":20,"gold_loss":0,"cards_obtained":["Flame Barrier"]},{"damage_healed":0,"gold_gain":0,"player_choice":"Stole Relic","damage_taken":0,"relics_obtained":["Kunai"],"max_hp_gain":0,"max_hp_loss":0,"event_name":"Addict","floor":22,"gold_loss":0,"cards_obtained":["Shame"]},{"damage_healed":0,"gold_gain":0,"player_choice":"Became a vampire","damage_taken":0,"max_hp_gain":0,"max_hp_loss":27,"event_name":"Vampires","floor":27,"gold_loss":0,"cards_obtained":["Bite","Bite","Bite","Bite","Bite"]},{"cards_removed":["Defend_R"],"damage_healed":0,"gold_gain":0,"player_choice":"Purged","damage_taken":0,"max_hp_gain":0,"max_hp_loss":0,"event_name":"Purifier","floor":38,"gold_loss":0},{"damage_healed":0,"gold_gain":0,"player_choice":"Got Potions","damage_taken":0,"max_hp_gain":0,"max_hp_loss":0,"event_name":"Lab","floor":39,"gold_loss":0},{"damage_healed":0,"gold_gain":0,"player_choice":"Forge","damage_taken":0,"max_hp_gain":0,"max_hp_loss":0,"event_name":"Accursed Blacksmith","floor":46,"gold_loss":0,"cards_upgraded":["Inflame"]},{"cards_removed":["Bite"],"damage_healed":0,"gold_gain":0,"player_choice":"Removed Attack","damage_taken":0,"max_hp_gain":0,"max_hp_loss":0,"event_name":"Falling","floor":48,"gold_loss":0}],"is_beta":false,"boss_relics":[{"not_picked":["Tiny House","Empty Cage"],"picked":"Velvet Choker"},{"not_picked":["Pandora\u0027s Box","Philosopher\u0027s Stone"],"picked":"Cursed Key"}],"items_purged_floors":[12,21,37],"is_endless":false,"potions_floor_spawned":[1,2,7,13,19,25,28,40,44,45],"ascension_level":4}}