{"host":"jm9833yuloeli2yd","time":1610767828,"event":{"mods":["BaseMod","Better Altar","Better Match","Better Note","Better Sensory Stone","Better Skull","Better Third Choice","Better Vampires","BetterRewards","Colored Map","Colored Powertips","DeckTracker","Minty Spire (QoL Compilation)","Permanent Neow","Quick Restart","Slay-I","StSLib","SuperFastMode"],"gold_per_floor":[116,131,131,144,106,106,119,150,176,176,201,201,216,236,236,313,313,286,303,353,353,32,66,66,76,76,108,136,148,160,172,172],"floor_reached":31,"language":"ENG","playtime":693,"items_purged":["Strike_B","Strike_B"],"score":920,"play_id":"6636a76b-2ff3-4d66-9125-e3c4c51d9791","local_time":"20210115223028","is_ascension_mode":true,"campfire_choices":[{"floor":6.0,"key":"REST"},{"data":"Barrage","floor":10.0,"key":"SMITH"},{"data":"Cold Snap","floor":15.0,"key":"SMITH"},{"data":"Buffer","floor":24.0,"key":"SMITH"},{"data":"Dualcast","floor":29.0,"key":"SMITH"}],"circlet_count":0,"master_deck":["AscendersBane","Strike_B+1","Strike_B+1","Defend_B+1","Defend_B","Defend_B","Defend_B","Zap+1","Dualcast+1","Ball Lightning","Cold Snap+1","Reinforced Body","Barrage+1","Self Repair","Chill","Chill","Steam","Buffer+1","Genetic Algorithm","Compile Driver","Ghostly","Ghostly","Ghostly","Barrage+1","Conserve Battery","Chill","Conserve Battery+1","Fission+1"],"relics":["Cracked Core","PreservedInsect","War Paint","Vajra","Strawberry","Blue Candle","Inserter","DollysMirror","Happy Flower","Toxic Egg 2","MawBank"],"acts_visited":["Exordium","TheCity"],"potions_floor_usage":[31],"damage_taken":[{"damage":2.0,"enemies":"Jaw Worm","floor":1.0,"turns":3.0},{"damage":7.0,"enemies":"2 Louse","floor":2.0,"turns":2.0},{"damage":4.0,"enemies":"Small Slimes","floor":4.0,"turns":3.0},{"damage":0.0,"enemies":"Exordium Wildlife","floor":7.0,"turns":1.0},{"damage":0.0,"enemies":"Gremlin Nob","floor":8.0,"turns":2.0},{"damage":14.0,"enemies":"Lagavulin","floor":11.0,"turns":6.0},{"damage":0.0,"enemies":"Looter","floor":13.0,"turns":2.0},{"damage":1.0,"enemies":"Blue Slaver","floor":14.0,"turns":3.0},{"damage":43.0,"enemies":"Hexaghost","floor":16.0,"turns":10.0},{"damage":20.0,"enemies":"2 Thieves","floor":18.0,"turns":4.0},{"damage":11.0,"enemies":"Spheric Guardian","floor":19.0,"turns":5.0},{"damage":0.0,"enemies":"Gremlin Leader","floor":23.0,"turns":4.0},{"damage":9.0,"enemies":"Snake Plant","floor":25.0,"turns":5.0},{"damage":0.0,"enemies":"Book of Stabbing","floor":27.0,"turns":5.0},{"damage":10.0,"enemies":"Shelled Parasite and Fungi","floor":28.0,"turns":6.0},{"damage":48,"enemies":"Gremlin Leader","floor":31,"turns":5}],"seed_played":"-6126893910834741573","potions_obtained":[{"floor":1.0,"key":"BlessingOfTheForge"},{"floor":7.0,"key":"SteroidPotion"},{"floor":14.0,"key":"Strength Potion"},{"floor":19.0,"key":"FocusPotion"},{"floor":23.0,"key":"SteroidPotion"}],"is_trial":false,"path_per_floor":["M","M","?","M","?","R","M","E","T","R","E","?","M","M","R","B",null,"M","M","?","?","$","E","R","M","T","E","M","R","$","E"],"character_chosen":"DEFECT","items_purchased":["PreservedInsect","Ball Lightning","Cold Snap","DollysMirror","PowerPotion"],"campfire_rested":1,"item_purchase_floors":[0,0,0,22,22],"current_hp_per_floor":[50,43,32,28,28,49,49,56,63,63,56,33,40,46,46,10,61,41,37,37,37,37,37,37,35,35,39,36,36,36,0,0],"gold":172,"neow_bonus":"","is_daily":false,"chose_seed":false,"campfire_upgraded":4,"win_rate":0.0,"timestamp":1610767828,"path_taken":["M","M","?","M","?","R","M","E","T","R","E","?","M","M","R","BOSS","M","M","?","?","$","E","R","M","T","E","M","R","$","E"],"items_purchased_type":["Relic","Card","Card","Relic","Potion"],"build_version":"2020-12-22","purchased_purges":2,"victory":false,"max_hp_per_floor":[71,71,71,71,71,71,71,71,78,78,78,78,78,78,78,78,78,78,78,78,39,39,39,39,39,39,39,39,39,39,39,39],"card_choices":[{"not_picked":["Gash","Conserve Battery"],"picked":"Reinforced Body","floor":1.0},{"not_picked":["Hologram","White Noise"],"picked":"Barrage","floor":2.0},{"not_picked":["Tempest","Chaos"],"picked":"Self Repair","floor":4.0},{"not_picked":["White Noise","Heatsinks","Gash"],"picked":"SKIP","floor":7.0},{"not_picked":["Barrage","Creative AI"],"picked":"Chill","floor":8.0},{"not_picked":["Steam","Leap"],"picked":"Chill","floor":11.0},{"not_picked":["Redo","White Noise","Steam"],"picked":"SKIP","floor":13.0},{"not_picked":["Redo","White Noise"],"picked":"Steam","floor":13.0},{"not_picked":["Reinforced Body","Recycle","Chill"],"picked":"SKIP","floor":14.0},{"not_picked":["Multi-Cast","Creative AI"],"picked":"Buffer","floor":16.0},{"not_picked":["Skim","Barrage"],"picked":"Genetic Algorithm","floor":18.0},{"not_picked":["Stack","Chill"],"picked":"Compile Driver","floor":19.0},{"not_picked":["Redo","Ball Lightning+1"],"picked":"Conserve Battery","floor":23.0},{"not_picked":["Hello World","Cold Snap"],"picked":"Chill","floor":25.0},{"not_picked":["Cold Snap","Skim+1"],"picked":"Conserve Battery+1","floor":27.0},{"not_picked":["Go for the Eyes","Coolheaded+1"],"picked":"Fission+1","floor":28.0}],"player_experience":1320949,"relics_obtained":[{"floor":8.0,"key":"Vajra"},{"floor":9.0,"key":"Strawberry"},{"floor":11.0,"key":"Blue Candle"},{"floor":23.0,"key":"Happy Flower"},{"floor":26.0,"key":"Toxic Egg 2"},{"floor":27.0,"key":"MawBank"}],"event_choices":[{"damage_healed":0.0,"max_hp_gain":0.0,"max_hp_loss":0.0,"gold_gain":0.0,"event_name":"betterThird:BetterScrap","player_choice":"Relic ","floor":3.0,"gold_loss":0.0,"damage_taken":11.0,"cards_obtained":["FearNoEvil"]},{"damage_healed":0.0,"max_hp_gain":0.0,"max_hp_loss":0.0,"gold_gain":0.0,"event_name":"betterThird:BetterGoop","player_choice":"Left","floor":5.0,"gold_loss":38.0,"damage_taken":0.0},{"damage_healed":56.0,"max_hp_gain":0.0,"max_hp_loss":78.0,"gold_gain":0.0,"event_name":"betterThird:BetterShining","player_choice":"Upgrade","floor":12.0,"gold_loss":0.0,"damage_taken":23.0,"cards_upgraded":["Strike_B","Strike_B"]},{"damage_healed":0.0,"max_hp_gain":0.0,"max_hp_loss":0.0,"gold_gain":50.0,"event_name":"betterThird:BetterNest","player_choice":"Steal","floor":20.0,"gold_loss":0.0,"damage_taken":0.0},{"damage_healed":0.0,"max_hp_gain":0.0,"max_hp_loss":39.0,"gold_gain":0.0,"event_name":"Ghosts","player_choice":"Became a Ghost","floor":21.0,"gold_loss":0.0,"damage_taken":0.0,"cards_obtained":["Ghostly","Ghostly","Ghostly"]}],"is_beta":false,"boss_relics":[{"not_picked":["FrozenCore","Velvet Choker"],"picked":"Inserter"}],"items_purged_floors":[0,22],"is_endless":false,"potions_floor_spawned":[1,7,14,19,23,25],"killed_by":"Gremlin Leader","ascension_level":20}}