{"host":"87fdiiwflhrwsj8a","time":1610756784,"event":{"mods":["Aspiration","BaseMod","Better Match","Better Third Choice","BetterRewards","Colored Map","Conspire","GifTheSpireLib","Infinite Spire","Minty Spire (QoL Compilation)","Quick Restart","Relic Sorter","Replay The Spire","Robot Space Explorer","StSLib","Stuff the Spire","The Cursed","The Jungle"],"gold_per_floor":[109,109,109,120,140,167,177,177,231,231,250,267,267,297,297,374,374,394,411,423,423,423,456,456,486,486,518,518,536,553,553,553,630,730,746,746,763,775,775,801,817,850,850,881,893,893,918,953,953,1038,1123,1123,1123,916,956,1042],"floor_reached":57,"language":"ENG","playtime":2956,"items_purged":[],"score":4538,"play_id":"d80af42a-7299-4f9a-9f97-61f25376ed46","local_time":"20210115192624","is_ascension_mode":true,"campfire_choices":[{"floor":8.0,"key":"REST"},{"data":"Terror","floor":8.0,"key":"SMITH"},{"floor":13.0,"key":"REST"},{"data":"Cloak And Dagger","floor":13.0,"key":"SMITH"},{"data":"Terror","floor":15.0,"key":"SMITH"},{"data":"Envenom","floor":24.0,"key":"SMITH"},{"data":"Adrenaline","floor":32.0,"key":"SMITH"},{"floor":49.0,"key":"DIG"},{"data":"Burst","floor":53,"key":"SMITH"}],"circlet_count":0,"master_deck":["AscendersBane","Strike_G","Strike_G","Strike_G","Strike_G","Strike_G","Defend_G","Defend_G","Defend_G","Defend_G","Defend_G","Survivor","Neutralize","ReplayTheSpireMod:Scrap Shanks","Master of Strategy","Panacea","Accuracy","Blade Dance","Accuracy","StuffTheSpire:Injection+1","Cloak And Dagger+1","StuffTheSpire:DoubleShiv","infinitespire:Punishment+1","Terror+1","Blade Dance","Slice","Cloak And Dagger","Adrenaline+1","Terror+1","Burst+1","Survivor","Envenom+1","Finesse","infinitespire:NeuralNetwork","Prepared","Storm of Steel","Masterful Stab","Replay:Bag of Tricks","conspire:DoublingDagger+1","Bouncing Flask","Crippling Poison+1","ReplayTheSpireMod:Shiv Toss","Envenom","Calculated Gamble","ReplayTheSpireMod:Scrap Shanks","Unload","Envenom","Storm of Steel","Concentrate","After Image","Phantasmal Killer"],"relics":["Ring of the Snake","aspiration:Lifesprig","ReplayTheSpireMod:Ninjato","Chemical X","infinitespire:Magic Flask","StuffTheSpire:Wildfire","Ninja Scroll","Omamori","Medical Kit","conspire:TreasureMap","infinitespire:WardingShard","infinitespire:Broken Mirror","Replay:Baseball","aspiration:HatOfInfinitePower","Snake Skull","PreservedInsect","ReplayTheSpireMod:SealedPack","Ornamental Fan","ReplayFunnel","Art of War","Iron Hammer","conspire:TopHat","Nloth\u0027s Gift","Replay:Wanted Poster","StuffTheSpire:HeavyRock","Durian","Vampiric Spirits","infinitespire:PuzzleCube","CeramicFish","Bronze Scales","StuffTheSpire:Barrel","HoveringKite","Happy Flower","Boot"],"acts_visited":["Exordium","TheCity","TheBeyond","TheEnding"],"potions_floor_usage":[56,56],"damage_taken":[{"damage":0.0,"enemies":"Small Slimes","floor":1.0,"turns":1.0},{"damage":0.0,"enemies":"Jaw Worm","floor":4.0,"turns":1.0},{"damage":0.0,"enemies":"Cultist","floor":5.0,"turns":1.0},{"damage":0.0,"enemies":"Gremlin Nob","floor":6.0,"turns":1.0},{"damage":0.0,"enemies":"Exordium Wildlife","floor":7.0,"turns":1.0},{"damage":0.0,"enemies":"3 Louse","floor":11.0,"turns":2.0},{"damage":0.0,"enemies":"Lots of Slimes","floor":12.0,"turns":2.0},{"damage":0.0,"enemies":"Lagavulin","floor":14.0,"turns":1.0},{"damage":16.0,"enemies":"The Guardian","floor":16.0,"turns":3.0},{"damage":0.0,"enemies":"Shell Parasite","floor":18.0,"turns":2.0},{"damage":0.0,"enemies":"3 Byrds","floor":19.0,"turns":3.0},{"damage":0.0,"enemies":"Shelled Parasite and Fungi","floor":20.0,"turns":1.0},{"damage":0.0,"enemies":"Gremlin Leader","floor":23.0,"turns":1.0},{"damage":0.0,"enemies":"Slavers","floor":25.0,"turns":1.0},{"damage":0.0,"enemies":"Gremlin Leader","floor":27.0,"turns":1.0},{"damage":0.0,"enemies":"Snecko","floor":29.0,"turns":1.0},{"damage":0.0,"enemies":"Centurion and Healer","floor":30.0,"turns":1.0},{"damage":0.0,"enemies":"conspire:MysteriousRune","floor":33.0,"turns":2.0},{"damage":0.0,"enemies":"3 Darklings","floor":35.0,"turns":1.0},{"damage":0.0,"enemies":"3 Shapes","floor":37.0,"turns":1.0},{"damage":0.0,"enemies":"Transient","floor":38.0,"turns":2.0},{"damage":0.0,"enemies":"Nightmare","floor":40.0,"turns":1.0},{"damage":0.0,"enemies":"Sphere and 2 Shapes","floor":41.0,"turns":1.0},{"damage":0.0,"enemies":"Giant Head","floor":42.0,"turns":1.0},{"damage":0.0,"enemies":"Reptomancer","floor":44.0,"turns":1.0},{"damage":6.0,"enemies":"4 Shapes","floor":45.0,"turns":3.0},{"damage":0.0,"enemies":"Maw","floor":47.0,"turns":1.0},{"damage":0.0,"enemies":"Nemesis","floor":48.0,"turns":1.0},{"damage":0,"enemies":"conspire:OrnateMirror","floor":50,"turns":1},{"damage":0,"enemies":"Awakened One","floor":51,"turns":2},{"damage":0,"enemies":"Shield and Spear","floor":55,"turns":1},{"damage":64,"enemies":"The Heart","floor":56,"turns":5}],"seed_played":"7756891724380760830","potions_obtained":[{"floor":1.0,"key":"Reflective Coating"},{"floor":4.0,"key":"Toxic Potion"},{"floor":56,"key":"Venom Potion"}],"is_trial":false,"path_per_floor":["M","?","?","M","M","E","M","R","T","?","M","M","R","E","R","B",null,"M","M","M","AVR","?","E","R","E","T","E","?","M","M","$","R","B",null,"M","$","M","M","?","NM","M","E","T","E","M","AVR","M","E","R_BF","B","B",null,"R","$","E","B",null],"character_chosen":"THE_SILENT","items_purchased":["aspiration:Lifesprig","ReplayTheSpireMod:Ninjato","Chemical X","StuffTheSpire:Wildfire","Ninja Scroll","ReplayTheSpireMod:Scrap Shanks","Omamori","Master of Strategy","Panacea","Medical Kit","Accuracy","conspire:TreasureMap","infinitespire:WardingShard","Blade Dance","infinitespire:Broken Mirror","Accuracy","Replay:Baseball","StuffTheSpire:Injection+1","aspiration:HatOfInfinitePower","Cloak And Dagger","Happy Flower","Concentrate"],"campfire_rested":2,"item_purchase_floors":[0,0,0,0,0,0,0,0,0,0,0,0,0,0,0,0,0,0,0,0,54,54],"current_hp_per_floor":[17,2,2,2,2,2,2,21,21,21,23,25,44,46,46,32,58,60,62,64,64,64,66,66,66,66,66,66,66,66,66,66,66,66,66,66,66,66,61,61,61,66,66,71,65,65,71,71,71,71,71,71,71,71,71,7],"gold":1042,"neow_bonus":"","is_daily":false,"chose_seed":false,"campfire_upgraded":6,"win_rate":0.0,"timestamp":1610756784,"path_taken":["M","?","?","M","?","E","M","R","T","?","M","M","R","E","R","BOSS","M","M","M","AVR","?","E","R","E","T","E","?","M","M","$","R_BF","BOSS","M","$","?","M","?","NM","?","E","T","E","M","AVR","M","E","R_BF","BOSS","BOSS","R","$","E","BOSS"],"items_purchased_type":["Relic","Relic","Relic","Relic","Relic","Card","Relic","Card","Card","Relic","Card","Relic","Relic","Card","Relic","Card","Relic","Card","Relic","Card","Relic","Card"],"build_version":"2020-12-22","purchased_purges":0,"victory":true,"max_hp_per_floor":[66,66,66,66,66,66,66,66,66,66,66,66,66,66,66,66,66,66,66,66,66,66,66,66,66,66,66,66,66,66,66,66,66,66,66,66,66,66,66,66,66,71,71,71,71,71,71,71,71,71,71,71,71,71,71,71],"card_choices":[{"not_picked":["ReplayTheSpireMod:The Works","Flying Knee"],"picked":"StuffTheSpire:DoubleShiv","floor":1.0},{"not_picked":["ReplayTheSpireMod:Chaos Vortex","infinitespire:DeathsTouch"],"picked":"infinitespire:Punishment","floor":2.0},{"not_picked":["Dodge and Roll","Deflect"],"picked":"Terror","floor":4.0},{"not_picked":["Backflip","Expertise"],"picked":"Blade Dance","floor":5.0},{"not_picked":["Outmaneuver","Sneak Up","Caltrops"],"picked":"SKIP","floor":6.0},{"not_picked":["StuffTheSpire:BrimstoneBlast","A Thousand Cuts"],"picked":"Slice","floor":7.0},{"not_picked":["Bane","Outmaneuver"],"picked":"Cloak And Dagger","floor":11.0},{"not_picked":["Hidden Blade","Tactician"],"picked":"Adrenaline","floor":12.0},{"not_picked":["Flying Knee","Dagger Spray"],"picked":"Terror","floor":14.0},{"not_picked":["StuffTheSpire:FinalStruggle","Poison Darts"],"picked":"Burst","floor":16.0},{"not_picked":["m_Survivalism","Bash"],"picked":"Survivor","floor":17.0},{"not_picked":["Atom Bomb","Venomology"],"picked":"Envenom","floor":17.0},{"not_picked":["Jack Of All Trades","Mind Blast"],"picked":"Finesse","floor":17.0},{"not_picked":["infinitespire:UltimateForm","infinitespire:Oblivion"],"picked":"infinitespire:NeuralNetwork","floor":17.0},{"not_picked":["Flying Knee","Dagger Throw"],"picked":"Prepared","floor":18.0},{"not_picked":["ReplayTheSpireMod:Speed Training","Dagger Throw"],"picked":"Storm of Steel","floor":19.0},{"not_picked":["Dagger Throw","StuffTheSpire:BrimstoneBlast"],"picked":"Masterful Stab","floor":20.0},{"not_picked":["StuffTheSpire:Python","Flying Knee","Outmaneuver"],"picked":"SKIP","floor":23.0},{"not_picked":["Replay:Bag of Tricks","Quick Slash","Dagger Throw"],"picked":"SKIP","floor":25.0},{"not_picked":["Blade Dance","Bane","Dodge and Roll"],"picked":"SKIP","floor":27.0},{"not_picked":["Sucker Punch","Underhanded Strike","Acrobatics"],"picked":"SKIP","floor":29.0},{"not_picked":["Grand Finale","Draining Mist","Poison Darts"],"picked":"SKIP","floor":30.0},{"not_picked":["ReplayTheSpireMod:Necrosis","After Image"],"picked":"Replay:Bag of Tricks","floor":33.0},{"not_picked":["Blade Dance","StuffTheSpire:Repulse","PiercingWail"],"picked":"SKIP","floor":35.0},{"not_picked":["StuffTheSpire:ClusterCrunch","Slice"],"picked":"conspire:DoublingDagger+1","floor":37.0},{"not_picked":["StuffTheSpire:Injection","PiercingWail+1"],"picked":"Bouncing Flask","floor":38.0},{"not_picked":["Dodge and Roll","ReplayTheSpireMod:Scrap Shanks"],"picked":"Crippling Poison+1","floor":40.0},{"not_picked":["All Out Attack","StuffTheSpire:BumpUp"],"picked":"ReplayTheSpireMod:Shiv Toss","floor":41.0},{"not_picked":["Endless Agony","Terror+1"],"picked":"Envenom","floor":42.0},{"not_picked":["Quick Slash","Dagger Throw","Backflip"],"picked":"SKIP","floor":44.0},{"not_picked":["PiercingWail","Outmaneuver+1"],"picked":"Calculated Gamble","floor":45.0},{"not_picked":["Quick Slash+1","Replay:Poison Smokescreen"],"picked":"ReplayTheSpireMod:Scrap Shanks","floor":47.0},{"not_picked":["Reflex","StuffTheSpire:MirrorStance"],"picked":"Unload","floor":48.0},{"not_picked":["StuffTheSpire:FinalStruggle","Poison Darts"],"picked":"Envenom","floor":50},{"not_picked":["ReplayTheSpireMod:From All Sides","Atom Bomb"],"picked":"Storm of Steel","floor":51},{"not_picked":["Slice","Draining Mist"],"picked":"After Image","floor":55},{"not_picked":["Unload","Bullet Time"],"picked":"Phantasmal Killer","floor":56}],"player_experience":2688773,"relics_obtained":[{"floor":6.0,"key":"Snake Skull"},{"floor":9.0,"key":"Blood Vial"},{"floor":14.0,"key":"PreservedInsect"},{"floor":23.0,"key":"ReplayFunnel"},{"floor":25.0,"key":"Art of War"},{"floor":26.0,"key":"Iron Hammer"},{"floor":27.0,"key":"conspire:TopHat"},{"floor":40.0,"key":"StuffTheSpire:HeavyRock"},{"floor":42.0,"key":"Durian"},{"floor":43.0,"key":"Vampiric Spirits"},{"floor":44.0,"key":"infinitespire:PuzzleCube"},{"floor":48.0,"key":"Bronze Scales"},{"floor":49.0,"key":"StuffTheSpire:Barrel"},{"floor":55,"key":"Boot"}],"event_choices":[{"damage_healed":0.0,"max_hp_gain":0.0,"max_hp_loss":0.0,"gold_gain":0.0,"event_name":"Accursed Blacksmith","player_choice":"Forge","floor":3.0,"gold_loss":0.0,"damage_taken":0.0,"cards_upgraded":["infinitespire:Punishment"]},{"damage_healed":0.0,"max_hp_gain":0.0,"max_hp_loss":0.0,"gold_gain":0.0,"event_name":"betterThird:BetterSerpent","player_choice":"Ignored","floor":10.0,"gold_loss":0.0,"damage_taken":231.0},{"damage_healed":0.0,"max_hp_gain":0.0,"max_hp_loss":0.0,"gold_gain":0.0,"event_name":"N\u0027loth","player_choice":"Traded Relic","floor":28.0,"relics_lost":["Blood Vial"],"gold_loss":0.0,"damage_taken":0.0,"relics_obtained":["Nloth\u0027s Gift"]},{"damage_healed":0.0,"max_hp_gain":0.0,"max_hp_loss":0.0,"gold_gain":0.0,"event_name":"Designer","player_choice":"Punched","floor":39.0,"gold_loss":0.0,"damage_taken":5.0}],"is_beta":false,"boss_relics":[{"not_picked":["StuffTheSpire:Kangaroo","Abe\u0027s Treasure"],"picked":"ReplayTheSpireMod:SealedPack"},{"not_picked":["Astrolabe","Honey Jar"],"picked":"Replay:Wanted Poster"},{"not_picked":["Kintsugi","Cursed Key"],"picked":"HoveringKite"}],"items_purged_floors":[],"is_endless":true,"potions_floor_spawned":[1,4,11,16,18,20,30,33,35,42,44,47,50,56],"ascension_level":20}}