{"host":"p9t7qd83igtcp2bh","time":1610777952,"event":{"mods":["2.2 Compatiblity","AchievementEnabler","BaseMod","Colored Map","Colored Powertips","Custom Start","DeckTracker","Keyboard Shortcuts","Minty Spire (QoL Compilation)","Permanent Neow","StSLib","SuperFastMode","everything is the same but u backflip on backflip"],"gold_per_floor":[14,14,38,51,51,390,390,423,423,467,483,502,91,115,115,206,206,221,245,145,145,165,199,199,214,238,238,124,149,162,201,201,291,291,305,336,356,381,4,4,47,72,72,97,132,49,64,105,105,105],"floor_reached":51,"language":"KOR","playtime":1808,"items_purged":["Strike_B","Strike_B","Defend_B"],"score":1783,"play_id":"c2bba367-3480-4423-a2c8-b1abaf5bc504","local_time":"20210116151912","is_ascension_mode":true,"campfire_choices":[{"data":"Apotheosis","floor":7.0,"key":"SMITH"},{"floor":15.0,"key":"REST"},{"floor":24.0,"key":"REST"},{"data":"Coolheaded","floor":27.0,"key":"SMITH"},{"data":"Skim","floor":32.0,"key":"SMITH"},{"floor":40,"key":"REST"},{"floor":49,"key":"REST"}],"circlet_count":0,"master_deck":["AscendersBane","Strike_B","Strike_B","Defend_B","Defend_B","Defend_B","Zap","Dualcast","Apotheosis+1","Cold Snap","Cold Snap+1","Cold Snap","BootSequence","Go for the Eyes+1","Coolheaded+1","Electrodynamics","Compile Driver+1","Glacier","Defragment+1","Capacitor","Turbo","Coolheaded+1","Skim+1","Barrage","Machine Learning","Compile Driver+1","Blizzard","Defragment"],"relics":["Cracked Core","Golden Idol","Old Coin","Ornamental Fan","Sundial","Bird Faced Urn","Runic Capacitor","Orichalcum","Nuclear Battery","Tiny Chest","Bag of Preparation","Mercury Hourglass","Fusion Hammer","WingedGreaves","Membership Card","DataDisk","Whetstone","Darkstone Periapt","Thread and Needle","ClockworkSouvenir","The Courier"],"acts_visited":["Exordium","TheCity","TheBeyond"],"potions_floor_usage":[42,44,48],"damage_taken":[{"damage":4.0,"enemies":"Jaw Worm","floor":1.0,"turns":3.0},{"damage":0.0,"enemies":"2 Louse","floor":3.0,"turns":2.0},{"damage":6.0,"enemies":"Small Slimes","floor":4.0,"turns":3.0},{"damage":1.0,"enemies":"Lagavulin","floor":6.0,"turns":7.0},{"damage":11.0,"enemies":"Gremlin Nob","floor":8.0,"turns":3.0},{"damage":2.0,"enemies":"Lagavulin","floor":10.0,"turns":7.0},{"damage":0.0,"enemies":"2 Fungi Beasts","floor":11.0,"turns":3.0},{"damage":4.0,"enemies":"Blue Slaver","floor":12.0,"turns":4.0},{"damage":8.0,"enemies":"3 Louse","floor":14.0,"turns":4.0},{"damage":13.0,"enemies":"The Guardian","floor":16.0,"turns":13.0},{"damage":18.0,"enemies":"2 Thieves","floor":18.0,"turns":4.0},{"damage":6.0,"enemies":"Spheric Guardian","floor":19.0,"turns":4.0},{"damage":6.0,"enemies":"Centurion and Healer","floor":22.0,"turns":6.0},{"damage":11.0,"enemies":"Book of Stabbing","floor":23.0,"turns":5.0},{"damage":5.0,"enemies":"Snecko","floor":25.0,"turns":5.0},{"damage":0.0,"enemies":"Cultist and Chosen","floor":29.0,"turns":5.0},{"damage":0.0,"enemies":"Centurion and Healer","floor":30.0,"turns":5.0},{"damage":11.0,"enemies":"Slavers","floor":31.0,"turns":5.0},{"damage":0.0,"enemies":"Collector","floor":33.0,"turns":13.0},{"damage":5.0,"enemies":"3 Darklings","floor":35.0,"turns":3.0},{"damage":0.0,"enemies":"Mind Bloom Boss Battle","floor":36.0,"turns":6.0},{"damage":0.0,"enemies":"Orb Walker","floor":37.0,"turns":3.0},{"damage":10.0,"enemies":"Transient","floor":38.0,"turns":6.0},{"damage":16,"enemies":"Reptomancer","floor":41,"turns":4},{"damage":4,"enemies":"Sphere and 2 Shapes","floor":42,"turns":3},{"damage":0,"enemies":"Writhing Mass","floor":44,"turns":5},{"damage":0,"enemies":"Giant Head","floor":45,"turns":8},{"damage":3,"enemies":"4 Shapes","floor":47,"turns":5},{"damage":20,"enemies":"Reptomancer","floor":48,"turns":4},{"damage":0,"enemies":"Donu and Deca","floor":50,"turns":7}],"seed_played":"7417645014862995590","potions_obtained":[{"floor":3.0,"key":"PotionOfCapacity"},{"floor":10.0,"key":"SkillPotion"},{"floor":16.0,"key":"FearPotion"},{"floor":18.0,"key":"FairyPotion"},{"floor":23.0,"key":"Weak Potion"},{"floor":37.0,"key":"SpeedPotion"},{"floor":42,"key":"Fruit Juice"},{"floor":44,"key":"ColorlessPotion"}],"is_trial":false,"path_per_floor":["M","?","M","M","?","E","R","E","T","E","M","M","$","M","R","B",null,"M","M","$","?","M","E","R","M","T","R","$","M","M","E","R","B",null,"M","?","M","M","$","R","E","M","T","M","E","$","M","E","R","B",null],"character_chosen":"DEFECT","items_purchased":["Runic Capacitor","Orichalcum","Capacitor","Turbo","Membership Card","DataDisk","Fruit Juice","ClockworkSouvenir"],"campfire_rested":4,"item_purchase_floors":[13,13,28,28,39,39,39,46],"current_hp_per_floor":[60,36,36,30,30,29,29,18,18,16,16,12,12,4,25,12,56,40,36,36,36,32,23,44,41,41,41,41,45,51,46,46,52,66,66,71,71,61,61,71,57,66,66,79,81,81,80,67,81,81],"gold":105,"neow_bonus":"RANDOM_COLORLESS_2","is_daily":false,"chose_seed":false,"campfire_upgraded":3,"win_rate":0.0,"timestamp":1610777952,"path_taken":["M","?","M","M","?","E","R","E","T","E","M","M","$","M","R","BOSS","M","M","$","?","M","E","R","M","T","R","$","M","M","E","R","BOSS","M","?","M","M","$","R","E","M","T","M","E","$","M","E","R","BOSS"],"items_purchased_type":["Relic","Relic","Card","Card","Relic","Relic","Potion","Relic"],"build_version":"2020-12-22","purchased_purges":3,"victory":true,"max_hp_per_floor":[71,71,71,71,71,71,71,71,71,71,71,71,71,71,71,71,71,71,71,71,71,71,71,71,71,71,71,71,71,71,71,71,71,71,71,71,71,71,71,71,71,76,76,81,81,81,81,81,81,81],"card_choices":[{"not_picked":["HandOfGreed","Secret Weapon"],"picked":"Apotheosis","floor":0.0},{"not_picked":["Hologram","Sweeping Beam"],"picked":"Cold Snap","floor":1.0},{"not_picked":["Hologram","Static Discharge"],"picked":"Cold Snap","floor":3.0},{"not_picked":["Recycle","Streamline"],"picked":"Cold Snap","floor":4.0},{"not_picked":["Cold Snap","Heatsinks"],"picked":"BootSequence","floor":6.0},{"not_picked":["Auto Shields","Steam"],"picked":"Go for the Eyes","floor":8.0},{"not_picked":["Ball Lightning","Gash","Rebound"],"picked":"SKIP","floor":10.0},{"not_picked":["Static Discharge","Rebound","Redo"],"picked":"SKIP","floor":11.0},{"not_picked":["Scrape","Rebound"],"picked":"Coolheaded","floor":12.0},{"not_picked":["All For One","Ball Lightning","Scrape"],"picked":"SKIP","floor":14.0},{"not_picked":["Core Surge","Creative AI"],"picked":"Electrodynamics","floor":16.0},{"not_picked":["Go for the Eyes","Stack","Redo"],"picked":"SKIP","floor":18.0},{"not_picked":["Go for the Eyes","Stack","Redo"],"picked":"SKIP","floor":18.0},{"not_picked":["Aggregate+1","Coolheaded"],"picked":"Compile Driver+1","floor":19.0},{"not_picked":["Go for the Eyes","Redo","Conserve Battery"],"picked":"SKIP","floor":22.0},{"not_picked":["Steam","Sweeping Beam"],"picked":"Glacier","floor":23.0},{"not_picked":["Tempest","Gash"],"picked":"Defragment+1","floor":25.0},{"not_picked":["BootSequence","Fusion","Streamline+1"],"picked":"SKIP","floor":29.0},{"not_picked":["Turbo","Redo+1"],"picked":"Coolheaded+1","floor":30.0},{"not_picked":["Doom and Gloom","Defragment"],"picked":"Skim","floor":31.0},{"not_picked":["Recycle","Turbo","Reprogram"],"picked":"SKIP","floor":35.0},{"not_picked":["Ball Lightning","Recycle"],"picked":"Barrage","floor":37.0},{"not_picked":["Compile Driver","Redo","Machine Learning"],"picked":"SKIP","floor":38.0},{"not_picked":["Compile Driver","Redo"],"picked":"Machine Learning","floor":38.0},{"not_picked":["Fusion","Glacier","Stack"],"picked":"SKIP","floor":41},{"not_picked":["Ball Lightning","Turbo"],"picked":"Compile Driver+1","floor":42},{"not_picked":["Scrape","Turbo","Hologram+1"],"picked":"SKIP","floor":44},{"not_picked":["Cold Snap+1","Doom and Gloom"],"picked":"Blizzard","floor":45},{"not_picked":["Barrage+1","Sunder"],"picked":"Defragment","floor":47},{"not_picked":["Core Surge","Sweeping Beam","Redo"],"picked":"SKIP","floor":48}],"player_experience":650555,"relics_obtained":[{"floor":6.0,"key":"Old Coin"},{"floor":8.0,"key":"Ornamental Fan"},{"floor":9.0,"key":"Sundial"},{"floor":10.0,"key":"Bird Faced Urn"},{"floor":23.0,"key":"Tiny Chest"},{"floor":26.0,"key":"Bag of Preparation"},{"floor":31.0,"key":"Mercury Hourglass"},{"floor":36.0,"key":"WingedGreaves"},{"floor":41,"key":"Whetstone"},{"floor":43,"key":"Darkstone Periapt"},{"floor":45,"key":"Thread and Needle"},{"floor":48,"key":"The Courier"}],"event_choices":[{"damage_healed":0.0,"max_hp_gain":0.0,"max_hp_loss":0.0,"gold_gain":0.0,"event_name":"Golden Idol","player_choice":"Take Damage","floor":2.0,"gold_loss":0.0,"damage_taken":24.0,"relics_obtained":["Golden Idol"]},{"damage_healed":0.0,"max_hp_gain":0.0,"max_hp_loss":0.0,"gold_gain":0.0,"event_name":"Golden Wing","player_choice":"Ignored","floor":5.0,"gold_loss":0.0,"damage_taken":0.0},{"damage_healed":0.0,"max_hp_gain":0.0,"max_hp_loss":0.0,"gold_gain":0.0,"event_name":"The Mausoleum","player_choice":"Ignored","floor":21.0,"gold_loss":0.0,"damage_taken":0.0},{"damage_healed":0.0,"max_hp_gain":0.0,"max_hp_loss":0.0,"gold_gain":0.0,"event_name":"MindBloom","player_choice":"Fight","floor":36.0,"gold_loss":0.0,"damage_taken":0.0}],"is_beta":false,"boss_relics":[{"not_picked":["Astrolabe","Busted Crown"],"picked":"Nuclear Battery"},{"not_picked":["SlaversCollar","Calling Bell"],"picked":"Fusion Hammer"}],"items_purged_floors":[13,20,39],"is_endless":false,"potions_floor_spawned":[3,10,11,16,18,23,29,37,42,44,45],"ascension_level":19}}