{"host":"az1ex86qolajid0q","time":1610757608,"event":{"mods":["2.2 Compatiblity","AchievementEnabler","Astrologer","BaseMod","Beaked The Cultist","Better Altar","Better Match","Better Note","Better Sensory Stone","Better Skull","Better Third Choice","Better Vampires","BetterRewards","Colored Map","Colored Powertips","Downfall","Energized Spire","Hermit","Jorbs\u0027s Wanderer Trilogy","Minty Spire (QoL Compilation)","Permanent Neow","Rare Cards Sparkle","Relic Sorter","Relic Stats","Shop Mod","Spicy Shops","StSLib","The Construct"],"gold_per_floor":[118,78,78,78,91,91,120,120,120,132,132,132,132,132],"floor_reached":13,"language":"ENG","playtime":323,"items_purged":[],"score":122,"play_id":"d04ed76f-c028-4426-957d-ae78fdfc5d87","local_time":"20210115184008","is_ascension_mode":true,"campfire_choices":[{"floor":6,"key":"REST"},{"floor":8,"key":"REST"},{"data":"Prostrate","floor":11,"key":"SMITH"}],"circlet_count":0,"master_deck":["AscendersBane","Strike_P","Strike_P","Strike_P","Defend_P","Defend_P","Defend_P","Defend_P","Eruption","Vigilance","Prostrate","SignatureMove","Swivel","FlyingSleeves","Prostrate+1"],"relics":["energizedSpire:BlackCloud","betterThird:SlimedRelic","Tiny Chest","Damaru","Ginger","Lantern"],"acts_visited":["Exordium"],"potions_floor_usage":[],"damage_taken":[{"damage":22,"enemies":"Small Slimes","floor":1,"turns":4},{"damage":16,"enemies":"2 Louse","floor":5,"turns":4},{"damage":23,"enemies":"Gremlin Nob","floor":7,"turns":5},{"damage":6,"enemies":"Jaw Worm","floor":10,"turns":4},{"damage":29,"enemies":"3 Sentries","floor":13,"turns":8}],"seed_played":"4976461781658333214","potions_obtained":[{"floor":7,"key":"bronze:BurnAndBuffPotion"}],"is_trial":false,"path_per_floor":["M","?","?","?","M","R","E","R","T","M","R","T","E"],"character_chosen":"WATCHER","items_purchased":[],"campfire_rested":2,"item_purchase_floors":[],"current_hp_per_floor":[43,32,29,29,13,34,11,32,32,26,26,26,0,0],"gold":132,"neow_bonus":"BOSS_RELIC","is_daily":false,"chose_seed":false,"campfire_upgraded":1,"win_rate":0.0,"timestamp":1610757608,"path_taken":["M","?","?","?","M","R","E","R","T","M","R","?","E"],"items_purchased_type":[],"build_version":"2020-12-22","purchased_purges":0,"victory":false,"max_hp_per_floor":[72,72,72,72,72,72,72,72,72,72,72,72,72,72],"relic_stats":{"counters":[5,25],"Tiny Chest":0,"Ginger":[0],"obtain_stats":[{"energizedSpire:BlackCloud":0,"Lantern":12,"betterThird:SlimedRelic":2,"Damaru":7,"Tiny Chest":3,"Ginger":9,"PureWater":0},{"energizedSpire:BlackCloud":0,"Lantern":4,"betterThird:SlimedRelic":1,"Damaru":3,"Tiny Chest":1,"Ginger":3,"PureWater":0},{"energizedSpire:BlackCloud":0,"Lantern":17,"betterThird:SlimedRelic":4,"Damaru":13,"Tiny Chest":4,"Ginger":13,"PureWater":0}]},"card_choices":[{"not_picked":["PathToVictory","ClearTheMind"],"picked":"Prostrate","floor":1},{"not_picked":["Protect","Sanctity"],"picked":"Swivel","floor":5},{"not_picked":["Halt","ClearTheMind"],"picked":"FlyingSleeves","floor":7},{"not_picked":["PathToVictory","SignatureMove"],"picked":"Prostrate","floor":10}],"player_experience":677712,"relics_obtained":[{"floor":7,"key":"Damaru"},{"floor":9,"key":"Ginger"},{"floor":12,"key":"Lantern"}],"event_choices":[{"damage_healed":0,"gold_gain":0,"player_choice":"Slimed","damage_taken":11,"max_hp_gain":0,"max_hp_loss":0,"event_name":"betterThird:BetterGoop","floor":2,"gold_loss":40},{"damage_healed":0,"gold_gain":0,"player_choice":"Relic ","damage_taken":3,"max_hp_gain":0,"max_hp_loss":0,"event_name":"betterThird:BetterScrap","floor":3,"gold_loss":0,"cards_obtained":["Phantasmal Killer"]},{"damage_healed":0,"gold_gain":0,"cards_transformed":["Strike_P"],"player_choice":"Change","damage_taken":0,"max_hp_gain":0,"max_hp_loss":0,"event_name":"Living Wall","floor":4,"gold_loss":0,"cards_obtained":["SignatureMove"]}],"is_beta":false,"boss_relics":[],"items_purged_floors":[],"is_endless":false,"potions_floor_spawned":[7],"killed_by":"3 Sentries","ascension_level":10}}