{"host":"j015jhc2yy25u1i1","time":1610832297,"event":{"mods":["AchievementEnabler","BaseMod","Colored Map","Colored Powertips","Highlight Path","Minty Spire (QoL Compilation)"],"gold_per_floor":[109,129,129,2,17,17,46,46,101,128,154,54,67,81,81,178,178,195,195,210,17,37,37,57,88,111,210,223,240,240,240,240],"floor_reached":31,"language":"ENG","playtime":1991,"items_purged":["Defend_B","Strike_B","Defend_B"],"score":280,"play_id":"27581d3b-6c99-4872-a3d0-ba2f489db7b5","local_time":"20210116142457","is_ascension_mode":true,"campfire_choices":[{"data":"Chill","floor":6,"key":"SMITH"},{"data":"Streamline","floor":8,"key":"SMITH"},{"floor":15,"key":"REST"},{"floor":23,"key":"RECALL"}],"circlet_count":0,"master_deck":["Strike_B","Strike_B","Defend_B+1","Defend_B+1","Zap","Dualcast","Ball Lightning","Cold Snap","Streamline","Chill+1","Streamline+1","Fusion","Cold Snap","Redo","Coolheaded","Biased Cognition","Coolheaded","Defragment","Machine Learning","Hologram","Rainbow"],"relics":["Cracked Core","Juzu Bracelet","Happy Flower","War Paint","Odd Mushroom","Sozu","Darkstone Periapt","Nilry\u0027s Codex"],"acts_visited":["Exordium","TheCity"],"potions_floor_usage":[10],"damage_taken":[{"damage":5,"enemies":"Small Slimes","floor":1,"turns":3},{"damage":1,"enemies":"Jaw Worm","floor":2,"turns":3},{"damage":2,"enemies":"2 Louse","floor":5,"turns":2},{"damage":12,"enemies":"Gremlin Nob","floor":7,"turns":4},{"damage":12,"enemies":"Lagavulin","floor":10,"turns":5},{"damage":0,"enemies":"The Mushroom Lair","floor":11,"turns":3},{"damage":5,"enemies":"Blue Slaver","floor":13,"turns":2},{"damage":5,"enemies":"Large Slime","floor":14,"turns":3},{"damage":23,"enemies":"The Guardian","floor":16,"turns":13},{"damage":9,"enemies":"2 Thieves","floor":18,"turns":4},{"damage":0,"enemies":"Chosen","floor":20,"turns":4},{"damage":0,"enemies":"Snake Plant","floor":22,"turns":4},{"damage":12,"enemies":"Sentry and Sphere","floor":24,"turns":6},{"damage":16,"enemies":"Book of Stabbing","floor":25,"turns":7},{"damage":11,"enemies":"Snecko","floor":28,"turns":4},{"damage":0,"enemies":"Cultist and Chosen","floor":29,"turns":7},{"damage":23,"enemies":"Centurion and Healer","floor":31,"turns":3}],"seed_played":"-5616981095239794893","potions_obtained":[{"floor":7,"key":"ColorlessPotion"},{"floor":10,"key":"Ancient Potion"},{"floor":16,"key":"FearPotion"}],"is_trial":false,"path_per_floor":["M","M","?","$","M","R","E","R","T","E","?","$","M","M","R","B",null,"M","?","M","$","M","R","M","E","T","?","M","M","?","M"],"character_chosen":"DEFECT","items_purchased":["Streamline","Defragment"],"campfire_rested":1,"item_purchase_floors":[4,21],"current_hp_per_floor":[77,76,76,76,74,74,62,62,62,50,50,50,45,40,64,41,82,73,73,73,73,73,73,61,45,45,45,34,34,18,0,0],"gold":240,"neow_bonus":"TEN_PERCENT_HP_BONUS","is_daily":false,"chose_seed":false,"campfire_upgraded":2,"win_rate":0.0,"timestamp":1610832297,"path_taken":["M","M","?","$","M","R","E","R","T","E","?","$","M","M","R","BOSS","M","?","M","$","M","R","M","E","T","?","M","M","?","M"],"items_purchased_type":["Card","Card"],"build_version":"2020-12-22","purchased_purges":3,"victory":false,"max_hp_per_floor":[82,82,82,82,82,82,82,82,82,82,82,82,82,82,82,82,82,82,82,82,82,82,82,82,82,82,82,82,82,82,82,82],"card_choices":[{"not_picked":["Compile Driver","Genetic Algorithm"],"picked":"Ball Lightning","floor":1},{"not_picked":["FTL","Stack"],"picked":"Cold Snap","floor":2},{"not_picked":["Streamline","Beam Cell"],"picked":"Chill","floor":5},{"not_picked":["Fission","Redo"],"picked":"Streamline","floor":7},{"not_picked":["Cold Snap","Redo"],"picked":"Fusion","floor":10},{"not_picked":["Consume","Rip and Tear"],"picked":"Cold Snap","floor":11},{"not_picked":["Doom and Gloom","Beam Cell"],"picked":"Redo","floor":13},{"not_picked":["Genetic Algorithm","Beam Cell"],"picked":"Coolheaded","floor":14},{"not_picked":["Reboot","Thunder Strike"],"picked":"Biased Cognition","floor":16},{"not_picked":["Steam+1","Chaos"],"picked":"Coolheaded","floor":18},{"not_picked":["Redo","Sweeping Beam","Ball Lightning+1"],"picked":"SKIP","floor":20},{"not_picked":["Ball Lightning","Aggregate+1","Undo"],"picked":"SKIP","floor":22},{"not_picked":["Ball Lightning","Rebound","Melter"],"picked":"SKIP","floor":24},{"not_picked":["Stack+1","Steam"],"picked":"Machine Learning","floor":25},{"not_picked":["Compile Driver","Consume"],"picked":"Hologram","floor":28},{"not_picked":["Redo+1","Beam Cell"],"picked":"Rainbow","floor":29}],"player_experience":28697,"relics_obtained":[{"floor":7,"key":"Juzu Bracelet"},{"floor":9,"key":"Happy Flower"},{"floor":10,"key":"War Paint"},{"floor":11,"key":"Odd Mushroom"},{"floor":25,"key":"Darkstone Periapt"},{"floor":30,"key":"Nilry\u0027s Codex"}],"event_choices":[{"cards_removed":["Strike_B"],"damage_healed":0,"gold_gain":0,"player_choice":"Forget","damage_taken":0,"max_hp_gain":0,"max_hp_loss":0,"event_name":"Living Wall","floor":3,"gold_loss":0},{"damage_healed":0,"gold_gain":0,"player_choice":"Fought Mushrooms","damage_taken":0,"max_hp_gain":0,"max_hp_loss":0,"event_name":"Mushrooms","floor":11,"gold_loss":0},{"damage_healed":0,"gold_gain":0,"player_choice":"Ignored","damage_taken":0,"max_hp_gain":0,"max_hp_loss":0,"event_name":"Ghosts","floor":19,"gold_loss":0},{"damage_healed":0,"gold_gain":99,"player_choice":"Stole From Cult","damage_taken":0,"max_hp_gain":0,"max_hp_loss":0,"event_name":"Nest","floor":27,"gold_loss":0},{"damage_healed":0,"gold_gain":0,"player_choice":"Obtained Book","damage_taken":16,"max_hp_gain":0,"max_hp_loss":0,"event_name":"Cursed Tome","floor":30,"gold_loss":0}],"is_beta":false,"boss_relics":[{"not_picked":["Fusion Hammer","Calling Bell"],"picked":"Sozu"}],"items_purged_floors":[4,12,21],"is_endless":false,"potions_floor_spawned":[7,10,16,22,29],"killed_by":"Centurion and Healer","ascension_level":1}}