{"host":"g9y2ptialarrkhtq","time":1610788730,"event":{"mods":["BaseMod","Dark Map","Downfall","Minty Spire (QoL Compilation)","StSLib"],"gold_per_floor":[0,13,33,33,33,33,57,74,94,94,79,110,122,138,150,248,248,148,159,159,179,179,192,217,217,217,243,259,283,283,80,90,188,188,188,203,222,222,234,248,300,310,411,411,438,451,501,27,43,43],"floor_reached":51,"language":"ZHS","playtime":3608,"items_purged":[],"score":698,"play_id":"fd240c53-b9ff-4ca7-b68a-d94977442a2a","local_time":"20210116171850","is_ascension_mode":false,"campfire_choices":[{"floor":1.0,"key":"RECALL"},{"data":"champ:CheapShot","floor":6.0,"key":"SMITH"},{"data":"champ:LastStand","floor":18.0,"key":"SMITH"},{"data":"champ:HeavySlash","floor":26.0,"key":"SMITH"},{"data":"champ:PerfectedStrike","floor":30,"key":"SMITH"},{"data":"champ:TripleStrike","floor":35,"key":"SMITH"},{"data":"expansioncontent:DashGenerateEvil","floor":44,"key":"SMITH"}],"circlet_count":0,"master_deck":["champ:Strike","champ:Strike","champ:Strike","champ:Strike","champ:Defend","champ:Defend","champ:Defend","champ:Defend","champ:Execute","champ:CheapShot+1","champ:GladiatorStyle+1","champ:HeavySlash+1","champ:GladiatorStyle","champ:LastStand+1","champ:PerfectedStrike+1","champ:DeathBlow","champ:HoldFirm","champ:EnragedBash+1","expansioncontent:DashGenerateEvil+1","champ:TripleStrike+1","champ:Encircle","champ:PerfectedStrike","Mayhem","champ:BladeFlurry"],"relics":["champ:ChampionCrownUpgraded","Boot","Mango","Tiny Chest","downfall:HeartBlessingRed","champ:BerserkersGuideToSlaughter","Regal Pillow","Akabeko","Vajra","Ancient Tea Set","Busted Crown","Centennial Puzzle","Anchor","champ:FightingForDummies","CaptainsWheel","Ornamental Fan"],"acts_visited":["Exordium","TheCity","TheBeyond"],"potions_floor_usage":[32,33,33,33,46,49,50,50],"damage_taken":[{"damage":9.0,"enemies":"2 Louse","floor":2.0,"turns":4.0},{"damage":1.0,"enemies":"Cultist","floor":3.0,"turns":4.0},{"damage":3.0,"enemies":"Jaw Worm","floor":8.0,"turns":3.0},{"damage":2.0,"enemies":"Blue Slaver","floor":9.0,"turns":3.0},{"damage":10.0,"enemies":"downfall:FleeingMerchant","floor":11.0,"turns":5.0},{"damage":37.0,"enemies":"Gremlin Nob","floor":12.0,"turns":5.0},{"damage":15.0,"enemies":"2 Fungi Beasts","floor":13.0,"turns":3.0},{"damage":19.0,"enemies":"Large Slime","floor":14.0,"turns":5.0},{"damage":12.0,"enemies":"3 Louse","floor":15.0,"turns":4.0},{"damage":2.0,"enemies":"SI_SHIV_ARCHETYPE","floor":16.0,"turns":7.0},{"damage":17.0,"enemies":"Chosen","floor":19.0,"turns":8.0},{"damage":25.0,"enemies":"Spheric Guardian","floor":21.0,"turns":4.0},{"damage":23.0,"enemies":"Snecko","floor":23.0,"turns":5.0},{"damage":65,"enemies":"Slavers","floor":27,"turns":5},{"damage":24,"enemies":"3 Cultists","floor":28,"turns":4},{"damage":5,"enemies":"downfall:FleeingMerchant","floor":31,"turns":5},{"damage":24,"enemies":"Shelled Parasite and Fungi","floor":32,"turns":4},{"damage":35,"enemies":"DF_ARCHETYPE_CLAW","floor":33,"turns":5},{"damage":27,"enemies":"3 Shapes","floor":36,"turns":3},{"damage":30,"enemies":"3 Darklings","floor":37,"turns":3},{"damage":20,"enemies":"Transient","floor":39,"turns":5},{"damage":29,"enemies":"Jaw Worm Horde","floor":40,"turns":4},{"damage":36,"enemies":"Sphere and 2 Shapes","floor":42,"turns":4},{"damage":25,"enemies":"downfall:FleeingMerchant","floor":43,"turns":4},{"damage":15,"enemies":"Transient","floor":46,"turns":5},{"damage":3,"enemies":"Transient","floor":47,"turns":4},{"damage":20,"enemies":"4 Shapes","floor":49,"turns":2},{"damage":53,"enemies":"WA_ARCHETYPE_DIVINITY","floor":50,"turns":9}],"seed_played":"-7926644127205629228","potions_obtained":[{"floor":8.0,"key":"Fire Potion"},{"floor":9.0,"key":"SkillPotion"},{"floor":13.0,"key":"Swift Potion"},{"floor":19.0,"key":"Explosive Potion"},{"floor":25.0,"key":"CultistPotion"},{"floor":27,"key":"Fire Potion"},{"floor":32,"key":"ColorlessPotion"},{"floor":36,"key":"bronze:BurnAndBuffPotion"},{"floor":37,"key":"LiquidBronze"},{"floor":47,"key":"Fire Potion"},{"floor":49,"key":"Fruit Juice"}],"is_trial":false,"path_per_floor":["R","M","M","?","?","R","T","M","M","?","$","E","M","M","M","B",null,"R","M","?","M","?","M","T","?","R","E","M","T","R","$","M","B",null,"R","M","M","?","M","M","T","M","$","R","T","M","?","$","M","B",null],"character_chosen":"THE_CHAMP","items_purchased":["expansioncontent:DashGenerateEvil","LiquidMemories","Anchor","champ:PerfectedStrike","Ornamental Fan","Mayhem"],"campfire_rested":0,"item_purchase_floors":[31,43,43,48,48,48],"current_hp_per_floor":[90,81,80,80,80,80,80,77,75,71,71,44,29,20,18,16,104,104,97,97,87,87,89,89,89,89,44,45,45,45,55,51,36,104,104,97,99,99,104,90,90,84,79,79,79,89,86,86,96,83],"gold":43,"neow_bonus":"THREE_RARE_CARDS","is_daily":false,"chose_seed":false,"campfire_upgraded":6,"win_rate":0.0,"timestamp":1610788730,"path_taken":["R","M","M","?","?","R","T","M","?","?","?","E","M","M","M","BOSS","R","M","?","M","?","M","T","?","R","E","M","?","R","?","M","BOSS","R","M","M","?","M","M","T","M","?","R","?","?","?","$","M","BOSS"],"items_purchased_type":["Card","Potion","Relic","Card","Relic","Card"],"build_version":"2020-12-22","purchased_purges":0,"victory":true,"max_hp_per_floor":[90,90,90,90,90,90,90,90,90,104,104,104,104,104,104,104,104,104,104,104,104,104,104,104,104,104,104,104,104,104,104,104,104,104,104,104,104,104,104,104,104,104,104,104,104,104,104,104,109,109],"card_choices":[{"not_picked":["champ:Devastate","champ:TripleStrike"],"picked":"champ:CheapShot","floor":0.0},{"not_picked":["champ:CrownThrow","champ:PreemptiveStrike"],"picked":"champ:GladiatorStyle","floor":2.0},{"not_picked":["champ:BladeFlurry","champ:FocusedDefense","champ:Circumvent"],"picked":"SKIP","floor":3.0},{"not_picked":["champ:GutPunch","champ:BerserkersShout"],"picked":"champ:HeavySlash","floor":8.0},{"not_picked":["champ:IronFortress","champ:AdrenalArmor"],"picked":"champ:GladiatorStyle","floor":9.0},{"not_picked":["champ:TornadoPunch","champ:ShieldSlam","champ:FlashCut"],"picked":"SKIP","floor":11.0},{"not_picked":["champ:PerfectedStrike","champ:FlashCut"],"picked":"champ:LastStand","floor":12.0},{"not_picked":["champ:CrownThrow","champ:Encircle"],"picked":"champ:PerfectedStrike","floor":13.0},{"not_picked":["champ:IronFortress","champ:Haymaker"],"picked":"champ:DeathBlow","floor":14.0},{"not_picked":["champ:AdrenalArmor","champ:GutPunch","champ:FocusedBerserking"],"picked":"SKIP","floor":15.0},{"not_picked":["champ:SteelEdge","champ:MurderStrike"],"picked":"champ:HoldFirm","floor":16.0},{"not_picked":["champ:Haymaker","champ:EnGarde"],"picked":"champ:EnragedBash+1","floor":19.0},{"not_picked":["champ:TornadoPunch","champ:FaceSlap+1","champ:Shatter"],"picked":"SKIP","floor":21.0},{"not_picked":["champ:AdrenalArmor","champ:DeathBlow","champ:GutPunch+1"],"picked":"SKIP","floor":23.0},{"not_picked":["champ:CheapShot","champ:ArenaPreparation+1","champ:DefensiveShout"],"picked":"SKIP","floor":27},{"not_picked":["champ:FlashCut+1","champ:DefensiveShout+1","champ:TornadoPunch"],"picked":"SKIP","floor":28},{"not_picked":["champ:FocusedBerserking","champ:SetATrap","champ:BladeFlurry"],"picked":"SKIP","floor":31},{"not_picked":["champ:DefensiveShout","champ:TornadoPunch","champ:FancyFootwork"],"picked":"SKIP","floor":32},{"not_picked":["champ:Improvising","champ:DancingMaster"],"picked":"champ:TripleStrike","floor":33},{"not_picked":["champ:Encircle"],"picked":"SKIP","floor":36},{"not_picked":["champ:Encircle"],"picked":"SKIP","floor":36},{"not_picked":["champ:Lariat"],"picked":"SKIP","floor":37},{"not_picked":["champ:Haymaker+1"],"picked":"SKIP","floor":39},{"not_picked":["champ:FocusedDefense"],"picked":"SKIP","floor":40},{"not_picked":["champ:DefensiveShout+1"],"picked":"SKIP","floor":42},{"not_picked":["champ:StanceDance+1"],"picked":"SKIP","floor":43},{"not_picked":["champ:AdrenalArmor"],"picked":"SKIP","floor":46},{"not_picked":[],"picked":"champ:Encircle","floor":47},{"not_picked":["champ:BladeFlurry"],"picked":"SKIP","floor":49},{"not_picked":[],"picked":"champ:BladeFlurry","floor":49}],"player_experience":174634,"relics_obtained":[{"floor":7.0,"key":"Boot"},{"floor":12.0,"key":"Tiny Chest"},{"floor":24.0,"key":"Akabeko"},{"floor":27,"key":"Vajra"},{"floor":29,"key":"Ancient Tea Set"},{"floor":41,"key":"Centennial Puzzle"},{"floor":45,"key":"champ:FightingForDummies"},{"floor":47,"key":"CaptainsWheel"}],"event_choices":[{"cards_removed":["champ:Taunt"],"damage_healed":0.0,"max_hp_gain":0.0,"max_hp_loss":0.0,"gold_gain":0.0,"event_name":"The Cleric","player_choice":"Card Removal","floor":4.0,"gold_loss":0.0,"damage_taken":0.0},{"damage_healed":0.0,"max_hp_gain":0.0,"max_hp_loss":0.0,"gold_gain":0.0,"event_name":"Accursed Blacksmith","player_choice":"Forge","floor":5.0,"gold_loss":0.0,"damage_taken":0.0,"cards_upgraded":["champ:GladiatorStyle"]},{"damage_healed":0.0,"max_hp_gain":0.0,"max_hp_loss":0.0,"gold_gain":0.0,"event_name":"Scrap Ooze","player_choice":"Success","floor":10.0,"gold_loss":0.0,"damage_taken":18.0,"relics_obtained":["Mango"]}],"is_beta":false,"boss_relics":[{"not_picked":["Velvet Choker","Black Star"],"picked":"champ:ChampionCrownUpgraded"},{"not_picked":["Philosopher\u0027s Stone","Fusion Hammer"],"picked":"Busted Crown"}],"items_purged_floors":[],"is_endless":false,"potions_floor_spawned":[8,9,13,19,27,32,36,37,47,49],"ascension_level":0}}