{"host":"ac78wf4m5y9yc4g3","time":1610757772,"event":{"mods":["BaseMod","Better Third Choice","Downfall","Hermit","Marisa????????","Minty Spire (QoL Compilation)","StSLib","The Servant 0.9.4","The Wild Card"],"gold_per_floor":[99,116,10,28,28,46,46,65,65,97,97,97],"floor_reached":10,"language":"POL","playtime":403,"items_purged":[],"score":68,"play_id":"3dcd2367-b279-49fa-a4e1-b77e915274fc","local_time":"20210116014252","is_ascension_mode":false,"campfire_choices":[{"floor":1,"key":"RECALL"},{"data":"hexamod:Strike","floor":9,"key":"SMITH"}],"circlet_count":0,"master_deck":["hexamod:Strike+1","hexamod:Strike","hexamod:Strike","hexamod:Strike","hexamod:Defend","hexamod:Defend","hexamod:Defend","hexamod:Defend","hexamod:Sear","hexamod:Float","hexamod:SpectersWail","hexamod:InspiringFlames","hexamod:FourthSeal","hexamod:EtherealExpedition","hexamod:Hexaguard","hexamod:NightmareStrike","hexamod:SecondSeal"],"relics":["hexamod:SpiritBrand","Mercury Hourglass","Meat on the Bone"],"acts_visited":["Exordium"],"potions_floor_usage":[],"damage_taken":[{"damage":0,"enemies":"Small Slimes","floor":2,"turns":3},{"damage":0,"enemies":"downfall:FleeingMerchant","floor":3,"turns":4},{"damage":0,"enemies":"Cultist","floor":4,"turns":3},{"damage":1,"enemies":"2 Louse","floor":6,"turns":3},{"damage":7,"enemies":"Blue Slaver","floor":8,"turns":5},{"damage":13,"enemies":"3 Sentries","floor":10,"turns":7}],"seed_played":"-4302049391039467702","potions_obtained":[{"floor":2,"key":"sneckomod:MuddlingPotion"},{"floor":4,"key":"FairyPotion"},{"floor":6,"key":"LiquidBronze"}],"is_trial":false,"path_per_floor":["R","M","$","M","?","M","T","M","R","E"],"character_chosen":"THE_SPIRIT","items_purchased":["hexamod:SpectersWail","hexamod:FourthSeal"],"campfire_rested":0,"item_purchase_floors":[3,3],"current_hp_per_floor":[77,77,77,77,77,76,76,69,69,56,56,56],"gold":97,"neow_bonus":"TEN_PERCENT_HP_BONUS","is_daily":false,"chose_seed":false,"campfire_upgraded":1,"win_rate":0.0,"timestamp":1610757772,"path_taken":["R","M","$","M","?","M","T","M","R","E"],"items_purchased_type":["Card","Card"],"build_version":"2020-12-22","purchased_purges":0,"victory":false,"max_hp_per_floor":[77,77,77,77,77,77,77,77,77,77,77,77],"card_choices":[{"not_picked":["hexamod:FirstSeal","hexamod:HeatMetal"],"picked":"hexamod:SpectersWail","floor":2},{"not_picked":["hexamod:Hexaguard","hexamod:GhostOfSpireFuture"],"picked":"hexamod:InspiringFlames","floor":3},{"not_picked":["hexamod:Firestarter","hexamod:BacktrackSmack"],"picked":"hexamod:EtherealExpedition","floor":4},{"not_picked":["hexamod:GhostLash","hexamod:BacktrackSmack"],"picked":"hexamod:Hexaguard","floor":6},{"not_picked":["hexamod:DynamicBlow","hexamod:Incineration"],"picked":"hexamod:NightmareStrike","floor":8},{"not_picked":["hexamod:RecurringNightmare","hexamod:AdvancingGuard"],"picked":"hexamod:SecondSeal","floor":10}],"player_experience":57149,"relics_obtained":[{"floor":7,"key":"Mercury Hourglass"},{"floor":10,"key":"Meat on the Bone"}],"event_choices":[{"cards_removed":["hexamod:SpectersWail"],"damage_healed":5,"gold_gain":0,"player_choice":"Offered Common","damage_taken":0,"max_hp_gain":0,"max_hp_loss":0,"event_name":"Bonfire Elementals","floor":5,"gold_loss":0},{"cards_removed":["hexamod:SpectersWail"],"damage_healed":5,"gold_gain":0,"player_choice":"Offered Special","damage_taken":0,"max_hp_gain":0,"max_hp_loss":0,"event_name":"Bonfire Elementals","floor":5,"gold_loss":0}],"is_beta":false,"boss_relics":[],"items_purged_floors":[],"is_endless":false,"potions_floor_spawned":[2,10],"killed_by":"3 Sentries","ascension_level":0}}