{"host":"axuns55dzq466eei","time":1610776450,"event":{"mods":["BaseMod","Colored Map","Keyboard Shortcuts","Minty Spire (QoL Compilation)","StSLib","SuperFastMode"],"gold_per_floor":[109,34,84,103,28,55,55,66,92,102,121,121,132,182,182,182,182],"floor_reached":16,"language":"KOR","playtime":339,"items_purged":["Defend_B"],"score":254,"play_id":"9f29fa43-dff1-4e9b-8a77-147bd964b80b","local_time":"20210116145410","is_ascension_mode":true,"campfire_choices":[{"data":"Creative AI","floor":7,"key":"SMITH"},{"data":"Turbo","floor":12,"key":"SMITH"},{"data":"Coolheaded","floor":15,"key":"SMITH"}],"circlet_count":0,"master_deck":["AscendersBane","Strike_B","Strike_B","Strike_B","Defend_B+1","Defend_B","Defend_B+1","Zap","Dualcast","Go for the Eyes","Cold Snap","Creative AI+1","Turbo+1","Auto Shields","Coolheaded+1"],"relics":["Cracked Core","NeowsBlessing","Dream Catcher","War Paint"],"acts_visited":["Exordium"],"potions_floor_usage":[11,16,16,16],"damage_taken":[{"damage":0,"enemies":"2 Louse","floor":1,"turns":1},{"damage":0,"enemies":"Cultist","floor":4,"turns":1},{"damage":0,"enemies":"Gremlin Nob","floor":6,"turns":1},{"damage":4,"enemies":"Jaw Worm","floor":8,"turns":5},{"damage":18,"enemies":"Red Slaver","floor":10,"turns":6},{"damage":0,"enemies":"Large Slime","floor":11,"turns":3},{"damage":0,"enemies":"Looter","floor":13,"turns":5},{"damage":18,"enemies":"The Guardian","floor":16,"turns":9}],"seed_played":"8250024827924005554","potions_obtained":[{"floor":4,"key":"EntropicBrew"},{"floor":6,"key":"Fire Potion"},{"floor":11,"key":"Explosive Potion"}],"is_trial":false,"path_per_floor":["M","?","?","M","$","E","R","M","T","M","M","R","M","?","R","B"],"character_chosen":"DEFECT","items_purchased":[],"campfire_rested":0,"item_purchase_floors":[],"current_hp_per_floor":[64,64,64,64,64,64,64,60,60,42,42,42,42,35,35,17,17],"gold":182,"neow_bonus":"THREE_ENEMY_KILL","is_daily":false,"chose_seed":false,"campfire_upgraded":3,"win_rate":0.0,"timestamp":1610776450,"path_taken":["M","?","?","?","$","E","R","M","T","M","M","R","?","?","R","BOSS"],"items_purchased_type":[],"build_version":"2020-12-22","purchased_purges":1,"victory":false,"max_hp_per_floor":[71,71,71,71,71,71,71,71,71,71,71,71,71,71,71,71,71],"card_choices":[{"not_picked":["Barrage","Rip and Tear"],"picked":"Go for the Eyes","floor":1},{"not_picked":["Reinforced Body","Stack"],"picked":"Cold Snap","floor":4},{"not_picked":["Conserve Battery","FTL"],"picked":"Creative AI","floor":6},{"not_picked":["Beam Cell","Cold Snap"],"picked":"Turbo","floor":8},{"not_picked":["Redo","Rebound"],"picked":"Auto Shields","floor":10},{"not_picked":["Rebound","Static Discharge","Cold Snap"],"picked":"SKIP","floor":11},{"not_picked":["Rebound","Machine Learning"],"picked":"Coolheaded","floor":13}],"player_experience":1076038,"relics_obtained":[{"floor":6,"key":"Dream Catcher"},{"floor":9,"key":"War Paint"}],"event_choices":[{"cards_removed":["Strike_B"],"damage_healed":0,"gold_gain":0,"player_choice":"Card Removal","damage_taken":0,"max_hp_gain":0,"max_hp_loss":0,"event_name":"The Cleric","floor":2,"gold_loss":75},{"damage_healed":0,"gold_gain":50,"player_choice":"Pray","damage_taken":0,"max_hp_gain":0,"max_hp_loss":0,"event_name":"Golden Shrine","floor":3,"gold_loss":0},{"damage_healed":0,"gold_gain":50,"player_choice":"Touch","damage_taken":7,"max_hp_gain":0,"max_hp_loss":0,"event_name":"FaceTrader","floor":14,"gold_loss":0}],"is_beta":false,"boss_relics":[],"items_purged_floors":[5],"is_endless":false,"potions_floor_spawned":[4,6,11],"killed_by":"The Guardian","ascension_level":20}}