{"host":"1sqx9dmsrxu9kvq7","time":1610776587,"event":{"mods":["2.2 Compatiblity","Arknights The Spire","BaseMod","Colored Powertips","Custom Start","Dio Mod","Friendly Minions","Hermit","Highlight Path","HololiveMod","Jorbs\u0027s Wanderer Trilogy","Koishi","MarisaÅiñ∂âJÅ@ñÇóùçπÅj","Minty Spire (QoL Compilation)","Quick Restart","Rare Cards Sparkle","Relic Stats","Shade Mod","Shop Mod","Spicy Shops","StSLib","Td1madao Mod","The Blue Laboratory","The Construct","The Cursed","The Disciple","The Hierophant","The Necromancer","The Runesmith","The Servant 0.9.4","Waifu the Spire","WarShipGirlsR/??è≠èóR mod"],"gold_per_floor":[83,83,95,109,109,109,119,119,119,143,161,161,161,186,186,286,286,304,286,301,301,319,319,279,309,332,350,360,377,377,377,377,473,473,484,109,122,134,134,134,134],"floor_reached":40,"language":"ENG","playtime":2546,"items_purged":[],"score":535,"play_id":"d8567169-8e98-4a43-92a0-06966669e715","local_time":"20210115235627","is_ascension_mode":false,"campfire_choices":[{"floor":6.0,"key":"RECALL"},{"data":"Hololive_CallRosalyn","floor":8.0,"key":"SMITH"},{"data":"Hololive_SummonFox","floor":12.0,"key":"SMITH"},{"data":"Hololive_CallTokoyamiTowa","floor":15.0,"key":"SMITH"},{"data":"Hololive_Rebirth","floor":23.0,"key":"SMITH"},{"data":"Hololive_CallAmaneKanata","floor":30.0,"key":"SMITH"},{"data":"Hololive_CallShiroganeNoel","floor":32.0,"key":"SMITH"}],"circlet_count":0,"master_deck":["Hololive_Strike+1","Hololive_Strike+1","Hololive_Defend+1","Hololive_Defend+1","Hololive_SoulCatcher","Hololive_CallRosalyn","Hololive_CallHoshimachiSuisei+1","Hololive_CallRosalyn+1","Hololive_CallShiranuiFlare","Hololive_CallDoris+1","Hololive_Teleport","Hololive_Spy","Hololive_Psychosis","Hololive_CallKiryuuCoco","Hololive_CallTokoyamiTowa+1","Hololive_SummonFox+1","Hololive_CallMoonaHoshinova","Hololive_Rebirth+1","Hololive_LuckPotion+1","Hololive_CallInugamiKorone","Hololive_CallMomosuzuNene+5","Hololive_StrengthChampion+1","Hololive_CallShiroganeNoel+1","Hololive_CocoNews","Hololive_CallAmaneKanata+1","Hololive_FlyingPonyTail","Hololive_CallRoboco","Hololive_IdolExercise","Hololive_Trident+1","Hololive_FlyingPonyTail","Hololive_CallUsadaPekora","Hololive_CallTsunomakiWatame","Hololive_CallTokinoSora+1"],"relics":["Hololive_TheStar","Odd Mushroom","Letter Opener","Ornamental Fan","SacredBark","Dream Catcher","Omamori","construct:ClawGrip","Juzu Bracelet","construct:FoamFinger"],"acts_visited":["Exordium","TheCity","TheBeyond"],"potions_floor_usage":[],"damage_taken":[{"damage":0.0,"enemies":"Jaw Worm","floor":1.0,"turns":3.0},{"damage":1.0,"enemies":"2 Louse","floor":3.0,"turns":2.0},{"damage":0.0,"enemies":"Small Slimes","floor":4.0,"turns":2.0},{"damage":0.0,"enemies":"Blue Slaver","floor":7.0,"turns":4.0},{"damage":0.0,"enemies":"The Mushroom Lair","floor":10.0,"turns":4.0},{"damage":0.0,"enemies":"2 Fungi Beasts","floor":11.0,"turns":4.0},{"damage":0.0,"enemies":"Gremlin Nob","floor":14.0,"turns":3.0},{"damage":0.0,"enemies":"The Guardian","floor":16.0,"turns":7.0},{"damage":10.0,"enemies":"3 Byrds","floor":18.0,"turns":4.0},{"damage":4.0,"enemies":"2 Thieves","floor":19.0,"turns":5.0},{"damage":0.0,"enemies":"Centurion and Healer","floor":20.0,"turns":6.0},{"damage":0.0,"enemies":"Cultist and Chosen","floor":22.0,"turns":6.0},{"damage":4.0,"enemies":"Gremlin Leader","floor":25.0,"turns":5.0},{"damage":6.0,"enemies":"Snake Plant","floor":27.0,"turns":3.0},{"damage":0.0,"enemies":"Chosen and Byrds","floor":28.0,"turns":4.0},{"damage":0.0,"enemies":"Cultist and Chosen","floor":29.0,"turns":5.0},{"damage":0.0,"enemies":"Champ","floor":33.0,"turns":9.0},{"damage":2,"enemies":"3 Shapes","floor":35,"turns":3},{"damage":0,"enemies":"Orb Walker","floor":37,"turns":3},{"damage":0,"enemies":"Sphere and 2 Shapes","floor":38,"turns":5},{"damage":51,"enemies":"Reptomancer","floor":40,"turns":2}],"seed_played":"2556468511985078355","potions_obtained":[{"floor":1.0,"key":"blueLaboratory:FrostheartPotion"},{"floor":3.0,"key":"LiquidBronze"},{"floor":4.0,"key":"AttackPotion"},{"floor":22.0,"key":"Block Potion"}],"is_trial":false,"path_per_floor":["M","?","M","M","?","R","M","R","T","?","M","R","?","E","R","B",null,"M","M","M","?","M","R","$","E","T","M","M","M","R","?","R","B",null,"M","$","M","M","?","E"],"character_chosen":"Hololive_HololiveCharacter","items_purchased":["Hololive_CallShiroganeNoel","Hololive_FlyingPonyTail","Juzu Bracelet","Hololive_CallUsadaPekora","construct:FoamFinger"],"campfire_rested":0,"item_purchase_floors":[24,36,36,36,36],"current_hp_per_floor":[35,35,34,34,39,39,39,39,39,39,39,39,27,27,27,27,40,30,26,26,26,26,26,26,22,22,16,16,16,16,16,16,16,40,38,38,38,38,38,0,0],"gold":134,"neow_bonus":"UPGRADE_CARD","is_daily":false,"chose_seed":false,"campfire_upgraded":6,"win_rate":0.0,"timestamp":1610776587,"path_taken":["M","?","M","M","?","R","M","R","T","?","?","R","?","E","R","BOSS","M","M","M","?","M","R","$","E","T","M","M","M","R","?","R","BOSS","M","$","M","M","?","E"],"items_purchased_type":["Card","Card","Relic","Card","Relic"],"build_version":"2020-12-22","purchased_purges":0,"victory":false,"max_hp_per_floor":[35,35,35,35,40,40,40,40,40,40,40,40,40,40,40,40,40,40,40,40,40,40,40,40,40,40,40,40,40,40,40,40,40,40,40,40,40,40,38,38,38],"relic_stats":{"Dream Catcher":0,"counters":[21,89],"Ornamental Fan":[16],"Juzu Bracelet":0,"Letter Opener":[40],"obtain_stats":[{"Dream Catcher":25,"construct:ClawGrip":34,"construct:FoamFinger":36,"Ornamental Fan":14,"SacredBark":17,"Hololive_TheStar":0,"Omamori":26,"Juzu Bracelet":36,"Letter Opener":13,"Odd Mushroom":10},{"Dream Catcher":13,"construct:ClawGrip":17,"construct:FoamFinger":18,"Ornamental Fan":7,"SacredBark":8,"Hololive_TheStar":0,"Omamori":13,"Juzu Bracelet":18,"Letter Opener":6,"Odd Mushroom":5},{"Dream Catcher":55,"construct:ClawGrip":76,"construct:FoamFinger":79,"Ornamental Fan":22,"SacredBark":29,"Hololive_TheStar":0,"Omamori":55,"Juzu Bracelet":79,"Letter Opener":19,"Odd Mushroom":15}]},"card_choices":[{"not_picked":["Hololive_OvertimeWork","Hololive_CallSakuraMiko","Hololive_RevenueBasedLive"],"picked":"Hololive_Teleport","floor":1.0},{"not_picked":["Hololive_CallYozoraMel","Hololive_CallNatsuiroMatsuri","Hololive_CallAiraniIofifteen"],"picked":"Hololive_Spy","floor":3.0},{"not_picked":["Hololive_Sequa","Hololive_HuntDinosaur","Hololive_LuckPotion"],"picked":"Hololive_Psychosis","floor":4.0},{"not_picked":["Hololive_CallShiranuiFlare","Hololive_FlyingPonyTail","Hololive_ILoveYou"],"picked":"Hololive_CallKiryuuCoco","floor":7.0},{"not_picked":["Hololive_Rebound","Hololive_FlyingPonyTail","Hololive_Drill"],"picked":"Hololive_CallTokoyamiTowa","floor":10.0},{"not_picked":["Hololive_Sequa","Hololive_Drill","Hololive_FlyingPonyTail"],"picked":"Hololive_SummonFox","floor":11.0},{"not_picked":["Hololive_CallRosalyn","Hololive_CallNekomataOkayu","Hololive_RevenueBasedLive"],"picked":"Hololive_CallMoonaHoshinova","floor":14.0},{"not_picked":["Hololive_Thief","Hololive_WolfAndLamb","Hololive_DiamondStrike"],"picked":"Hololive_Rebirth","floor":16.0},{"not_picked":["Hololive_HuntDinosaur","Hololive_CallNakiriAyame","Hololive_Psychosis"],"picked":"Hololive_LuckPotion+1","floor":18.0},{"not_picked":["Hololive_CallDoris","Hololive_CocoNews","Hololive_DevilCharm"],"picked":"Hololive_CallInugamiKorone","floor":19.0},{"not_picked":["Hololive_FlyingPonyTail","Hololive_Drill","Hololive_DevilCharm"],"picked":"Hololive_CallMomosuzuNene","floor":20.0},{"not_picked":["Hololive_Drill","Hololive_FlyingPonyTail","Hololive_Rebound+1"],"picked":"Hololive_StrengthChampion+1","floor":22.0},{"not_picked":["Hololive_HuntDinosaur","Hololive_CallShiranuiFlare","Hololive_Breathe"],"picked":"Hololive_CocoNews","floor":25.0},{"not_picked":["Hololive_CallMurasakiShion","Hololive_Trident","Hololive_CallShiroganeNoel+1"],"picked":"Hololive_CallAmaneKanata","floor":27.0},{"not_picked":["Hololive_OvertimeWork","Hololive_CallAmaneKanata","Hololive_RevenueBasedLive+1"],"picked":"Hololive_FlyingPonyTail","floor":28.0},{"not_picked":["Hololive_CallShiroganeNoel","Hololive_Breathe","Hololive_FlareMind"],"picked":"Hololive_CallRoboco","floor":29.0},{"not_picked":["Hololive_ASMR","Hololive_Rebirth","Hololive_MaximGun"],"picked":"Hololive_IdolExercise","floor":33.0},{"not_picked":["Hololive_LuckPotion+1","Hololive_Sequa+1","Hololive_HuntDinosaur"],"picked":"Hololive_Trident+1","floor":35},{"not_picked":["Hololive_ILoveYou","Hololive_Yoholoon+1","Hololive_FlyingPonyTail+1"],"picked":"Hololive_CallTsunomakiWatame","floor":37},{"not_picked":["Hololive_HuntDinosaur","Hololive_Drill+1","Hololive_StarCraft"],"picked":"Hololive_CallTokinoSora+1","floor":38}],"player_experience":244366,"relics_obtained":[{"floor":10.0,"key":"Odd Mushroom"},{"floor":14.0,"key":"Ornamental Fan"},{"floor":25.0,"key":"Dream Catcher"},{"floor":26.0,"key":"Omamori"}],"event_choices":[{"damage_healed":0.0,"max_hp_gain":0.0,"max_hp_loss":0.0,"gold_gain":0.0,"event_name":"Living Wall","player_choice":"Grow","floor":2.0,"gold_loss":0.0,"damage_taken":0.0,"cards_upgraded":["Hololive_CallHoshimachiSuisei"]},{"damage_healed":0.0,"max_hp_gain":5.0,"max_hp_loss":0.0,"gold_gain":0.0,"event_name":"Big Fish","player_choice":"Donut","floor":5.0,"gold_loss":0.0,"damage_taken":0.0},{"damage_healed":0.0,"max_hp_gain":0.0,"max_hp_loss":0.0,"gold_gain":0.0,"event_name":"Mushrooms","player_choice":"Fought Mushrooms","floor":10.0,"gold_loss":0.0,"damage_taken":0.0},{"damage_healed":0.0,"max_hp_gain":0.0,"max_hp_loss":0.0,"gold_gain":0.0,"event_name":"Scrap Ooze","player_choice":"Success","floor":13.0,"gold_loss":0.0,"damage_taken":12.0,"relics_obtained":["Letter Opener"]},{"damage_healed":0.0,"max_hp_gain":0.0,"max_hp_loss":0.0,"gold_gain":0.0,"event_name":"Ghosts","player_choice":"Ignored","floor":21.0,"gold_loss":0.0,"damage_taken":0.0},{"damage_healed":0.0,"max_hp_gain":0.0,"max_hp_loss":0.0,"gold_gain":0.0,"event_name":"Back to Basics","player_choice":"Simplicity","floor":31.0,"gold_loss":0.0,"damage_taken":0.0,"cards_upgraded":["Hololive_Strike","Hololive_Strike","Hololive_Defend","Hololive_Defend"]},{"damage_healed":0,"gold_gain":0,"player_choice":"Max HP","damage_taken":0,"max_hp_gain":0,"max_hp_loss":2,"event_name":"Winding Halls","floor":39,"gold_loss":0}],"is_beta":false,"boss_relics":[{"not_picked":["Hololive_TopUpMoneyS","Hololive_Finger"],"picked":"SacredBark"},{"not_picked":["SlaversCollar","Calling Bell"],"picked":"construct:ClawGrip"}],"items_purged_floors":[],"is_endless":false,"potions_floor_spawned":[1,3,4,14,19,22,27,28],"killed_by":"Reptomancer","ascension_level":0}}