{"host":"o7j6aatxjwpw1421","time":1610806044,"event":{"mods":["2.2 Compatiblity","AchievementEnabler","BaseMod","Colored Map","DeckTracker","Highlight Path","Keyboard Shortcuts","Minty Spire (QoL Compilation)","Permanent Neow","Quick Restart","StSLib","SuperFastMode","everything is the same but u backflip on backflip"],"gold_per_floor":[114,114,128,145,156,156,189,189,189,224,224,224,3,18,18,121,121,135,135,153,103,119,119,135,145,145,156,93,93,105,135,135,239,239,259,259,276,289,302,330,347,347,396,449,449,480,494,494,494,494,494,494,218,247,247],"floor_reached":56,"language":"KOR","playtime":3963,"items_purged":["Strike_P","Defend_P","Defend_P","BowlingBash"],"score":1562,"play_id":"b8be4c09-ca80-4e9e-8ce7-c679afde71b5","local_time":"20210116230724","is_ascension_mode":true,"campfire_choices":[{"data":"Eruption","floor":6.0,"key":"SMITH"},{"data":"Study","floor":8.0,"key":"SMITH"},{"data":"MentalFortress","floor":15.0,"key":"SMITH"},{"data":"Vault","floor":23.0,"key":"SMITH"},{"data":"Scrawl","floor":29.0,"key":"SMITH"},{"data":"FearNoEvil","floor":32.0,"key":"SMITH"},{"floor":49.0,"key":"RECALL"},{"data":"Scrawl","floor":52.0,"key":"SMITH"}],"circlet_count":0,"master_deck":["Eruption+1","Vigilance","Study+1","Conclude","Adaptation+1","MentalFortress+1","Vault+1","Scrawl+1","MentalFortress","FearNoEvil+1","Scrawl+1","Halt","LikeWater","Purity","Madness"],"relics":["PureWater","Matryoshka","Lantern","Mercury Hourglass","Kunai","Tiny Chest","Mummified Hand","Membership Card","Gremlin Horn","Pandora\u0027s Box","Question Card","CaptainsWheel","PreservedInsect","Du-Vu Doll","Letter Opener","Akabeko","Ornamental Fan","Medical Kit","Bottled Tornado","Blood Vial"],"acts_visited":["Exordium","TheCity","TheBeyond","TheEnding"],"potions_floor_usage":[55,55,55],"damage_taken":[{"damage":0.0,"enemies":"2 Louse","floor":1.0,"turns":1.0},{"damage":0.0,"enemies":"Cultist","floor":3.0,"turns":2.0},{"damage":4.0,"enemies":"Small Slimes","floor":4.0,"turns":3.0},{"damage":1.0,"enemies":"Red Slaver","floor":5.0,"turns":3.0},{"damage":22.0,"enemies":"Lagavulin","floor":7.0,"turns":7.0},{"damage":0.0,"enemies":"Gremlin Nob","floor":10.0,"turns":2.0},{"damage":0.0,"enemies":"Lots of Slimes","floor":14.0,"turns":1.0},{"damage":4.0,"enemies":"The Guardian","floor":16.0,"turns":9.0},{"damage":1.0,"enemies":"3 Byrds","floor":18.0,"turns":4.0},{"damage":0.0,"enemies":"Chosen","floor":20.0,"turns":4.0},{"damage":14.0,"enemies":"Snecko","floor":22.0,"turns":6.0},{"damage":0.0,"enemies":"Sentry and Sphere","floor":24.0,"turns":3.0},{"damage":0.0,"enemies":"Centurion and Healer","floor":25.0,"turns":3.0},{"damage":0.0,"enemies":"Snecko","floor":27.0,"turns":5.0},{"damage":0.0,"enemies":"Snake Plant","floor":30.0,"turns":4.0},{"damage":0.0,"enemies":"Gremlin Leader","floor":31.0,"turns":3.0},{"damage":0.0,"enemies":"Automaton","floor":33.0,"turns":4.0},{"damage":0.0,"enemies":"Orb Walker","floor":35.0,"turns":2.0},{"damage":0.0,"enemies":"3 Darklings","floor":37.0,"turns":1.0},{"damage":0.0,"enemies":"Transient","floor":38.0,"turns":6.0},{"damage":0.0,"enemies":"Sphere and 2 Shapes","floor":39.0,"turns":3.0},{"damage":0.0,"enemies":"Nemesis","floor":40.0,"turns":1.0},{"damage":0.0,"enemies":"4 Shapes","floor":41.0,"turns":2.0},{"damage":0.0,"enemies":"2 Orb Walkers","floor":44.0,"turns":2.0},{"damage":0.0,"enemies":"Reptomancer","floor":46.0,"turns":4.0},{"damage":0.0,"enemies":"Writhing Mass","floor":47.0,"turns":2.0},{"damage":0.0,"enemies":"Awakened One","floor":50.0,"turns":4.0},{"damage":12.0,"enemies":"Shield and Spear","floor":54.0,"turns":2.0},{"damage":7,"enemies":"The Heart","floor":55,"turns":5}],"seed_played":"8291924451520841592","potions_obtained":[{"floor":3.0,"key":"AttackPotion"},{"floor":14.0,"key":"Block Potion"},{"floor":20.0,"key":"Block Potion"},{"floor":24.0,"key":"DistilledChaos"},{"floor":30.0,"key":"Dexterity Potion"},{"floor":33.0,"key":"BottledMiracle"},{"floor":38.0,"key":"BlessingOfTheForge"},{"floor":47.0,"key":"StancePotion"},{"floor":54.0,"key":"EntropicBrew"}],"is_trial":false,"path_per_floor":["M","?","M","M","M","R","E","R","T","E","T","?","$","M","R","B",null,"M","?","M","$","M","R","M","M","T","M","$","R","M","E","R","B",null,"M","T","M","M","M","E","M","?","T","?","T","E","M","T","R","B",null,"R","$","E","B",null],"character_chosen":"WATCHER","items_purchased":["Membership Card","Adaptation","Medical Kit","Bottled Tornado"],"campfire_rested":0,"item_purchase_floors":[13,13,53,53],"current_hp_per_floor":[65,65,65,61,60,60,38,38,38,38,38,38,38,38,38,34,65,64,64,64,64,50,50,50,50,50,50,50,50,50,50,50,50,65,65,65,65,65,65,65,65,55,55,55,55,55,55,55,55,55,65,65,65,53,48],"gold":247,"neow_bonus":"TRANSFORM_TWO_CARDS","is_daily":false,"chose_seed":false,"campfire_upgraded":7,"win_rate":0.0,"timestamp":1610806044,"path_taken":["M","?","?","M","M","R","E","R","T","E","?","?","$","M","R","BOSS","M","?","M","$","M","R","M","M","T","M","$","R","?","E","R","BOSS","M","?","M","M","M","E","M","?","T","?","?","E","M","?","R","BOSS","R","$","E","BOSS"],"items_purchased_type":["Relic","Card","Relic","Relic"],"build_version":"2020-12-22","purchased_purges":4,"victory":true,"max_hp_per_floor":[65,65,65,65,65,65,65,65,65,65,65,65,65,65,65,65,65,65,65,65,65,65,65,65,65,65,65,65,65,65,65,65,65,65,65,65,65,65,65,65,65,65,65,65,65,65,65,65,65,65,65,65,65,65,65],"card_choices":[{"not_picked":["JustLucky","FlyingSleeves","Perseverance"],"picked":"SKIP","floor":1.0},{"not_picked":["EmptyBody","LikeWater","Prostrate"],"picked":"SKIP","floor":3.0},{"not_picked":["ThirdEye","FollowUp","EmptyFist"],"picked":"SKIP","floor":4.0},{"not_picked":["Consecrate","Halt","EmptyBody"],"picked":"SKIP","floor":5.0},{"not_picked":["Judgement","Protect","FlyingSleeves"],"picked":"SKIP","floor":7.0},{"not_picked":["Wireheading","Tantrum","Fasting2"],"picked":"SKIP","floor":10.0},{"not_picked":["Perseverance","Vengeance"],"picked":"MentalFortress","floor":14.0},{"not_picked":["Brilliance","Alpha"],"picked":"Vault","floor":16.0},{"not_picked":["CrushJoints","Evaluate","SashWhip+1"],"picked":"SKIP","floor":18.0},{"not_picked":["Meditate","EmptyFist","EmptyMind"],"picked":"SKIP","floor":20.0},{"not_picked":["Conclude","SashWhip","FlurryOfBlows+1"],"picked":"SKIP","floor":22.0},{"not_picked":["CrushJoints","WreathOfFlame","Vengeance+1"],"picked":"SKIP","floor":24.0},{"not_picked":["LikeWater","FlyingSleeves"],"picked":"Scrawl","floor":25.0},{"not_picked":["EmptyBody","WreathOfFlame"],"picked":"MentalFortress","floor":27.0},{"not_picked":["Evaluate","Protect+1"],"picked":"FearNoEvil","floor":30.0},{"not_picked":["FlyingSleeves","Consecrate","BattleHymn"],"picked":"SKIP","floor":31.0},{"not_picked":["Alpha","Vault"],"picked":"Scrawl","floor":33.0},{"not_picked":["Wireheading+1","CrushJoints+1","EmptyFist"],"picked":"SKIP","floor":35.0},{"not_picked":["FlurryOfBlows+1","Crescendo+1","DeceiveReality","EmptyBody+1"],"picked":"SKIP","floor":37.0},{"not_picked":["SashWhip","Swivel+1","FlurryOfBlows","ThirdEye+1"],"picked":"SKIP","floor":38.0},{"not_picked":["Alpha","ReachHeaven","BowlingBash+1","Crescendo+1"],"picked":"SKIP","floor":39.0},{"not_picked":["ForeignInfluence+1","EmptyFist","FlurryOfBlows+1","Collect+1"],"picked":"SKIP","floor":40.0},{"not_picked":["Prostrate","Sanctity","Swivel+1","EmptyBody+1"],"picked":"SKIP","floor":41.0},{"not_picked":["Prostrate","Sanctity","Swivel+1","EmptyBody+1"],"picked":"SKIP","floor":41.0},{"not_picked":["Swift Strike","Jack Of All Trades","Panacea"],"picked":"Purity","floor":42.0},{"not_picked":["Good Instincts","Trip","Secret Technique"],"picked":"Madness","floor":42.0},{"not_picked":["Halt","WreathOfFlame+1","Evaluate","CutThroughFate"],"picked":"SKIP","floor":46.0},{"not_picked":["CutThroughFate+1","Perseverance","Protect","FlurryOfBlows"],"picked":"SKIP","floor":47.0},{"not_picked":["FlurryOfBlows+1","DeceiveReality","BowlingBash","EmptyMind"],"picked":"SKIP","floor":54.0}],"player_experience":527188,"relics_obtained":[{"floor":7.0,"key":"Matryoshka"},{"floor":9.0,"key":"Lantern"},{"floor":9.0,"key":"Mercury Hourglass"},{"floor":10.0,"key":"Kunai"},{"floor":11.0,"key":"Tiny Chest"},{"floor":11.0,"key":"Mummified Hand"},{"floor":31.0,"key":"Gremlin Horn"},{"floor":36.0,"key":"Question Card"},{"floor":40.0,"key":"CaptainsWheel"},{"floor":43.0,"key":"PreservedInsect"},{"floor":44.0,"key":"Du-Vu Doll"},{"floor":45.0,"key":"Letter Opener"},{"floor":46.0,"key":"Akabeko"},{"floor":48.0,"key":"Ornamental Fan"},{"floor":54.0,"key":"Blood Vial"}],"event_choices":[{"damage_healed":0.0,"max_hp_gain":0.0,"max_hp_loss":0.0,"gold_gain":0.0,"event_name":"Match and Keep!","player_choice":"0 cards matched","floor":2.0,"gold_loss":0.0,"damage_taken":0.0,"cards_obtained":[]},{"damage_healed":0.0,"max_hp_gain":0.0,"max_hp_loss":0.0,"gold_gain":0.0,"event_name":"Match and Keep!","player_choice":"0 cards matched","floor":12.0,"gold_loss":0.0,"damage_taken":0.0,"cards_obtained":[]},{"damage_healed":0.0,"max_hp_gain":0.0,"max_hp_loss":0.0,"gold_gain":0.0,"event_name":"Upgrade Shrine","player_choice":"Upgraded","floor":19.0,"gold_loss":0.0,"damage_taken":0.0,"cards_upgraded":["Adaptation"]},{"damage_healed":0.0,"max_hp_gain":0.0,"max_hp_loss":0.0,"gold_gain":0.0,"event_name":"SensoryStone","player_choice":"Memory 3","floor":42.0,"gold_loss":0.0,"damage_taken":10.0},{"damage_healed":0.0,"max_hp_gain":0.0,"max_hp_loss":0.0,"gold_gain":0.0,"event_name":"Mysterious Sphere","player_choice":"Fight","floor":44.0,"gold_loss":0.0,"damage_taken":0.0}],"is_beta":false,"boss_relics":[{"not_picked":["Cursed Key","Ectoplasm","Velvet Choker"]},{"not_picked":["Fusion Hammer","Coffee Dripper"],"picked":"Pandora\u0027s Box"}],"items_purged_floors":[13,21,28,53],"is_endless":false,"potions_floor_spawned":[3,14,20,24,30,33,38,44,47,54],"ascension_level":3}}