{"host":"85z25riz9jphitdy","time":1610772100,"event":{"mods":["BaseMod","Better Third Choice","FruityMod","Hermit","Minty Spire (QoL Compilation)","Shade Mod","Spicy Shops","StSLib","The Cursed","The Hierophant","Uncapped"],"gold_per_floor":[119,119,172,184,195,222,5,5,31,31,70,70,85,109,109,232,232,246,26,30,30,54,54,97,97,123,137,137,137],"floor_reached":28,"language":"ENG","playtime":2754,"items_purged":[],"score":248,"play_id":"80e52772-4379-481e-9eb1-bec77b8307fb","local_time":"20210115234140","is_ascension_mode":false,"campfire_choices":[{"floor":10.0,"key":"REST"},{"floor":12.0,"key":"REST"},{"floor":15.0,"key":"REST"},{"floor":23.0,"key":"REST"}],"circlet_count":0,"master_deck":["Strike_P","Strike_P","Strike_P","Strike_P","Defend_P","Defend_P+1","Defend_P","Defend_P+1","AstralHaze","SiphonPower","UnstableOrb","Genesis","Irradiate","Anomaly","Singularity","Overload","DimensionDoor+1","Anomaly+1","Doubt","Convergence","EventHorizon","PhaseCoil","ReflectionWard","Transference+1"],"relics":["Arcanosphere","NeowsBlessing","Pen Nib","War Paint","Golden Idol","Strawberry","Tiny Chest","Astrolabe","Anchor","Ancient Tea Set","Nilry\u0027s Codex","Smiling Mask"],"acts_visited":[],"potions_floor_usage":[],"damage_taken":[{"damage":0.0,"enemies":"2 Louse","floor":1.0,"turns":1.0},{"damage":0.0,"enemies":"Jaw Worm","floor":4.0,"turns":1.0},{"damage":0.0,"enemies":"Small Slimes","floor":5.0,"turns":1.0},{"damage":38.0,"enemies":"Lagavulin","floor":6.0,"turns":9.0},{"damage":20.0,"enemies":"3 Sentries","floor":11.0,"turns":9.0},{"damage":11.0,"enemies":"2 Fungi Beasts","floor":13.0,"turns":5.0},{"damage":15.0,"enemies":"Exordium Wildlife","floor":14.0,"turns":3.0},{"damage":33.0,"enemies":"The Guardian","floor":16.0,"turns":12.0},{"damage":20.0,"enemies":"Shell Parasite","floor":18.0,"turns":10.0},{"damage":10.0,"enemies":"2 Thieves","floor":20.0,"turns":4.0},{"damage":0.0,"enemies":"Centurion and Healer","floor":22.0,"turns":8.0},{"damage":35.0,"enemies":"Slavers","floor":24.0,"turns":5.0},{"damage":20.0,"enemies":"3 Cultists","floor":27.0,"turns":7.0},{"damage":14,"enemies":"Shelled Parasite and Fungi","floor":28,"turns":3}],"seed_played":"-4186569246515152955","potions_obtained":[{"floor":1.0,"key":"DistilledChaos"},{"floor":4.0,"key":"Dexterity Potion"},{"floor":13.0,"key":"DistilledChaos"},{"floor":27.0,"key":"Regen Potion"}],"is_trial":false,"path_per_floor":["M","?","?","M","M","E","$","?","T","R","E","R","M","M","R","B",null,"M","$","M","?","M","R","E","?","T","M","M"],"character_chosen":"THE_SEEKER","items_purchased":["Anomaly","War Paint","Anchor","EssenceOfSteel"],"campfire_rested":4,"item_purchase_floors":[7,7,19,19],"current_hp_per_floor":[75,80,80,80,80,42,42,42,49,75,55,81,70,55,81,48,87,67,67,57,57,57,83,48,32,32,12,0,0],"gold":137,"neow_bonus":"THREE_ENEMY_KILL","is_daily":false,"chose_seed":false,"campfire_upgraded":0,"win_rate":0.0,"timestamp":1610772100,"path_taken":["M","?","?","M","M","E","$","?","T","R","E","R","M","M","R","BOSS","M","$","M","?","M","R","E","?","T","M","M"],"items_purchased_type":["Card","Relic","Relic","Potion"],"build_version":"2020-12-22","purchased_purges":0,"victory":false,"max_hp_per_floor":[75,80,80,80,80,80,80,80,87,87,87,87,87,87,87,87,87,87,87,87,87,87,87,87,87,87,87,87,87],"card_choices":[{"not_picked":["GravityWell","Hypothesis"],"picked":"SiphonPower","floor":1.0},{"not_picked":["Illuminate","EssenceDart"],"picked":"UnstableOrb","floor":4.0},{"not_picked":["Enigma","Convergence"],"picked":"Genesis","floor":5.0},{"not_picked":["Flare","UnstableOrb"],"picked":"Irradiate","floor":6.0},{"not_picked":["Eclipse_S","DisruptionField"],"picked":"Singularity","floor":11.0},{"not_picked":["EventHorizon","Surge"],"picked":"Shimmer","floor":13.0},{"not_picked":["SiphonSpeed","ArcaneArmor"],"picked":"MagicMissile","floor":14.0},{"not_picked":["Nexus","MeteorShower"],"picked":"Overload","floor":16.0},{"not_picked":["Anomaly","Flicker"],"picked":"Convergence","floor":18.0},{"not_picked":["SiphonSpeed","Flicker"],"picked":"EventHorizon","floor":20.0},{"not_picked":["Archives","Flare"],"picked":"PhaseCoil","floor":22.0},{"not_picked":["PulseBarrier","VoidRay"],"picked":"ReflectionWard","floor":24.0},{"not_picked":["Flow+1","Irradiate"],"picked":"Transference+1","floor":27.0}],"player_experience":35990,"relics_obtained":[{"floor":6.0,"key":"Pen Nib"},{"floor":9.0,"key":"Strawberry"},{"floor":11.0,"key":"Tiny Chest"},{"floor":24.0,"key":"Ancient Tea Set"},{"floor":25.0,"key":"Nilry\u0027s Codex"},{"floor":26.0,"key":"Smiling Mask"}],"event_choices":[{"damage_healed":0.0,"max_hp_gain":5.0,"max_hp_loss":0.0,"gold_gain":0.0,"event_name":"Big Fish","player_choice":"Donut","floor":2.0,"gold_loss":0.0,"damage_taken":0.0},{"damage_healed":0.0,"max_hp_gain":0.0,"max_hp_loss":0.0,"gold_gain":53.0,"event_name":"Golden Wing","player_choice":"Gained Gold","floor":3.0,"gold_loss":0.0,"damage_taken":0.0},{"damage_healed":0.0,"max_hp_gain":0.0,"max_hp_loss":0.0,"gold_gain":0.0,"event_name":"Golden Idol","player_choice":"Take Wound","floor":8.0,"gold_loss":0.0,"damage_taken":0.0,"relics_obtained":["Golden Idol"],"cards_obtained":["Injury"]},{"damage_healed":0.0,"max_hp_gain":0.0,"max_hp_loss":0.0,"gold_gain":0.0,"event_name":"Vampires","player_choice":"Ignored","floor":21.0,"gold_loss":0.0,"damage_taken":0.0},{"damage_healed":0.0,"max_hp_gain":0.0,"max_hp_loss":0.0,"gold_gain":0.0,"event_name":"Cursed Tome","player_choice":"Obtained Book","floor":25.0,"gold_loss":0.0,"damage_taken":16.0}],"is_beta":false,"boss_relics":[{"not_picked":["SlaversCollar","Tiny House"],"picked":"Astrolabe"}],"items_purged_floors":[],"is_endless":false,"potions_floor_spawned":[1,4,13,16,20,22,27],"killed_by":"Shelled Parasite and Fungi","ascension_level":0}}