{"host":"o9oojikv0j1jifqm","time":1610805497,"event":{"mods":["BaseMod","Downfall","Marisa£®ÏF”Í°°ƒß¿Ì…≥£©","Minty Spire (QoL Compilation)","Shop Mod","StSLib","UnlockEverythingMod"],"gold_per_floor":[99,119,219,235,247,261,261,273,301,451,471,484,516,540,557,557,557,557],"floor_reached":16,"language":"ZHS","playtime":1545,"items_purged":[],"score":116,"play_id":"f6c5eaac-1e3f-4e54-ad6c-cbb53d288e31","local_time":"20210116215817","is_ascension_mode":false,"campfire_choices":[{"floor":1.0,"key":"RECALL"}],"circlet_count":0,"master_deck":["champ:Strike","champ:Strike","champ:Strike","champ:Strike","champ:Defend","champ:Defend","champ:Defend","champ:Defend","champ:Execute","champ:Taunt","champ:PreciseThrust","champ:Endure","champ:PerfectedStrike","champ:Backstep","champ:CalledShot","champ:CheapShot","downfall:Icky","champ:CrownThrow","champ:EnGarde","champ:FancyFootwork","champ:Duel","champ:FlashCut"],"relics":["champ:ChampionCrown","Gambling Chip","StrikeDummy","Odd Mushroom"],"acts_visited":["Exordium"],"potions_floor_usage":[11,13,16,16],"damage_taken":[{"damage":20,"enemies":"Cultist","floor":2,"turns":4},{"damage":17,"enemies":"Small Slimes","floor":4,"turns":3},{"damage":11,"enemies":"Jaw Worm","floor":5,"turns":4},{"damage":11,"enemies":"Exordium Wildlife","floor":6,"turns":4},{"damage":10,"enemies":"2 Fungi Beasts","floor":8,"turns":3},{"damage":50,"enemies":"3 Sentries","floor":9,"turns":9},{"damage":25,"enemies":"Large Slime","floor":11,"turns":6},{"damage":2,"enemies":"Red Slaver","floor":12,"turns":4},{"damage":35,"enemies":"Lagavulin","floor":13,"turns":8},{"damage":10,"enemies":"The Mushroom Lair","floor":14,"turns":4},{"damage":12,"enemies":"Exordium Thugs","floor":15,"turns":4},{"damage":12,"enemies":"IC_STATUS_ARCHETYPE","floor":16,"turns":2}],"seed_played":"-4842463633935636402","potions_obtained":[{"floor":2,"key":"GamblersBrew"},{"floor":5,"key":"FearPotion"},{"floor":9,"key":"PowerPotion"},{"floor":11,"key":"DuplicationPotion"},{"floor":13,"key":"champ:OpenerPotion"}],"is_trial":false,"path_per_floor":["R","M","?","M","M","M","T","M","E","?","M","M","E","?","M","B"],"character_chosen":"THE_CHAMP","items_purchased":[],"campfire_rested":0,"item_purchase_floors":[],"current_hp_per_floor":[99,99,99,92,91,80,80,80,50,50,35,33,18,13,13,1,1,1],"gold":557,"neow_bonus":"TEN_PERCENT_HP_BONUS","is_daily":false,"chose_seed":false,"campfire_upgraded":0,"win_rate":0.0,"timestamp":1610805497,"path_taken":["R","M","?","M","M","M","T","M","E","?","M","M","E","?","M","BOSS"],"items_purchased_type":[],"build_version":"2020-12-22","purchased_purges":0,"victory":false,"max_hp_per_floor":[99,99,99,99,99,99,99,99,99,99,99,99,99,99,99,99,99,99],"card_choices":[{"not_picked":["champ:Shatter","champ:Haymaker"],"picked":"champ:PreciseThrust","floor":2},{"not_picked":["champ:Parry","champ:RecklessLeap"],"picked":"champ:Endure","floor":4},{"not_picked":["champ:CrownThrow","champ:Shatter"],"picked":"champ:PerfectedStrike","floor":5},{"not_picked":["champ:Lariat","champ:RecklessLeap"],"picked":"champ:Backstep","floor":6},{"not_picked":["champ:EnragedBash","champ:Haymaker"],"picked":"champ:CalledShot","floor":8},{"not_picked":["champ:Encircle","champ:FanOfKnives"],"picked":"champ:CheapShot","floor":9},{"not_picked":["champ:CrookedStrike","champ:PreciseThrust"],"picked":"champ:CrownThrow","floor":11},{"not_picked":["champ:Circumvent","champ:BringItOn"],"picked":"champ:EnGarde","floor":12},{"not_picked":["champ:Lariat","champ:FalseCounter"],"picked":"champ:FancyFootwork","floor":13},{"not_picked":["champ:CrownThrow","champ:Circumvent"],"picked":"champ:Duel","floor":14},{"not_picked":["champ:Circumvent","champ:TornadoPunch"],"picked":"champ:FlashCut","floor":15}],"player_experience":159115,"relics_obtained":[{"floor":9,"key":"Gambling Chip"},{"floor":13,"key":"StrikeDummy"},{"floor":14,"key":"Odd Mushroom"}],"event_choices":[{"damage_healed":0,"gold_gain":0,"player_choice":"Fought Mushrooms","damage_taken":0,"max_hp_gain":0,"max_hp_loss":0,"event_name":"Mushrooms","floor":14,"gold_loss":0}],"is_beta":false,"boss_relics":[],"items_purged_floors":[],"is_endless":false,"potions_floor_spawned":[2,5,9,11,13],"killed_by":"IC_STATUS_ARCHETYPE","ascension_level":0}}