{"host":"1c17lcvl7acx821p","time":1610831281,"event":{"mods":["AchievementEnabler","BaseMod","Colored Map","Minty Spire (QoL Compilation)","StSLib"],"gold_per_floor":[116,116,37,48,75,101,51,77,104,135,153,184,202,23,23,120,120,130,130,140,150,168,168,196,208,257,288,302,331,344,375,375,471,471,482,482,494,494,494,494,524,544,544,544,198,198,233,247,247,247,247,247,3,31,31],"floor_reached":56,"language":"ENG","playtime":3815,"items_purged":["Strike_G","Defend_G","Strike_G"],"score":1561,"play_id":"b933af57-2400-4470-becc-725fbfdfcda0","local_time":"20210116230801","is_ascension_mode":true,"campfire_choices":[{"floor":15,"key":"REST"},{"floor":23,"key":"REST"},{"data":"Infinite Blades","floor":32,"key":"SMITH"},{"data":"Infinite Blades","floor":40,"key":"SMITH"},{"floor":44,"key":"RECALL"},{"data":"Doppelganger","floor":46,"key":"SMITH"},{"data":"Bullet Time","floor":49,"key":"SMITH"},{"data":"Malaise","floor":52,"key":"SMITH"}],"circlet_count":0,"master_deck":["Strike_G","Strike_G","Defend_G","Defend_G","Defend_G","Survivor","Infinite Blades+1","Noxious Fumes","Leg Sweep","Backstab","Malaise+1","Deadly Poison","Infinite Blades+1","Dodge and Roll","Dramatic Entrance","Well Laid Plans","Doppelganger+1","CurseOfTheBell","Deadly Poison+1","Bullet Time+1","Blur","Acrobatics+1","PiercingWail+1","Envenom","Cloak And Dagger+1","PiercingWail+1","Blade Dance+1","Crippling Poison+1","Envenom"],"relics":["Philosopher\u0027s Stone","PreservedInsect","Snake Skull","Kunai","Smiling Mask","Bag of Preparation","Nunchaku","Calling Bell","MealTicket","StrikeDummy","Dead Branch","Strawberry","Potion Belt","Vajra","Bag of Marbles","Blue Candle","Coffee Dripper","Blood Vial","Centennial Puzzle","OrangePellets","Orichalcum","TwistedFunnel","Boot"],"acts_visited":["Exordium","TheCity","TheBeyond","TheEnding"],"potions_floor_usage":[6,8,12,27,33,33,50,55,55,55],"damage_taken":[{"damage":0,"enemies":"Small Slimes","floor":1,"turns":4},{"damage":3,"enemies":"Cultist","floor":4,"turns":4},{"damage":8,"enemies":"Lagavulin","floor":6,"turns":6},{"damage":8,"enemies":"3 Sentries","floor":8,"turns":5},{"damage":13,"enemies":"Gremlin Nob","floor":10,"turns":4},{"damage":0,"enemies":"Jaw Worm","floor":11,"turns":4},{"damage":13,"enemies":"Lagavulin","floor":12,"turns":5},{"damage":4,"enemies":"3 Louse","floor":13,"turns":4},{"damage":11,"enemies":"Slime Boss","floor":16,"turns":10},{"damage":0,"enemies":"3 Byrds","floor":18,"turns":5},{"damage":4,"enemies":"Chosen","floor":20,"turns":4},{"damage":2,"enemies":"Centurion and Healer","floor":21,"turns":4},{"damage":22,"enemies":"Chosen and Byrds","floor":22,"turns":6},{"damage":0,"enemies":"Gremlin Leader","floor":24,"turns":4},{"damage":9,"enemies":"Cultist and Chosen","floor":25,"turns":6},{"damage":7,"enemies":"Book of Stabbing","floor":27,"turns":5},{"damage":0,"enemies":"3 Cultists","floor":28,"turns":4},{"damage":0,"enemies":"Gremlin Leader","floor":29,"turns":4},{"damage":0,"enemies":"Chosen and Byrds","floor":30,"turns":2},{"damage":2,"enemies":"Book of Stabbing","floor":31,"turns":4},{"damage":8,"enemies":"Automaton","floor":33,"turns":7},{"damage":12,"enemies":"Orb Walker","floor":35,"turns":2},{"damage":1,"enemies":"3 Darklings","floor":37,"turns":5},{"damage":10,"enemies":"Reptomancer","floor":41,"turns":4},{"damage":4,"enemies":"Jaw Worm Horde","floor":42,"turns":3},{"damage":32,"enemies":"Nemesis","floor":47,"turns":5},{"damage":0,"enemies":"Maw","floor":48,"turns":5},{"damage":1,"enemies":"Awakened One","floor":50,"turns":7},{"damage":12,"enemies":"Shield and Spear","floor":54,"turns":4},{"damage":28,"enemies":"The Heart","floor":55,"turns":6}],"seed_played":"4647793412208248434","potions_obtained":[{"floor":1,"key":"PowerPotion"},{"floor":2,"key":"EssenceOfSteel"},{"floor":2,"key":"CunningPotion"},{"floor":2,"key":"AttackPotion"},{"floor":6,"key":"GhostInAJar"},{"floor":16,"key":"Block Potion"},{"floor":20,"key":"Dexterity Potion"},{"floor":22,"key":"Ancient Potion"},{"floor":29,"key":"ColorlessPotion"},{"floor":30,"key":"AttackPotion"},{"floor":33,"key":"Fire Potion"},{"floor":41,"key":"FearPotion"},{"floor":42,"key":"CunningPotion"}],"is_trial":false,"path_per_floor":["M","?","$","M","T","E","?","E","T","E","M","E","M","$","R","B",null,"M","?","M","M","M","R","E","M","T","E","M","E","M","E","R","B",null,"M","?","M","?","?","R","E","M","T","R","$","R","E","M","R","B",null,"R","$","E","B",null],"character_chosen":"THE_SILENT","items_purchased":["Noxious Fumes","Dramatic Entrance","Well Laid Plans","Centennial Puzzle","OrangePellets","TwistedFunnel","PowerPotion"],"campfire_rested":2,"item_purchase_floors":[3,14,14,45,45,53,53],"current_hp_per_floor":[70,70,70,67,67,59,59,51,51,38,38,25,21,21,42,31,70,70,70,66,64,42,63,70,61,61,54,54,54,54,52,52,44,77,65,65,64,64,64,64,54,52,52,52,67,67,37,39,39,40,73,73,73,61,35],"gold":31,"neow_bonus":"BOSS_RELIC","is_daily":false,"chose_seed":false,"campfire_upgraded":5,"win_rate":0.0,"timestamp":1610831281,"path_taken":["M","?","?","M","?","E","?","E","T","E","M","E","M","$","R","BOSS","M","?","M","M","?","R","E","?","T","E","M","E","M","E","R","BOSS","M","?","M","?","?","R","E","?","T","R","?","R","E","M","R","BOSS","R","$","E","BOSS"],"items_purchased_type":["Card","Card","Card","Relic","Relic","Relic","Potion"],"build_version":"2020-12-22","purchased_purges":3,"victory":true,"max_hp_per_floor":[70,70,70,70,70,70,70,70,70,70,70,70,70,70,70,70,70,70,70,70,70,70,70,77,77,77,77,77,77,77,77,77,77,77,77,73,73,73,73,73,73,73,73,73,73,73,73,73,73,73,73,73,73,73,73],"card_choices":[{"not_picked":["Blur","Outmaneuver"],"picked":"Infinite Blades","floor":1},{"not_picked":["Eviscerate","Blade Dance","Slice"],"picked":"SKIP","floor":4},{"not_picked":["Backflip","Poisoned Stab"],"picked":"Leg Sweep","floor":6},{"not_picked":["Acrobatics","Flying Knee"],"picked":"Backstab","floor":8},{"not_picked":["Poisoned Stab","Expertise"],"picked":"Malaise","floor":10},{"not_picked":["Quick Slash","Heel Hook"],"picked":"Deadly Poison","floor":11},{"not_picked":["Sucker Punch","Distraction"],"picked":"Infinite Blades","floor":12},{"not_picked":["Bouncing Flask","Backflip"],"picked":"Dodge and Roll","floor":13},{"not_picked":["Bullet Time","Glass Knife"],"picked":"Doppelganger","floor":16},{"not_picked":["Dodge and Roll","Deflect+1"],"picked":"Deadly Poison+1","floor":18},{"not_picked":["Prepared+1","Footwork"],"picked":"Blur","floor":20},{"not_picked":["Poisoned Stab","Heel Hook+1","Backflip"],"picked":"SKIP","floor":21},{"not_picked":["Choke+1","Prepared","Underhanded Strike+1"],"picked":"SKIP","floor":22},{"not_picked":["Endless Agony+1","Malaise","Bane"],"picked":"SKIP","floor":24},{"not_picked":["Heel Hook","Poisoned Stab","Flechettes+1"],"picked":"SKIP","floor":25},{"not_picked":["Outmaneuver","Finisher"],"picked":"Acrobatics+1","floor":27},{"not_picked":["Quick Slash","Predator"],"picked":"PiercingWail+1","floor":28},{"not_picked":["Distraction","Dagger Throw","Dagger Spray+1"],"picked":"SKIP","floor":29},{"not_picked":["Bouncing Flask","Quick Slash","Prepared"],"picked":"SKIP","floor":30},{"not_picked":["Riddle With Holes","Expertise","Tactician"],"picked":"SKIP","floor":31},{"not_picked":["Glass Knife","Storm of Steel"],"picked":"Envenom","floor":33},{"not_picked":["Dash+1","All Out Attack+1"],"picked":"Cloak And Dagger+1","floor":35},{"not_picked":["Poisoned Stab+1","Dodge and Roll+1","Sucker Punch"],"picked":"SKIP","floor":37},{"not_picked":["Deadly Poison+1","Terror"],"picked":"PiercingWail+1","floor":41},{"not_picked":["Reflex","Flying Knee+1","Bane+1"],"picked":"SKIP","floor":42},{"not_picked":["Blur+1","Sucker Punch"],"picked":"Blade Dance+1","floor":47},{"not_picked":["Dagger Spray","Underhanded Strike"],"picked":"Crippling Poison+1","floor":48},{"not_picked":["Leg Sweep","Backflip"],"picked":"Envenom","floor":54}],"player_experience":97359,"relics_obtained":[{"floor":5,"key":"PreservedInsect"},{"floor":6,"key":"Snake Skull"},{"floor":8,"key":"Kunai"},{"floor":9,"key":"Smiling Mask"},{"floor":10,"key":"Bag of Preparation"},{"floor":12,"key":"Nunchaku"},{"floor":17,"key":"MealTicket"},{"floor":17,"key":"StrikeDummy"},{"floor":17,"key":"Dead Branch"},{"floor":24,"key":"Strawberry"},{"floor":26,"key":"Potion Belt"},{"floor":27,"key":"Vajra"},{"floor":29,"key":"Bag of Marbles"},{"floor":31,"key":"Blue Candle"},{"floor":41,"key":"Blood Vial"},{"floor":47,"key":"Orichalcum"},{"floor":54,"key":"Boot"}],"event_choices":[{"damage_healed":0,"gold_gain":0,"player_choice":"Got Potions","damage_taken":0,"max_hp_gain":0,"max_hp_loss":0,"event_name":"Lab","floor":2,"gold_loss":0},{"cards_removed":["Defend_G"],"damage_healed":0,"gold_gain":0,"player_choice":"Card Removal","damage_taken":0,"max_hp_gain":0,"max_hp_loss":0,"event_name":"The Cleric","floor":7,"gold_loss":50},{"damage_healed":0,"gold_gain":0,"cards_transformed":["Strike_G"],"player_choice":"Transformed","damage_taken":0,"max_hp_gain":0,"max_hp_loss":0,"event_name":"Transmorgrifier","floor":19,"gold_loss":0,"cards_obtained":["Bullet Time"]},{"damage_healed":0,"gold_gain":0,"player_choice":"Max HP","damage_taken":0,"max_hp_gain":0,"max_hp_loss":4,"event_name":"Winding Halls","floor":36,"gold_loss":0},{"damage_healed":0,"gold_gain":0,"player_choice":"Ignored","damage_taken":0,"max_hp_gain":0,"max_hp_loss":0,"event_name":"Tomb of Lord Red Mask","floor":38,"gold_loss":0},{"cards_removed":["Neutralize"],"damage_healed":0,"gold_gain":0,"player_choice":"Removed Attack","damage_taken":0,"max_hp_gain":0,"max_hp_loss":0,"event_name":"Falling","floor":39,"gold_loss":0}],"is_beta":false,"boss_relics":[{"not_picked":["Fusion Hammer","SlaversCollar"],"picked":"Calling Bell"},{"not_picked":["Runic Dome","Tiny House"],"picked":"Coffee Dripper"}],"items_purged_floors":[14,45,53],"is_endless":false,"potions_floor_spawned":[1,4,6,16,20,22,25,29,30,33,41,42],"ascension_level":3}}