{"host":"wonp23fsqqcu31ie","time":1610788301,"event":{"mods":["2.2 Compatiblity","AchievementEnabler","Aspiration","BaseMod","Bestiary","Better Altar","Better Match","Better Sensory Stone","Better Skull","Better Third Choice","BetterRewards","Block Reminder","Colored Map","Colored Powertips","Conspire","Curses Come First","DeckTracker","Displayed Cursed Tome","Downfall","Energized Spire","Evolution","Hermit","Highlight Path","Hubris","Infinite Spire","Marisa????????","Minty Spire (QoL Compilation)","Permanent Neow","Prisma Mod","Quick Restart","Rare Cards Sparkle","Relic Stats","Robot Space Explorer","Shade Mod","Shop Mod","StSLib","SuperFastMode","The Animator","The Bug Knight","The Construct","The Cursed","The Disciple","The Dragon Tamer","The Gatherer","The Hierophant","The Marked","The Necromancer","The Poker Player","The Runesmith","The Saiyan","The Servant 0.9.4","TheBandit"],"gold_per_floor":[109,109,109,120,26,54,54,54,54,88,69,101,125,125,125,229,229,241,241,258,288,288,288,288,288],"floor_reached":23,"language":"ENG","playtime":833,"items_purged":[],"score":348,"play_id":"adcb3587-4861-44c2-94f0-afb392a89efd","local_time":"20210116201141","is_ascension_mode":true,"metric_token":3346,"campfire_choices":[{"floor":7,"key":"REST"},{"data":"1","floor":15,"key":"LIFT"}],"circlet_count":0,"master_deck":["PokerPlayerMod:Diamond1","PokerPlayerMod:Diamond2","PokerPlayerMod:Diamond3","PokerPlayerMod:Diamond4","PokerPlayerMod:Diamond5","PokerPlayerMod:Spade1","PokerPlayerMod:Spade2","PokerPlayerMod:Spade3","PokerPlayerMod:Spade4","PokerPlayerMod:Club1","PokerPlayerMod:Club2","PokerPlayerMod:Heart2","PokerPlayerMod:BadJoker","PokerPlayerMod:Mulligan","PokerPlayerMod:Fold","PokerPlayerMod:SpadeStrike","PokerPlayerMod:CardPrinter","conspire:Banana","PokerPlayerMod:SpadeStrike","PokerPlayerMod:DiamondStrike","PokerPlayerMod:Heart9","PokerPlayerMod:CloakAndDiamond","hubris:InfiniteBlow+1","PokerPlayerMod:SecretDealer","PokerPlayerMod:Trickery","PokerPlayerMod:HotShotCut+1"],"relics":["PrismaMod:PrismaRuby","EVO:Axolotl","Chemical X","Toy Ornithopter","Girya","conspire:Dentures","MerchantsRug","Thread and Needle","Nunchaku","infinitespire:Cubic Diamond","CultistMask","Regal Pillow","hubris:CuriousFeather","StrikeDummy","Black Star","conspire:Flyswatter","Red Mask","Nilry\u0027s Codex"],"acts_visited":["Exordium","TheCity"],"potions_floor_usage":[6,10,20,21],"damage_taken":[{"damage":0,"enemies":"Cultist","floor":1,"turns":3},{"damage":0,"enemies":"2 Louse","floor":4,"turns":1},{"damage":26,"enemies":"Lagavulin","floor":6,"turns":7},{"damage":11,"enemies":"3 Sentries","floor":10,"turns":9},{"damage":9,"enemies":"HollowMod:MossKnight","floor":12,"turns":9},{"damage":17,"enemies":"The Guardian","floor":16,"turns":9},{"damage":4,"enemies":"2 Thieves","floor":18,"turns":5},{"damage":29,"enemies":"Shelled Parasite and Fungi","floor":20,"turns":7},{"damage":7,"enemies":"Masked Bandits","floor":21,"turns":4},{"damage":40,"enemies":"Book of Stabbing","floor":23,"turns":3}],"seed_played":"-6223406756044630208","potions_obtained":[{"floor":1,"key":"Dexterity Potion"},{"floor":6,"key":"Fire Potion"},{"floor":18,"key":"Weak Potion"},{"floor":20,"key":"BlessingOfTheForge"}],"is_trial":false,"path_per_floor":["M","?","?","M","$","E","R","$","T","E","$","E","T","?","R","B",null,"M","?","M","?","?","E"],"character_chosen":"THE_POKER_PLAYER","items_purchased":["Chemical X","Toy Ornithopter","conspire:Dentures","MerchantsRug","Thread and Needle","Nunchaku","conspire:Banana","PokerPlayerMod:Heart9"],"campfire_rested":1,"item_purchase_floors":[0,0,0,0,0,0,5,11],"current_hp_per_floor":[22,22,22,22,22,5,35,35,35,34,34,43,43,30,30,28,56,57,57,36,35,19,0,0,0],"gold":288,"neow_bonus":"","is_daily":false,"chose_seed":false,"campfire_upgraded":0,"win_rate":0.0,"timestamp":1610788301,"path_taken":["M","?","?","?","$","E","R","$","T","E","$","E","?","?","R","BOSS","M","?","?","?","?","E"],"items_purchased_type":["Relic","Relic","Relic","Relic","Relic","Relic","Card","Card"],"build_version":"2020-12-22","purchased_purges":0,"victory":false,"max_hp_per_floor":[52,52,52,52,52,53,53,53,53,54,54,55,55,55,55,56,56,57,57,58,59,59,60,60,60],"relic_stats":{"Nunchaku":[4],"Regal Pillow":53,"counters":[62,275],"Black Star":1,"Chemical X":[1],"obtain_stats":[{"Calipers":10,"Tiny House":17,"Nilry\u0027s Codex":22,"CeramicFish":26,"infinitespire:Cubic Diamond":2,"EVO:Axolotl":0,"Ginger":19,"Boot":0,"Sling":36,"PrismaMod:PrismaRuby":2,"Lizard Tail":25,"HollowMod:PaleOreRelic":6,"Replay:Wax Seal":53,"conspire:Dentures":0,"MerchantsRug":25,"Girya":0,"hubris:DuctTape":6,"Happy Flower":6,"aspiration:Nostalgia":0,"ReplayTheSpireMod:CursedCoin":14,"Blue Candle":24,"ReplayTheSpireMod:Ring of Addiction":42,"Pen Nib":27,"Guardian:PocketSentry":9,"Replay:Ancient Bell":34,"aspiration:SeaSaltIceCream":19,"aspiration:FrozenJewel":25,"Replay:Baseball":34,"ReplayTheSpireMod:Shallot":54,"Bronze Scales":14,"ReplayTheSpireMod:Ring of Collecting":42,"CultistMask":3,"ReplayTheSpireMod:TigerMarble":18,"Black Star":17,"CatCart":45,"Mirror":34,"StrikeDummy":12,"Abe\u0027s Treasure":17,"conspire:Flyswatter":19,"aspiration:Lifesprig":14,"Regal Pillow":5,"Blue Doll":23,"Juzu Bracelet":8,"hubris:EmptyBottle":42,"Cursed Key":17,"Smiling Mask":20,"ClockworkSouvenir":53,"PokerPlayerMod:DeckCase":0,"m_ScarletBlood":0,"Replay:Bandana":22,"Nunchaku":0,"hubris:Icosahedron":19,"Ring of Peace":43,"hubris:CuriousFeather":9,"Red Mask":21,"Chemical X":0,"Ring of Panic":44,"aspiration:ChemicalBlood":43,"hubris:64BitClover":0,"Guide Book":7,"Thread and Needle":0,"hubris:MedicalManual":2,"aspiration:HummingbirdHeart":31,"infinitespire:CheckeredPen":26,"hubris:Towel":13,"White Beast Statue":42,"PokerPlayerMod:BottledPoker":25,"Pondfish Scales":11,"PokerPlayerMod:ClubPass":26,"Bottled Lightning":11,"Membership Card":21,"Runesmith:AutoHammer":53,"hexamod:BolsterEngine":44,"Toy Ornithopter":0,"hubris:Potato":34,"TungstenRod":40,"ReplayTheSpireMod:ShopPack":25},{"Calipers":17,"Tiny House":21,"Nilry\u0027s Codex":61,"CeramicFish":9,"infinitespire:Cubic Diamond":53,"EVO:Axolotl":0,"Ginger":36,"Boot":27,"Sling":43,"PrismaMod:PrismaRuby":53,"Lizard Tail":26,"HollowMod:PaleOreRelic":15,"Replay:Wax Seal":50,"conspire:Dentures":52,"MerchantsRug":26,"Girya":52,"hubris:DuctTape":4,"Happy Flower":31,"aspiration:Nostalgia":0,"ReplayTheSpireMod:CursedCoin":5,"Blue Candle":9,"ReplayTheSpireMod:Ring of Addiction":47,"Pen Nib":9,"Guardian:PocketSentry":4,"Replay:Ancient Bell":42,"aspiration:SeaSaltIceCream":36,"aspiration:FrozenJewel":26,"Replay:Baseball":42,"ReplayTheSpireMod:Shallot":51,"Bronze Scales":5,"ReplayTheSpireMod:Ring of Collecting":47,"CultistMask":53,"ReplayTheSpireMod:TigerMarble":22,"Black Star":58,"CatCart":48,"Mirror":42,"StrikeDummy":57,"Abe\u0027s Treasure":35,"conspire:Flyswatter":59,"aspiration:Lifesprig":5,"Regal Pillow":30,"Blue Doll":26,"Juzu Bracelet":4,"hubris:EmptyBottle":47,"Cursed Key":6,"Smiling Mask":23,"ClockworkSouvenir":50,"PokerPlayerMod:DeckCase":0,"m_ScarletBlood":0,"Replay:Bandana":8,"Nunchaku":52,"hubris:Icosahedron":7,"Ring of Peace":47,"hubris:CuriousFeather":55,"Red Mask":61,"Chemical X":52,"Ring of Panic":47,"aspiration:ChemicalBlood":47,"hubris:64BitClover":12,"Guide Book":31,"Thread and Needle":52,"hubris:MedicalManual":1,"aspiration:HummingbirdHeart":41,"infinitespire:CheckeredPen":38,"hubris:Towel":33,"White Beast Statue":47,"PokerPlayerMod:BottledPoker":38,"Pondfish Scales":18,"PokerPlayerMod:ClubPass":26,"Bottled Lightning":32,"Membership Card":37,"Runesmith:AutoHammer":50,"hexamod:BolsterEngine":47,"Toy Ornithopter":27,"hubris:Potato":42,"TungstenRod":47,"ReplayTheSpireMod:ShopPack":38},{"Calipers":61,"Tiny House":80,"Nilry\u0027s Codex":272,"CeramicFish":32,"infinitespire:Cubic Diamond":221,"EVO:Axolotl":0,"Ginger":139,"Boot":107,"Sling":169,"PrismaMod:PrismaRuby":221,"Lizard Tail":98,"HollowMod:PaleOreRelic":51,"Replay:Wax Seal":203,"conspire:Dentures":218,"MerchantsRug":98,"Girya":218,"hubris:DuctTape":12,"Happy Flower":123,"aspiration:Nostalgia":0,"ReplayTheSpireMod:CursedCoin":13,"Blue Candle":32,"ReplayTheSpireMod:Ring of Addiction":182,"Pen Nib":32,"Guardian:PocketSentry":12,"Replay:Ancient Bell":167,"aspiration:SeaSaltIceCream":139,"aspiration:FrozenJewel":98,"Replay:Baseball":167,"ReplayTheSpireMod:Shallot":209,"Bronze Scales":13,"ReplayTheSpireMod:Ring of Collecting":182,"CultistMask":221,"ReplayTheSpireMod:TigerMarble":84,"Black Star":256,"CatCart":187,"Mirror":167,"StrikeDummy":247,"Abe\u0027s Treasure":136,"conspire:Flyswatter":261,"aspiration:Lifesprig":13,"Regal Pillow":119,"Blue Doll":98,"Juzu Bracelet":12,"hubris:EmptyBottle":182,"Cursed Key":20,"Smiling Mask":89,"ClockworkSouvenir":203,"PokerPlayerMod:DeckCase":0,"m_ScarletBlood":0,"Replay:Bandana":28,"Nunchaku":218,"hubris:Icosahedron":24,"Ring of Peace":182,"hubris:CuriousFeather":229,"Red Mask":272,"Chemical X":218,"Ring of Panic":182,"aspiration:ChemicalBlood":182,"hubris:64BitClover":40,"Guide Book":123,"Thread and Needle":218,"hubris:MedicalManual":3,"aspiration:HummingbirdHeart":161,"infinitespire:CheckeredPen":149,"hubris:Towel":130,"White Beast Statue":182,"PokerPlayerMod:BottledPoker":149,"Pondfish Scales":66,"PokerPlayerMod:ClubPass":98,"Bottled Lightning":128,"Membership Card":143,"Runesmith:AutoHammer":203,"hexamod:BolsterEngine":182,"Toy Ornithopter":107,"hubris:Potato":167,"TungstenRod":182,"ReplayTheSpireMod:ShopPack":149}],"Toy Ornithopter":149},"card_choices":[{"not_picked":["PokerPlayerMod:Heart1","PokerPlayerMod:Diamond2"],"picked":"PokerPlayerMod:SpadeStrike","floor":1},{"not_picked":["PokerPlayerMod:Spade3","PokerPlayerMod:Diamond5"],"picked":"PokerPlayerMod:CardPrinter","floor":4},{"not_picked":["PokerPlayerMod:StackedDeck","PokerPlayerMod:Diamond4"],"picked":"PokerPlayerMod:SpadeStrike","floor":6},{"not_picked":["PokerPlayerMod:Spade8","PokerPlayerMod:Trickery"],"picked":"PokerPlayerMod:DiamondStrike","floor":10},{"not_picked":["PokerPlayerMod:Spade4","PokerPlayerMod:CardBurn"],"picked":"PokerPlayerMod:CloakAndDiamond","floor":12},{"not_picked":["infinitespire:Execution","infinitespire:Starlight"],"picked":"hubris:InfiniteBlow+1","floor":14},{"not_picked":["PokerPlayerMod:Diamond9","PokerPlayerMod:Club8"],"picked":"PokerPlayerMod:SecretDealer","floor":16},{"not_picked":["PokerPlayerMod:CardBurn+1","PokerPlayerMod:Heart1"],"picked":"PokerPlayerMod:Trickery","floor":18},{"not_picked":["PokerPlayerMod:Spade5","PokerPlayerMod:RiskyBet"],"picked":"PokerPlayerMod:HotShotCut+1","floor":20}],"player_experience":539413,"relics_obtained":[{"floor":6,"key":"Regal Pillow"},{"floor":9,"key":"hubris:CuriousFeather"},{"floor":10,"key":"PokerPlayerMod:BottledPoker"},{"floor":12,"key":"StrikeDummy"},{"floor":19,"key":"conspire:Flyswatter"},{"floor":21,"key":"Red Mask"}],"event_choices":[{"damage_healed":0,"gold_gain":0,"player_choice":"Trade","damage_taken":0,"relics_obtained":["CultistMask"],"max_hp_gain":0,"max_hp_loss":0,"event_name":"FaceTrader","floor":3,"gold_loss":0},{"damage_healed":0,"gold_gain":0,"player_choice":"Relic","damage_taken":0,"max_hp_gain":0,"max_hp_loss":0,"event_name":"Wheel of Change","floor":19,"gold_loss":0},{"damage_healed":0,"gold_gain":0,"player_choice":"Fought Bandits","damage_taken":0,"max_hp_gain":0,"max_hp_loss":0,"event_name":"Masked Bandits","floor":21,"gold_loss":0},{"damage_healed":0,"gold_gain":0,"player_choice":"Obtained Book","damage_taken":16,"max_hp_gain":0,"max_hp_loss":0,"event_name":"Cursed Tome","floor":22,"gold_loss":0}],"is_beta":false,"boss_relics":[{"not_picked":["Sozu","Astrolabe"],"picked":"Black Star"}],"items_purged_floors":[],"is_endless":false,"potions_floor_spawned":[1,6,18,20],"killed_by":"Book of Stabbing","ascension_level":3}}