{"host":"oehe2dxjvdgux73m","time":1610818074,"event":{"mods":["AchievementEnabler","BaseMod","Colored Map","Colored Powertips","DeckTracker","Keyboard Shortcuts","Minty Spire (QoL Compilation)","Permanent Neow","Quick Restart","StSLib","SuperFastMode"],"gold_per_floor":[109,123,47,59,59,84,84,120,120,145,145,145,176,199,199,199,199],"floor_reached":16,"language":"KOR","playtime":268,"items_purged":[],"score":186,"play_id":"c59914d5-b391-49ea-9b83-1e2ef8d8e68a","local_time":"20210117022754","is_ascension_mode":true,"campfire_choices":[{"data":"Perfected Strike","floor":12,"key":"SMITH"},{"data":"Double Tap","floor":15,"key":"SMITH"}],"circlet_count":0,"master_deck":["AscendersBane","Strike_R","Strike_R","Strike_R","Strike_R","Strike_R","Defend_R+1","Defend_R+1","Defend_R","Defend_R","Bash","Wild Strike","Body Slam","Perfected Strike+1","Shrug It Off","Bludgeon","Twin Strike","Pommel Strike","Double Tap+1","Wild Strike"],"relics":["Burning Blood","NeowsBlessing","Strawberry","Golden Idol","FossilizedHelix","Mercury Hourglass","Singing Bowl"],"acts_visited":["Exordium"],"potions_floor_usage":[6,8,11,13,16],"damage_taken":[{"damage":0,"enemies":"Cultist","floor":1,"turns":1},{"damage":0,"enemies":"Small Slimes","floor":2,"turns":1},{"damage":0,"enemies":"Jaw Worm","floor":4,"turns":1},{"damage":26,"enemies":"3 Sentries","floor":6,"turns":10},{"damage":30,"enemies":"Gremlin Nob","floor":8,"turns":4},{"damage":0,"enemies":"2 Fungi Beasts","floor":10,"turns":2},{"damage":15,"enemies":"Lagavulin","floor":13,"turns":4},{"damage":1,"enemies":"Red Slaver","floor":14,"turns":4},{"damage":35,"enemies":"Hexaghost","floor":16,"turns":8}],"seed_played":"-5983273139794665332","potions_obtained":[{"floor":4,"key":"Block Potion"},{"floor":6,"key":"ColorlessPotion"},{"floor":11,"key":"Fruit Juice"},{"floor":11,"key":"PowerPotion"},{"floor":11,"key":"SteroidPotion"},{"floor":13,"key":"LiquidBronze"}],"is_trial":false,"path_per_floor":["M","M","$","M","?","E","?","E","T","M","?","R","E","M","R","B"],"character_chosen":"IRONCLAD","items_purchased":["Perfected Strike","Shrug It Off"],"campfire_rested":0,"item_purchase_floors":[3,3],"current_hp_per_floor":[78,80,80,80,64,51,51,27,27,33,38,38,29,34,34,0,0],"gold":199,"neow_bonus":"THREE_ENEMY_KILL","is_daily":false,"chose_seed":false,"campfire_upgraded":2,"win_rate":0.0,"timestamp":1610818074,"path_taken":["M","?","$","M","?","E","?","E","T","M","?","R","E","M","R","BOSS"],"items_purchased_type":["Card","Card"],"build_version":"2020-12-22","purchased_purges":0,"victory":false,"max_hp_per_floor":[80,80,80,80,80,87,81,81,81,81,86,86,86,86,86,86,86],"card_choices":[{"not_picked":["Armaments","Heavy Blade"],"picked":"Wild Strike","floor":1},{"not_picked":["Clothesline","Sentinel"],"picked":"Body Slam","floor":2},{"not_picked":["Heavy Blade","Intimidate","Pummel"],"picked":"SKIP","floor":4},{"not_picked":["Feel No Pain","Cleave"],"picked":"Bludgeon","floor":6},{"not_picked":["Clothesline","Headbutt"],"picked":"Twin Strike","floor":8},{"not_picked":["Burning Pact","Havoc"],"picked":"Pommel Strike","floor":10},{"not_picked":["Dropkick","Armaments"],"picked":"Double Tap","floor":13},{"not_picked":["Thunderclap","Sword Boomerang"],"picked":"Wild Strike","floor":14}],"player_experience":247963,"relics_obtained":[{"floor":6,"key":"Strawberry"},{"floor":8,"key":"FossilizedHelix"},{"floor":9,"key":"Mercury Hourglass"},{"floor":13,"key":"Singing Bowl"}],"event_choices":[{"damage_healed":0,"gold_gain":0,"player_choice":"Entered Light","damage_taken":16,"max_hp_gain":0,"max_hp_loss":0,"event_name":"Shining Light","floor":5,"gold_loss":0,"cards_upgraded":["Defend_R","Defend_R"]},{"damage_healed":0,"gold_gain":0,"player_choice":"Lose Max HP","damage_taken":0,"relics_obtained":["Golden Idol"],"max_hp_gain":0,"max_hp_loss":6,"event_name":"Golden Idol","floor":7,"gold_loss":0},{"damage_healed":0,"gold_gain":0,"player_choice":"Got Potions","damage_taken":0,"max_hp_gain":0,"max_hp_loss":0,"event_name":"Lab","floor":11,"gold_loss":0}],"is_beta":false,"boss_relics":[],"items_purged_floors":[],"is_endless":false,"potions_floor_spawned":[4,6,13,14],"killed_by":"Hexaghost","ascension_level":11}}