{"host":"fghh6uc8siqeqraf","time":1610791857,"event":{"mods":["AchievementEnabler","BaseMod","Colored Powertips","Googly Eyes","Hermit","Lobotomy","Minty Spire (QoL Compilation)","Replay The Spire","Shop Mod","StSLib","The Cursed","The Hierophant"],"gold_per_floor":[116,129,204,219,219,219,219],"floor_reached":6,"language":"ZHS","playtime":3917,"items_purged":[],"score":36,"play_id":"e4306e83-eb0f-4ccb-a7bb-0ffda4599619","local_time":"20210116181057","is_ascension_mode":false,"campfire_choices":[],"circlet_count":0,"master_deck":["Strike_R","Strike_R","Strike_R","Strike_R","Strike_R","Defend_R","Defend_R","Defend_R","Defend_R","Bash","MeatLantern","Rage","RedShoes","Iron Wave","Laetitia"],"relics":["Burning Blood","CogitoBucket"],"acts_visited":["Exordium"],"potions_floor_usage":[6],"damage_taken":[{"damage":0,"enemies":"2 Louse","floor":1,"turns":3},{"damage":0,"enemies":"Small Slimes","floor":2,"turns":5},{"damage":8,"enemies":"Jaw Worm","floor":4,"turns":4},{"damage":105,"enemies":"Lagavulin","floor":6,"turns":8}],"seed_played":"85227995947222430","potions_obtained":[{"floor":2,"key":"ColorlessPotion"},{"floor":4,"key":"Elixir"}],"is_trial":false,"path_per_floor":["M","M","?","M","?","E"],"character_chosen":"IRONCLAD","items_purchased":[],"campfire_rested":0,"item_purchase_floors":[],"current_hp_per_floor":[80,80,69,67,72,0,0],"gold":219,"neow_bonus":"","is_daily":false,"chose_seed":false,"campfire_upgraded":0,"win_rate":0.0,"timestamp":1610791857,"path_taken":["M","M","?","M","?","E"],"items_purchased_type":[],"build_version":"2020-12-22","purchased_purges":0,"victory":false,"max_hp_per_floor":[80,80,80,80,85,85,85],"card_choices":[{"not_picked":["PunishingBird","OldLady"],"picked":"MeatLantern","floor":1},{"not_picked":["Shockwave","Body Slam"],"picked":"Rage","floor":1},{"not_picked":["Wellcheers","Murderer"],"picked":"RedShoes","floor":2},{"not_picked":["Thunderclap","Flex"],"picked":"Iron Wave","floor":2},{"not_picked":["Yin","Wellcheers"],"picked":"Laetitia","floor":4},{"not_picked":["Life Link","Replay:Undeath\u0027s Touch","Anger"],"picked":"SKIP","floor":4},{"not_picked":["Life Link","Replay:Undeath\u0027s Touch","Anger"],"picked":"SKIP","floor":4}],"player_experience":109229,"relics_obtained":[],"event_choices":[{"damage_healed":0,"gold_gain":75,"player_choice":"Gather Gold","damage_taken":11,"max_hp_gain":0,"max_hp_loss":0,"event_name":"World of Goop","floor":3,"gold_loss":0},{"damage_healed":0,"gold_gain":0,"player_choice":"Donut","damage_taken":0,"max_hp_gain":5,"max_hp_loss":0,"event_name":"Big Fish","floor":5,"gold_loss":0}],"is_beta":false,"boss_relics":[],"items_purged_floors":[],"is_endless":false,"potions_floor_spawned":[2,4],"killed_by":"Lagavulin","ascension_level":0}}