{"host":"u1dfzl6o6mfmauc3","time":1610767594,"event":{"mods":["100% Spire Juice","2.2 Compatiblity","AchievementEnabler","BaseMod","Block Reminder","Challenge The Spire","Dark Map","Hermit","Minty Spire (QoL Compilation)","Relic Stats","Robot Space Explorer","StSLib","The Disciple","The Marked"],"gold_per_floor":[217,14,27,41,51,80,80,143,189,41,41,79,100,115,115,246,246,260,274,199,223,20,51,71,71,96,114,127,127,127],"floor_reached":29,"language":"ENG","playtime":1984,"items_purged":["Strike_P"],"score":298,"play_id":"66b27820-02fa-4135-b364-334fadccdd10","local_time":"20210115222634","is_ascension_mode":true,"campfire_choices":[{"data":"Ragnarok","floor":7,"key":"SMITH"},{"data":"Wallop","floor":15,"key":"SMITH"},{"floor":25,"key":"REST"}],"circlet_count":0,"master_deck":["Strike_P+1","Strike_P+1","Defend_P","Defend_P+1","Defend_P","Defend_P","Eruption+1","Vigilance+1","Consecrate","DevaForm","Halt","WheelKick","FlurryOfBlows+1","Tantrum","Ragnarok+1","LessonLearned+1","Wallop+1","ConjureBlade+1","WaveOfTheHand+1","CutThroughFate","Evaluate+1","Conclude","Evaluate+1","FearNoEvil+1"],"relics":["PureWater","Toxic Egg 2","Whetstone","Golden Idol","Bag of Marbles","SlaversCollar","ClockworkSouvenir","Smiling Mask","MealTicket"],"acts_visited":["Exordium","TheCity"],"potions_floor_usage":[5,12,12,23],"damage_taken":[{"damage":0,"enemies":"2 Louse","floor":1,"turns":2},{"damage":2,"enemies":"Small Slimes","floor":3,"turns":3},{"damage":1,"enemies":"Cultist","floor":4,"turns":4},{"damage":14,"enemies":"Exordium Thugs","floor":5,"turns":5},{"damage":20,"enemies":"Gremlin Nob","floor":6,"turns":3},{"damage":0,"enemies":"Lagavulin","floor":12,"turns":4},{"damage":0,"enemies":"Lots of Slimes","floor":13,"turns":2},{"damage":8,"enemies":"Gremlin Gang","floor":14,"turns":4},{"damage":23,"enemies":"The Guardian","floor":16,"turns":8},{"damage":0,"enemies":"3 Byrds","floor":18,"turns":5},{"damage":12,"enemies":"Shell Parasite","floor":19,"turns":4},{"damage":25,"enemies":"Centurion and Healer","floor":21,"turns":5},{"damage":18,"enemies":"Slavers","floor":23,"turns":6},{"damage":4,"enemies":"Snake Plant","floor":24,"turns":3},{"damage":11,"enemies":"Snecko","floor":27,"turns":5},{"damage":10,"enemies":"Centurion and Healer","floor":28,"turns":4},{"damage":8,"enemies":"3 Cultists","floor":29,"turns":3}],"seed_played":"5797798486931864186","potions_obtained":[{"floor":1,"key":"Explosive Potion"},{"floor":4,"key":"Dexterity Potion"},{"floor":6,"key":"DuplicationPotion"},{"floor":16,"key":"Weak Potion"},{"floor":19,"key":"Ancient Potion"},{"floor":23,"key":"LiquidBronze"}],"is_trial":false,"path_per_floor":["M","$","M","M","M","E","R","?","T","$","?","E","M","M","R","B",null,"M","M","?","M","$","E","M","R","T","M","M","M"],"character_chosen":"WATCHER","items_purchased":["DevaForm","Halt","Regen Potion","ClockworkSouvenir","Evaluate+1"],"campfire_rested":1,"item_purchase_floors":[2,2,10,22,22],"current_hp_per_floor":[72,72,70,69,55,35,35,35,35,35,35,47,47,39,39,16,67,67,55,55,30,30,12,8,28,28,17,7,0,0],"gold":127,"neow_bonus":"HUNDRED_GOLD","is_daily":false,"chose_seed":false,"campfire_upgraded":2,"win_rate":0.0,"timestamp":1610767594,"path_taken":["M","$","M","M","M","E","R","?","T","$","?","E","M","M","R","BOSS","M","M","?","M","$","E","M","R","T","M","M","M"],"items_purchased_type":["Card","Card","Potion","Relic","Card"],"build_version":"2020-12-22","purchased_purges":1,"victory":false,"max_hp_per_floor":[72,72,72,72,72,72,72,72,72,72,67,67,67,67,67,67,67,67,67,67,67,67,67,67,67,67,67,67,67,67],"relic_stats":{"counters":[17,70],"Golden Idol":69,"MealTicket":0,"Whetstone":["FlurryOfBlows","Strike_P"],"Smiling Mask":0,"obtain_stats":[{"SlaversCollar":17,"Golden Idol":11,"MealTicket":26,"Bag of Marbles":12,"Whetstone":9,"PureWater":0,"Toxic Egg 2":6,"Smiling Mask":23,"ClockworkSouvenir":22},{"SlaversCollar":9,"Golden Idol":5,"MealTicket":14,"Bag of Marbles":6,"Whetstone":5,"PureWater":0,"Toxic Egg 2":5,"Smiling Mask":13,"ClockworkSouvenir":12},{"SlaversCollar":35,"Golden Idol":17,"MealTicket":58,"Bag of Marbles":21,"Whetstone":17,"PureWater":0,"Toxic Egg 2":17,"Smiling Mask":55,"ClockworkSouvenir":49}]},"card_choices":[{"not_picked":["Collect","Pray"],"picked":"Consecrate","floor":1},{"not_picked":["Sanctity","SashWhip"],"picked":"WheelKick","floor":3},{"not_picked":["Halt","JustLucky"],"picked":"FlurryOfBlows","floor":4},{"not_picked":["FlyingSleeves","SashWhip"],"picked":"Tantrum","floor":5},{"not_picked":["FollowUp","FlurryOfBlows"],"picked":"Ragnarok","floor":6},{"not_picked":["Consecrate","Halt+1"],"picked":"LessonLearned","floor":12},{"not_picked":["FlurryOfBlows","BowlingBash"],"picked":"Wallop","floor":13},{"not_picked":["EmptyFist","Protect+1","Halt+1"],"picked":"SKIP","floor":14},{"not_picked":["DeusExMachina+1","Brilliance"],"picked":"ConjureBlade+1","floor":16},{"not_picked":["FlurryOfBlows","Consecrate","InnerPeace+1"],"picked":"SKIP","floor":18},{"not_picked":["EmptyFist","Consecrate+1"],"picked":"WaveOfTheHand+1","floor":19},{"not_picked":["BowlingBash","DeusExMachina+1"],"picked":"CutThroughFate","floor":21},{"not_picked":["Prostrate+1","SignatureMove","BowlingBash"],"picked":"SKIP","floor":23},{"not_picked":["Evaluate+1","PathToVictory+1"],"picked":"Conclude","floor":24},{"not_picked":["Consecrate","ReachHeaven"],"picked":"Evaluate+1","floor":27},{"not_picked":["CarveReality","SignatureMove+1"],"picked":"FearNoEvil+1","floor":28}],"player_experience":77553,"relics_obtained":[{"floor":6,"key":"Toxic Egg 2"},{"floor":9,"key":"Whetstone"},{"floor":12,"key":"Bag of Marbles"},{"floor":23,"key":"Smiling Mask"},{"floor":26,"key":"MealTicket"}],"event_choices":[{"damage_healed":0,"gold_gain":63,"player_choice":"Gained Gold","damage_taken":0,"max_hp_gain":0,"max_hp_loss":0,"event_name":"Golden Wing","floor":8,"gold_loss":0},{"damage_healed":0,"gold_gain":0,"player_choice":"Lose Max HP","damage_taken":0,"relics_obtained":["Golden Idol"],"max_hp_gain":0,"max_hp_loss":5,"event_name":"Golden Idol","floor":11,"gold_loss":0},{"cards_removed":["Strike_P"],"damage_healed":0,"gold_gain":0,"player_choice":"Gave Gold","damage_taken":0,"max_hp_gain":0,"max_hp_loss":0,"event_name":"Beggar","floor":20,"gold_loss":75}],"is_beta":false,"boss_relics":[{"not_picked":["Tiny House","Busted Crown"],"picked":"SlaversCollar"}],"items_purged_floors":[10],"is_endless":false,"potions_floor_spawned":[1,4,6,16,19,21,23,24,27],"killed_by":"3 Cultists","ascension_level":1}}