{"host":"j36qkj20jqndbw01","time":1610760148,"event":{"mods":["AchievementEnabler","BaseMod","Colored Map","DeckTracker","Highlight Path","Keyboard Shortcuts","Minty Spire (QoL Compilation)","Quick Restart","Relic Stats","StSLib","SuperFastMode","everything is the same but u backflip on backflip"],"gold_per_floor":[119,135,150,161,176,176,6,56,56,56,76,95,166,166,166],"floor_reached":14,"language":"KOR","playtime":1647,"items_purged":["Strike_B"],"score":160,"play_id":"bade3d0e-32e9-4c72-ab5b-000a1e1ec58b","local_time":"20210116102228","is_ascension_mode":true,"campfire_choices":[{"data":"Self Repair","floor":6,"key":"SMITH"},{"data":"Sunder","floor":10,"key":"SMITH"}],"circlet_count":0,"master_deck":["AscendersBane","Strike_B","Strike_B","Strike_B","Defend_B","Defend_B","Defend_B","Defend_B","Zap","Dualcast","Reboot","Sunder+1","Hello World","Cold Snap","Coolheaded","Self Repair+1","Finesse","Compile Driver+1","Cold Snap+1"],"relics":["Cracked Core","Molten Egg 2"],"acts_visited":["Exordium"],"potions_floor_usage":[14],"damage_taken":[{"damage":0,"enemies":"Cultist","floor":1,"turns":3},{"damage":0,"enemies":"2 Louse","floor":2,"turns":1},{"damage":5,"enemies":"Small Slimes","floor":3,"turns":3},{"damage":13,"enemies":"Exordium Wildlife","floor":4,"turns":4},{"damage":20,"enemies":"3 Louse","floor":5,"turns":3},{"damage":12,"enemies":"Lots of Slimes","floor":11,"turns":4},{"damage":19,"enemies":"Large Slime","floor":12,"turns":4},{"damage":11,"enemies":"Lagavulin","floor":14,"turns":3}],"seed_played":"3514110650947493987","potions_obtained":[{"floor":2,"key":"Dexterity Potion"},{"floor":4,"key":"PowerPotion"}],"is_trial":false,"path_per_floor":["M","M","M","M","M","R","$","?","T","R","M","M","?","E"],"character_chosen":"DEFECT","items_purchased":["Finesse"],"campfire_rested":0,"item_purchase_floors":[7],"current_hp_per_floor":[64,64,59,46,26,26,26,26,26,26,24,5,5,0,0],"gold":166,"neow_bonus":"ONE_RANDOM_RARE_CARD","is_daily":false,"chose_seed":false,"campfire_upgraded":2,"win_rate":0.0,"timestamp":1610760148,"path_taken":["M","M","M","M","M","R","?","?","T","R","?","M","?","E"],"items_purchased_type":["Card"],"build_version":"2020-12-22","purchased_purges":1,"victory":false,"max_hp_per_floor":[71,71,71,71,71,71,71,71,71,71,71,71,71,71,71],"relic_stats":{"counters":[8,25],"obtain_stats":[{"Molten Egg 2":9,"Cracked Core":0},{"Molten Egg 2":5,"Cracked Core":0},{"Molten Egg 2":14,"Cracked Core":0}]},"card_choices":[{"not_picked":["Rebound","Heatsinks"],"picked":"Sunder","floor":1},{"not_picked":["Chaos","Sweeping Beam"],"picked":"Hello World","floor":2},{"not_picked":["Fusion","Coolheaded"],"picked":"Cold Snap","floor":3},{"not_picked":["Beam Cell","Turbo"],"picked":"Coolheaded","floor":4},{"not_picked":["Melter","Sunder"],"picked":"Self Repair","floor":5},{"not_picked":["Conserve Battery","Sweeping Beam+1"],"picked":"Compile Driver+1","floor":11},{"not_picked":["Biased Cognition","Turbo"],"picked":"Cold Snap+1","floor":12}],"player_experience":1738586,"relics_obtained":[{"floor":9,"key":"Molten Egg 2"}],"event_choices":[{"damage_healed":0,"gold_gain":50,"player_choice":"Pray","damage_taken":0,"max_hp_gain":0,"max_hp_loss":0,"event_name":"Golden Shrine","floor":8,"gold_loss":0},{"damage_healed":0,"gold_gain":71,"player_choice":"Gained Gold","damage_taken":0,"max_hp_gain":0,"max_hp_loss":0,"event_name":"Golden Wing","floor":13,"gold_loss":0}],"is_beta":false,"boss_relics":[],"items_purged_floors":[7],"is_endless":false,"potions_floor_spawned":[2,4,5,11],"killed_by":"Lagavulin","ascension_level":18}}