{"host":"h4390p13uu6iw1q5","time":1610827716,"event":{"mods":["BaseMod","Colored Map","Minty Spire (QoL Compilation)"],"gold_per_floor":[114,129,144,219,219,219,249,249,274,304,334,334,334,364,376,488,500,527,554,566,322,51,51,81,81,131,131,131,131,4,4,4,104,104,119,134,134,0,0,30,30,60,110,110,140,140,41,41,41,41],"floor_reached":51,"language":"ENG","playtime":2750,"items_purged":["Strike_G","Strike_G","Defend_G"],"score":944,"play_id":"7e9fb9d9-de00-491b-a885-9976cd8022ac","local_time":"20210116150836","daily_mods":["Allstar","Flight","Night Terrors"],"is_ascension_mode":false,"campfire_choices":[{"data":"Neutralize","floor":6,"key":"SMITH"},{"data":"A Thousand Cuts","floor":8,"key":"SMITH"},{"data":"Blade Dance","floor":12,"key":"SMITH"},{"data":"Dagger Spray","floor":13,"key":"SMITH"},{"data":"Finisher","floor":15,"key":"SMITH"},{"data":"Eviscerate","floor":23,"key":"SMITH"},{"floor":27,"key":"REST"},{"data":"Well Laid Plans","floor":28,"key":"SMITH"},{"data":"Infinite Blades","floor":29,"key":"SMITH"},{"data":"Blur","floor":32,"key":"SMITH"},{"data":"Panacea","floor":41,"key":"SMITH"},{"data":"Adrenaline","floor":44,"key":"SMITH"},{"data":"Blade Dance","floor":49,"key":"SMITH"}],"circlet_count":0,"master_deck":["Strike_G+1","Strike_G+1","Strike_G+1","Defend_G+1","Defend_G+1","Defend_G+1","Defend_G+1","Survivor+1","Neutralize+1","Impatience+1","Dark Shackles+1","Panacea+1","Mayhem+1","PanicButton+1","Blade Dance+1","Eviscerate+1","Finisher+1","A Thousand Cuts+1","Dagger Spray+1","Leg Sweep+1","Venomology+1","Slice+1","Infinite Blades+1","PiercingWail+1","Quick Slash+1","Well Laid Plans+1","Flash of Steel+1","Dagger Throw+1","Blur+1","Blade Dance+1","Adrenaline+1","Acrobatics+1","Madness+1","Madness+1","Footwork+1","Blade Dance+1","Swift Strike"],"relics":["Ring of the Snake","PreservedInsect","Orichalcum","HornCleat","Blood Vial","MawBank","Philosopher\u0027s Stone","Nilry\u0027s Codex","Letter Opener","Smiling Mask","Busted Crown","Red Mask","Bottled Lightning","Bottled Tornado","Oddly Smooth Stone","Potion Belt","Mark of the Bloom"],"acts_visited":["Exordium","TheCity","TheBeyond"],"potions_floor_usage":[7,10,11,16,19,24,35,36,40,42,42,45,45,50,50],"damage_taken":[{"damage":1,"enemies":"2 Louse","floor":1,"turns":4},{"damage":0,"enemies":"Small Slimes","floor":2,"turns":3},{"damage":0,"enemies":"Jaw Worm","floor":3,"turns":4},{"damage":10,"enemies":"Gremlin Nob","floor":7,"turns":4},{"damage":1,"enemies":"Lagavulin","floor":10,"turns":5},{"damage":4,"enemies":"3 Sentries","floor":11,"turns":5},{"damage":5,"enemies":"Lagavulin","floor":14,"turns":6},{"damage":29,"enemies":"Slime Boss","floor":16,"turns":9},{"damage":11,"enemies":"2 Thieves","floor":18,"turns":4},{"damage":13,"enemies":"Spheric Guardian","floor":19,"turns":4},{"damage":14,"enemies":"Gremlin Leader","floor":24,"turns":4},{"damage":0,"enemies":"Collector","floor":33,"turns":7},{"damage":0,"enemies":"3 Darklings","floor":35,"turns":3},{"damage":0,"enemies":"Orb Walker","floor":36,"turns":3},{"damage":0,"enemies":"Reptomancer","floor":40,"turns":2},{"damage":0,"enemies":"Giant Head","floor":42,"turns":6},{"damage":0,"enemies":"Nemesis","floor":45,"turns":5},{"damage":0,"enemies":"Time Eater","floor":50,"turns":8}],"seed_played":"2700428786693623746","potions_obtained":[{"floor":2,"key":"Strength Potion"},{"floor":7,"key":"BlessingOfTheForge"},{"floor":10,"key":"DistilledChaos"},{"floor":14,"key":"DistilledChaos"},{"floor":19,"key":"LiquidMemories"},{"floor":35,"key":"Fire Potion"},{"floor":40,"key":"DuplicationPotion"}],"is_trial":false,"path_per_floor":["M","M","M","?","?","R","E","R","T","E","E","R","R","E","R","B",null,"M","M","?","$","$","R","E","?","T","R","R","R","$","?","R","B",null,"M","M","?","?","?","E","R","E","T","R","E","?","$","?","R","B",null],"character_chosen":"THE_SILENT","items_purchased":["PiercingWail","Quick Slash","Caltrops","Well Laid Plans","Flash of Steel","Blur","Weak Potion","Blade Dance"],"campfire_rested":1,"item_purchase_floors":[21,21,21,22,22,30,47,47],"current_hp_per_floor":[69,69,69,58,63,63,53,53,53,52,48,48,48,45,45,18,75,64,53,37,37,37,37,25,25,25,70,70,70,70,70,70,70,70,70,70,70,70,61,63,63,65,65,65,67,67,67,67,67,67],"gold":41,"neow_bonus":"","is_daily":true,"chose_seed":false,"campfire_upgraded":12,"win_rate":0.0,"timestamp":1610827716,"path_taken":["M","M","M","?","?","R","E","R","T","E","E","R","R","E","R","BOSS","M","M","?","$","$","R","E","?","T","R","R","R","$","?","R","BOSS","M","M","?","?","?","E","R","E","T","R","E","?","$","?","R","BOSS"],"items_purchased_type":["Card","Card","Card","Card","Card","Card","Potion","Card"],"build_version":"2020-12-22","purchased_purges":3,"victory":true,"max_hp_per_floor":[70,70,70,70,75,75,75,75,75,75,75,75,75,75,75,75,75,75,75,75,75,75,75,75,75,75,70,70,70,70,70,70,70,70,70,70,70,70,70,70,70,70,70,70,70,70,70,70,70,70],"card_choices":[{"not_picked":["Deadly Poison","Noxious Fumes"],"picked":"Blade Dance","floor":1},{"not_picked":["Concentrate","Flying Knee"],"picked":"Eviscerate","floor":2},{"not_picked":["Acrobatics","Phantasmal Killer"],"picked":"Finisher","floor":3},{"not_picked":["Escape Plan","Dodge and Roll"],"picked":"A Thousand Cuts","floor":7},{"not_picked":["Poisoned Stab","Deadly Poison","Reflex"],"picked":"SKIP","floor":10},{"not_picked":["Backflip","Footwork"],"picked":"Dagger Spray","floor":11},{"not_picked":["Reflex","Expertise"],"picked":"Leg Sweep","floor":14},{"not_picked":["Glass Knife","Storm of Steel"],"picked":"Venomology","floor":16},{"not_picked":["Dagger Spray","Riddle With Holes"],"picked":"Slice+1","floor":18},{"not_picked":["Flying Knee","Dagger Throw"],"picked":"Infinite Blades","floor":19},{"not_picked":["Tools of the Trade","Flechettes"],"picked":"Dagger Throw+1","floor":24},{"not_picked":["Venomology","Phantasmal Killer"],"picked":"Adrenaline","floor":33},{"not_picked":["PiercingWail"],"picked":"SKIP","floor":35},{"not_picked":[],"picked":"Acrobatics+1","floor":36},{"not_picked":[],"picked":"Footwork+1","floor":40},{"not_picked":["Reflex+1"],"picked":"SKIP","floor":42},{"not_picked":["Flying Knee+1"],"picked":"SKIP","floor":45},{"not_picked":[],"picked":"Swift Strike","floor":48}],"player_experience":2464625,"relics_obtained":[{"floor":7,"key":"PreservedInsect"},{"floor":9,"key":"Orichalcum"},{"floor":10,"key":"HornCleat"},{"floor":11,"key":"Blood Vial"},{"floor":14,"key":"MawBank"},{"floor":20,"key":"Nilry\u0027s Codex"},{"floor":24,"key":"Letter Opener"},{"floor":26,"key":"Smiling Mask"},{"floor":40,"key":"Bottled Lightning"},{"floor":42,"key":"Bottled Tornado"},{"floor":43,"key":"Oddly Smooth Stone"},{"floor":45,"key":"Potion Belt"}],"event_choices":[{"damage_healed":0,"gold_gain":75,"player_choice":"Gather Gold","damage_taken":11,"max_hp_gain":0,"max_hp_loss":0,"event_name":"World of Goop","floor":4,"gold_loss":0},{"damage_healed":0,"gold_gain":0,"player_choice":"Donut","damage_taken":0,"max_hp_gain":5,"max_hp_loss":0,"event_name":"Big Fish","floor":5,"gold_loss":0},{"damage_healed":0,"gold_gain":0,"player_choice":"Obtained Book","damage_taken":16,"max_hp_gain":0,"max_hp_loss":0,"event_name":"Cursed Tome","floor":20,"gold_loss":0},{"damage_healed":0,"gold_gain":0,"player_choice":"Copied","damage_taken":0,"max_hp_gain":0,"max_hp_loss":0,"event_name":"Duplicator","floor":31,"gold_loss":0,"cards_obtained":["Blade Dance"]},{"cards_removed":["Caltrops"],"damage_healed":0,"gold_gain":0,"player_choice":"Removed Power","damage_taken":0,"max_hp_gain":0,"max_hp_loss":0,"event_name":"Falling","floor":37,"gold_loss":0},{"damage_healed":0,"gold_gain":0,"player_choice":"Paid","damage_taken":0,"relics_obtained":["Red Mask"],"max_hp_gain":0,"max_hp_loss":0,"event_name":"Tomb of Lord Red Mask","floor":38,"gold_loss":134},{"damage_healed":0,"gold_gain":0,"player_choice":"Embrace Madness","damage_taken":9,"max_hp_gain":0,"max_hp_loss":0,"event_name":"Winding Halls","floor":39,"gold_loss":0,"cards_obtained":["Madness","Madness"]},{"damage_healed":0,"gold_gain":0,"player_choice":"Upgrade","damage_taken":0,"relics_obtained":["Mark of the Bloom"],"max_hp_gain":0,"max_hp_loss":0,"event_name":"MindBloom","floor":46,"gold_loss":0,"cards_upgraded":["Strike_G","Strike_G","Strike_G","Defend_G","Defend_G","Defend_G","Defend_G","Survivor","Impatience","Dark Shackles","Mayhem","PanicButton","Leg Sweep","Venomology","PiercingWail","Quick Slash","Flash of Steel","Madness","Madness"]},{"damage_healed":0,"gold_gain":0,"player_choice":"Memory 1","damage_taken":0,"max_hp_gain":0,"max_hp_loss":0,"event_name":"SensoryStone","floor":48,"gold_loss":0}],"is_beta":false,"boss_relics":[{"not_picked":["Runic Dome","Fusion Hammer"],"picked":"Philosopher\u0027s Stone"},{"not_picked":["SlaversCollar","Runic Pyramid"],"picked":"Busted Crown"}],"items_purged_floors":[21,22,30],"is_endless":false,"potions_floor_spawned":[2,7,10,14,19,35,40],"ascension_level":0}}