{"host":"dm4yvegl9um2tlqd","time":1610775815,"event":{"mods":["2.2 Compatiblity","AchievementEnabler","BaseMod","Colored Map","DeckTracker","Highlight Path","KOR Keyword Fix","Keyboard Shortcuts","Minty Spire (QoL Compilation)","Permanent Neow","Quick Restart","Random Character Button","StSLib","SuperFastMode","everything is the same but u backflip on backflip"],"gold_per_floor":[368,385,396,416,416,416,445,445,445,445,445,445,26,45,45,45,45],"floor_reached":16,"language":"KOR","playtime":347,"items_purged":[],"score":115,"play_id":"07233625-17e1-4ba2-aef2-7bbbdf347264","local_time":"20210116144335","is_ascension_mode":true,"campfire_choices":[{"data":"Consume","floor":6,"key":"SMITH"},{"data":"Dualcast","floor":8,"key":"SMITH"},{"data":"Coolheaded","floor":10,"key":"SMITH"},{"data":"Go for the Eyes","floor":15,"key":"SMITH"}],"circlet_count":0,"master_deck":["Strike_B","Strike_B","Strike_B","Defend_B","Defend_B","Defend_B","Defend_B","Zap","Dualcast+1","Go for the Eyes+1","Ball Lightning","Consume+1","Coolheaded+1","Sweeping Beam","Consume+1","Fission+1","Madness+1","Leap+1"],"relics":["Cracked Core","MealTicket","Mercury Hourglass","Boot","Toxic Egg 2","Membership Card","Gambling Chip"],"acts_visited":["Exordium"],"potions_floor_usage":[16,16],"damage_taken":[{"damage":2,"enemies":"Jaw Worm","floor":1,"turns":3},{"damage":7,"enemies":"Small Slimes","floor":2,"turns":3},{"damage":0,"enemies":"Cultist","floor":3,"turns":3},{"damage":6,"enemies":"Exordium Wildlife","floor":4,"turns":3},{"damage":25,"enemies":"Lagavulin","floor":7,"turns":6},{"damage":13,"enemies":"Large Slime","floor":14,"turns":2},{"damage":29,"enemies":"Slime Boss","floor":16,"turns":5}],"seed_played":"554253877624168503","potions_obtained":[{"floor":3,"key":"LiquidMemories"},{"floor":4,"key":"Swift Potion"},{"floor":14,"key":"SpeedPotion"}],"is_trial":false,"path_per_floor":["M","M","M","M","?","R","E","R","T","R","T","?","$","M","R","B"],"character_chosen":"DEFECT","items_purchased":["Membership Card","Gambling Chip","Fission+1","Madness+1"],"campfire_rested":0,"item_purchase_floors":[13,13,13,13],"current_hp_per_floor":[66,59,59,53,50,50,25,25,25,25,25,25,40,27,27,0,0],"gold":45,"neow_bonus":"TWO_FIFTY_GOLD","is_daily":false,"chose_seed":false,"campfire_upgraded":4,"win_rate":0.0,"timestamp":1610775815,"path_taken":["M","M","M","M","?","R","E","R","T","R","?","?","$","M","R","BOSS"],"items_purchased_type":["Relic","Relic","Card","Card"],"build_version":"2020-12-22","purchased_purges":0,"victory":false,"max_hp_per_floor":[68,68,68,68,68,68,68,68,68,68,68,68,68,68,68,68,68],"card_choices":[{"not_picked":["Static Discharge","Tempest"],"picked":"Go for the Eyes","floor":1},{"not_picked":["Rebound","Leap"],"picked":"Ball Lightning","floor":2},{"not_picked":["Streamline","Steam"],"picked":"Consume","floor":3},{"not_picked":["Go for the Eyes","Consume"],"picked":"Coolheaded","floor":4},{"not_picked":["Redo","Compile Driver"],"picked":"Sweeping Beam","floor":7},{"not_picked":["Lockon","Stack+1"],"picked":"Leap+1","floor":14}],"player_experience":58490,"relics_obtained":[{"floor":7,"key":"Mercury Hourglass"},{"floor":9,"key":"Boot"},{"floor":11,"key":"Toxic Egg 2"}],"event_choices":[{"damage_healed":0,"gold_gain":0,"player_choice":"Success","damage_taken":3,"relics_obtained":["MealTicket"],"max_hp_gain":0,"max_hp_loss":0,"event_name":"Scrap Ooze","floor":5,"gold_loss":0},{"damage_healed":0,"gold_gain":0,"cards_transformed":["Strike_B"],"player_choice":"Transformed","damage_taken":0,"max_hp_gain":0,"max_hp_loss":0,"event_name":"Transmorgrifier","floor":12,"gold_loss":0,"cards_obtained":["Consume"]}],"is_beta":false,"boss_relics":[],"items_purged_floors":[],"is_endless":false,"potions_floor_spawned":[3,4,14],"killed_by":"Slime Boss","ascension_level":3}}