{"host":"kw4o7b3ro2ktmmbe","time":1610799584,"event":{"mods":["100% Spire Juice","BaseMod","Evolution","Minty Spire (QoL Compilation)","StSLib"],"gold_per_floor":[109,109,184,194,42,42,54,54,54,54,74,74,91,108,108,209,89,100,100,79,90,100,100,134,134,134,48,48,76,95,95,95,192,192,206,55,74,94,94,122,2,30,30,30,55,55,70,98,98,98],"floor_reached":51,"language":"ENG","playtime":3885,"items_purged":[],"score":992,"play_id":"f03763c5-e286-43ec-b6b1-cf04f04a0d1a","local_time":"20210117011944","is_ascension_mode":true,"campfire_choices":[{"data":"Moonworks:LongDistanceShot","floor":6.0,"key":"SMITH"},{"data":"Moonworks:NicePresent","floor":8.0,"key":"SMITH"},{"data":"Moonworks:Ambush","floor":10.0,"key":"SMITH"},{"data":"Moonworks:CloudOfSeagulls","floor":15.0,"key":"SMITH"},{"data":"Moonworks:MetallicMonocoque","floor":23.0,"key":"SMITH"},{"data":"Moonworks:RocketCannon","floor":25.0,"key":"SMITH"},{"floor":28.0,"key":"REST"},{"data":"Moonworks:IndiscriminateFireSupport","floor":32.0,"key":"SMITH"},{"data":"Moonworks:MetallicMonocoque","floor":41.0,"key":"SMITH"},{"data":"Moonworks:CrystalBarrier","floor":44.0,"key":"SMITH"},{"data":"Moonworks:OutOfAmmo","floor":46.0,"key":"SMITH"},{"data":"Moonworks:FullSpeedAlicianrone","floor":49.0,"key":"SMITH"}],"circlet_count":0,"master_deck":["Moonworks:Defend+1","Moonworks:Defend+1","Moonworks:Defend+1","Moonworks:Defend+1","Moonworks:Ambush+1","Moonworks:LongDistanceShot+1","Moonworks:NicePresent+1","Moonworks:WindyEnchantment+1","Moonworks:CloudOfSeagulls+1","Moonworks:IndiscriminateFireSupport+1","Moonworks:MetallicMonocoque+1","Moonworks:Poppoformation+1","Moonworks:BackdoorTrade+1","Moonworks:SweetBattle+1","Moonworks:IndiscriminateFireSupport+1","Moonworks:CloudOfSeagulls+1","Moonworks:RocketCannon+1","Moonworks:BigMagnum+1","Moonworks:FullSpeedAlicianrone+1","Moonworks:MetallicMonocoque+1","Moonworks:FullSpeedAlicianrone+1","Moonworks:JonathanRush+1","Moonworks:CrystalBarrier+1","Moonworks:OutOfAmmo+1","Moonworks:TreasureThief+1"],"relics":["Moonworks:Homemark","EVO:Axolotl","Runic Dome","Bag of Marbles","Matryoshka","Astrolabe","WingedGreaves","Happy Flower","Potion Belt","MealTicket","Bronze Scales","SacredBark","Blood Vial","InkBottle","Blue Candle","Toy Ornithopter","War Paint","Eternal Feather"],"acts_visited":["Exordium","TheCity","TheBeyond"],"potions_floor_usage":[50,50,50],"damage_taken":[{"damage":6.0,"enemies":"2 Louse","floor":1.0,"turns":3.0},{"damage":2.0,"enemies":"Jaw Worm","floor":4.0,"turns":3.0},{"damage":0.0,"enemies":"Small Slimes","floor":7.0,"turns":3.0},{"damage":2.0,"enemies":"Exordium Wildlife","floor":11.0,"turns":4.0},{"damage":1.0,"enemies":"Exordium Thugs","floor":13.0,"turns":4.0},{"damage":0.0,"enemies":"Blue Slaver","floor":14.0,"turns":4.0},{"damage":25.0,"enemies":"Hexaghost","floor":16.0,"turns":11.0},{"damage":5.0,"enemies":"Shell Parasite","floor":18.0,"turns":7.0},{"damage":10.0,"enemies":"Chosen","floor":21.0,"turns":5.0},{"damage":0.0,"enemies":"Snecko","floor":22.0,"turns":3.0},{"damage":0.0,"enemies":"Slavers","floor":24.0,"turns":1.0},{"damage":32.0,"enemies":"Book of Stabbing","floor":27.0,"turns":4.0},{"damage":3.0,"enemies":"Gremlin Leader","floor":29.0,"turns":3.0},{"damage":7.0,"enemies":"Chosen and Byrds","floor":30.0,"turns":2.0},{"damage":22.0,"enemies":"Collector","floor":33.0,"turns":5.0},{"damage":0.0,"enemies":"3 Shapes","floor":35.0,"turns":1.0},{"damage":14.0,"enemies":"3 Darklings","floor":37.0,"turns":3.0},{"damage":15.0,"enemies":"Writhing Mass","floor":38.0,"turns":3.0},{"damage":6.0,"enemies":"Reptomancer","floor":40.0,"turns":2.0},{"damage":23.0,"enemies":"Giant Head","floor":42.0,"turns":8.0},{"damage":0.0,"enemies":"Reptomancer","floor":45.0,"turns":3.0},{"damage":3.0,"enemies":"Maw","floor":47.0,"turns":6.0},{"damage":3.0,"enemies":"Giant Head","floor":48.0,"turns":6.0},{"damage":16,"enemies":"Awakened One","floor":50,"turns":8}],"seed_played":"8035117324058529411","potions_obtained":[{"floor":11.0,"key":"DuplicationPotion"},{"floor":13.0,"key":"FearPotion"},{"floor":27.0,"key":"SteroidPotion"},{"floor":30.0,"key":"FairyPotion"},{"floor":38.0,"key":"EssenceOfSteel"},{"floor":40.0,"key":"LiquidBronze"},{"floor":48.0,"key":"Block Potion"}],"is_trial":false,"path_per_floor":["M","?","?","M","$","R","M","R","T","R","M","?","M","M","R","B",null,"M","?","?","M","M","R","E","R","T","E","R","E","M","?","R","B",null,"M","$","M","M","$","E","R","E","T","R","E","R","M","E","R","B",null],"character_chosen":"THE_STARBREAKER","items_purchased":["Bag of Marbles","Blood Vial"],"campfire_rested":1,"item_purchase_floors":[5,36],"current_hp_per_floor":[54,47,36,34,34,34,34,34,34,34,32,32,31,31,31,6,60,55,45,45,47,51,51,51,51,51,19,38,35,36,36,36,14,65,65,65,59,46,61,57,57,43,43,43,50,50,53,52,65,64],"gold":98,"neow_bonus":"BOSS_RELIC","is_daily":false,"chose_seed":false,"campfire_upgraded":11,"win_rate":0.0,"timestamp":1610799584,"path_taken":["M","?","?","M","$","R","M","R","T","R","M","?","M","?","R","BOSS","M","?","?","?","M","R","E","R","T","E","R","E","M","?","R","BOSS","M","$","M","M","$","E","R","E","T","R","E","R","M","E","R","BOSS"],"items_purchased_type":["Relic","Relic"],"build_version":"2020-12-22","purchased_purges":0,"victory":true,"max_hp_per_floor":[60,60,60,60,60,60,60,60,60,60,60,60,60,60,60,60,60,60,65,65,65,65,65,65,65,65,65,65,65,65,65,65,65,65,65,65,65,65,65,65,65,65,65,65,65,65,65,65,65,65],"card_choices":[{"not_picked":["Moonworks:DeployBits","Moonworks:SakisCookie","Moonworks:CloudOfSeagulls"],"picked":"SKIP","floor":1.0},{"not_picked":["Moonworks:DeployBits","Moonworks:Assault","Moonworks:SakisCookie"],"picked":"SKIP","floor":4.0},{"not_picked":["Moonworks:DeployBits","Moonworks:ImOnFire"],"picked":"Moonworks:NicePresent","floor":7.0},{"not_picked":["Moonworks:Assault","Moonworks:JonathanRush"],"picked":"Moonworks:WindyEnchantment","floor":11.0},{"not_picked":["Moonworks:Assault","Moonworks:DeployBits"],"picked":"Moonworks:CloudOfSeagulls","floor":13.0},{"not_picked":["Moonworks:DevilHand","Moonworks:EvilSpyWorkPreparation"],"picked":"Moonworks:IndiscriminateFireSupport","floor":14.0},{"not_picked":["Moonworks:ReflectiveShell","Moonworks:LeapThroughSpace"],"picked":"Moonworks:MetallicMonocoque","floor":16.0},{"not_picked":["Moonworks:ImmovableObject","Moonworks:JonathanRush"],"picked":"Moonworks:IndiscriminateFireSupport+1","floor":18.0},{"not_picked":["Moonworks:IndiscriminateFireSupport","Moonworks:MiracleRedBeanIceCream+1"],"picked":"Moonworks:CloudOfSeagulls+1","floor":21.0},{"not_picked":["Moonworks:BigMagnum","Moonworks:ImOnFire","Moonworks:SakisCookie"],"picked":"SKIP","floor":22.0},{"not_picked":["Moonworks:RedAndBlue","Moonworks:BackdoorTrade+1"],"picked":"Moonworks:RocketCannon","floor":24.0},{"not_picked":["Moonworks:ImOnFire","Moonworks:TacticalRetreat"],"picked":"Moonworks:BigMagnum+1","floor":27.0},{"not_picked":["Moonworks:ForcedRevival","Moonworks:JonathanRush","Moonworks:SakisCookie"],"picked":"SKIP","floor":29.0},{"not_picked":["Moonworks:SealedMemories","Moonworks:SakisCookie"],"picked":"Moonworks:FullSpeedAlicianrone+1","floor":30.0},{"not_picked":["Moonworks:Blazing","Moonworks:StarBlastingFuse"],"picked":"Moonworks:MetallicMonocoque","floor":33.0},{"not_picked":["Moonworks:Assault","Moonworks:AwakeningOfTalent"],"picked":"Moonworks:FullSpeedAlicianrone","floor":35.0},{"not_picked":["Moonworks:BigMagnum","Moonworks:DevilHand","Moonworks:ForcedRevival"],"picked":"SKIP","floor":37.0},{"not_picked":["Moonworks:WindyEnchantment","Moonworks:ImOnFire"],"picked":"Moonworks:JonathanRush+1","floor":38.0},{"not_picked":["Moonworks:ForcedRevival+1","Moonworks:EvilSpyWorkPreparation"],"picked":"Moonworks:CrystalBarrier","floor":40.0},{"not_picked":["Moonworks:FinalSurgery+1","Moonworks:Heat300Percent","Moonworks:CloudOfSeagulls"],"picked":"SKIP","floor":42.0},{"not_picked":["Moonworks:Flamethrower+1","Moonworks:EvilSpyWorkPreparation+1"],"picked":"Moonworks:OutOfAmmo","floor":45.0},{"not_picked":["Moonworks:IndiscriminateFireSupport","Moonworks:DeployBits","Moonworks:Assault+1"],"picked":"SKIP","floor":47.0},{"not_picked":["Moonworks:BigMagnum+1","Moonworks:IndiscriminateFireSupport+1"],"picked":"Moonworks:TreasureThief+1","floor":48.0}],"player_experience":1835148,"relics_obtained":[{"floor":9.0,"key":"Matryoshka"},{"floor":24.0,"key":"WingedGreaves"},{"floor":26.0,"key":"Happy Flower"},{"floor":26.0,"key":"Potion Belt"},{"floor":27.0,"key":"MealTicket"},{"floor":29.0,"key":"Bronze Scales"},{"floor":40.0,"key":"InkBottle"},{"floor":42.0,"key":"Blue Candle"},{"floor":43.0,"key":"Toy Ornithopter"},{"floor":45.0,"key":"War Paint"},{"floor":48.0,"key":"Eternal Feather"}],"event_choices":[{"cards_removed":["Moonworks:Strike"],"damage_healed":0.0,"max_hp_gain":0.0,"max_hp_loss":0.0,"gold_gain":0.0,"event_name":"Golden Wing","player_choice":"Card Removal","floor":2.0,"gold_loss":0.0,"damage_taken":7.0},{"damage_healed":0.0,"max_hp_gain":0.0,"max_hp_loss":0.0,"gold_gain":75.0,"event_name":"World of Goop","player_choice":"Gather Gold","floor":3.0,"gold_loss":0.0,"damage_taken":11.0},{"damage_healed":0.0,"max_hp_gain":0.0,"max_hp_loss":0.0,"gold_gain":0.0,"cards_transformed":["Moonworks:Strike"],"event_name":"Living Wall","player_choice":"Change","floor":12.0,"gold_loss":0.0,"damage_taken":0.0,"cards_obtained":["Moonworks:ImmovableObject"]},{"damage_healed":0.0,"max_hp_gain":5.0,"max_hp_loss":0.0,"gold_gain":0.0,"event_name":"Forgotten Altar","player_choice":"Shed Blood","floor":19.0,"gold_loss":0.0,"damage_taken":15.0},{"damage_healed":0.0,"max_hp_gain":0.0,"max_hp_loss":0.0,"gold_gain":99.0,"event_name":"Nest","player_choice":"Stole From Cult","floor":20.0,"gold_loss":0.0,"damage_taken":0.0},{"damage_healed":0.0,"max_hp_gain":0.0,"max_hp_loss":0.0,"gold_gain":0.0,"event_name":"Back to Basics","player_choice":"Simplicity","floor":31.0,"gold_loss":0.0,"damage_taken":0.0,"cards_upgraded":["Moonworks:Defend","Moonworks:Defend","Moonworks:Defend","Moonworks:Defend"]}],"is_beta":false,"boss_relics":[{"not_picked":["Snecko Eye","Pandora\u0027s Box"],"picked":"Astrolabe"},{"not_picked":["Runic Pyramid","Calling Bell"],"picked":"SacredBark"}],"items_purged_floors":[],"is_endless":false,"potions_floor_spawned":[11,13,27,30,38,40,48],"ascension_level":3}}