{"host":"1a3cjta80tad0aqj","time":1610807212,"event":{"mods":["2.2 Compatiblity","AchievementEnabler","BaseMod","Colored Map","DeckTracker","KOR Keyword Fix","Keyboard Shortcuts","Minty Spire (QoL Compilation)","Permanent Neow","Quick Restart","Random Character Button","StSLib","SuperFastMode","everything is the same but u backflip on backflip"],"gold_per_floor":[113,123,198,198,42,42,71,71,71,83,83,111,126,142,142,245,245,255,266,109,109,31,31,31,31],"floor_reached":24,"language":"KOR","playtime":1173,"items_purged":[],"score":214,"play_id":"0e5f0a94-a14e-4fe2-aec3-781ab55b3437","local_time":"20210116232652","is_ascension_mode":true,"campfire_choices":[{"floor":6.0,"key":"REST"},{"data":"Dualcast","floor":11.0,"key":"SMITH"},{"floor":15.0,"key":"RECALL"},{"floor":23,"key":"REST"}],"circlet_count":0,"master_deck":["Strike_B","Strike_B","Strike_B","Strike_B","Defend_B","Defend_B+1","Defend_B+1","Zap","Dualcast+1","Lockon","Coolheaded","Hologram","Conserve Battery","Barrage","Buffer","Conserve Battery","Genetic Algorithm","Cold Snap","Defragment","Turbo","Beam Cell","Biased Cognition","Ball Lightning"],"relics":["Cracked Core","Orrery","Dream Catcher","GremlinMask","Strawberry","Black Star","Bag of Preparation"],"acts_visited":["Exordium","TheCity"],"potions_floor_usage":[24],"damage_taken":[{"damage":2.0,"enemies":"2 Louse","floor":1.0,"turns":2.0},{"damage":0.0,"enemies":"Small Slimes","floor":2.0,"turns":3.0},{"damage":3.0,"enemies":"Lagavulin","floor":7.0,"turns":7.0},{"damage":0.0,"enemies":"Cultist","floor":10.0,"turns":4.0},{"damage":9.0,"enemies":"3 Sentries","floor":12.0,"turns":11.0},{"damage":3.0,"enemies":"Looter","floor":13.0,"turns":3.0},{"damage":3.0,"enemies":"Exordium Wildlife","floor":14.0,"turns":4.0},{"damage":10.0,"enemies":"The Guardian","floor":16.0,"turns":14.0},{"damage":43.0,"enemies":"3 Byrds","floor":18.0,"turns":7.0},{"damage":18.0,"enemies":"2 Thieves","floor":19.0,"turns":5.0},{"damage":65,"enemies":"Gremlin Leader","floor":24,"turns":8}],"seed_played":"2947020181501003483","potions_obtained":[{"floor":2.0,"key":"Block Potion"},{"floor":12.0,"key":"PotionOfCapacity"},{"floor":13.0,"key":"Ancient Potion"},{"floor":14.0,"key":"Strength Potion"},{"floor":18.0,"key":"Fruit Juice"}],"is_trial":false,"path_per_floor":["M","M","?","?","$","R","E","?","T","M","R","E","M","M","R","B",null,"M","M","$","?","$","R","E"],"character_chosen":"DEFECT","items_purchased":["Orrery","Bag of Preparation","DuplicationPotion"],"campfire_rested":2,"item_purchase_floors":[5,20,22],"current_hp_per_floor":[73,73,62,47,47,69,66,66,66,66,66,64,61,58,58,48,82,44,26,26,26,26,52,0,0],"gold":31,"neow_bonus":"TRANSFORM_CARD","is_daily":false,"chose_seed":false,"campfire_upgraded":1,"win_rate":0.0,"timestamp":1610807212,"path_taken":["M","M","?","?","$","R","E","?","T","M","R","E","M","?","R","BOSS","M","M","$","?","$","R","E"],"items_purchased_type":["Relic","Relic","Potion"],"build_version":"2020-12-22","purchased_purges":0,"victory":false,"max_hp_per_floor":[75,75,75,75,75,75,75,75,75,75,75,82,82,82,82,82,82,87,87,87,87,87,87,87,87],"card_choices":[{"not_picked":["Streamline","Rebound"],"picked":"Coolheaded","floor":1.0},{"not_picked":["Streamline","Fusion"],"picked":"Hologram","floor":2.0},{"not_picked":["White Noise","Gash"],"picked":"Conserve Battery","floor":5.0},{"not_picked":["Chaos","Stack"],"picked":"Barrage","floor":5.0},{"not_picked":["Conserve Battery","Consume"],"picked":"Buffer","floor":5.0},{"not_picked":["Sweeping Beam","Leap"],"picked":"Conserve Battery","floor":5.0},{"not_picked":["Rip and Tear","Stack"],"picked":"Genetic Algorithm","floor":5.0},{"not_picked":["Conserve Battery","Turbo"],"picked":"Cold Snap","floor":7.0},{"not_picked":["Static Discharge","Turbo"],"picked":"Defragment","floor":10.0},{"not_picked":["Gash","Scrape","All For One"],"picked":"SKIP","floor":12.0},{"not_picked":["Rebound","FTL"],"picked":"Turbo","floor":13.0},{"not_picked":["Conserve Battery","Redo"],"picked":"Beam Cell","floor":14.0},{"not_picked":["Buffer","Machine Learning"],"picked":"Biased Cognition","floor":16.0},{"not_picked":["Turbo","Go for the Eyes","Redo"],"picked":"SKIP","floor":18.0},{"not_picked":["Redo","Cold Snap","Barrage"],"picked":"SKIP","floor":19.0},{"not_picked":["Tempest","Cold Snap+1"],"picked":"Ball Lightning","floor":23}],"player_experience":674015,"relics_obtained":[{"floor":7.0,"key":"Dream Catcher"},{"floor":12.0,"key":"Strawberry"}],"event_choices":[{"damage_healed":0.0,"max_hp_gain":0.0,"max_hp_loss":0.0,"gold_gain":75.0,"event_name":"World of Goop","player_choice":"Gather Gold","floor":3.0,"gold_loss":0.0,"damage_taken":11.0},{"damage_healed":0.0,"max_hp_gain":0.0,"max_hp_loss":0.0,"gold_gain":0.0,"event_name":"Shining Light","player_choice":"Entered Light","floor":4.0,"gold_loss":0.0,"damage_taken":15.0,"cards_upgraded":["Defend_B","Defend_B"]},{"damage_healed":0.0,"max_hp_gain":0.0,"max_hp_loss":0.0,"gold_gain":0.0,"event_name":"FaceTrader","player_choice":"Trade","floor":8.0,"gold_loss":0.0,"damage_taken":0.0,"relics_obtained":["GremlinMask"]},{"damage_healed":0,"gold_gain":0,"player_choice":"Ignored","damage_taken":0,"max_hp_gain":0,"max_hp_loss":0,"event_name":"Cursed Tome","floor":21,"gold_loss":0}],"is_beta":false,"boss_relics":[{"not_picked":["Sozu","FrozenCore"],"picked":"Black Star"}],"items_purged_floors":[],"is_endless":false,"potions_floor_spawned":[2,12,13,14,18],"killed_by":"Gremlin Leader","ascension_level":1}}