{"host":"56d873i5r3uhle0q","time":1610782502,"event":{"mods":["100% Spire Juice","Act Like it!","Aspiration","BaseMod","Block Reminder","Conspire","Gensokyo","Hermit","Jedi Mod","Marisa????????","Marked Mod","Minty Spire (QoL Compilation)","Replay The Spire","StSLib","The Animator","The Bug Knight","The Cursed","The Jungle","The Marked","The Servant 0.9.4","everything is the same but u backflip on backflip","vexMod","??????REMEMod"],"gold_per_floor":[119,14,25,59,73,73,73,291,337,337,348,348,348,368,368,471,471,484,484,484,484,496,496,514,527,527,527,527,577,577,592,592,592,592],"floor_reached":33,"language":"ENG","playtime":1413,"items_purged":[],"score":237,"play_id":"6a1cc149-d4b6-48eb-98b0-30f4da5588d8","local_time":"20210116003502","is_ascension_mode":false,"campfire_choices":[{"floor":6.0,"key":"REST"},{"data":"animator:HigakiRinne","floor":10,"key":"SMITH"},{"data":"Bash","floor":12,"key":"SMITH"},{"data":"Dropkick","floor":15,"key":"SMITH"},{"data":"conspire:HitWhereItHurts","floor":23,"key":"SMITH"},{"floor":30,"key":"REST"},{"data":"Defend_R","floor":32,"key":"SMITH"}],"circlet_count":0,"master_deck":["Strike_R","Strike_R","Strike_R","Strike_R","Strike_R","Defend_R","Defend_R","Defend_R","Defend_R+1","Bash+1","Dropkick+1","Dropkick+1","conspire:HitWhereItHurts+1","Gensokyo:Kunekune"],"relics":["Burning Blood","REME_ComplimentaryCards","aspiration:Nostalgia","PureWater","Tiny Chest","CaptainsWheel","Gensokyo:OccultBall","Ring of Chaos","jedi:purplefairy","Meat on the Bone","Gensokyo:DayTheSeaSplit","Nunchaku"],"acts_visited":["Gensokyo:Gensokyo","Gensokyo:Gensokyoer"],"potions_floor_usage":[25,33],"damage_taken":[{"damage":4.0,"enemies":"Gensokyo:2_Kodama","floor":1.0,"turns":5.0},{"damage":7.0,"enemies":"Gensokyo:Gryphon","floor":3.0,"turns":4.0},{"damage":32.0,"enemies":"conspire:MimicChest","floor":4.0,"turns":7.0},{"damage":6.0,"enemies":"Gensokyo:3_Fairies","floor":5.0,"turns":5.0},{"damage":13.0,"enemies":"Gensokyo:Kitsune","floor":8.0,"turns":3.0},{"damage":2,"enemies":"Gensokyo:2_Rabbits","floor":11,"turns":4},{"damage":7,"enemies":"Gensokyo:Gryphon_and_Rabbit","floor":14,"turns":3},{"damage":60,"enemies":"Gensokyo:Kokoro","floor":16,"turns":16},{"damage":4,"enemies":"Gensokyo:Chomper","floor":18,"turns":3},{"damage":14,"enemies":"Gensokyo:CosmicMonolith","floor":22,"turns":5},{"damage":76,"enemies":"Gensokyo:3_Gloops","floor":24,"turns":8},{"damage":33,"enemies":"Gensokyo:Monolith_and_Dog","floor":25,"turns":7},{"damage":16,"enemies":"Gensokyo:Slime_Group","floor":31,"turns":5},{"damage":74,"enemies":"Gensokyo:Eiki","floor":33,"turns":6}],"seed_played":"-9150223660182203716","potions_obtained":[{"floor":4.0,"key":"AttackPotion"},{"floor":5.0,"key":"BloodPotion"},{"floor":11,"key":"DuplicationPotion"},{"floor":18,"key":"FairyPotion"},{"floor":25,"key":"Languid Potion"}],"is_trial":false,"path_per_floor":["M","COS","M","?","M","R","?","M","T","R","M","R","?","M","R","B",null,"M","$","?","T","M","R","M","M","T","?","$","T","R","M","R","B"],"character_chosen":"IRONCLAD","items_purchased":[],"campfire_rested":2,"item_purchase_floors":[],"current_hp_per_floor":[80,80,79,53,53,77,77,70,70,70,74,74,74,73,73,19,80,80,80,72,72,64,65,27,14,14,14,14,14,35,37,72,0,0],"gold":592,"neow_bonus":"NOSTALGIA","is_daily":false,"chose_seed":false,"campfire_upgraded":5,"win_rate":0.0,"timestamp":1610782502,"path_taken":["M","COS","M","?","M","R","?","M","T","R","M","R","?","M","R","BOSS","M","$","?","?","M","R","M","?","T","?","?","?","R","M","R","BOSS"],"items_purchased_type":[],"build_version":"2020-12-22","purchased_purges":0,"victory":false,"max_hp_per_floor":[80,80,80,80,80,80,80,80,80,80,80,80,80,80,80,80,80,80,80,72,72,72,72,72,72,72,72,72,72,72,72,72,72,72],"card_choices":[{"not_picked":["Shrug It Off","Heavy Blade","True Grit"],"picked":"SKIP","floor":1.0},{"not_picked":["Cleave","Replay:Undeath\u0027s Touch","Thunderclap"],"picked":"SKIP","floor":3.0},{"not_picked":["Iron Wave","Abandon"],"picked":"Dropkick","floor":4.0},{"not_picked":["Thunderclap","Perfected Strike","Seeing Red"],"picked":"SKIP","floor":5.0},{"not_picked":["Cleave","Brutality","Flex"],"picked":"SKIP","floor":8.0},{"not_picked":["Replay:Undeath\u0027s Touch","ReplayTheSpireMod:Strike From Hell","Clothesline"],"picked":"SKIP","floor":11},{"not_picked":["Ghostly Armor","Combust","Rupture"],"picked":"SKIP","floor":14},{"not_picked":["REME_ACTH","jedi:strikingstrike"],"picked":"conspire:HitWhereItHurts","floor":16},{"not_picked":["Anger","Intimidate","Flame Barrier"],"picked":"SKIP","floor":18},{"not_picked":["Gensokyo:LochNessMonster","Gensokyo:Doppelganger"],"picked":"Gensokyo:Kunekune","floor":20},{"not_picked":["Sword Boomerang","Massacre","jedi:fear"],"picked":"SKIP","floor":22},{"not_picked":["Headbutt","Run Through+1","REME_TheLastStrike"],"picked":"SKIP","floor":24},{"not_picked":["Cleave","Warcry","jedi:MakeshiftSword+1"],"picked":"SKIP","floor":25},{"not_picked":["Clothesline+1","Twin Strike","ReplayTheSpireMod:Strike From Hell"],"picked":"SKIP","floor":31}],"player_experience":535780,"relics_obtained":[{"floor":4.0,"key":"Tiny Chest"},{"floor":16,"key":"Gensokyo:OccultBall"},{"floor":21,"key":"jedi:purplefairy"},{"floor":26,"key":"Meat on the Bone"},{"floor":29,"key":"Nunchaku"}],"event_choices":[],"is_beta":false,"boss_relics":[{"not_picked":["vexMod:EndlessSickness","conspire:SeveredTorchhead"],"picked":"Ring of Chaos"}],"items_purged_floors":[],"is_endless":false,"potions_floor_spawned":[4,5,11,18,25],"killed_by":"Gensokyo:Eiki","ascension_level":0}}