{"host":"x3xr1fzypq6qqz5s","time":1610788122,"event":{"mods":["BaseMod","Better Vampires","Colored Powertips","DeckTracker","Highlight Path","Minty Spire (QoL Compilation)","Quick Restart","Rare Cards Sparkle","Relic Stats"],"gold_per_floor":[119,133,133,150,161,161,18,18,18,31,31,45,57,67,67,166,166,149,160,177,5,5,5,17,17,41,41,41,41,41],"floor_reached":29,"language":"ZHS","playtime":4812,"items_purged":["Strike_R","Strike_R"],"score":269,"play_id":"8690d66d-42ef-49f4-98e9-6a24247d3819","local_time":"20210116170842","is_ascension_mode":false,"campfire_choices":[{"data":"Feed","floor":6.0,"key":"SMITH"},{"data":"Infernal Blade","floor":11.0,"key":"SMITH"},{"data":"Berserk","floor":15.0,"key":"SMITH"},{"data":"Metallicize","floor":23.0,"key":"SMITH"},{"floor":25,"key":"REST"},{"data":"Shrug It Off","floor":27,"key":"SMITH"}],"circlet_count":0,"master_deck":["Strike_R","Strike_R","Strike_R","Defend_R","Defend_R","Defend_R","Defend_R","Bash","Feed+1","Headbutt","Shrug It Off+1","Infernal Blade+1","Demon Form","Twin Strike","Berserk+1","Armaments+1","Immolate","Warcry+1","Rage+1","Metallicize+1","Shrug It Off+1"],"relics":["Burning Blood","Regal Pillow","Toxic Egg 2","Runic Cube","FaceOfCleric"],"acts_visited":["Exordium","TheCity"],"potions_floor_usage":[],"damage_taken":[{"damage":3.0,"enemies":"Cultist","floor":1.0,"turns":5.0},{"damage":4.0,"enemies":"Jaw Worm","floor":2.0,"turns":6.0},{"damage":7.0,"enemies":"Small Slimes","floor":4.0,"turns":3.0},{"damage":18.0,"enemies":"Gremlin Gang","floor":5.0,"turns":7.0},{"damage":7.0,"enemies":"Exordium Thugs","floor":10.0,"turns":4.0},{"damage":5.0,"enemies":"2 Fungi Beasts","floor":12.0,"turns":3.0},{"damage":11.0,"enemies":"Large Slime","floor":13.0,"turns":2.0},{"damage":2.0,"enemies":"Blue Slaver","floor":14.0,"turns":3.0},{"damage":53.0,"enemies":"Hexaghost","floor":16.0,"turns":9.0},{"damage":27.0,"enemies":"2 Thieves","floor":18.0,"turns":4.0},{"damage":16.0,"enemies":"Chosen","floor":19.0,"turns":6.0},{"damage":24.0,"enemies":"Snake Plant","floor":20.0,"turns":4.0},{"damage":25,"enemies":"Centurion and Healer","floor":24,"turns":10},{"damage":12,"enemies":"Book of Stabbing","floor":29,"turns":4}],"seed_played":"-6766932007386232414","potions_obtained":[{"floor":1.0,"key":"BlessingOfTheForge"},{"floor":5.0,"key":"Dexterity Potion"},{"floor":16.0,"key":"ElixirPotion"},{"floor":19.0,"key":"ElixirPotion"}],"is_trial":false,"path_per_floor":["M","M","?","M","M","R","$","?","T","M","R","M","M","M","R","B",null,"M","M","M","$","?","R","M","R","T","R","?","E"],"character_chosen":"IRONCLAD","items_purchased":["Infernal Blade","Metallicize"],"campfire_rested":1,"item_purchase_floors":[7,21],"current_hp_per_floor":[83,86,91,93,84,84,84,84,84,83,83,88,87,91,91,48,109,88,82,64,64,64,64,45,93,93,93,93,81,81],"gold":41,"neow_bonus":"ONE_RANDOM_RARE_CARD","is_daily":false,"chose_seed":false,"campfire_upgraded":5,"win_rate":0.0,"timestamp":1610788122,"path_taken":["M","M","?","M","M","R","$","?","T","M","R","M","M","M","R","BOSS","M","M","?","$","?","R","M","R","T","R","?","E"],"items_purchased_type":["Card","Card"],"build_version":"2020-12-22","purchased_purges":2,"victory":false,"max_hp_per_floor":[83,86,91,94,97,97,97,97,97,97,97,101,105,105,105,109,109,109,113,113,113,113,113,113,113,113,113,113,113,113],"relic_stats":{"Regal Pillow":15,"FaceOfCleric":0,"counters":[14,70],"obtain_stats":[{"Regal Pillow":8,"FaceOfCleric":28,"Toxic Egg 2":9,"Burning Blood":0,"Runic Cube":17},{"Regal Pillow":4,"FaceOfCleric":13,"Toxic Egg 2":4,"Burning Blood":0,"Runic Cube":9},{"Regal Pillow":21,"FaceOfCleric":66,"Toxic Egg 2":21,"Burning Blood":0,"Runic Cube":42}],"Burning Blood":73,"Runic Cube":[14]},"card_choices":[{"not_picked":["Sentinel","Anger"],"picked":"Headbutt","floor":1.0},{"not_picked":["Thunderclap","Headbutt","Whirlwind"],"picked":"SKIP","floor":2.0},{"not_picked":["Iron Wave","True Grit","Heavy Blade"],"picked":"SKIP","floor":4.0},{"not_picked":["Perfected Strike","Sword Boomerang"],"picked":"Shrug It Off","floor":5.0},{"not_picked":["Sword Boomerang","Pommel Strike"],"picked":"Demon Form","floor":10.0},{"not_picked":["Perfected Strike","Havoc+1"],"picked":"Twin Strike","floor":12.0},{"not_picked":["Armaments+1","Hemokinesis"],"picked":"Berserk","floor":13.0},{"not_picked":["Evolve","Cleave"],"picked":"Armaments+1","floor":14.0},{"not_picked":["Reaper","Bludgeon"],"picked":"Immolate","floor":16.0},{"not_picked":["Heavy Blade","Wild Strike"],"picked":"Warcry+1","floor":18.0},{"not_picked":["Clothesline","Flame Barrier+1"],"picked":"Rage+1","floor":19.0},{"not_picked":["Entrench+1","Hemokinesis+1","Cleave"],"picked":"SKIP","floor":20.0},{"not_picked":["Sentinel+1","Pommel Strike"],"picked":"Shrug It Off+1","floor":24}],"player_experience":591793,"relics_obtained":[{"floor":9.0,"key":"Toxic Egg 2"}],"event_choices":[{"damage_healed":0.0,"max_hp_gain":5.0,"max_hp_loss":0.0,"gold_gain":0.0,"event_name":"Big Fish","player_choice":"Donut","floor":3.0,"gold_loss":0.0,"damage_taken":0.0},{"damage_healed":0.0,"max_hp_gain":0.0,"max_hp_loss":0.0,"gold_gain":0.0,"event_name":"WeMeetAgain","player_choice":"Gave Potion","floor":8.0,"gold_loss":0.0,"damage_taken":0.0,"relics_obtained":["Regal Pillow"]},{"damage_healed":0.0,"max_hp_gain":0.0,"max_hp_loss":0.0,"gold_gain":0.0,"event_name":"Ghosts","player_choice":"Ignored","floor":22.0,"gold_loss":0.0,"damage_taken":0.0},{"damage_healed":0,"gold_gain":0,"player_choice":"Trade","damage_taken":0,"relics_obtained":["FaceOfCleric"],"max_hp_gain":0,"max_hp_loss":0,"event_name":"FaceTrader","floor":28,"gold_loss":0}],"is_beta":false,"boss_relics":[{"not_picked":["Runic Dome","Ectoplasm"],"picked":"Runic Cube"}],"items_purged_floors":[7,21],"is_endless":false,"potions_floor_spawned":[1,5,16,19],"killed_by":"Book of Stabbing","ascension_level":0}}