{"host":"bplbr8uekuotory4","time":1610805305,"event":{"mods":["Act Like it!","BaseMod","Custom Start","Gensokyo","GungeonMod","Hermit","KinomotoSakuraMod(木之本樱)","Koishi","Marisa（F雨　魔理沙）","Minty Spire (QoL Compilation)","Prisma Mod","Quick Restart","Reimu（博丽灵梦）","SOS（斯巴达之子）","Spicy Shops","StSLib","TestMod","The Alterego","The Blackbeard","The Cursed","The Marked","The Mystic","The Runesmith","The Saiyan","The Servant 0.9.4","Yuri Mod","[IsaacMod]以撒尖塔","vexMod"],"gold_per_floor":[110,176,176,126,126,126,160,160,186,196,8,20,20,36,36,131,131,142,142,155,155,165,190,190,30,57,71,88,98,35,64,64,173,173,173],"floor_reached":34,"language":"ZHS","playtime":857,"items_purged":["Poor:ReiMu","alterego_mod:Strike","alterego_mod:Defend","alterego_mod:Strike"],"score":515,"play_id":"1dc01e5b-1463-4e52-83b2-94610560d592","local_time":"20210116215505","is_ascension_mode":true,"campfire_choices":[{"data":"alterego_mod:TrashNCrash","floor":6,"key":"SMITH"},{"data":"alterego_mod:BigMeatyClaws","floor":8,"key":"SMITH"},{"data":"alterego_mod:DiscoLights","floor":13,"key":"SMITH"},{"data":"alterego_mod:Birthday","floor":15,"key":"SMITH"},{"data":"alterego_mod:Venus","floor":24,"key":"SMITH"},{"data":"alterego_mod:BrynhildrRomantia","floor":32,"key":"SMITH"}],"circlet_count":0,"master_deck":["alterego_mod:Strike","alterego_mod:Strike","alterego_mod:Defend","alterego_mod:Defend","alterego_mod:Impale","alterego_mod:BigMeatyClaws+1","alterego_mod:BrynhildrsRune","alterego_mod:TrashNCrash+1","alterego_mod:DiscoLights+1","alterego_mod:Birthday+1","alterego_mod:BrynhildrRomantia+1","alterego_mod:Support","alterego_mod:Venus+1","alterego_mod:Cushion+1","alterego_mod:Palingenesis"],"relics":["alterego_mod:MasochisticConstitution","testmod-TestBox","HushsDoor","SteamSale","testmod-PortableAltar","NeowsBlessing","YidongShenshe:ReiMu","Omamori","testmod-LifeArmor","Sling","testmod-ObsoleteBoomerang","Black Star","HornCleat","vexMod:ScavengeHelm","testmod-ThousandKnives","testmod-MagicalMallet","Chaos","Mastiff:ReiMu","SalivaCoin","TheBean","BookofShadows"],"acts_visited":["Exordium","TheCity"],"potions_floor_usage":[16,31],"damage_taken":[{"damage":1,"enemies":"Jaw Worm","floor":1,"turns":1},{"damage":0,"enemies":"Gremlin Nob","floor":7,"turns":1},{"damage":0,"enemies":"Cultist","floor":10,"turns":1},{"damage":2,"enemies":"Small Slimes","floor":12,"turns":4},{"damage":0,"enemies":"Exordium Wildlife","floor":14,"turns":1},{"damage":0,"enemies":"Slime Boss","floor":16,"turns":1},{"damage":0,"enemies":"Chosen","floor":18,"turns":3},{"damage":0,"enemies":"Spheric Guardian","floor":20,"turns":1},{"damage":4,"enemies":"Centurion and Healer","floor":22,"turns":2},{"damage":3,"enemies":"Slavers","floor":23,"turns":3},{"damage":0,"enemies":"Sentry and Sphere","floor":27,"turns":1},{"damage":0,"enemies":"3 Cultists","floor":28,"turns":3},{"damage":0,"enemies":"Centurion and Healer","floor":29,"turns":2},{"damage":0,"enemies":"Gremlin Leader","floor":31,"turns":4},{"damage":3,"enemies":"Collector","floor":33,"turns":7}],"seed_played":"5964520216680996140","potions_obtained":[{"floor":7,"key":"testmod-TestPotion"},{"floor":14,"key":"Dexterity Potion"},{"floor":18,"key":"Block Potion"},{"floor":23,"key":"CultistPotion"}],"is_trial":false,"path_per_floor":["M","?","?","?","?","R","E","R","T","M","$","M","R","M","R","B",null,"M","?","M","?","M","E","R","$","T","M","M","M","$","E","R","B",null],"character_chosen":"The_Alterego","items_purchased":["Sling","testmod-ObsoleteBoomerang","alterego_mod:BrynhildrRomantia","testmod-MagicalMallet","Chaos"],"campfire_rested":0,"item_purchase_floors":[11,11,17,25,25],"current_hp_per_floor":[69,54,54,54,54,54,54,54,54,54,54,58,58,58,57,56,46,48,43,43,43,43,44,43,42,41,44,42,45,44,43,42,39,39,39],"gold":173,"neow_bonus":"THREE_ENEMY_KILL","is_daily":false,"chose_seed":false,"campfire_upgraded":6,"win_rate":0.0,"timestamp":1610805305,"path_taken":["M","?","?","?","?","R","E","R","T","?","$","M","R","M","R","BOSS","M","?","?","?","?","E","R","$","T","M","M","M","$","E","R","BOSS"],"items_purchased_type":["Relic","Relic","Card","Relic","Card"],"build_version":"2020-12-22","purchased_purges":4,"victory":false,"max_hp_per_floor":[70,69,68,67,66,65,64,63,62,61,60,60,59,58,57,56,46,48,47,46,45,44,44,43,42,41,44,42,45,44,43,42,42,41,41],"card_choices":[{"not_picked":["alterego_mod:Cycle","alterego_mod:GachaTicket"],"picked":"alterego_mod:TrashNCrash","floor":1},{"not_picked":["alterego_mod:Stockings","alterego_mod:IdEs"],"picked":"alterego_mod:DiscoLights","floor":7},{"not_picked":["alterego_mod:Rip","alterego_mod:HighServant","alterego_mod:Santa"],"picked":"SKIP","floor":10},{"not_picked":["alterego_mod:Clap","alterego_mod:DeftHands"],"picked":"Bomb","floor":12},{"not_picked":["alterego_mod:PerceptionDisorder","alterego_mod:Rip"],"picked":"alterego_mod:Birthday","floor":14},{"not_picked":["alterego_mod:Cycle+1","alterego_mod:Maid"],"picked":"alterego_mod:Support","floor":18},{"not_picked":["alterego_mod:Skirt","alterego_mod:Stockings","alterego_mod:RocketPunch"],"picked":"SKIP","floor":20},{"not_picked":["alterego_mod:DeftHands","alterego_mod:MagicResistance","alterego_mod:DiscoLights"],"picked":"SKIP","floor":22},{"not_picked":["alterego_mod:MagicResistance","alterego_mod:AlterEgo","alterego_mod:BoobPocket"],"picked":"SKIP","floor":23},{"not_picked":["alterego_mod:Stockings","alterego_mod:Clones","alterego_mod:Cycle"],"picked":"SKIP","floor":27},{"not_picked":["alterego_mod:Complex","alterego_mod:HighServant+1","alterego_mod:Cycle+1"],"picked":"SKIP","floor":28},{"not_picked":["alterego_mod:Bounce","alterego_mod:MagicResistance"],"picked":"alterego_mod:Cushion+1","floor":29},{"not_picked":["alterego_mod:TrashNCrash+1","alterego_mod:BeGentle+1","alterego_mod:RocketPunch+1"],"picked":"SKIP","floor":31},{"not_picked":["alterego_mod:Alter","alterego_mod:TrickOrTreatment"],"picked":"alterego_mod:Palingenesis","floor":33}],"player_experience":1213531,"relics_obtained":[{"floor":7,"key":"Omamori"},{"floor":9,"key":"testmod-LifeArmor"},{"floor":23,"key":"vexMod:ScavengeHelm"},{"floor":23,"key":"testmod-ThousandKnives"},{"floor":26,"key":"Mastiff:ReiMu"},{"floor":31,"key":"SalivaCoin"},{"floor":31,"key":"TheBean"}],"event_choices":[{"damage_healed":0,"gold_gain":0,"player_choice":"Ignored","damage_taken":0,"max_hp_gain":0,"max_hp_loss":0,"event_name":"Shining Light","floor":3,"gold_loss":0},{"cards_removed":["alterego_mod:Defend"],"damage_healed":0,"gold_gain":0,"player_choice":"Card Removal","damage_taken":0,"max_hp_gain":0,"max_hp_loss":0,"event_name":"The Cleric","floor":4,"gold_loss":50},{"damage_healed":0,"gold_gain":0,"player_choice":"带走神社","damage_taken":0,"relics_obtained":["YidongShenshe:ReiMu"],"max_hp_gain":0,"max_hp_loss":0,"event_name":"yidonshenshe","floor":5,"gold_loss":0,"cards_obtained":["Poor:ReiMu"]},{"damage_healed":0,"gold_gain":0,"player_choice":"HornCleat","damage_taken":0,"relics_obtained":["HornCleat"],"max_hp_gain":0,"max_hp_loss":0,"event_name":"blackbeard:ShipwreckEvent","floor":19,"gold_loss":0},{"damage_healed":0,"gold_gain":0,"player_choice":"Read","damage_taken":0,"max_hp_gain":0,"max_hp_loss":0,"event_name":"The Library","floor":21,"gold_loss":0,"cards_obtained":["alterego_mod:Venus"]}],"is_beta":false,"boss_relics":[{"not_picked":["MagicMushroom","vexMod:FluxCapacitor"],"picked":"Black Star"},{"not_picked":[]},{"not_picked":["DemoMod:PoisonVial","Tea:ReiMu"],"picked":"BookofShadows"}],"items_purged_floors":[11,17,25,30],"is_endless":false,"potions_floor_spawned":[7,14,18,23,29],"ascension_level":1}}