{"host":"y3h3n3f7seyagppx","time":1610838614,"event":{"mods":["AlwaysNeverKeys","BaseMod","Better Vampires","Colored Powertips","DeckTracker","Emptier Cage","Minty Spire (QoL Compilation)","Permanent Neow","Quick Restart","Rare Cards Sparkle","Relic Sorter","Relic Stats","StSLib","Transform Curses"],"gold_per_floor":[110,123,138,149,162,190,190,220,220,220,230,305,320,353,353,427,427,440,440,12,12,24,24,39,71,116,128,128,128,142,175,175,175,175],"floor_reached":33,"language":"ENG","playtime":6487,"items_purged":[],"score":618,"play_id":"0aa1b71c-9a70-4d7b-ac13-4dee5ccb9c65","local_time":"20210116181014","is_ascension_mode":true,"campfire_choices":[{"data":"Bash","floor":7.0,"key":"SMITH"},{"data":"Iron Wave","floor":10.0,"key":"SMITH"},{"data":"True Grit","floor":15.0,"key":"SMITH"},{"data":"Shockwave","floor":23,"key":"SMITH"},{"floor":29,"key":"REST"},{"floor":32,"key":"DIG"}],"circlet_count":0,"master_deck":["AscendersBane","Strike_R","Strike_R","Strike_R","Defend_R","Defend_R","Defend_R","Defend_R","Bash+1","Anger","Reaper","Shrug It Off","Battle Trance","Iron Wave+1","Headbutt","Shockwave+1","True Grit+1","Decay","Demon Form+1","Evolve+1","Pain","Barricade+1","Flame Barrier+1"],"relics":["Burning Blood","Letter Opener","Boot","Self Forming Clay","CaptainsWheel","Philosopher\u0027s Stone","Frozen Egg 2","Toxic Egg 2","Regal Pillow","Shovel","Prayer Wheel"],"acts_visited":["Exordium","TheCity"],"potions_floor_usage":[25,27,31,31,33],"damage_taken":[{"damage":20.0,"enemies":"Small Slimes","floor":1.0,"turns":5.0},{"damage":6.0,"enemies":"2 Louse","floor":2.0,"turns":3.0},{"damage":2.0,"enemies":"Jaw Worm","floor":3.0,"turns":5.0},{"damage":13.0,"enemies":"Large Slime","floor":4.0,"turns":7.0},{"damage":4.0,"enemies":"Red Slaver","floor":5.0,"turns":5.0},{"damage":28.0,"enemies":"Lagavulin","floor":6.0,"turns":7.0},{"damage":11.0,"enemies":"Gremlin Nob","floor":8.0,"turns":3.0},{"damage":15.0,"enemies":"3 Louse","floor":11.0,"turns":3.0},{"damage":3.0,"enemies":"2 Fungi Beasts","floor":13.0,"turns":3.0},{"damage":15.0,"enemies":"Lagavulin","floor":14.0,"turns":7.0},{"damage":47.0,"enemies":"Hexaghost","floor":16.0,"turns":11.0},{"damage":0.0,"enemies":"Shell Parasite","floor":18.0,"turns":5.0},{"damage":7,"enemies":"2 Thieves","floor":22,"turns":4},{"damage":0,"enemies":"Snecko","floor":24,"turns":4},{"damage":50,"enemies":"Book of Stabbing","floor":25,"turns":6},{"damage":23,"enemies":"Snake Plant","floor":27,"turns":3},{"damage":14,"enemies":"Chosen and Byrds","floor":30,"turns":6},{"damage":47,"enemies":"Gremlin Leader","floor":31,"turns":10},{"damage":57,"enemies":"Automaton","floor":33,"turns":6}],"seed_played":"1794558515517472138","potions_obtained":[{"floor":2.0,"key":"PowerPotion"},{"floor":4.0,"key":"DistilledChaos"},{"floor":5.0,"key":"DistilledChaos"},{"floor":6.0,"key":"DuplicationPotion"},{"floor":13.0,"key":"Block Potion"},{"floor":18.0,"key":"EntropicBrew"},{"floor":25,"key":"DistilledChaos"},{"floor":30,"key":"Energy Potion"},{"floor":31,"key":"Strength Potion"}],"is_trial":false,"path_per_floor":["M","M","M","M","M","E","R","E","T","R","M","?","M","E","R","B",null,"M","?","$","?","M","R","M","E","T","M","?","R","M","E","R","B"],"character_chosen":"IRONCLAD","items_purchased":["Frozen Egg 2","Demon Form+1"],"campfire_rested":1,"item_purchase_floors":[20,20],"current_hp_per_floor":[58,66,68,65,67,45,45,46,46,46,52,41,56,52,52,17,55,67,67,67,67,68,68,68,34,34,24,24,59,68,45,45,0,0],"gold":175,"neow_bonus":"TRANSFORM_TWO_CARDS","is_daily":false,"chose_seed":false,"campfire_upgraded":4,"win_rate":0.0,"timestamp":1610838614,"path_taken":["M","M","M","M","M","E","R","E","T","R","M","?","M","E","R","BOSS","M","?","$","?","M","R","M","E","T","M","?","R","M","E","R","BOSS"],"items_purchased_type":["Relic","Card"],"build_version":"2020-12-22","purchased_purges":0,"victory":false,"max_hp_per_floor":[68,68,68,68,68,68,68,68,68,68,68,68,68,68,68,68,68,68,68,68,68,68,68,68,68,68,68,68,68,68,68,68,68,68],"relic_stats":{"Regal Pillow":15,"Shovel":1,"counters":[19,103],"Self Forming Clay":[177],"Prayer Wheel":0,"Letter Opener":[66],"Boot":[20],"obtain_stats":[{"CaptainsWheel":14,"Regal Pillow":26,"Shovel":31,"Self Forming Clay":9,"Philosopher\u0027s Stone":17,"Prayer Wheel":32,"Letter Opener":6,"Frozen Egg 2":20,"Toxic Egg 2":25,"Boot":8,"Burning Blood":0},{"CaptainsWheel":10,"Regal Pillow":15,"Shovel":18,"Self Forming Clay":7,"Philosopher\u0027s Stone":11,"Prayer Wheel":18,"Letter Opener":6,"Frozen Egg 2":12,"Toxic Egg 2":15,"Boot":7,"Burning Blood":0},{"CaptainsWheel":48,"Regal Pillow":78,"Shovel":97,"Self Forming Clay":35,"Philosopher\u0027s Stone":59,"Prayer Wheel":97,"Letter Opener":32,"Frozen Egg 2":64,"Toxic Egg 2":78,"Boot":35,"Burning Blood":0}],"Burning Blood":88},"card_choices":[{"not_picked":["Heavy Blade","Anger"],"picked":"Shrug It Off","floor":1.0},{"not_picked":["Havoc","Second Wind"],"picked":"Battle Trance","floor":2.0},{"not_picked":["Cleave","Second Wind"],"picked":"Iron Wave","floor":3.0},{"not_picked":["Sword Boomerang","Combust"],"picked":"Headbutt","floor":4.0},{"not_picked":["Wild Strike","Limit Break","Rupture"],"picked":"SKIP","floor":5.0},{"not_picked":["Twin Strike","Entrench","Cleave"],"picked":"SKIP","floor":6.0},{"not_picked":["Pommel Strike","Infernal Blade","Dropkick"],"picked":"SKIP","floor":8.0},{"not_picked":["Whirlwind","Warcry"],"picked":"Shockwave","floor":11.0},{"not_picked":["Heavy Blade","True Grit","Thunderclap"],"picked":"SKIP","floor":13.0},{"not_picked":["Heavy Blade","Thunderclap"],"picked":"True Grit","floor":13.0},{"not_picked":["Thunderclap","Cleave","True Grit"],"picked":"SKIP","floor":14.0},{"not_picked":["Infernal Blade","Havoc","Clash"],"picked":"SKIP","floor":18.0},{"not_picked":["Inflame+1","Seeing Red","Thunderclap"],"picked":"SKIP","floor":22},{"not_picked":["Havoc","Cleave","Carnage"],"picked":"SKIP","floor":24},{"not_picked":["Wild Strike+1","Thunderclap","Inflame+1"],"picked":"SKIP","floor":25},{"not_picked":["Iron Wave+1","Combust+1"],"picked":"Evolve+1","floor":27},{"not_picked":["Twin Strike","Rampage+1","Wild Strike"],"picked":"SKIP","floor":30},{"not_picked":["Clothesline","Intimidate+1"],"picked":"Flame Barrier+1","floor":31}],"player_experience":21099968,"relics_obtained":[{"floor":6.0,"key":"Letter Opener"},{"floor":8.0,"key":"Boot"},{"floor":9.0,"key":"Self Forming Clay"},{"floor":14.0,"key":"CaptainsWheel"},{"floor":25,"key":"Toxic Egg 2"},{"floor":26,"key":"Regal Pillow"},{"floor":31,"key":"Shovel"},{"floor":32,"key":"Prayer Wheel"}],"event_choices":[{"damage_healed":0.0,"max_hp_gain":0.0,"max_hp_loss":0.0,"gold_gain":75.0,"event_name":"World of Goop","player_choice":"Gather Gold","floor":12.0,"gold_loss":0.0,"damage_taken":11.0},{"damage_healed":0.0,"max_hp_gain":0.0,"max_hp_loss":0.0,"gold_gain":0.0,"event_name":"Forgotten Altar","player_choice":"Smashed Altar","floor":19.0,"gold_loss":0.0,"damage_taken":0.0,"cards_obtained":["Decay"]},{"damage_healed":0,"gold_gain":0,"player_choice":"Ignored","damage_taken":0,"max_hp_gain":0,"max_hp_loss":0,"event_name":"Vampires","floor":21,"gold_loss":0},{"damage_healed":0,"gold_gain":0,"player_choice":"2 cards matched","damage_taken":0,"max_hp_gain":0,"max_hp_loss":0,"event_name":"Match and Keep!","floor":28,"gold_loss":0,"cards_obtained":["Pain","Barricade"]}],"is_beta":false,"boss_relics":[{"not_picked":["Astrolabe","Busted Crown"],"picked":"Philosopher\u0027s Stone"}],"items_purged_floors":[],"is_endless":false,"potions_floor_spawned":[2,4,5,6,13,18,25,30,31],"killed_by":"Automaton","ascension_level":20}}