{"host":"sgqhwtqjaxn0ibpt","time":1610841267,"event":{"mods":["2.2 Compatiblity","AchievementEnabler","Aspiration","BaseMod","Beaked The Cultist","Better Altar","Better Third Choice","Clockwork Mod","Colored Powertips","Conspire","Disable Question Mark Monsters","Downfall","Energized Spire","Glutton Mod","Gremlin Mod","Gremlin Skip","Hermit","Hubris","Jorbs\u0027s Wanderer Trilogy","Mad Scientist","Minty Spire (QoL Compilation)","Permanent Neow","Quick Restart","Random Character Button","Rare Cards Sparkle","Reworked Bosses","SacredBarkPlus","Shop Mod","StSLib","The Bug Knight","The Construct","The Cursed","The Forsaken","The Hierophant","The Runesmith","TheHeartMod","Wandering Minibosses"],"gold_per_floor":[115,115,132,23,23,57,69,69,121,151,162,192,204,221,221,318,318,338,338,349,264,264,264,264,264,264,264,148,179,195,214,214,319,319,333,384,413,430,430,430,119,119,144,144,44,0,20,40,40,40],"floor_reached":51,"language":"ENG","playtime":2845,"items_purged":["Pain","theForsaken:TheForsaken_Defend"],"score":748,"play_id":"3af17232-3e67-4c7b-bce5-00c6df0efcb0","local_time":"20210116155427","is_ascension_mode":false,"campfire_choices":[{"data":"theForsaken:Terrorize","floor":8.0,"key":"SMITH"},{"data":"theForsaken:Preservation","floor":25.0,"key":"SMITH"},{"data":"theForsaken:SpreadingPlague","floor":27.0,"key":"SMITH"},{"data":"theForsaken:Tranquility","floor":32.0,"key":"SMITH"},{"floor":40,"key":"REST"},{"data":"theForsaken:DesperatePlea","floor":42,"key":"SMITH"},{"data":"theForsaken:Enfeeble","floor":44,"key":"SMITH"},{"data":"theForsaken:SacredOath","floor":49,"key":"SMITH"}],"circlet_count":0,"master_deck":["theForsaken:TheForsaken_Strike","theForsaken:TheForsaken_Strike","theForsaken:TheForsaken_Defend","theForsaken:TheForsaken_Defend","theForsaken:TheForsaken_Defend","theForsaken:Smite","theForsaken:Penitence","theForsaken:Backlash","theForsaken:ScorchingSunlight","theForsaken:PreciseStrike","theForsaken:SpreadingPlague+1","theForsaken:Terrorize+1","theForsaken:CleansingLight","theForsaken:Bolster+1","theForsaken:Eulogy","theForsaken:DesperatePlea+1","theForsaken:PanicDive","theForsaken:SacrificeSoul","theForsaken:Preservation+1","theForsaken:Enfeeble+1","theForsaken:Tranquility+1","theForsaken:SacredOath+1","theForsaken:PanicDive+1"],"relics":["theForsaken:ScalesOfTruth","NeowsBlessing","WarpedTongs","aspiration:SeaSaltIceCream","conspire:DecoderRing","aspiration:FetidBarrel","hubris:TenFootPole","aspiration:ArtOfWarUpgrade","Orichalcum","Odd Mushroom","energizedSpire:DeadBattery","aspiration:StickyExplosives_weak","Matryoshka","aspiration:Stabinomicon","hubris:64BitClover","Unceasing Top","hubris:Icosahedron","hubris:MedicalManual","HollowMod:PaleOreRelic","Centennial Puzzle","Red Mask"],"acts_visited":["Exordium","TheCity","TheBeyond"],"potions_floor_usage":[],"damage_taken":[{"damage":0.0,"enemies":"Small Slimes","floor":1.0,"turns":1.0},{"damage":1.0,"enemies":"Cultist","floor":3.0,"turns":1.0},{"damage":0.0,"enemies":"HollowMod:MossKnight","floor":6.0,"turns":1.0},{"damage":0.0,"enemies":"2 Louse","floor":7.0,"turns":2.0},{"damage":4.0,"enemies":"Lagavulin","floor":10.0,"turns":6.0},{"damage":0.0,"enemies":"Large Slime","floor":11.0,"turns":4.0},{"damage":8.0,"enemies":"The Mushroom Lair","floor":12.0,"turns":4.0},{"damage":2.0,"enemies":"Looter","floor":13.0,"turns":3.0},{"damage":4.0,"enemies":"3 Louse","floor":14.0,"turns":2.0},{"damage":0.0,"enemies":"The Guardian","floor":16.0,"turns":9.0},{"damage":14.0,"enemies":"Spheric Guardian","floor":18.0,"turns":7.0},{"damage":0.0,"enemies":"conspire:FuzzyDice","floor":20.0,"turns":5.0},{"damage":38.0,"enemies":"Book of Stabbing","floor":29.0,"turns":7.0},{"damage":2.0,"enemies":"Snecko","floor":30.0,"turns":4.0},{"damage":2.0,"enemies":"Centurion and Healer","floor":31.0,"turns":2.0},{"damage":9.0,"enemies":"conspire:MysteriousRune","floor":33.0,"turns":6.0},{"damage":3.0,"enemies":"3 Shapes","floor":35.0,"turns":5.0},{"damage":29.0,"enemies":"2 Orb Walkers","floor":36.0,"turns":5.0},{"damage":9.0,"enemies":"conspire:MimicChest","floor":37.0,"turns":5.0},{"damage":0,"enemies":"Orb Walker","floor":38,"turns":3},{"damage":5,"enemies":"Maw","floor":47,"turns":7},{"damage":1,"enemies":"Spire Growth","floor":48,"turns":5},{"damage":4,"enemies":"Time Eater","floor":50,"turns":11}],"seed_played":"-2775230156334538167","potions_obtained":[{"floor":1.0,"key":"Guardian:BlockOnCardUsePotion"},{"floor":6.0,"key":"PowerPotion"},{"floor":10.0,"key":"LiquidMemories"},{"floor":31.0,"key":"champ:CounterPotion"},{"floor":38,"key":"Energy Potion"}],"is_trial":false,"path_per_floor":["M","?","M","$","?","E","M","R","T","E","M","?","M","M","R","B",null,"M","?","M","?","?","R","?","R","T","R","$","E","M","M","R","B",null,"M","?","?","M","?","R","$","R","T","R","$","?","M","M","R","B",null],"character_chosen":"THE_FORSAKEN","items_purchased":["theForsaken:PreciseStrike","theForsaken:Enfeeble","Block Potion","hubris:MedicalManual"],"campfire_rested":1,"item_purchase_floors":[4,28,28,41],"current_hp_per_floor":[65,65,64,64,49,49,49,49,49,48,48,42,40,36,36,47,65,54,54,57,57,57,57,57,57,57,57,57,25,25,23,23,14,65,62,33,29,31,31,50,50,50,50,50,50,50,50,51,51,53],"gold":40,"neow_bonus":"THREE_ENEMY_KILL","is_daily":false,"chose_seed":false,"campfire_upgraded":7,"win_rate":0.0,"timestamp":1610841267,"path_taken":["M","?","M","$","?","E","M","R","T","E","M","?","M","M","R","BOSS","M","?","M","?","?","R","?","R","T","R","$","E","M","M","R","BOSS","M","?","?","?","?","R","?","R","T","R","$","?","M","M","R","BOSS"],"items_purchased_type":["Card","Card","Potion","Relic"],"build_version":"2020-12-22","purchased_purges":2,"victory":true,"max_hp_per_floor":[65,65,65,65,65,65,65,65,65,65,65,65,65,65,65,65,65,65,65,65,65,65,65,65,65,65,65,65,65,65,65,65,65,65,65,65,65,65,65,65,65,65,65,65,65,65,65,65,65,65],"card_choices":[{"not_picked":["theForsaken:CorruptedWord","theForsaken:Preservation"],"picked":"theForsaken:Backlash","floor":1.0},{"not_picked":["theForsaken:CreepingInfection","theForsaken:ShieldCharge"],"picked":"theForsaken:ScorchingSunlight","floor":3.0},{"not_picked":["theForsaken:CorruptedWord","theForsaken:QuickAttack"],"picked":"theForsaken:SpreadingPlague","floor":6.0},{"not_picked":["theForsaken:FuryStrikes","theForsaken:PanicDive"],"picked":"theForsaken:Terrorize","floor":7.0},{"not_picked":["theForsaken:WrathOfGod","theForsaken:Horror"],"picked":"theForsaken:CleansingLight","floor":10.0},{"not_picked":["theForsaken:BlightOfFamine","theForsaken:FuryStrikes"],"picked":"theForsaken:Bolster","floor":11.0},{"not_picked":["theForsaken:WardingHymn","theForsaken:PowerUp","theForsaken:BottledPlague"],"picked":"SKIP","floor":13.0},{"not_picked":["theForsaken:WardingHymn","theForsaken:PanicDive"],"picked":"theForsaken:Eulogy","floor":14.0},{"not_picked":["theForsaken:Horror","theForsaken:Prudence"],"picked":"theForsaken:DesperatePlea","floor":16.0},{"not_picked":["theForsaken:BlessedWeapon","theForsaken:Riposte","theForsaken:PanicDive"],"picked":"SKIP","floor":18.0},{"not_picked":["theForsaken:ShieldCharge","theForsaken:ChargeAttack"],"picked":"theForsaken:Preservation","floor":20.0},{"not_picked":["theForsaken:SacrificeSoul","theForsaken:Temperance"],"picked":"theForsaken:Tranquility","floor":29.0},{"not_picked":["theForsaken:Thunderbolt","theForsaken:WordsOfPestilence","theForsaken:QuickAttack"],"picked":"SKIP","floor":30.0},{"not_picked":["theForsaken:HymnOfPatience","theForsaken:ChargeAttack+1","theForsaken:BlessedWeapon"],"picked":"SKIP","floor":31.0},{"not_picked":["theForsaken:Retribution","theForsaken:CorruptDeck"],"picked":"theForsaken:SacredOath","floor":33.0},{"not_picked":["theForsaken:PowerUp","theForsaken:Thunderbolt","theForsaken:FuryStrikes"],"picked":"SKIP","floor":35.0},{"not_picked":["theForsaken:SpinAttack+1","theForsaken:ShieldCharge"],"picked":"theForsaken:PanicDive+1","floor":38},{"not_picked":["theForsaken:ChargeAttack","theForsaken:NobleSacrifice","theForsaken:HorrifyingStrike"],"picked":"SKIP","floor":47},{"not_picked":["theForsaken:Tranquility+1","theForsaken:SpinAttack","theForsaken:Thunderbolt+1"],"picked":"SKIP","floor":48}],"player_experience":154358,"relics_obtained":[{"floor":6.0,"key":"hubris:TenFootPole"},{"floor":9.0,"key":"Art of War"},{"floor":10.0,"key":"Orichalcum"},{"floor":12.0,"key":"Odd Mushroom"},{"floor":26.0,"key":"Matryoshka"},{"floor":29.0,"key":"aspiration:Stabinomicon"},{"floor":36.0,"key":"hubris:64BitClover"},{"floor":37.0,"key":"Unceasing Top"},{"floor":43,"key":"HollowMod:PaleOreRelic"},{"floor":43,"key":"Centennial Puzzle"}],"event_choices":[{"damage_healed":0.0,"max_hp_gain":0.0,"max_hp_loss":0.0,"gold_gain":0.0,"event_name":"Accursed Blacksmith","player_choice":"Rummage","floor":2.0,"gold_loss":0.0,"damage_taken":0.0,"relics_obtained":["WarpedTongs"],"cards_obtained":["Pain"]},{"damage_healed":0.0,"max_hp_gain":0.0,"max_hp_loss":0.0,"gold_gain":1.0,"event_name":"betterThird:BetterScrap","player_choice":"Relic Relic ","floor":5.0,"gold_loss":0.0,"damage_taken":15.0,"cards_obtained":["Machine Learning"]},{"damage_healed":0.0,"max_hp_gain":0.0,"max_hp_loss":0.0,"gold_gain":0.0,"event_name":"Mushrooms","player_choice":"Fought Mushrooms","floor":12.0,"gold_loss":0.0,"damage_taken":0.0},{"damage_healed":0.0,"max_hp_gain":0.0,"max_hp_loss":0.0,"gold_gain":0.0,"cards_transformed":["theForsaken:TheForsaken_Strike","theForsaken:TheForsaken_Strike"],"event_name":"Drug Dealer","player_choice":"Became Test Subject","floor":19.0,"gold_loss":0.0,"damage_taken":0.0,"cards_obtained":["theForsaken:PanicDive","theForsaken:SacrificeSoul"]},{"damage_healed":0.0,"max_hp_gain":0.0,"max_hp_loss":0.0,"gold_gain":0.0,"event_name":"Addict","player_choice":"Obtained Relic","floor":21.0,"gold_loss":85.0,"damage_taken":0.0,"relics_obtained":["aspiration:StickyExplosives_weak"]},{"damage_healed":0.0,"max_hp_gain":0.0,"max_hp_loss":0.0,"gold_gain":0.0,"event_name":"conspire:Investor","player_choice":"Leave","floor":24.0,"gold_loss":0.0,"damage_taken":0.0},{"damage_healed":0.0,"max_hp_gain":0.0,"max_hp_loss":0.0,"gold_gain":0.0,"event_name":"Mysterious Sphere","player_choice":"Fight","floor":36.0,"gold_loss":0.0,"damage_taken":0.0},{"damage_healed":0,"gold_gain":0,"player_choice":"Paid","damage_taken":0,"relics_obtained":["Red Mask"],"max_hp_gain":0,"max_hp_loss":0,"event_name":"Tomb of Lord Red Mask","floor":46,"gold_loss":44}],"is_beta":false,"boss_relics":[{"not_picked":["SacredBark","aspiration:RitualDagger"],"picked":"energizedSpire:DeadBattery"},{"not_picked":["Pandora\u0027s Box","hubris:ScarierMask"],"picked":"theForsaken:ScalesOfTruth"}],"items_purged_floors":[4,45],"is_endless":false,"potions_floor_spawned":[1,6,10,11,12,31,38,47],"ascension_level":0}}