{"host":"p08oqmr389b4tgxi","time":1610773018,"event":{"mods":["Act Like it!","BaseMod","CapriCore","Colored Powertips","Gensokyo","Hallownest","Luminous","Minty Spire (QoL Compilation)","Quick Restart","Relic Stats","StSLib","The Immortal","UnlockEverythingMod","Yakumo Yukari mod","¡¾ÒÅÎï¿¨ÅÆ¡¿REMEMod"],"gold_per_floor":[117,117,135,150,150,175,192,222,271,201,293,293,32,32,32,140,140,193,193,205,225,244,279,311,354,424,459,63,85,85,85,85,193,193,210,210,418,428,457,457,493,504,504,88,104,137,137,137,137,143,143,143,143,180,213],"floor_reached":56,"language":"ZHS","playtime":4180,"items_purged":["MokouMod:Cataclysm","MokouMod:SubterraneanCore+1"],"score":1556,"play_id":"f1fa3275-0e94-4464-8c12-8f1c10f2aabe","local_time":"20210116125658","is_ascension_mode":true,"campfire_choices":[{"data":"REME_PuzzleBox","floor":12.0,"key":"SMITH"},{"data":"Hyperbeam","floor":15.0,"key":"SMITH"},{"data":"MokouMod:ResonatingAura","floor":30.0,"key":"SMITH"},{"floor":32.0,"key":"RECALL"},{"data":"MokouMod:ScorchedEarth","floor":40.0,"key":"SMITH"},{"data":"MokouMod:IgnitionBarrier","floor":47,"key":"SMITH"},{"data":"MokouMod:HouraiForge","floor":49,"key":"SMITH"},{"data":"MokouMod:HeatSpark","floor":52,"key":"SMITH"}],"circlet_count":0,"master_deck":["MokouMod:HeatSpark+1","Hyperbeam+1","REME_PuzzleBox+1","MokouMod:IgnitionBarrier+1","MokouMod:Ember","MokouMod:Ventilation+1","MokouMod:Trailblazer+1","MokouMod:Ember","MokouMod:ScorchedEarth+1","MokouMod:HouraiForge+1","MokouMod:Ventilation+1","MokouMod:ResonatingAura+1","MokouMod:Refresh+1","MokouMod:Fireball+1","MokouMod:Extinguish+1","REME_WheelOfFate+1","MokouMod:PhoenixForm","MokouMod:Rebirth","MokouMod:EnchantingBambooForest"],"relics":["REME_ComplimentaryCards","Snecko Eye","Shuriken","REME_ArchaeologicalTools","Omamori","Hallownest:StagBellRelic1","Nunchaku","Toxic Egg 2","Pandora\u0027s Box","Red Mask","Pear","Regal Pillow","Kunai","Happy Flower","Ancient Tea Set","PreservedInsect","Coffee Dripper","Akabeko","Hallownest:GodTamersBeastRelic","Dream Catcher","Mummified Hand","Centennial Puzzle","Prayer Wheel","Hallownest:HeavyBlowRelic","Bag of Preparation","Bottled Lightning","Lantern"],"acts_visited":["Exordium","Hallownest:Greenpath","Hallownest:CityofTears","TheEnding"],"potions_floor_usage":[54],"damage_taken":[{"damage":0.0,"enemies":"2_ Uuma","floor":1.0,"turns":4.0},{"damage":0.0,"enemies":"Hallownest:monsterHuskWarrior","floor":3.0,"turns":2.0},{"damage":0.0,"enemies":"Hallownest:2_MossCreeps","floor":4.0,"turns":1.0},{"damage":0.0,"enemies":"Hallownest:eliteMossKnight","floor":6.0,"turns":3.0},{"damage":0.0,"enemies":"Hallownest:monsterMossCharger","floor":7.0,"turns":3.0},{"damage":29.0,"enemies":"Hallownest:eliteCrystalGuardian","floor":8.0,"turns":8.0},{"damage":5.0,"enemies":"Hallownest:eliteVengeflyKing","floor":11.0,"turns":6.0},{"damage":0.0,"enemies":"Hallownest:BossBrokenVessel","floor":16.0,"turns":6.0},{"damage":0.0,"enemies":"Hallownest:3_Youths","floor":18.0,"turns":4.0},{"damage":0.0,"enemies":"Hallownest:3_Youths","floor":20.0,"turns":2.0},{"damage":0.0,"enemies":"Hallownest:Flukemon_and_Top","floor":21.0,"turns":2.0},{"damage":0.0,"enemies":"Hallownest:monsterMisterMushroom","floor":22.0,"turns":4.0},{"damage":9.0,"enemies":"Hallownest:eliteWatcherKnight","floor":23.0,"turns":9.0},{"damage":0.0,"enemies":"Hallownest:Glutton_and_Coward","floor":24.0,"turns":1.0},{"damage":12.0,"enemies":"Hallownest:eliteSoulWarrior","floor":25.0,"turns":3.0},{"damage":0.0,"enemies":"Hallownest:Nosk","floor":27.0,"turns":3.0},{"damage":0.0,"enemies":"Hallownest:Warrior_and_Youth","floor":29.0,"turns":3.0},{"damage":12.0,"enemies":"Hallownest:BossMantisLord","floor":33.0,"turns":2.0},{"damage":0.0,"enemies":"Hallownest:3_Siblings","floor":35.0,"turns":2.0},{"damage":8.0,"enemies":"Hallownest:3_Siblings","floor":37.0,"turns":3.0},{"damage":5.0,"enemies":"Hallownest:3_Siblings","floor":37.0,"turns":3.0},{"damage":4.0,"enemies":"Hallownest:3_Siblings","floor":37.0,"turns":3.0},{"damage":0.0,"enemies":"Hallownest:3_Siblings","floor":37.0,"turns":2.0},{"damage":0.0,"enemies":"Hallownest:Shield_Heavy","floor":38.0,"turns":1.0},{"damage":0.0,"enemies":"Hallownest:2_Soldiers_and_1_Guardian","floor":39.0,"turns":2.0},{"damage":4.0,"enemies":"Hallownest:eliteCollector","floor":41.0,"turns":3.0},{"damage":0.0,"enemies":"Hallownest:monsterPrimalAspid","floor":42.0,"turns":1.0},{"damage":0.0,"enemies":"Hallownest:Xero_Hu_Marmu","floor":45.0,"turns":2.0},{"damage":6.0,"enemies":"Hallownest:eliteHiveKnight","floor":46.0,"turns":3.0},{"damage":73,"enemies":"Hallownest:BossHollowKnight","floor":50,"turns":9},{"damage":2,"enemies":"Shield and Spear","floor":54,"turns":2},{"damage":20,"enemies":"The Heart","floor":55,"turns":4}],"seed_played":"1543199481203625374","potions_obtained":[{"floor":4.0,"key":"Ancient Potion"},{"floor":7.0,"key":"PowerPotion"},{"floor":22.0,"key":"Fire Potion"},{"floor":27.0,"key":"EntropicBrew"},{"floor":33.0,"key":"Fruit Juice"},{"floor":35.0,"key":"SpeedPotion"},{"floor":42.0,"key":"Block Potion"}],"is_trial":false,"path_per_floor":["M","?","M","M","?","E","M","E","T","?","?","R","$","?","R","B",null,"M","?","?","M","M","E","M","E","T","E","$","M","R","T","R","B",null,"M","?","?","M","M","R","E","M","T","$","M","E","R","?","R","B",null,"R","$","E","B",null],"character_chosen":"MKU","items_purchased":["Toxic Egg 2","REME_WheelOfFate+1","Happy Flower","MokouMod:Rebirth","Centennial Puzzle"],"campfire_rested":0,"item_purchase_floors":[13,28,28,44,44],"current_hp_per_floor":[75,75,75,75,66,66,66,37,37,37,32,32,32,32,32,32,75,75,75,75,75,75,76,76,64,64,64,64,64,64,64,64,57,90,90,85,74,74,78,78,81,81,81,81,85,85,85,85,85,32,85,85,85,85,65],"gold":213,"neow_bonus":"BOSS_RELIC","is_daily":false,"chose_seed":false,"campfire_upgraded":7,"win_rate":0.0,"timestamp":1610773018,"path_taken":["M","?","M","M","?","E","M","E","T","?","?","R","?","?","R","BOSS","M","?","?","M","M","E","M","E","T","E","$","M","R","?","R","BOSS","M","?","?","?","M","R","E","M","T","$","M","E","R","?","R","BOSS","R","$","E","BOSS"],"items_purchased_type":["Relic","Card","Relic","Card","Relic"],"build_version":"2020-12-22","purchased_purges":2,"victory":true,"max_hp_per_floor":[75,75,75,75,75,75,75,75,75,75,75,75,75,75,75,75,75,75,75,75,75,75,85,85,85,85,85,85,85,85,85,85,90,90,90,85,85,85,85,85,85,85,85,85,85,85,85,85,85,85,85,85,85,87,87],"relic_stats":{"Regal Pillow":0,"Happy Flower":[15],"counters":[32,106],"PreservedInsect":198,"Bag of Preparation":[2],"Nunchaku":[27],"Dream Catcher":0,"Centennial Puzzle":[12],"Shuriken":[67],"Mummified Hand":[42],"Snecko Eye":[212,181,200,197],"Pandora\u0027s Box":["MokouMod:Trailblazer","MokouMod:Ember","MokouMod:ScorchedEarth","MokouMod:Cataclysm","MokouMod:HouraiForge","MokouMod:Ventilation","MokouMod:ResonatingAura","MokouMod:SubterraneanCore","MokouMod:Refresh"],"Prayer Wheel":0,"Kunai":[44],"obtain_stats":[{"Hallownest:StagBellRelic1":10,"Regal Pillow":25,"Lantern":55,"Bag of Preparation":54,"Hallownest:HeavyBlowRelic":48,"Ancient Tea Set":29,"Hallownest:GodTamersBeastRelic":37,"Nunchaku":11,"Dream Catcher":41,"Centennial Puzzle":44,"Mummified Hand":43,"Prayer Wheel":46,"REME_ArchaeologicalTools":8,"Red Mask":19,"Kunai":27,"Toxic Egg 2":13,"Pear":23,"Happy Flower":28,"PreservedInsect":31,"Omamori":9,"Akabeko":37,"Shuriken":6,"MokouMod:PhoenixFeather":0,"Snecko Eye":0,"Pandora\u0027s Box":17,"Coffee Dripper":34,"Bottled Lightning":54,"REME_ComplimentaryCards":0},{"Hallownest:StagBellRelic1":6,"Regal Pillow":15,"Lantern":32,"Bag of Preparation":31,"Hallownest:HeavyBlowRelic":29,"Ancient Tea Set":17,"Hallownest:GodTamersBeastRelic":23,"Nunchaku":7,"Dream Catcher":26,"Centennial Puzzle":27,"Mummified Hand":27,"Prayer Wheel":29,"REME_ArchaeologicalTools":6,"Red Mask":9,"Kunai":16,"Toxic Egg 2":7,"Pear":13,"Happy Flower":16,"PreservedInsect":17,"Omamori":6,"Akabeko":22,"Shuriken":4,"MokouMod:PhoenixFeather":0,"Snecko Eye":0,"Pandora\u0027s Box":8,"Coffee Dripper":18,"Bottled Lightning":31,"REME_ComplimentaryCards":0},{"Hallownest:StagBellRelic1":21,"Regal Pillow":58,"Lantern":104,"Bag of Preparation":101,"Hallownest:HeavyBlowRelic":91,"Ancient Tea Set":62,"Hallownest:GodTamersBeastRelic":79,"Nunchaku":27,"Dream Catcher":85,"Centennial Puzzle":86,"Mummified Hand":86,"Prayer Wheel":91,"REME_ArchaeologicalTools":21,"Red Mask":37,"Kunai":61,"Toxic Egg 2":27,"Pear":54,"Happy Flower":61,"PreservedInsect":64,"Omamori":21,"Akabeko":76,"Shuriken":10,"MokouMod:PhoenixFeather":0,"Snecko Eye":0,"Pandora\u0027s Box":33,"Coffee Dripper":66,"Bottled Lightning":102,"REME_ComplimentaryCards":0}]},"card_choices":[{"not_picked":["MokouMod:BlazingComet","MokouMod:TemporalFireSeal","MokouMod:FlareStarter"],"picked":"SKIP","floor":1.0},{"not_picked":["Impatience","Trip"],"picked":"REME_PuzzleBox","floor":2.0},{"not_picked":["MokouMod:Ember","MokouMod:HeatTransfer","MokouMod:ResoluteFlare"],"picked":"SKIP","floor":3.0},{"not_picked":["MokouMod:CrimsonArmoury","MokouMod:Stoke"],"picked":"MokouMod:IgnitionBarrier","floor":4.0},{"not_picked":["MokouMod:Overheat","MokouMod:Sear","MokouMod:PhoenixFeathers"],"picked":"SKIP","floor":6.0},{"not_picked":["MokouMod:TemporalFireSeal","MokouMod:ShiftIgnition","MokouMod:Overheat"],"picked":"SKIP","floor":7.0},{"not_picked":["MokouMod:ControlledCombustion","MokouMod:Singe","MokouMod:SacredFire"],"picked":"SKIP","floor":8.0},{"not_picked":["MokouMod:Singe","MokouMod:HeatTransfer"],"picked":"MokouMod:Ember","floor":11.0},{"not_picked":["MokouMod:ProfanedFlare+1","MokouMod:RadiantBlade"],"picked":"MokouMod:Ventilation+1","floor":16.0},{"not_picked":["MokouMod:UncontrollableSolarReaction","MokouMod:FlickeringFlame"],"picked":"MokouMod:Fireball+1","floor":18.0},{"not_picked":["MokouMod:AdaptivePyromancy","MokouMod:ResoluteFlare","MokouMod:ScorchedEarth"],"picked":"SKIP","floor":21.0},{"not_picked":["MokouMod:ResonanceReactor+1","MokouMod:Firecracker+1","MokouMod:ResoluteFlare+1"],"picked":"SKIP","floor":22.0},{"not_picked":["MokouMod:Ember","MokouMod:IcarusDive","MokouMod:Wildfire+1"],"picked":"SKIP","floor":23.0},{"not_picked":["MokouMod:CrimsonFlare","MokouMod:AdaptivePyromancy","MokouMod:FujiyamaVolcano"],"picked":"SKIP","floor":24.0},{"not_picked":["MokouMod:HeartofFire","MokouMod:HeatTransfer+1","MokouMod:Fireball"],"picked":"SKIP","floor":25.0},{"not_picked":["MokouMod:FlickeringFlame","MokouMod:IcarusDive+1"],"picked":"MokouMod:Extinguish+1","floor":27.0},{"not_picked":["MokouMod:Firecracker+1","MokouMod:FujiyamaVolcano","MokouMod:Sear+1"],"picked":"SKIP","floor":29.0},{"not_picked":["MokouMod:Ventilation+1","MokouMod:Extinguish+1"],"picked":"MokouMod:PhoenixForm","floor":33.0},{"not_picked":["MokouMod:FujiyamaVolcano+1","MokouMod:Scorch","MokouMod:ScorchedEarth"],"picked":"SKIP","floor":35.0},{"not_picked":["MokouMod:RoaringFlare+1","MokouMod:Firecracker+1","MokouMod:Singe"],"picked":"SKIP","floor":38.0},{"not_picked":["MokouMod:Firecracker+1","MokouMod:BurningDraft+1","MokouMod:TemporalFireSeal"],"picked":"SKIP","floor":39.0},{"not_picked":["MokouMod:InfernalWave","MokouMod:Ember","MokouMod:Fireball"],"picked":"SKIP","floor":41.0},{"not_picked":["MokouMod:BurningDraft+1","MokouMod:ResoluteFlare+1","MokouMod:Overheat+1"],"picked":"SKIP","floor":42.0},{"not_picked":["MokouMod:ResoluteFlare+1","MokouMod:TemporalFireSeal+1","MokouMod:FlamingFireTalons+1"],"picked":"SKIP","floor":45.0},{"not_picked":["MokouMod:Overheat+1","MokouMod:ResonatingAura","MokouMod:FlareStarter+1"],"picked":"SKIP","floor":46.0},{"not_picked":["MokouMod:Sear+1","MokouMod:ResonanceReactor+1"],"picked":"MokouMod:EnchantingBambooForest","floor":54}],"player_experience":66194,"relics_obtained":[{"floor":6.0,"key":"Shuriken"},{"floor":8.0,"key":"REME_ArchaeologicalTools"},{"floor":9.0,"key":"Omamori"},{"floor":11.0,"key":"Nunchaku"},{"floor":23.0,"key":"Pear"},{"floor":25.0,"key":"Regal Pillow"},{"floor":27.0,"key":"Kunai"},{"floor":31.0,"key":"PreservedInsect"},{"floor":41.0,"key":"Dream Catcher"},{"floor":43.0,"key":"Mummified Hand"},{"floor":46.0,"key":"Prayer Wheel"},{"floor":54,"key":"Bottled Lightning"}],"event_choices":[],"is_beta":false,"boss_relics":[{"not_picked":["Calling Bell","Sozu"],"picked":"Pandora\u0027s Box"},{"not_picked":["Black Star","Tiny House"],"picked":"Coffee Dripper"}],"items_purged_floors":[28,44],"is_endless":false,"potions_floor_spawned":[4,7,22,24,27,33,35,37,37,42,46],"ascension_level":2}}