{"host":"f5y45f7z7ziu0smp","time":1610810461,"event":{"mods":["AchievementEnabler","BaseMod","Marisa£¨Ùöéë¡¡Øª×âÞÞ£©","Minty Spire (QoL Compilation)","Permanent Neow","SuperFastMode","¡¼?Úª?ø«¡½REMEMod"],"gold_per_floor":[362,372,56,82,107,146,155,175,175,175,200,221,244,272,272,385,385,417,463,495,529,430,472,496,396,422,422,706,730,754,776,776,889,889,913,913,360,389,389,389,418,444,444,144,153,167,167,188,188,188,188,188,35,73,73,73],"floor_reached":55,"language":"KOR","playtime":1581,"items_purged":["Defend_R","Defend_R","Defend_R","Regret"],"score":707,"play_id":"ba6e0459-5195-45be-8e11-669f1537f090","local_time":"20210117002101","is_ascension_mode":false,"campfire_choices":[{"data":"REME_LeechingPoison","floor":10,"key":"SMITH"},{"data":"Perfected Strike","floor":15,"key":"SMITH"},{"data":"Metamorphosis","floor":27,"key":"SMITH"},{"floor":32,"key":"RECALL"},{"data":"Limit Break","floor":40,"key":"SMITH"},{"data":"REME_BattleFury","floor":47,"key":"SMITH"},{"data":"Madness","floor":49,"key":"SMITH"},{"data":"Offering","floor":52,"key":"SMITH"}],"circlet_count":0,"master_deck":["Strike_R","Strike_R","Strike_R","Strike_R","Strike_R","Bash","REME_LeechingPoison+1","Pommel Strike","Warcry","Thunderclap","Perfected Strike+1","REME_SingleHolding","Battle Trance","Twin Strike","Rage","Offering+1","Headbutt","Inflame+1","Perfected Strike+1","Impatience","Flex","Metamorphosis+1","Flex","Twin Strike+1","Bloodletting","Perfected Strike+1","Limit Break+1","Pommel Strike+1","Thinking Ahead","Seeing Red+1","Heavy Blade+1","REME_BattleFury+1","Madness+1","Twin Strike","REME_FearOfPain+1"],"relics":["Burning Blood","REME_ComplimentaryCards","Bag of Marbles","CeramicFish","Happy Flower","Bag of Preparation","REME_LowDesire","Dream Catcher","MawBank","Red Mask","Sundial","Lantern","REME_ChargedStone","Shuriken","Magic Flower","Sling","Red Skull","Boot"],"acts_visited":["Exordium","TheCity","TheBeyond","TheEnding"],"potions_floor_usage":[16,16,21,50,55],"damage_taken":[{"damage":1,"enemies":"Cultist","floor":1,"turns":3},{"damage":14,"enemies":"Jaw Worm","floor":2,"turns":4},{"damage":5,"enemies":"2 Louse","floor":4,"turns":3},{"damage":10,"enemies":"Exordium Wildlife","floor":5,"turns":4},{"damage":38,"enemies":"Gremlin Nob","floor":6,"turns":5},{"damage":37,"enemies":"Gremlin Gang","floor":8,"turns":4},{"damage":21,"enemies":"Lagavulin","floor":11,"turns":5},{"damage":5,"enemies":"3 Louse","floor":12,"turns":3},{"damage":12,"enemies":"Blue Slaver","floor":13,"turns":2},{"damage":13,"enemies":"Exordium Wildlife","floor":14,"turns":3},{"damage":56,"enemies":"The Guardian","floor":16,"turns":8},{"damage":16,"enemies":"Chosen","floor":18,"turns":4},{"damage":34,"enemies":"Masked Bandits","floor":19,"turns":4},{"damage":16,"enemies":"3 Byrds","floor":20,"turns":3},{"damage":6,"enemies":"Snake Plant","floor":21,"turns":2},{"damage":36,"enemies":"Book of Stabbing","floor":23,"turns":4},{"damage":7,"enemies":"Centurion and Healer","floor":24,"turns":3},{"damage":33,"enemies":"Snecko","floor":29,"turns":4},{"damage":12,"enemies":"Chosen and Byrds","floor":30,"turns":2},{"damage":6,"enemies":"Snake Plant","floor":31,"turns":2},{"damage":33,"enemies":"Champ","floor":33,"turns":6},{"damage":0,"enemies":"Orb Walker","floor":35,"turns":1},{"damage":37,"enemies":"3 Darklings","floor":38,"turns":5},{"damage":15,"enemies":"4 Shapes","floor":41,"turns":2},{"damage":10,"enemies":"Maw","floor":42,"turns":4},{"damage":15,"enemies":"Transient","floor":46,"turns":5},{"damage":25,"enemies":"Sphere and 2 Shapes","floor":48,"turns":2},{"damage":87,"enemies":"Donu and Deca","floor":50,"turns":5},{"damage":21,"enemies":"Shield and Spear","floor":54,"turns":3},{"damage":80,"enemies":"The Heart","floor":55,"turns":2}],"seed_played":"-4748130302913524831","potions_obtained":[{"floor":2,"key":"Ancient Potion"},{"floor":4,"key":"Energy Potion"},{"floor":8,"key":"BloodPotion"},{"floor":11,"key":"Block Potion"},{"floor":12,"key":"Regen Potion"},{"floor":16,"key":"Swift Potion"},{"floor":20,"key":"Energy Potion"},{"floor":21,"key":"REME_GoldPotion"},{"floor":24,"key":"SpeedPotion"},{"floor":29,"key":"AttackPotion"},{"floor":38,"key":"DistilledChaos"}],"is_trial":false,"path_per_floor":["M","M","$","M","M","E","?","M","T","R","E","M","M","M","R","B",null,"M","?","M","M","$","E","M","$","T","R","?","M","M","M","R","B",null,"M","?","$","M","?","R","M","M","T","$","?","M","R","M","R","B",null,"R","$","E","B"],"character_chosen":"IRONCLAD","items_purchased":["Bag of Marbles","Pommel Strike","CeramicFish","Flex","Shuriken","Thinking Ahead","Sling","Red Skull"],"campfire_rested":0,"item_purchase_floors":[3,3,3,22,37,37,44,53],"current_hp_per_floor":[72,64,64,72,72,49,49,18,18,18,12,20,14,43,43,17,72,68,54,59,72,72,42,71,71,71,71,71,62,72,72,72,52,72,72,72,72,66,66,66,57,64,64,64,64,58,58,68,68,42,68,68,68,56,0,0],"gold":73,"neow_bonus":"TWO_FIFTY_GOLD","is_daily":false,"chose_seed":false,"campfire_upgraded":7,"win_rate":0.0,"timestamp":1610810461,"path_taken":["M","M","$","?","M","E","?","?","T","R","E","M","M","M","R","BOSS","M","?","M","M","$","E","M","$","T","R","?","?","M","?","R","BOSS","M","?","$","M","?","R","M","M","T","$","?","?","R","?","R","BOSS","R","$","E","BOSS"],"items_purchased_type":["Relic","Card","Relic","Card","Relic","Card","Relic","Relic"],"build_version":"2020-12-22","purchased_purges":4,"victory":false,"max_hp_per_floor":[72,72,72,72,72,72,72,72,72,72,72,72,72,72,72,72,72,72,72,72,72,72,72,72,72,72,72,72,72,72,72,72,72,72,72,72,72,72,68,68,68,68,68,68,68,68,68,68,68,68,68,68,68,68,68,68],"card_choices":[{"not_picked":["Dropkick","Power Through","Anger"],"picked":"SKIP","floor":1},{"not_picked":["Body Slam","Heavy Blade","Intimidate"],"picked":"SKIP","floor":2},{"not_picked":["Disarm","Combust"],"picked":"Warcry","floor":4},{"not_picked":["Ghostly Armor","Body Slam"],"picked":"Thunderclap","floor":5},{"not_picked":["Ghostly Armor","Power Through"],"picked":"Perfected Strike","floor":6},{"not_picked":["Feel No Pain","Ghostly Armor"],"picked":"Battle Trance","floor":8},{"not_picked":["Thunderclap","Sword Boomerang","Fire Breathing"],"picked":"SKIP","floor":11},{"not_picked":["Pummel","Wild Strike"],"picked":"Twin Strike","floor":12},{"not_picked":["Exhume","Cleave"],"picked":"Twin Strike","floor":13},{"not_picked":["Clash","Rampage"],"picked":"Rage","floor":14},{"not_picked":["Demon Form","Corruption"],"picked":"Offering","floor":16},{"not_picked":["Shrug It Off","Heavy Blade","Magnetism"],"picked":"Headbutt","floor":18},{"not_picked":["Bloodletting","Iron Wave","Sadistic Nature"],"picked":"Inflame+1","floor":19},{"not_picked":["Burning Pact","Sword Boomerang+1","Good Instincts"],"picked":"Perfected Strike+1","floor":20},{"not_picked":["Sentinel+1","Anger","Headbutt"],"picked":"Impatience","floor":21},{"not_picked":["Power Through","Combust","Heavy Blade"],"picked":"Metamorphosis","floor":23},{"not_picked":["Heavy Blade","Warcry","REME_MawOfCthun"],"picked":"Flex","floor":24},{"not_picked":["Anger","Headbutt","Thinking Ahead"],"picked":"Twin Strike+1","floor":29},{"not_picked":["REME_Fury","Disarm+1","Violence"],"picked":"Bloodletting","floor":30},{"not_picked":["Shockwave","Combust","REME_WheelOfFate"],"picked":"Perfected Strike+1","floor":31},{"not_picked":["Fiend Fire","Impervious","REME_BuildACard"],"picked":"Limit Break","floor":33},{"not_picked":["Rampage","Ghostly Armor+1","Madness+1"],"picked":"Pommel Strike+1","floor":35},{"not_picked":["Intimidate+1","Evolve+1","Violence"],"picked":"Seeing Red+1","floor":38},{"not_picked":["Searing Blow","Battle Trance+1","Forethought+1"],"picked":"Heavy Blade+1","floor":41},{"not_picked":["Power Through+1","Thunderclap","True Grit"],"picked":"REME_BattleFury","floor":42},{"not_picked":["Enlightenment","Apotheosis"],"picked":"Madness","floor":45},{"not_picked":["True Grit","Armaments","Thunderclap","Dramatic Entrance+1"],"picked":"SKIP","floor":46},{"not_picked":["Warcry+1","Thunderclap+1","Madness+1"],"picked":"Twin Strike","floor":48},{"not_picked":["Warcry","True Grit","Apotheosis"],"picked":"REME_FearOfPain+1","floor":54}],"player_experience":121906,"relics_obtained":[{"floor":6,"key":"Happy Flower"},{"floor":11,"key":"Bag of Preparation"},{"floor":17,"key":"Dream Catcher"},{"floor":17,"key":"MawBank"},{"floor":19,"key":"Red Mask"},{"floor":23,"key":"Sundial"},{"floor":26,"key":"Lantern"},{"floor":43,"key":"Magic Flower"},{"floor":54,"key":"Boot"}],"event_choices":[{"damage_healed":0,"gold_gain":0,"cards_transformed":["Defend_R"],"player_choice":"Transformed","damage_taken":0,"max_hp_gain":0,"max_hp_loss":0,"event_name":"Transmorgrifier","floor":7,"gold_loss":0,"cards_obtained":["REME_SingleHolding"]},{"damage_healed":0,"gold_gain":0,"player_choice":"Fought Bandits","damage_taken":0,"max_hp_gain":0,"max_hp_loss":0,"event_name":"Masked Bandits","floor":19,"gold_loss":0},{"damage_healed":0,"gold_gain":275,"player_choice":"Desecrate","damage_taken":0,"max_hp_gain":0,"max_hp_loss":0,"event_name":"Golden Shrine","floor":28,"gold_loss":0,"cards_obtained":["Regret"]},{"cards_removed":["Twin Strike"],"damage_healed":0,"gold_gain":0,"player_choice":"Removed Attack","damage_taken":0,"max_hp_gain":0,"max_hp_loss":0,"event_name":"Falling","floor":36,"gold_loss":0},{"damage_healed":0,"gold_gain":0,"player_choice":"Max HP","damage_taken":0,"max_hp_gain":0,"max_hp_loss":4,"event_name":"Winding Halls","floor":39,"gold_loss":0},{"damage_healed":0,"gold_gain":0,"player_choice":"Memory 1","damage_taken":0,"max_hp_gain":0,"max_hp_loss":0,"event_name":"SensoryStone","floor":45,"gold_loss":0}],"is_beta":false,"boss_relics":[{"not_picked":["Ectoplasm","Sozu"],"picked":"REME_LowDesire"},{"not_picked":["Mark of Pain","REME_DemonsWealth"],"picked":"REME_ChargedStone"}],"items_purged_floors":[22,25,37,44],"is_endless":false,"potions_floor_spawned":[2,4,8,11,12,16,20,21,24,29,30,35,38,42,46],"killed_by":"The Heart","ascension_level":0}}