{"host":"aj9p0yny40csfibi","time":1610768581,"event":{"mods":["AchievementEnabler","BaseMod","Colored Map","DeckTracker","Keyboard Shortcuts","Minty Spire (QoL Compilation)","Permanent Neow","Quick Restart","StSLib","SuperFastMode","everything is the same but u backflip on backflip"],"gold_per_floor":[111,128,145,157,168,168,198,198,198,123,138,138,170,183,183,256,256,266,266,2,2,2,2,2],"floor_reached":23,"language":"KOR","playtime":623,"items_purged":["Strike_R","Strike_R"],"score":407,"play_id":"e06515bc-a692-40d2-8bbc-cb3fb36be1d6","local_time":"20210116124301","is_ascension_mode":true,"campfire_choices":[{"data":"Feed","floor":6.0,"key":"SMITH"},{"data":"Carnage","floor":8.0,"key":"SMITH"},{"floor":12.0,"key":"REST"},{"data":"Burning Pact","floor":15.0,"key":"SMITH"}],"circlet_count":0,"master_deck":["AscendersBane","Strike_R","Strike_R","Strike_R","Defend_R","Defend_R","Defend_R","Defend_R","Bash","Feed+1","Shrug It Off","Cleave","Flame Barrier","Rampage","Carnage+1","Second Wind","Burning Pact+1","Offering","Battle Trance","Flash of Steel","Shrug It Off"],"relics":["Burning Blood","Pocketwatch","Kunai","Black Star"],"acts_visited":["Exordium","TheCity"],"potions_floor_usage":[23],"damage_taken":[{"damage":2.0,"enemies":"Cultist","floor":1.0,"turns":4.0},{"damage":18.0,"enemies":"Jaw Worm","floor":2.0,"turns":5.0},{"damage":11.0,"enemies":"2 Louse","floor":3.0,"turns":4.0},{"damage":29.0,"enemies":"Exordium Thugs","floor":4.0,"turns":6.0},{"damage":6.0,"enemies":"3 Louse","floor":5.0,"turns":2.0},{"damage":5.0,"enemies":"Blue Slaver","floor":11.0,"turns":4.0},{"damage":10.0,"enemies":"3 Sentries","floor":13.0,"turns":6.0},{"damage":14.0,"enemies":"Exordium Thugs","floor":14.0,"turns":4.0},{"damage":18.0,"enemies":"Slime Boss","floor":16.0,"turns":8.0},{"damage":39,"enemies":"Shell Parasite","floor":18,"turns":8},{"damage":55,"enemies":"Book of Stabbing","floor":23,"turns":4}],"seed_played":"8980787667425708048","potions_obtained":[{"floor":3.0,"key":"Fire Potion"},{"floor":11.0,"key":"LiquidBronze"},{"floor":14.0,"key":"LiquidMemories"}],"is_trial":false,"path_per_floor":["M","M","M","M","M","R","?","R","T","$","M","R","E","M","R","B",null,"M","?","$","?","$","E"],"character_chosen":"IRONCLAD","items_purchased":["Flash of Steel","Shrug It Off"],"campfire_rested":1,"item_purchase_floors":[20,20],"current_hp_per_floor":[57,45,43,20,23,23,23,23,23,23,28,54,54,50,50,38,82,53,53,53,53,53,0,0],"gold":2,"neow_bonus":"THREE_RARE_CARDS","is_daily":false,"chose_seed":false,"campfire_upgraded":3,"win_rate":0.0,"timestamp":1610768581,"path_taken":["M","M","M","M","?","R","?","R","T","?","M","R","E","M","R","BOSS","M","?","?","?","$","E"],"items_purchased_type":["Card","Card"],"build_version":"2020-12-22","purchased_purges":2,"victory":false,"max_hp_per_floor":[78,78,81,81,84,84,84,84,84,84,88,88,92,96,96,96,96,100,100,100,100,100,100,100],"card_choices":[{"not_picked":["Double Tap","Brutality"],"picked":"Feed","floor":0.0},{"not_picked":["Perfected Strike","Ghostly Armor"],"picked":"Shrug It Off","floor":1.0},{"not_picked":["Headbutt","Infernal Blade"],"picked":"Cleave","floor":2.0},{"not_picked":["Whirlwind","Armaments"],"picked":"Flame Barrier","floor":3.0},{"not_picked":["Headbutt","Juggernaut"],"picked":"Rampage","floor":4.0},{"not_picked":["Dropkick","Clothesline"],"picked":"Carnage","floor":5.0},{"not_picked":["Combust","Metallicize","Thunderclap"],"picked":"SKIP","floor":11.0},{"not_picked":["Anger","Metallicize"],"picked":"Second Wind","floor":13.0},{"not_picked":["Flex","Searing Blow"],"picked":"Burning Pact","floor":14.0},{"not_picked":["Reaper","Limit Break"],"picked":"Offering","floor":16.0},{"not_picked":["Headbutt","True Grit"],"picked":"Battle Trance","floor":18}],"player_experience":386787,"relics_obtained":[{"floor":9.0,"key":"Pocketwatch"},{"floor":13.0,"key":"Kunai"}],"event_choices":[{"damage_healed":0.0,"max_hp_gain":0.0,"max_hp_loss":0.0,"gold_gain":30.0,"event_name":"Dead Adventurer","player_choice":"Searched \u00271\u0027 times","floor":7.0,"gold_loss":0.0,"damage_taken":0.0},{"damage_healed":0,"gold_gain":0,"player_choice":"0 cards matched","damage_taken":0,"max_hp_gain":0,"max_hp_loss":0,"event_name":"Match and Keep!","floor":19,"gold_loss":0,"cards_obtained":[]},{"damage_healed":0,"gold_gain":0,"player_choice":"Ignored","damage_taken":0,"max_hp_gain":0,"max_hp_loss":0,"event_name":"Ghosts","floor":21,"gold_loss":0}],"is_beta":false,"boss_relics":[{"not_picked":["Astrolabe","Black Blood"],"picked":"Black Star"}],"items_purged_floors":[10,20],"is_endless":false,"potions_floor_spawned":[3,11,14],"killed_by":"Book of Stabbing","ascension_level":20}}