{"host":"1zjc08c6hob33401","time":1610821824,"event":{"mods":["AchievementEnabler","Act Like it!","Aspiration","BaseMod","Downfall","Energized Spire","Evolution","Gensokyo","GifTheSpireLib","Hubris","Infinite Spire","Jedi Mod","Minty Spire (QoL Compilation)","Pale of the Ancients","Quick Restart","Retaliation","Shop Mod","StS++","StSLib","Stuff the Spire","The Blue Laboratory","Wandering Minibosses","vexMod"],"gold_per_floor":[112,112,112,125,55,81,81,81,155,155,173,188,41,41,41,141,141,158,174,174,174,174,174,194,206,206,221,239,239,250,250,250,250,250],"floor_reached":33,"language":"RUS","playtime":2993,"items_purged":["Clumsy"],"score":402,"play_id":"be33a588-b658-41a1-9a53-5068d371cbf7","local_time":"20210116203024","is_ascension_mode":true,"campfire_choices":[{"data":"Zap","floor":7.0,"key":"SMITH"},{"data":"hubris:PowerSurge","floor":10.0,"key":"SMITH"},{"data":"Chill","floor":15.0,"key":"SMITH"},{"floor":23.0,"key":"DIG"},{"data":"StuffTheSpire:ForEach","floor":29.0,"key":"SMITH"},{"data":"Static Discharge","floor":32,"key":"SMITH"}],"circlet_count":0,"master_deck":["jedi:BurstLightning","jedi:BurstLightning+1","jedi:BurstLightning","jedi:BurstLightning+1","Conserve Battery","Conserve Battery","Conserve Battery","Conserve Battery","Zap+1","Dualcast","Barrage","hubris:PowerSurge+1","Barrage","Static Discharge+1","Chill+1","StuffTheSpire:ForEach+1","Chill+1","Redo+1","Skim+1","BootSequence","Undo+1","jedi:BurstFrost","Leap+1"],"relics":["Cracked Core","EVO:Axolotl","aspiration:Nostalgia","bronze:BronzeCore","Gensokyo:NagashiBinaDoll","StuffTheSpire:Gunfinga","Mercury Hourglass","Gensokyo:OccultBall","energizedSpire:RedRose","energizedSpire:SpiderWeb","Shovel","Gensokyo:ConquerorOfFear","StuffTheSpire:Experiment12","StSpp:SailingBoat"],"acts_visited":["Gensokyo:Gensokyo","Gensokyo:Gensokyoer"],"potions_floor_usage":[],"damage_taken":[{"damage":2.0,"enemies":"Gensokyo:Gryphon","floor":1.0,"turns":3.0},{"damage":0.0,"enemies":"Gensokyo:Python","floor":4.0,"turns":3.0},{"damage":8.0,"enemies":"Gensokyo:Mamizou","floor":6.0,"turns":5.0},{"damage":0.0,"enemies":"Gensokyo:Cirno","floor":8.0,"turns":1.0},{"damage":0.0,"enemies":"Gensokyo:2_Kodama","floor":11.0,"turns":2.0},{"damage":0.0,"enemies":"Gensokyo:LivingMonolith","floor":12.0,"turns":2.0},{"damage":18.0,"enemies":"Gensokyo:Yukari","floor":16.0,"turns":7.0},{"damage":4.0,"enemies":"Gensokyo:CosmicMonolith","floor":18.0,"turns":3.0},{"damage":0.0,"enemies":"Gensokyo:2_Gloops","floor":19.0,"turns":2.0},{"damage":4.0,"enemies":"Gensokyo:Mirror_and_Dog","floor":24.0,"turns":4.0},{"damage":12.0,"enemies":"Gensokyo:Wraith","floor":25.0,"turns":5.0},{"damage":0.0,"enemies":"Gensokyo:Swordslinger","floor":27.0,"turns":4.0},{"damage":0.0,"enemies":"Gensokyo:Monolith_and_Dog","floor":28.0,"turns":3.0},{"damage":1.0,"enemies":"Gensokyo:Chomper_and_Gloop","floor":30.0,"turns":4.0},{"damage":65,"enemies":"Gensokyo:Eternal_Rivals","floor":33,"turns":6}],"seed_played":"3824359869759397345","potions_obtained":[{"floor":1.0,"key":"Fire Potion"},{"floor":4.0,"key":"SmokeBomb"},{"floor":24.0,"key":"SpeedPotion"},{"floor":25.0,"key":"DDmod:CleansePotion"},{"floor":30.0,"key":"DDmod:CleansePotion"}],"is_trial":false,"path_per_floor":["M","?","?","M","?","E","R","E","T","R","M","M","$","?","R","B",null,"M","M","AVR","?","?","R","M","M","T","M","M","R","M","?","R","B"],"character_chosen":"DEFECT","items_purchased":["Echo Form"],"campfire_rested":0,"item_purchase_floors":[13],"current_hp_per_floor":[67,67,75,75,75,67,67,67,67,67,67,67,67,67,67,49,69,65,65,65,65,65,65,61,49,49,49,49,49,48,55,55,0,0],"gold":250,"neow_bonus":"NOSTALGIA","is_daily":false,"chose_seed":false,"campfire_upgraded":5,"win_rate":0.0,"timestamp":1610821824,"path_taken":["M","?","?","M","?","E","R","E","T","R","M","?","$","?","R","BOSS","M","M","AVR","?","?","R","M","M","T","M","?","R","M","?","R","BOSS"],"items_purchased_type":["Card"],"build_version":"2020-12-22","purchased_purges":1,"victory":false,"max_hp_per_floor":[76,76,76,76,76,76,76,76,76,76,76,76,76,76,76,76,76,76,76,76,76,76,76,76,76,76,76,76,76,76,76,76,76,76],"card_choices":[{"not_picked":["StuffTheSpire:LoadUp","Steam"],"picked":"Barrage","floor":1.0},{"not_picked":["Consume","Go for the Eyes"],"picked":"hubris:PowerSurge","floor":4.0},{"not_picked":["Compile Driver","Sunder"],"picked":"Barrage","floor":6.0},{"not_picked":["Stack","Sunder"],"picked":"Static Discharge","floor":11.0},{"not_picked":["jedi:BurstFrost","Gash"],"picked":"Chill","floor":12.0},{"not_picked":["Core Surge","All For One"],"picked":"StuffTheSpire:ForEach","floor":16.0},{"not_picked":["Steam+1","Cold Snap"],"picked":"Chill+1","floor":18.0},{"not_picked":["Ball Lightning","StuffTheSpire:Plugnplay"],"picked":"Redo+1","floor":19.0},{"not_picked":["Coolheaded","Rebound"],"picked":"Skim+1","floor":24.0},{"not_picked":["Steam","Gash"],"picked":"BootSequence","floor":25.0},{"not_picked":["Stack","Go for the Eyes"],"picked":"Undo+1","floor":27.0},{"not_picked":["Turbo+1","Beam Cell"],"picked":"jedi:BurstFrost","floor":28.0},{"not_picked":["Redo","Steam Power"],"picked":"Leap+1","floor":30.0}],"player_experience":576684,"relics_obtained":[{"floor":6.0,"key":"StuffTheSpire:Gunfinga"},{"floor":9.0,"key":"Mercury Hourglass"},{"floor":16.0,"key":"Gensokyo:OccultBall"},{"floor":18.0,"key":"Gensokyo:OccultBall"},{"floor":23.0,"key":"StuffTheSpire:Experiment12"},{"floor":24.0,"key":"Gensokyo:ConquerorOfFear"},{"floor":26.0,"key":"StSpp:SailingBoat"}],"event_choices":[],"is_beta":false,"boss_relics":[{"not_picked":["StSpp:PileOfSugar","vexMod:BigBerry"],"picked":"energizedSpire:RedRose"}],"items_purged_floors":[13],"is_endless":false,"potions_floor_spawned":[1,4,8,24,25,30],"killed_by":"Gensokyo:Eternal_Rivals","ascension_level":8}}