{"host":"0997y4wz57mwz0jp","time":1610804047,"event":{"mods":["2.2 Compatiblity","AchievementEnabler","BaseMod","CapriCore","Hermit","Koishi","Marisa£¨Ùöéë¡¡Øª×âÞÞ£©","Minty Spire (QoL Compilation)","StSLib","The Cursed","The Dragon Tamer","The Gatherer","The Hierophant","The Immortal"],"gold_per_floor":[114,128,141,158,158,184,201,201,201],"floor_reached":8,"language":"KOR","playtime":1227,"items_purged":[],"score":85,"play_id":"70900c23-43af-461b-ac5b-8a4abdb9d6c6","local_time":"20210116223407","is_ascension_mode":false,"campfire_choices":[],"circlet_count":0,"master_deck":["MokouMod:Strike","MokouMod:Strike","MokouMod:Strike","MokouMod:Strike","MokouMod:Strike","MokouMod:Defend","MokouMod:Defend","MokouMod:Defend","MokouMod:Defend","MokouMod:HeatSpark","MokouMod:InfernalWave","MokouMod:Ember","MokouMod:ResoluteFlare","MokouMod:EnchantingBambooForest","MokouMod:SpontaneousHumanCombustion","MokouMod:RisingSunBarrier"],"relics":["MokouMod:PhoenixFeather","NeowsBlessing","Letter Opener"],"acts_visited":["Exordium"],"potions_floor_usage":[3,6,6,8],"damage_taken":[{"damage":0,"enemies":"Small Slimes","floor":1,"turns":1},{"damage":0,"enemies":"Cultist","floor":2,"turns":1},{"damage":0,"enemies":"Jaw Worm","floor":3,"turns":1},{"damage":29,"enemies":"Lots of Slimes","floor":4,"turns":5},{"damage":0,"enemies":"Gremlin Nob","floor":6,"turns":2},{"damage":5,"enemies":"Looter","floor":7,"turns":3},{"damage":46,"enemies":"3 Sentries","floor":8,"turns":35}],"seed_played":"7387537379905760101","potions_obtained":[{"floor":3,"key":"Fruit Juice"},{"floor":4,"key":"FearPotion"},{"floor":5,"key":"PowerPotion"},{"floor":5,"key":"Fire Potion"},{"floor":5,"key":"Strength Potion"}],"is_trial":false,"path_per_floor":["M","M","M","M","?","E","M","E"],"character_chosen":"MKU","items_purchased":[],"campfire_rested":0,"item_purchase_floors":[],"current_hp_per_floor":[75,75,80,51,51,51,46,20,20],"gold":201,"neow_bonus":"THREE_ENEMY_KILL","is_daily":false,"chose_seed":false,"campfire_upgraded":0,"win_rate":0.0,"timestamp":1610804047,"path_taken":["M","M","M","M","?","E","M","E"],"items_purchased_type":[],"build_version":"2020-12-22","purchased_purges":0,"victory":false,"max_hp_per_floor":[75,75,80,80,80,80,80,80,80],"card_choices":[{"not_picked":["MokouMod:HeatTransfer","MokouMod:Scorch"],"picked":"MokouMod:InfernalWave","floor":1},{"not_picked":["MokouMod:ResoluteFlare","MokouMod:AdaptivePyromancy"],"picked":"MokouMod:Ember","floor":2},{"not_picked":["MokouMod:BlazingComet","MokouMod:FujiyamaVolcano"],"picked":"MokouMod:ResoluteFlare","floor":3},{"not_picked":["MokouMod:BurningDraft","MokouMod:FlickeringFlame"],"picked":"MokouMod:EnchantingBambooForest","floor":4},{"not_picked":["MokouMod:IllusoryBattlefield","MokouMod:Sear"],"picked":"MokouMod:SpontaneousHumanCombustion","floor":6},{"not_picked":["MokouMod:ScorchingColumn","MokouMod:EternalBurstReactor"],"picked":"MokouMod:RisingSunBarrier","floor":7}],"player_experience":101731,"relics_obtained":[{"floor":6,"key":"Letter Opener"}],"event_choices":[{"damage_healed":0,"gold_gain":0,"player_choice":"Got Potions","damage_taken":0,"max_hp_gain":0,"max_hp_loss":0,"event_name":"Lab","floor":5,"gold_loss":0}],"is_beta":false,"boss_relics":[],"items_purged_floors":[],"is_endless":false,"potions_floor_spawned":[3,4],"killed_by":"3 Sentries","ascension_level":0}}