{"host":"54vghy6hfkyy1r39","time":1610765735,"event":{"mods":["AchievementEnabler","BaseMod","Minty Spire (QoL Compilation)","StSLib","SuperFastMode","everything is the same but u backflip on backflip"],"gold_per_floor":[109,34,34,54,66,66,101,101,101,117,147,147,147,160,160,258,258,243,168,168,168,54,54,77,77,77,77,93,109,125,144,144,244,244,254,31,31,51,62,62,62,62],"floor_reached":41,"language":"KOR","playtime":1381,"items_purged":["Strike_R"],"score":426,"play_id":"0de9b9d3-27f4-4570-a720-8181e4826c51","local_time":"20210116115535","is_ascension_mode":false,"campfire_choices":[{"data":"Bash","floor":6.0,"key":"SMITH"},{"floor":8.0,"key":"REST"},{"floor":15.0,"key":"REST"},{"data":"Armaments","floor":23.0,"key":"SMITH"},{"floor":25.0,"key":"REST"},{"data":"Fire Breathing","floor":27.0,"key":"SMITH"},{"floor":32,"key":"REST"},{"floor":40,"key":"REST"}],"circlet_count":0,"master_deck":["Bash+1","Power Through","Combust","Feel No Pain","Fire Breathing+1","Impervious","Uppercut+1","Inflame","Demon Form","Armaments+1","Rampage+1","Dropkick+1","Metallicize","Reckless Charge+1","Dark Embrace","Sword Boomerang+1","Wild Strike+1","True Grit","Limit Break","Disarm+1","Armaments+1","Entrench+1","Evolve+1","Purity"],"relics":["Burning Blood","Molten Egg 2","Dream Catcher","Lizard Tail","SlaversCollar","Lantern","Pantograph","Astrolabe","PrismaticShard"],"acts_visited":["Exordium","TheCity","TheBeyond"],"potions_floor_usage":[33,33],"damage_taken":[{"damage":2.0,"enemies":"2 Louse","floor":1.0,"turns":4.0},{"damage":10.0,"enemies":"Cultist","floor":4.0,"turns":4.0},{"damage":0.0,"enemies":"Small Slimes","floor":5.0,"turns":4.0},{"damage":55.0,"enemies":"3 Sentries","floor":7.0,"turns":12.0},{"damage":5.0,"enemies":"3 Louse","floor":10.0,"turns":6.0},{"damage":35.0,"enemies":"Gremlin Nob","floor":11.0,"turns":6.0},{"damage":5.0,"enemies":"Looter","floor":14.0,"turns":4.0},{"damage":21.0,"enemies":"The Guardian","floor":16.0,"turns":13.0},{"damage":25.0,"enemies":"2 Thieves","floor":18.0,"turns":5.0},{"damage":17.0,"enemies":"Spheric Guardian","floor":28.0,"turns":4.0},{"damage":18.0,"enemies":"Snake Plant","floor":29.0,"turns":5.0},{"damage":8.0,"enemies":"Centurion and Healer","floor":30.0,"turns":7.0},{"damage":47,"enemies":"Shelled Parasite and Fungi","floor":31,"turns":5},{"damage":77,"enemies":"Champ","floor":33,"turns":9},{"damage":38,"enemies":"Orb Walker","floor":35,"turns":6},{"damage":11,"enemies":"3 Shapes","floor":38,"turns":8},{"damage":46,"enemies":"Sphere and 2 Shapes","floor":39,"turns":8},{"damage":58,"enemies":"3 Darklings","floor":41,"turns":5}],"seed_played":"-2975328677599256288","potions_obtained":[{"floor":1.0,"key":"SkillPotion"},{"floor":5.0,"key":"Strength Potion"},{"floor":7.0,"key":"Fruit Juice"},{"floor":11.0,"key":"AttackPotion"},{"floor":16.0,"key":"DuplicationPotion"},{"floor":28.0,"key":"GamblersBrew"},{"floor":29.0,"key":"PowerPotion"},{"floor":38,"key":"LiquidMemories"}],"is_trial":false,"path_per_floor":["M","$","?","M","M","R","E","R","T","M","E","?","?","M","R","B",null,"M","?","?","?","$","R","T","R","T","R","M","M","M","M","R","B",null,"M","$","?","M","M","R","M"],"character_chosen":"IRONCLAD","items_purchased":["Metallicize","Reckless Charge+1","EssenceOfSteel","PrismaticShard"],"campfire_rested":5,"item_purchase_floors":[22,22,36,36],"current_hp_per_floor":[76,76,76,72,78,78,34,64,64,65,36,36,29,30,60,45,101,82,82,82,82,82,82,82,101,101,101,90,78,76,35,65,19,101,69,69,69,64,24,54,50,50],"gold":62,"neow_bonus":"TWENTY_PERCENT_HP_BONUS","is_daily":false,"chose_seed":false,"campfire_upgraded":3,"win_rate":0.0,"timestamp":1610765735,"path_taken":["M","$","?","?","M","R","E","R","T","M","E","?","?","M","R","BOSS","M","?","?","?","?","R","?","R","T","R","M","M","M","?","R","BOSS","M","$","?","M","M","R","M"],"items_purchased_type":["Card","Card","Potion","Relic"],"build_version":"2020-12-22","purchased_purges":1,"victory":false,"max_hp_per_floor":[96,96,96,96,96,96,101,101,101,101,101,101,101,101,101,101,101,101,101,101,101,101,101,101,101,101,101,101,101,101,101,101,101,101,101,101,101,101,101,101,101,101],"card_choices":[{"not_picked":["Rupture","Rampage"],"picked":"Power Through","floor":1.0},{"not_picked":["Warcry","Battle Trance"],"picked":"Combust","floor":4.0},{"not_picked":["Pommel Strike","Bloodletting","Havoc"],"picked":"SKIP","floor":5.0},{"not_picked":["Warcry","Combust"],"picked":"Feel No Pain","floor":7.0},{"not_picked":["Warcry","Sword Boomerang+1"],"picked":"Fire Breathing","floor":10.0},{"not_picked":["Entrench","Ghostly Armor"],"picked":"Impervious","floor":11.0},{"not_picked":["Clash+1","Flex"],"picked":"Uppercut+1","floor":14.0},{"not_picked":["Flex","Cleave+1"],"picked":"Inflame","floor":15.0},{"not_picked":["Bludgeon+1","Feed+1"],"picked":"Demon Form","floor":16.0},{"not_picked":["Heavy Blade+1","Sever Soul+1"],"picked":"Armaments","floor":18.0},{"not_picked":["Seeing Red","True Grit"],"picked":"Reckless Charge+1","floor":25.0},{"not_picked":["Dropkick+1","Second Wind"],"picked":"Dark Embrace","floor":28.0},{"not_picked":["Seeing Red+1","Anger+1"],"picked":"Sword Boomerang+1","floor":29.0},{"not_picked":["Flex","Anger+1"],"picked":"Wild Strike+1","floor":30.0},{"not_picked":["Sentinel","Headbutt+1","Armaments"],"picked":"SKIP","floor":31},{"not_picked":["Havoc","Thunderclap+1"],"picked":"True Grit","floor":32},{"not_picked":["Fiend Fire+1","Exhume"],"picked":"Limit Break","floor":33},{"not_picked":["Sword Boomerang+1","Headbutt+1"],"picked":"Evolve+1","floor":35},{"not_picked":["Sunder+1","CarveReality+1"],"picked":"Purity","floor":38},{"not_picked":["Conclude+1","Sword Boomerang+1","Coolheaded"],"picked":"SKIP","floor":39}],"player_experience":202217,"relics_obtained":[{"floor":7.0,"key":"Molten Egg 2"},{"floor":9.0,"key":"Dream Catcher"},{"floor":11.0,"key":"Lizard Tail"},{"floor":24.0,"key":"Lantern"},{"floor":26.0,"key":"Pantograph"}],"event_choices":[{"cards_removed":["Strike_R"],"damage_healed":0.0,"max_hp_gain":0.0,"max_hp_loss":0.0,"gold_gain":0.0,"event_name":"Bonfire Elementals","player_choice":"Offered Basic","floor":3.0,"gold_loss":0.0,"damage_taken":0.0},{"cards_removed":["Defend_R"],"damage_healed":0.0,"max_hp_gain":0.0,"max_hp_loss":0.0,"gold_gain":0.0,"event_name":"Living Wall","player_choice":"Forget","floor":12.0,"gold_loss":0.0,"damage_taken":0.0},{"cards_removed":["Strike_R"],"damage_healed":0.0,"max_hp_gain":0.0,"max_hp_loss":0.0,"gold_gain":0.0,"event_name":"Golden Wing","player_choice":"Card Removal","floor":13.0,"gold_loss":0.0,"damage_taken":7.0},{"cards_removed":["Strike_R"],"damage_healed":0.0,"max_hp_gain":0.0,"max_hp_loss":0.0,"gold_gain":0.0,"event_name":"Beggar","player_choice":"Gave Gold","floor":19.0,"gold_loss":75.0,"damage_taken":0.0},{"damage_healed":0.0,"max_hp_gain":0.0,"max_hp_loss":0.0,"gold_gain":0.0,"event_name":"Ghosts","player_choice":"Ignored","floor":20.0,"gold_loss":0.0,"damage_taken":0.0},{"damage_healed":0.0,"max_hp_gain":0.0,"max_hp_loss":0.0,"gold_gain":0.0,"cards_transformed":["Defend_R","Defend_R"],"event_name":"Drug Dealer","player_choice":"Became Test Subject","floor":21.0,"gold_loss":0.0,"damage_taken":0.0,"cards_obtained":["Rampage","Dropkick"]},{"damage_healed":0,"gold_gain":0,"player_choice":"Ignored","damage_taken":0,"max_hp_gain":0,"max_hp_loss":0,"event_name":"Mysterious Sphere","floor":37,"gold_loss":0}],"is_beta":false,"boss_relics":[{"not_picked":["SacredBark","Tiny House"],"picked":"SlaversCollar"},{"not_picked":["Fusion Hammer","Pandora\u0027s Box"],"picked":"Astrolabe"}],"items_purged_floors":[2],"is_endless":false,"potions_floor_spawned":[1,5,7,11,16,28,29,38],"killed_by":"3 Darklings","ascension_level":0}}