{"host":"c3lc60y5x60jlt1y","time":1610815867,"event":{"mods":["AchievementEnabler","BaseMod","Bestiary","Colored Map","Minty Spire (QoL Compilation)","Quick Restart","StSLib","ojb\u0027s Info Mod"],"gold_per_floor":[118,4,104,122,122,155,166,194,194,194,194,227,237,248,248,353,353,367,383,55,55,73,108,108,108,108,108,108,108],"floor_reached":28,"language":"ENG","playtime":5266,"items_purged":["Defend_B","Strike_B"],"score":421,"play_id":"5df846c7-9578-4038-8a97-51b2e71d11fa","local_time":"20210116185107","is_ascension_mode":true,"campfire_choices":[{"data":"Thunder Strike","floor":10,"key":"SMITH"},{"data":"Tempest","floor":15,"key":"SMITH"},{"data":"Echo Form","floor":24,"key":"SMITH"},{"data":"Glacier","floor":27,"key":"SMITH"}],"circlet_count":0,"master_deck":["Strike_B","Strike_B","Defend_B","Defend_B","Defend_B","Zap","Dualcast","Leap","Static Discharge","Tempest+1","Genetic Algorithm","Thunder Strike+1","Reboot","Melter","Glacier+1","Echo Form+1","BootSequence","Self Repair"],"relics":["Cracked Core","NeowsBlessing","Symbiotic Virus","Meat on the Bone","Pantograph","Potion Belt","Cursed Key","Oddly Smooth Stone"],"acts_visited":["Exordium","TheCity"],"potions_floor_usage":[16,23,23,23,25],"damage_taken":[{"damage":0,"enemies":"Cultist","floor":1,"turns":1},{"damage":0,"enemies":"2 Louse","floor":4,"turns":1},{"damage":0,"enemies":"3 Sentries","floor":6,"turns":1},{"damage":8,"enemies":"Small Slimes","floor":7,"turns":3},{"damage":31,"enemies":"Gremlin Nob","floor":8,"turns":4},{"damage":12,"enemies":"Lagavulin","floor":12,"turns":5},{"damage":10,"enemies":"Red Slaver","floor":13,"turns":5},{"damage":5,"enemies":"Blue Slaver","floor":14,"turns":3},{"damage":36,"enemies":"Slime Boss","floor":16,"turns":10},{"damage":8,"enemies":"2 Thieves","floor":18,"turns":4},{"damage":16,"enemies":"3 Byrds","floor":19,"turns":6},{"damage":4,"enemies":"Centurion and Healer","floor":22,"turns":8},{"damage":24,"enemies":"Gremlin Leader","floor":23,"turns":6},{"damage":36,"enemies":"Book of Stabbing","floor":25,"turns":5},{"damage":35,"enemies":"Gremlin Leader","floor":28,"turns":4}],"seed_played":"2070736697902484606","potions_obtained":[{"floor":4,"key":"SmokeBomb"},{"floor":7,"key":"SpeedPotion"},{"floor":13,"key":"DuplicationPotion"},{"floor":14,"key":"SkillPotion"},{"floor":23,"key":"FearPotion"}],"is_trial":false,"path_per_floor":["M","$","?","M","?","E","M","E","T","R","?","E","M","M","R","B",null,"M","M","$","?","M","E","R","E","T","R","E"],"character_chosen":"DEFECT","items_purchased":["Static Discharge","BootSequence","LiquidMemories","LiquidMemories"],"campfire_rested":0,"item_purchase_floors":[2,20,20,20],"current_hp_per_floor":[68,68,68,68,73,73,65,34,34,34,34,34,36,43,43,44,71,63,47,47,47,43,38,38,28,28,28,0,0],"gold":108,"neow_bonus":"THREE_ENEMY_KILL","is_daily":false,"chose_seed":false,"campfire_upgraded":4,"win_rate":0.0,"timestamp":1610815867,"path_taken":["M","?","?","?","?","E","M","E","T","R","?","E","M","?","R","BOSS","M","M","$","?","M","E","R","E","T","R","E"],"items_purchased_type":["Card","Card","Potion","Potion"],"build_version":"2020-12-22","purchased_purges":2,"victory":false,"max_hp_per_floor":[75,75,75,75,80,80,80,80,80,80,80,80,80,80,80,80,80,80,80,80,80,80,80,80,80,80,80,80,80],"card_choices":[{"not_picked":["Doom and Gloom","Blizzard"],"picked":"Leap","floor":1},{"not_picked":["Genetic Algorithm","Steam"],"picked":"Tempest","floor":4},{"not_picked":["Hello World","Scrape","Rebound"],"picked":"SKIP","floor":6},{"not_picked":["Conserve Battery","Lockon"],"picked":"Genetic Algorithm","floor":7},{"not_picked":["Gash","Hologram"],"picked":"Thunder Strike","floor":8},{"not_picked":["Go for the Eyes","Steam"],"picked":"Reboot","floor":12},{"not_picked":["Redo","Barrage"],"picked":"Melter","floor":13},{"not_picked":["Chill","Conserve Battery"],"picked":"Glacier","floor":14},{"not_picked":["Buffer","Rainbow"],"picked":"Echo Form","floor":16},{"not_picked":["Barrage","Static Discharge","Steam"],"picked":"SKIP","floor":18},{"not_picked":["Consume","Sweeping Beam","Heatsinks"],"picked":"SKIP","floor":19},{"not_picked":["Ball Lightning+1","Go for the Eyes"],"picked":"Self Repair","floor":22},{"not_picked":["Cold Snap","Stack","Conserve Battery"],"picked":"SKIP","floor":23}],"player_experience":8118236,"relics_obtained":[{"floor":6,"key":"Symbiotic Virus"},{"floor":8,"key":"Meat on the Bone"},{"floor":9,"key":"Pantograph"},{"floor":12,"key":"Potion Belt"},{"floor":23,"key":"Oddly Smooth Stone"}],"event_choices":[{"damage_healed":0,"gold_gain":100,"player_choice":"Pray","damage_taken":0,"max_hp_gain":0,"max_hp_loss":0,"event_name":"Golden Shrine","floor":3,"gold_loss":0},{"damage_healed":0,"gold_gain":0,"player_choice":"Donut","damage_taken":0,"max_hp_gain":5,"max_hp_loss":0,"event_name":"Big Fish","floor":5,"gold_loss":0},{"cards_removed":["Strike_B"],"damage_healed":0,"gold_gain":0,"player_choice":"Card Removal","damage_taken":0,"max_hp_gain":0,"max_hp_loss":0,"event_name":"Wheel of Change","floor":11,"gold_loss":0}],"is_beta":false,"boss_relics":[{"not_picked":["Ectoplasm","SlaversCollar"],"picked":"Cursed Key"}],"items_purged_floors":[2,20],"is_endless":false,"potions_floor_spawned":[4,7,13,14,23,25],"killed_by":"Gremlin Leader","ascension_level":8}}