{"host":"tf5skwcwe0vlu2md","time":1610792785,"event":{"mods":["BaseMod","Downfall","Highlight Path","Minty Spire (QoL Compilation)","StSLib","The Hierophant"],"gold_per_floor":[116,130,130,143,118,118,129,119,119],"floor_reached":8,"playtime":987,"items_purged":[],"score":48,"play_id":"d065ef51-5e25-4a1e-a7d1-0648735a7a2a","local_time":"20210116212625","is_ascension_mode":false,"campfire_choices":[{"data":"hierophant:HolyVerse","floor":6,"key":"SMITH"}],"circlet_count":0,"master_deck":["hierophant:Strike_Hierophant","hierophant:Strike_Hierophant","hierophant:Strike_Hierophant","hierophant:Strike_Hierophant","hierophant:Punish","hierophant:Defend_Hierophant","hierophant:Defend_Hierophant","hierophant:Defend_Hierophant","hierophant:Defend_Hierophant","hierophant:ChurchCoffers+1","hierophant:HammerAndAnvil","hierophant:MorningPrayer","hierophant:HolyVerse+1","hierophant:HolyVerse","hierophant:RepressedViolence"],"relics":["hierophant:PropheticMaskRelic"],"acts_visited":["Exordium"],"potions_floor_usage":[8],"damage_taken":[{"damage":1,"enemies":"Cultist","floor":1,"turns":3},{"damage":5,"enemies":"Small Slimes","floor":2,"turns":4},{"damage":0,"enemies":"2 Louse","floor":4,"turns":2},{"damage":6,"enemies":"Large Slime","floor":7,"turns":5},{"damage":76,"enemies":"Lagavulin","floor":8,"turns":12}],"seed_played":"-5221494309936690216","potions_obtained":[{"floor":1,"key":"Dexterity Potion"},{"floor":7,"key":"Block Potion"}],"is_trial":false,"path_per_floor":["M","M","?","M","$","R","M","E"],"character_chosen":"HIEROPHANT","items_purchased":["hierophant:HolyVerse"],"campfire_rested":0,"item_purchase_floors":[5],"current_hp_per_floor":[81,76,76,76,76,76,70,0,0],"gold":119,"neow_bonus":"TEN_PERCENT_HP_BONUS","is_daily":false,"chose_seed":false,"campfire_upgraded":1,"win_rate":0.0,"timestamp":1610792785,"path_taken":["M","M","?","M","$","R","M","E"],"items_purchased_type":["Card"],"build_version":"2020-12-13","purchased_purges":0,"victory":false,"max_hp_per_floor":[82,82,82,82,82,82,82,82,82],"card_choices":[{"not_picked":["hierophant:FaithHealing","hierophant:Encroach"],"picked":"hierophant:HammerAndAnvil","floor":1},{"not_picked":["hierophant:DisplayOfPower","hierophant:ConvertCurrency"],"picked":"hierophant:MorningPrayer","floor":2},{"not_picked":["hierophant:PristineSoul","hierophant:Zeal"],"picked":"hierophant:HolyVerse","floor":4},{"not_picked":["hierophant:ConvertCurrency","hierophant:Endure"],"picked":"hierophant:RepressedViolence","floor":7}],"player_experience":188475,"relics_obtained":[],"event_choices":[{"damage_healed":0,"gold_gain":0,"player_choice":"Grow","damage_taken":0,"max_hp_gain":0,"max_hp_loss":0,"event_name":"Living Wall","floor":3,"gold_loss":0,"cards_upgraded":["hierophant:ChurchCoffers"]}],"is_beta":false,"boss_relics":[],"items_purged_floors":[],"is_endless":false,"potions_floor_spawned":[1,7],"killed_by":"Lagavulin","ascension_level":0}}