{"host":"5l3fd535wdxfzl1g","time":1610806540,"event":{"mods":["2.2 Compatiblity","AchievementEnabler","BaseMod","Better Third Choice","Better Vampires","Colored Powertips","Minty Spire (QoL Compilation)","Quick Restart","Rare Cards Sparkle","Replay The Spire","StSLib","UnlockEverythingMod"],"gold_per_floor":[211,66,66,85,98,132,132,149,149,149,149,149],"floor_reached":11,"language":"ZHS","playtime":280,"items_purged":["Strike_B"],"score":73,"play_id":"63719dd7-9439-401a-ab60-6c493a365d68","local_time":"20210116221540","is_ascension_mode":false,"campfire_choices":[{"data":"Coolheaded","floor":7.0,"key":"SMITH"}],"circlet_count":0,"master_deck":["Strike_B","Strike_B","Strike_B","Defend_B+1","Defend_B","Defend_B","Defend_B","Zap+1","Dualcast","Defragment","Coolheaded+1","Coolheaded","All For One+1"],"relics":["Cracked Core","Replay:Wanted Poster","ChewingGum","Potion Belt"],"acts_visited":["Exordium"],"potions_floor_usage":[],"damage_taken":[{"damage":3.0,"enemies":"Cultist","floor":1.0,"turns":3.0},{"damage":1.0,"enemies":"2 Louse","floor":4.0,"turns":3.0},{"damage":0.0,"enemies":"Small Slimes","floor":5.0,"turns":3.0},{"damage":18.0,"enemies":"Gremlin Nob","floor":6.0,"turns":3.0},{"damage":9,"enemies":"Blue Slaver","floor":8,"turns":3},{"damage":0,"enemies":"3 Sentries","floor":11,"turns":1}],"seed_played":"1069718369694455085","potions_obtained":[{"floor":1.0,"key":"Flashbang"},{"floor":8,"key":"AttackPotion"}],"is_trial":false,"path_per_floor":["M","$","?","M","M","E","R","M","T","?","E"],"character_chosen":"DEFECT","items_purchased":["Defragment"],"campfire_rested":0,"item_purchase_floors":[2],"current_hp_per_floor":[72,72,57,56,56,38,38,29,29,29,29,29],"gold":149,"neow_bonus":"DOUBLE_BOSS_RELIC","is_daily":false,"chose_seed":false,"campfire_upgraded":1,"win_rate":0.0,"timestamp":1610806540,"path_taken":["M","?","?","M","M","E","R","M","T","?","E"],"items_purchased_type":["Card"],"build_version":"2020-12-22","purchased_purges":1,"victory":false,"max_hp_per_floor":[75,75,75,75,75,75,75,75,75,75,75,75],"card_choices":[{"not_picked":["Static Discharge","Compile Driver"],"picked":"Sunder","floor":1.0},{"not_picked":["Leap","Compile Driver","ReplayTheSpireMod:GoodbyeWorld"],"picked":"SKIP","floor":4.0},{"not_picked":["Leap","Sweeping Beam","Turbo"],"picked":"SKIP","floor":5.0},{"not_picked":["Streamline","Ball Lightning"],"picked":"Coolheaded","floor":6.0},{"not_picked":["Compile Driver","Go for the Eyes"],"picked":"Coolheaded","floor":8}],"player_experience":102585,"relics_obtained":[{"floor":6.0,"key":"Potion Belt"}],"event_choices":[{"damage_healed":72.0,"max_hp_gain":0.0,"max_hp_loss":75.0,"gold_gain":0.0,"event_name":"betterThird:BetterShining","player_choice":"Upgrade","floor":3.0,"gold_loss":0.0,"damage_taken":15.0,"cards_upgraded":["Defend_B","Zap"]}],"is_beta":false,"boss_relics":[],"items_purged_floors":[2],"is_endless":false,"potions_floor_spawned":[1,8],"killed_by":"3 Sentries","ascension_level":0}}