{"host":"2se5dq1do2gp0x9k","time":1610764598,"event":{"mods":["AchievementEnabler","BaseMod","Block Reminder","Colored Map","Colored Powertips","Minty Spire (QoL Compilation)","Relic Stats","StSLib","SuperFastMode"],"gold_per_floor":[117,117,117,192,217,217,251,251,251,251,14,58,82,97,97,193,193,206,229,248,248,248,248],"floor_reached":22,"language":"ENG","playtime":713,"items_purged":["Strike_P"],"score":416,"play_id":"95ac0032-3bc8-4eae-b70d-5eda7a44980d","local_time":"20210115183638","is_ascension_mode":true,"campfire_choices":[{"data":"Eruption","floor":6,"key":"SMITH"},{"data":"ForeignInfluence","floor":8,"key":"SMITH"},{"data":"FlyingSleeves","floor":10,"key":"SMITH"},{"data":"TalkToTheHand","floor":15,"key":"SMITH"}],"circlet_count":0,"master_deck":["AscendersBane","Strike_P","Strike_P+1","Strike_P","Defend_P+1","Defend_P","Defend_P+1","Defend_P","Eruption+1","Vigilance","FlyingSleeves+1","Consecrate","ForeignInfluence+1","Tantrum","TalkToTheHand+1","FlyingSleeves","InnerPeace","ThirdEye","LessonLearned+1","BowlingBash","FlurryOfBlows","Halt","CutThroughFate"],"relics":["PureWater","NeowsBlessing","Golden Idol","War Paint","HornCleat","Centennial Puzzle","Fusion Hammer"],"acts_visited":["Exordium","TheCity"],"potions_floor_usage":[16],"damage_taken":[{"damage":0,"enemies":"Jaw Worm","floor":1,"turns":1},{"damage":0,"enemies":"2 Louse","floor":5,"turns":1},{"damage":0,"enemies":"3 Sentries","floor":7,"turns":1},{"damage":6,"enemies":"Lagavulin","floor":12,"turns":5},{"damage":0,"enemies":"Small Slimes","floor":13,"turns":3},{"damage":3,"enemies":"Blue Slaver","floor":14,"turns":2},{"damage":8,"enemies":"The Guardian","floor":16,"turns":11},{"damage":20,"enemies":"2 Thieves","floor":18,"turns":4},{"damage":0,"enemies":"Shell Parasite","floor":19,"turns":2},{"damage":26,"enemies":"Shelled Parasite and Fungi","floor":20,"turns":4},{"damage":15,"enemies":"Cultist and Chosen","floor":22,"turns":5}],"seed_played":"8334171041354955592","potions_obtained":[{"floor":1,"key":"LiquidMemories"},{"floor":7,"key":"BottledMiracle"}],"is_trial":false,"path_per_floor":["M","?","?","?","M","R","E","R","T","R","$","E","M","M","R","B",null,"M","M","M","?","M"],"character_chosen":"WATCHER","items_purchased":["Tantrum","TalkToTheHand"],"campfire_rested":0,"item_purchase_floors":[11,11],"current_hp_per_floor":[61,61,66,55,55,55,55,55,55,55,55,49,49,46,46,38,60,40,40,14,14,0,0],"gold":248,"neow_bonus":"THREE_ENEMY_KILL","is_daily":false,"chose_seed":false,"campfire_upgraded":4,"win_rate":0.0,"timestamp":1610764598,"path_taken":["M","?","?","?","M","R","E","R","T","R","?","E","M","M","R","BOSS","M","M","M","?","?"],"items_purchased_type":["Card","Card"],"build_version":"2020-12-22","purchased_purges":1,"victory":false,"max_hp_per_floor":[68,62,67,67,67,67,67,67,67,67,67,67,67,67,67,67,67,67,67,67,67,67,67],"relic_stats":{"Centennial Puzzle":[12],"counters":[11,39],"Golden Idol":60,"War Paint":["Defend_P","Defend_P"],"obtain_stats":[{"Centennial Puzzle":12,"HornCleat":9,"NeowsBlessing":0,"Golden Idol":2,"Fusion Hammer":17,"PureWater":0,"War Paint":7},{"Centennial Puzzle":4,"HornCleat":3,"NeowsBlessing":0,"Golden Idol":1,"Fusion Hammer":7,"PureWater":0,"War Paint":3},{"Centennial Puzzle":8,"HornCleat":3,"NeowsBlessing":0,"Golden Idol":1,"Fusion Hammer":24,"PureWater":0,"War Paint":3}]},"card_choices":[{"not_picked":["Sanctity","ThirdEye"],"picked":"FlyingSleeves","floor":1},{"not_picked":["WreathOfFlame","Prostrate"],"picked":"Consecrate","floor":5},{"not_picked":["BowlingBash","MasterReality"],"picked":"ForeignInfluence","floor":7},{"not_picked":["Sanctity","BowlingBash"],"picked":"FlyingSleeves","floor":12},{"not_picked":["Halt","DeceiveReality"],"picked":"InnerPeace","floor":13},{"not_picked":["FlyingSleeves","Collect"],"picked":"ThirdEye","floor":14},{"not_picked":["Omniscience","ConjureBlade"],"picked":"LessonLearned","floor":16},{"not_picked":["BattleHymn+1","WreathOfFlame"],"picked":"BowlingBash","floor":18},{"not_picked":["JustLucky","Protect+1"],"picked":"FlurryOfBlows","floor":19},{"not_picked":["CutThroughFate","Collect"],"picked":"Halt","floor":20}],"player_experience":3868337,"relics_obtained":[{"floor":7,"key":"War Paint"},{"floor":9,"key":"HornCleat"},{"floor":12,"key":"Centennial Puzzle"}],"event_choices":[{"damage_healed":0,"gold_gain":0,"player_choice":"Lose Max HP","damage_taken":0,"relics_obtained":["Golden Idol"],"max_hp_gain":0,"max_hp_loss":6,"event_name":"Golden Idol","floor":2,"gold_loss":0},{"damage_healed":0,"gold_gain":0,"player_choice":"Donut","damage_taken":0,"max_hp_gain":5,"max_hp_loss":0,"event_name":"Big Fish","floor":3,"gold_loss":0},{"damage_healed":0,"gold_gain":75,"player_choice":"Gather Gold","damage_taken":11,"max_hp_gain":0,"max_hp_loss":0,"event_name":"World of Goop","floor":4,"gold_loss":0},{"damage_healed":0,"gold_gain":0,"player_choice":"1 cards matched","damage_taken":0,"max_hp_gain":0,"max_hp_loss":0,"event_name":"Match and Keep!","floor":21,"gold_loss":0,"cards_obtained":["CutThroughFate"]}],"is_beta":false,"boss_relics":[{"not_picked":["Coffee Dripper","Ectoplasm"],"picked":"Fusion Hammer"}],"items_purged_floors":[11],"is_endless":false,"potions_floor_spawned":[1,7,12,13],"killed_by":"Cultist and Chosen","ascension_level":18}}