{"host":"jft3vy2l4n4npizy","time":1610836328,"event":{"mods":["ATMod(∞¢Ë™Mod)","BaseMod","Bestiary","Energized Spire","Highlight Path","Marisa£®ÏF”Í°°ƒß¿Ì…≥£©","Minty Spire (QoL Compilation)","Quick Restart","StSLib","The Bladedancer","The Servant 0.9.4","Youmu£®ªÍ∆«—˝√Œ£©","Yuri Mod","vexMod","°æ“≈ŒÔø®≈∆°øREMEMod"],"gold_per_floor":[110,60,60,60,60,95,150,150,198,230,230,230,253,276,276,400,400,415,430,252,265,265,265,240,280,306,72,22,22,35,35,35],"floor_reached":31,"language":"ZHS","playtime":1037,"items_purged":["Strike_B"],"score":309,"play_id":"986ce5af-98f4-490f-a776-626725dff5e5","local_time":"20210117063208","is_ascension_mode":false,"campfire_choices":[{"data":"AT_WindFlip","floor":8.0,"key":"SMITH"},{"data":"Shockwave","floor":12,"key":"SMITH"},{"data":"REME_SelfUpgrade","floor":15,"key":"SMITH"},{"data":"Electrodynamics","floor":23,"key":"SMITH"}],"circlet_count":0,"master_deck":["Strike_B","Strike_B","Defend_B","Defend_B","Defend_B","Defend_B","Zap","Dualcast","Shockwave+1","AT_WindFlip+1","Double Energy","AT_ThreeBodyProblem","Hologram","Sweeping Beam","Steam","REME_SelfUpgrade+1","Electrodynamics+1","Loop+1","Hologram","Creative AI","Melter+1","AT_HeatAcrobatics","AT_LightSaberMaster","Sweeping Beam"],"relics":["Cracked Core","AT_ATBox","REME_ComplimentaryCards","NeowsBlessing","StoneCalendar","Vajra","Omamori","AT_DeathDance","Golden Idol","Calling Bell","Lantern","The Courier","Mango","Juzu Bracelet","Darkstone Periapt","vexMod:Dragonfruit","MealTicket","vexMod:GhostlyGear"],"acts_visited":["Exordium","TheCity"],"potions_floor_usage":[16,18],"damage_taken":[{"damage":0.0,"enemies":"Small Slimes","floor":1.0,"turns":1.0},{"damage":0.0,"enemies":"Gremlin Nob","floor":6.0,"turns":1.0},{"damage":0.0,"enemies":"Gremlin Nob","floor":7.0,"turns":1.0},{"damage":35,"enemies":"3 Sentries","floor":10,"turns":5},{"damage":0,"enemies":"2 Louse","floor":13,"turns":1},{"damage":2,"enemies":"Jaw Worm","floor":14,"turns":2},{"damage":25,"enemies":"Slime Boss","floor":16,"turns":7},{"damage":24,"enemies":"2 Thieves","floor":18,"turns":3},{"damage":14,"enemies":"Chosen","floor":19,"turns":5},{"damage":5,"enemies":"Centurion and Healer","floor":21,"turns":3},{"damage":32,"enemies":"Slavers","floor":25,"turns":3},{"damage":37,"enemies":"Shelled Parasite and Fungi","floor":30,"turns":5},{"damage":19,"enemies":"Snecko","floor":31,"turns":4}],"seed_played":"-232045707968126508","potions_obtained":[{"floor":10,"key":"PowerPotion"},{"floor":14,"key":"PotionOfCapacity"},{"floor":16,"key":"Fruit Juice"},{"floor":21,"key":"Block Potion"},{"floor":25,"key":"DistilledChaos"}],"is_trial":false,"path_per_floor":["M","?","$","?","$","E","?","R","T","E","?","R","M","M","R","B",null,"M","M","$","M","?","R","?","E","T","$","?","$","M","M"],"character_chosen":"DEFECT","items_purchased":["Juzu Bracelet","AT_HeatAcrobatics","AT_LightSaberMaster","vexMod:GhostlyGear"],"campfire_rested":0,"item_purchase_floors":[20,27,27,27],"current_hp_per_floor":[75,75,75,75,75,75,75,75,75,40,40,40,40,38,38,13,89,70,56,56,51,51,51,51,24,24,39,39,54,17,0,0],"gold":35,"neow_bonus":"THREE_ENEMY_KILL","is_daily":false,"chose_seed":false,"campfire_upgraded":4,"win_rate":0.0,"timestamp":1610836328,"path_taken":["M","?","$","?","$","E","?","R","T","E","?","R","?","M","R","BOSS","M","M","$","M","?","R","?","E","T","$","?","$","M","M"],"items_purchased_type":["Relic","Card","Card","Relic"],"build_version":"2020-12-22","purchased_purges":1,"victory":false,"max_hp_per_floor":[75,75,75,75,75,75,75,75,75,75,75,75,75,75,75,75,89,94,94,94,94,94,94,94,99,99,99,99,99,99,99,99],"card_choices":[{"not_picked":["Steam","Ball Lightning"],"picked":"Double Energy","floor":1.0},{"not_picked":["AT_RightCognition","Cold Snap"],"picked":"AT_ThreeBodyProblem","floor":6.0},{"not_picked":["Stack","Beam Cell"],"picked":"Hologram","floor":7.0},{"not_picked":["Auto Shields","Barrage"],"picked":"Sweeping Beam","floor":10},{"not_picked":["Compile Driver","Coolheaded"],"picked":"Steam","floor":13},{"not_picked":["Compile Driver","Ball Lightning"],"picked":"REME_SelfUpgrade","floor":14},{"not_picked":["Biased Cognition","Machine Learning","All For One","AT_WaterDrop","Multi-Cast"],"picked":"Electrodynamics","floor":16},{"not_picked":["BootSequence+1","Steam Power","REME_DataAnalysis","Cold Snap"],"picked":"Loop+1","floor":18},{"not_picked":["Gash","Conserve Battery","Cold Snap","Beam Cell"],"picked":"Hologram","floor":19},{"not_picked":["Conserve Battery","Sweeping Beam+1"],"picked":"Creative AI","floor":21},{"not_picked":["Defragment","Compile Driver","Go for the Eyes","Heatsinks"],"picked":"Melter+1","floor":25},{"not_picked":["Go for the Eyes","Steam+1","Beam Cell","Hello World+1"],"picked":"Sweeping Beam","floor":30}],"player_experience":41729,"relics_obtained":[{"floor":6.0,"key":"StoneCalendar"},{"floor":9.0,"key":"Omamori"},{"floor":10,"key":"AT_DeathDance"},{"floor":17,"key":"Lantern"},{"floor":17,"key":"The Courier"},{"floor":17,"key":"Mango"},{"floor":25,"key":"vexMod:Dragonfruit"},{"floor":26,"key":"MealTicket"}],"event_choices":[{"cards_removed":["Strike_B"],"damage_healed":0.0,"max_hp_gain":0.0,"max_hp_loss":0.0,"gold_gain":0.0,"event_name":"The Cleric","player_choice":"Card Removal","floor":2.0,"gold_loss":50.0,"damage_taken":0.0},{"damage_healed":0.0,"max_hp_gain":0.0,"max_hp_loss":0.0,"gold_gain":0.0,"event_name":"Liars Game","player_choice":"Ignored","floor":4.0,"gold_loss":0.0,"damage_taken":0.0},{"damage_healed":0.0,"max_hp_gain":0.0,"max_hp_loss":0.0,"gold_gain":0.0,"event_name":"Dead Adventurer","player_choice":"Searched \u00273\u0027 times","floor":7.0,"gold_loss":0.0,"damage_taken":0.0,"relics_obtained":["Vajra"]},{"damage_healed":0,"gold_gain":0,"player_choice":"Take Wound","damage_taken":0,"relics_obtained":["Golden Idol"],"max_hp_gain":0,"max_hp_loss":0,"event_name":"Golden Idol","floor":11,"gold_loss":0,"cards_obtained":["Injury"]},{"damage_healed":0,"gold_gain":0,"player_choice":"Ignored","damage_taken":0,"max_hp_gain":0,"max_hp_loss":0,"event_name":"Ghosts","floor":22,"gold_loss":0},{"damage_healed":0,"gold_gain":0,"player_choice":"Bet on Murderer","damage_taken":0,"max_hp_gain":0,"max_hp_loss":0,"event_name":"The Joust","floor":28,"gold_loss":50}],"is_beta":false,"boss_relics":[{"not_picked":["Fusion Hammer","energizedSpire:RedRose"],"picked":"Calling Bell"}],"items_purged_floors":[20],"is_endless":false,"potions_floor_spawned":[10,14,16,21,25],"killed_by":"Snecko","ascension_level":0}}