{"host":"utcbn1j9ebmpc40m","time":1610828315,"event":{"mods":["BaseMod","Better Altar","Better Match","GifTheSpireLib","Minty Spire (QoL Compilation)","Poor People Problems","StSLib","SuperFastMode","The IronCluck","The Servant 0.9.4"],"gold_per_floor":[119,84,84,259,259,287,287,302,302,317,317,392,409,127,127,127,127],"floor_reached":16,"language":"ENG","playtime":207,"items_purged":[],"score":203,"play_id":"8b96c240-6ef5-4474-bb61-d915a1a31eb3","local_time":"20210116151835","is_ascension_mode":true,"campfire_choices":[{"data":"Flame Barrier","floor":7,"key":"SMITH"},{"data":"True Grit","floor":11,"key":"SMITH"},{"floor":15,"key":"REST"}],"circlet_count":0,"master_deck":["AscendersBane","Strike_R","Strike_R","Strike_R","Strike_R","Strike_R","Defend_R","Defend_R","Defend_R","Defend_R","Bash","Flame Barrier+1","Intimidate","Doubt","Feel No Pain","Headbutt","True Grit+1","Burning Pact","Rage"],"relics":["Burning Blood","NeowsBlessing","Letter Opener","Pen Nib","Unceasing Top","Bottled Tornado"],"acts_visited":["Exordium"],"potions_floor_usage":[],"damage_taken":[{"damage":0,"enemies":"2 Louse","floor":1,"turns":1},{"damage":0,"enemies":"3 Sentries","floor":6,"turns":2},{"damage":0,"enemies":"Small Slimes","floor":8,"turns":1},{"damage":6,"enemies":"Jaw Worm","floor":10,"turns":5},{"damage":11,"enemies":"Looter","floor":13,"turns":3},{"damage":85,"enemies":"Slime Boss","floor":16,"turns":16}],"seed_played":"-234235921589687800","potions_obtained":[{"floor":8,"key":"Swift Potion"},{"floor":13,"key":"Dexterity Potion"}],"is_trial":false,"path_per_floor":["M","$","?","?","?","E","R","M","T","M","R","?","M","$","R","B"],"character_chosen":"IRONCLAD","items_purchased":["Intimidate","Bottled Tornado","Rage"],"campfire_rested":1,"item_purchase_floors":[2,14,14],"current_hp_per_floor":[78,78,78,78,71,77,77,80,80,80,80,69,64,64,80,0,0],"gold":127,"neow_bonus":"THREE_ENEMY_KILL","is_daily":false,"chose_seed":false,"campfire_upgraded":2,"win_rate":0.0,"timestamp":1610828315,"path_taken":["M","$","?","?","?","E","R","M","T","?","R","?","M","$","R","BOSS"],"items_purchased_type":["Card","Relic","Card"],"build_version":"2020-12-22","purchased_purges":0,"victory":false,"max_hp_per_floor":[80,80,80,80,80,80,80,80,80,80,80,80,80,80,80,80,80],"card_choices":[{"not_picked":["Shrug It Off","Perfected Strike"],"picked":"Flame Barrier","floor":1},{"not_picked":["Wild Strike","Seeing Red"],"picked":"Feel No Pain","floor":6},{"not_picked":["Clash","Combust"],"picked":"Headbutt","floor":8},{"not_picked":["Bloodletting","Clothesline"],"picked":"True Grit","floor":10},{"not_picked":["Perfected Strike","Flex"],"picked":"Burning Pact","floor":13}],"player_experience":499399,"relics_obtained":[{"floor":6,"key":"Pen Nib"},{"floor":9,"key":"Unceasing Top"}],"event_choices":[{"damage_healed":0,"gold_gain":0,"player_choice":"Box","damage_taken":0,"relics_obtained":["Letter Opener"],"max_hp_gain":0,"max_hp_loss":0,"event_name":"Big Fish","floor":3,"gold_loss":0,"cards_obtained":["Regret"]},{"damage_healed":0,"gold_gain":175,"player_choice":"AGREE","damage_taken":0,"max_hp_gain":0,"max_hp_loss":0,"event_name":"Liars Game","floor":4,"gold_loss":0,"cards_obtained":["Doubt"]},{"cards_removed":["Regret"],"damage_healed":0,"gold_gain":0,"player_choice":"Card Removal","damage_taken":7,"max_hp_gain":0,"max_hp_loss":0,"event_name":"Golden Wing","floor":5,"gold_loss":0},{"damage_healed":0,"gold_gain":75,"player_choice":"Gather Gold","damage_taken":11,"max_hp_gain":0,"max_hp_loss":0,"event_name":"World of Goop","floor":12,"gold_loss":0}],"is_beta":false,"boss_relics":[],"items_purged_floors":[],"is_endless":false,"potions_floor_spawned":[8,13],"killed_by":"Slime Boss","ascension_level":13}}