{"host":"xbs6xfa3tvu21mfl","time":1610802837,"event":{"mods":["Arknights The Spire","BaseMod","Downfall","Minty Spire (QoL Compilation)","Quick Restart","StSLib"],"gold_per_floor":[99,114,126,139,139,39,64,164,198,210,210,229,229,139,149,149,149],"floor_reached":16,"language":"ZHS","playtime":706,"items_purged":["Injury"],"score":102,"play_id":"ae503ed6-f935-4ad4-a1a4-dc2505904007","local_time":"20210116211357","is_ascension_mode":false,"campfire_choices":[{"floor":1.0,"key":"RECALL"},{"data":"bronze:Boost","floor":6.0,"key":"SMITH"},{"data":"bronze:CleanCode","floor":11.0,"key":"SMITH"},{"floor":13.0,"key":"REST"}],"circlet_count":0,"master_deck":["bronze:Strike","bronze:Strike","bronze:Strike","bronze:Defend","bronze:Defend","bronze:Defend","bronze:Defend","bronze:Replicate","bronze:Goto","Flash of Steel","bronze:Boost+1","bronze:DelayedSlice","bronze:Flail","bronze:Goto","bronze:Overheat","bronze:CloningBeam","bronze:Format","Swift Strike","bronze:Fortify","bronze:CleanCode+1","bronze:BronzeArmor","bronze:Optimize","bronze:Virus","bronze:WhirlingStrike"],"relics":["bronze:BronzeCore","downfall:HeartBlessingRed","Happy Flower","downfall:GremlinSack","Ancient Tea Set"],"acts_visited":["Exordium"],"potions_floor_usage":[],"damage_taken":[{"damage":0.0,"enemies":"Small Slimes","floor":2.0,"turns":4.0},{"damage":0.0,"enemies":"Jaw Worm","floor":3.0,"turns":4.0},{"damage":0.0,"enemies":"Cultist","floor":4.0,"turns":5.0},{"damage":7.0,"enemies":"Cultist","floor":8.0,"turns":4.0},{"damage":13.0,"enemies":"Lagavulin","floor":9.0,"turns":3.0},{"damage":0.0,"enemies":"Gremlin Gang","floor":10.0,"turns":2.0},{"damage":0.0,"enemies":"3 Louse","floor":12.0,"turns":1.0},{"damage":7.0,"enemies":"downfall:FleeingMerchant","floor":14.0,"turns":4.0},{"damage":13.0,"enemies":"Blue Slaver","floor":15.0,"turns":3.0},{"damage":54,"enemies":"SI_SHIV_ARCHETYPE","floor":16,"turns":7}],"seed_played":"8741005308226440843","potions_obtained":[{"floor":2.0,"key":"SkillPotion"},{"floor":4.0,"key":"FearPotion"}],"is_trial":false,"path_per_floor":["R","M","M","M","?","R","T","?","E","M","R","M","R","$","M","B"],"character_chosen":"THE_AUTOMATON","items_purchased":[],"campfire_rested":1,"item_purchase_floors":[],"current_hp_per_floor":[70,70,70,70,70,70,70,63,50,50,50,50,70,63,50,0,0],"gold":149,"neow_bonus":"RANDOM_COLORLESS","is_daily":false,"chose_seed":false,"campfire_upgraded":2,"win_rate":0.0,"timestamp":1610802837,"path_taken":["R","M","M","M","?","R","T","?","E","?","R","M","R","$","M","BOSS"],"items_purchased_type":[],"build_version":"2020-12-22","purchased_purges":1,"victory":false,"max_hp_per_floor":[70,70,70,70,70,70,70,70,70,70,70,70,70,70,70,70,70],"card_choices":[{"not_picked":["Forethought","Madness"],"picked":"Flash of Steel","floor":0.0},{"not_picked":["bronze:BitShift","bronze:Deprecate"],"picked":"bronze:Boost","floor":2.0},{"not_picked":["bronze:BugBarrage","bronze:BitShift"],"picked":"bronze:DelayedSlice","floor":3.0},{"not_picked":["bronze:MaxOutput","bronze:DelayedGuard"],"picked":"bronze:Flail","floor":4.0},{"not_picked":["bronze:Frontload","bronze:GetLatest"],"picked":"bronze:Fortify","floor":8.0},{"not_picked":["bronze:Shield","bronze:Allocate"],"picked":"bronze:CleanCode","floor":9.0},{"not_picked":["bronze:Shield","bronze:Invalidate"],"picked":"bronze:BronzeArmor","floor":10.0},{"not_picked":["bronze:FineTuning","bronze:BitShift"],"picked":"bronze:Optimize","floor":12.0},{"not_picked":["bronze:BuggyMess","bronze:CutThrough"],"picked":"bronze:Virus","floor":14.0},{"not_picked":["bronze:DelayedGuard","bronze:BitShift"],"picked":"bronze:WhirlingStrike","floor":15.0}],"player_experience":134608,"relics_obtained":[{"floor":7.0,"key":"Happy Flower"},{"floor":8.0,"key":"downfall:GremlinSack"},{"floor":9.0,"key":"Ancient Tea Set"}],"event_choices":[{"cards_removed":["bronze:Strike"],"damage_healed":0.0,"max_hp_gain":0.0,"max_hp_loss":0.0,"gold_gain":0.0,"event_name":"The Cleric","player_choice":"Card Removal","floor":5.0,"gold_loss":0.0,"damage_taken":0.0}],"is_beta":false,"boss_relics":[],"items_purged_floors":[14],"is_endless":false,"potions_floor_spawned":[2,4],"killed_by":"SI_SHIV_ARCHETYPE","ascension_level":0}}