{"host":"4qkvkh7pd9qr2mca","time":1610835369,"event":{"mods":["AchievementEnabler","Act Like it!","BaseMod","Colored Map","Colored Powertips","Highlight Path","Minty Spire (QoL Compilation)","Pale of the Ancients","Permanent Neow","Quick Restart","Relic Stats","StSLib","SuperFastMode"],"gold_per_floor":[16,27,43,43,43,43,43],"floor_reached":6,"language":"ENG","playtime":166,"items_purged":[],"score":72,"play_id":"8d031960-8853-43cf-96a1-b7bfc89de7d6","local_time":"20210116231609","is_ascension_mode":true,"campfire_choices":[],"circlet_count":0,"master_deck":["AscendersBane","Strike_G","Strike_G","Strike_G","Strike_G","Strike_G","Defend_G","Defend_G","Defend_G","Defend_G","Defend_G","Survivor","Neutralize","Apotheosis","Crippling Poison","Deadly Poison","PiercingWail","Pain"],"relics":["Ring of the Snake","WarpedTongs"],"acts_visited":["Exordium"],"potions_floor_usage":[6],"damage_taken":[{"damage":1,"enemies":"2 Louse","floor":1,"turns":4},{"damage":0,"enemies":"Cultist","floor":2,"turns":4},{"damage":2,"enemies":"Jaw Worm","floor":3,"turns":4},{"damage":9,"enemies":"Gremlin Nob","floor":6,"turns":3}],"seed_played":"-5678467586797749512","potions_obtained":[{"floor":3,"key":"Poison Potion"}],"is_trial":false,"path_per_floor":["M","M","M","?","$","E"],"character_chosen":"THE_SILENT","items_purchased":[],"campfire_rested":0,"item_purchase_floors":[],"current_hp_per_floor":[58,58,56,56,56,47,47],"gold":43,"neow_bonus":"RANDOM_COLORLESS_2","is_daily":false,"chose_seed":false,"campfire_upgraded":0,"win_rate":0.0,"timestamp":1610835369,"path_taken":["M","M","M","?","?","E"],"items_purchased_type":[],"build_version":"2020-12-22","purchased_purges":0,"victory":false,"max_hp_per_floor":[66,66,66,66,66,66,66],"relic_stats":{"counters":[4,15],"obtain_stats":[{"Ring of the Snake":0,"WarpedTongs":4},{"Ring of the Snake":0,"WarpedTongs":3},{"Ring of the Snake":0,"WarpedTongs":12}],"Ring of the Snake":[8],"WarpedTongs":[1]},"card_choices":[{"not_picked":["Chrysalis","Secret Technique"],"picked":"Apotheosis","floor":0},{"not_picked":["Tactician","Backflip"],"picked":"Crippling Poison","floor":1},{"not_picked":["Underhanded Strike","Slice"],"picked":"Deadly Poison","floor":2},{"not_picked":["Dagger Spray","Slice"],"picked":"PiercingWail","floor":3}],"player_experience":573694,"relics_obtained":[],"event_choices":[{"damage_healed":0,"gold_gain":0,"player_choice":"Rummage","damage_taken":0,"relics_obtained":["WarpedTongs"],"max_hp_gain":0,"max_hp_loss":0,"event_name":"Accursed Blacksmith","floor":4,"gold_loss":0,"cards_obtained":["Pain"]}],"is_beta":false,"boss_relics":[],"items_purged_floors":[],"is_endless":false,"potions_floor_spawned":[3],"killed_by":"Gremlin Nob","ascension_level":20}}