{"host":"cdcsem0stf6rethc","time":1610773456,"event":{"mods":["AchievementEnabler","BaseMod","Colored Map","Highlight Path","Minty Spire (QoL Compilation)","StSLib","The Bug Knight"],"gold_per_floor":[110,130,130,149,149,149,166,166,189,208,208,222,6,6,6,103,103,113,73,90,40,40,40,87,87,87,187,187,187],"floor_reached":28,"language":"ENG","playtime":1298,"items_purged":["HollowMod:QuickDashStart"],"score":206,"play_id":"6909822c-5b2c-4ed6-8920-9e2605f249fe","local_time":"20210116130416","is_ascension_mode":false,"campfire_choices":[{"data":"HollowMod:GreatSlash","floor":6,"key":"SMITH"},{"data":"HollowMod:BaldurShell","floor":8,"key":"SMITH"},{"data":"HollowMod:ZotesMagnificence","floor":11,"key":"SMITH"},{"data":"HollowMod:SoulVessel","floor":15,"key":"SMITH"},{"data":"HollowMod:HuntersJournal","floor":23,"key":"SMITH"},{"data":"HollowMod:HowlingWraiths","floor":25,"key":"SMITH"}],"circlet_count":0,"master_deck":["HollowMod:NailStrikeStart","HollowMod:NailStrikeStart","HollowMod:NailStrikeStart","HollowMod:NailStrikeStart","HollowMod:QuickDashStart","HollowMod:QuickDashStart","HollowMod:QuickDashStart","HollowMod:FocusHealStart","HollowMod:PogoStrike","HollowMod:GreatSlash+1","HollowMod:HeavyBlow+1","HollowMod:NewLittleFool","HollowMod:BaldurShell+1","HollowMod:ZotesMagnificence+1","HollowMod:SoulVessel+1","HollowMod:ZotesMagnificence","HollowMod:ChannelNail+1","HollowMod:HuntersJournal+1","HollowMod:HowlingWraiths+1","HollowMod:CornifersMapStart"],"relics":["HollowMod:VesselMask","Centennial Puzzle","NlothsMask","Membership Card","Juzu Bracelet","SlaversCollar","Lantern","Mango","Shovel","InkBottle"],"acts_visited":["Exordium","TheCity"],"potions_floor_usage":[16],"damage_taken":[{"damage":1,"enemies":"Jaw Worm","floor":1,"turns":3},{"damage":1,"enemies":"Cultist","floor":2,"turns":3},{"damage":1,"enemies":"2 Louse","floor":4,"turns":2},{"damage":8,"enemies":"Red Slaver","floor":7,"turns":4},{"damage":0,"enemies":"Large Slime","floor":10,"turns":4},{"damage":17,"enemies":"Gremlin Gang","floor":12,"turns":4},{"damage":41,"enemies":"Hexaghost","floor":16,"turns":9},{"damage":29,"enemies":"Chosen","floor":18,"turns":5},{"damage":42,"enemies":"3 Byrds","floor":20,"turns":8},{"damage":11,"enemies":"Colosseum Slavers","floor":27,"turns":3},{"damage":9,"enemies":"Colosseum Nobs","floor":27,"turns":3},{"damage":27,"enemies":"Gremlin Leader","floor":28,"turns":3}],"seed_played":"-6436139291120439995","potions_obtained":[{"floor":1,"key":"CultistPotion"},{"floor":2,"key":"CultistPotion"},{"floor":27,"key":"SpeedPotion"}],"is_trial":false,"path_per_floor":["M","M","?","M","?","R","M","R","T","M","R","M","$","?","R","B",null,"M","?","M","$","?","R","T","R","T","?","E"],"character_chosen":"THE_BUGKNIGHT","items_purchased":["Membership Card","Juzu Bracelet","HollowMod:HowlingWraiths"],"campfire_rested":0,"item_purchase_floors":[13,13,21],"current_hp_per_floor":[74,73,73,72,72,72,70,70,70,70,70,59,59,59,59,28,75,46,46,4,4,29,29,29,29,43,23,0,0],"gold":187,"neow_bonus":"RANDOM_COMMON_RELIC","is_daily":false,"chose_seed":false,"campfire_upgraded":6,"win_rate":0.0,"timestamp":1610773456,"path_taken":["M","M","?","?","?","R","M","R","T","M","R","?","?","?","R","BOSS","M","?","M","$","?","R","?","R","T","?","E"],"items_purchased_type":["Relic","Relic","Card"],"build_version":"2020-12-22","purchased_purges":1,"victory":false,"max_hp_per_floor":[75,75,75,75,75,75,75,75,75,75,75,75,75,75,75,75,75,75,75,75,75,75,75,75,75,89,89,89,89],"card_choices":[{"not_picked":["HollowMod:SoulShaman","HollowMod:CoiledNail"],"picked":"HollowMod:GreatSlash","floor":1},{"not_picked":["HollowMod:SharpenedNail","HollowMod:ChannelNail"],"picked":"HollowMod:HeavyBlow","floor":2},{"not_picked":["HollowMod:ChannelNail","HollowMod:InfectedAttack"],"picked":"HollowMod:NewLittleFool","floor":4},{"not_picked":["HollowMod:DashSlash","HollowMod:DesolateDive"],"picked":"HollowMod:BaldurShell","floor":7},{"not_picked":["HollowMod:TaintedHusks","HollowMod:NewJinnsSoul"],"picked":"HollowMod:ZotesMagnificence","floor":10},{"not_picked":["HollowMod:BlackTendrils","HollowMod:SiblingsSouls"],"picked":"HollowMod:SoulVessel","floor":12},{"not_picked":["HollowMod:MidwifesHunger","HollowMod:VoidDash"],"picked":"HollowMod:ZotesMagnificence","floor":16},{"not_picked":["HollowMod:HuntersJournal","HollowMod:NewJinnsSoul"],"picked":"HollowMod:ChannelNail","floor":18},{"not_picked":["HollowMod:InfectionAssault","HollowMod:TaintedHusks"],"picked":"HollowMod:HuntersJournal","floor":20},{"not_picked":["HollowMod:NewGlowingWomb","HollowMod:SharpenedNail"],"picked":"HollowMod:CornifersMapStart","floor":27}],"player_experience":78127,"relics_obtained":[{"floor":24,"key":"Lantern"},{"floor":26,"key":"Mango"},{"floor":27,"key":"Shovel"},{"floor":27,"key":"InkBottle"}],"event_choices":[{"damage_healed":0,"gold_gain":0,"player_choice":"Bought 0 Potions","damage_taken":0,"max_hp_gain":0,"max_hp_loss":0,"event_name":"The Woman in Blue","floor":3,"gold_loss":0},{"damage_healed":0,"gold_gain":0,"player_choice":"Trade","damage_taken":0,"relics_obtained":["NlothsMask"],"max_hp_gain":0,"max_hp_loss":0,"event_name":"FaceTrader","floor":5,"gold_loss":0},{"damage_healed":0,"gold_gain":0,"player_choice":"Ignored","damage_taken":0,"max_hp_gain":0,"max_hp_loss":0,"event_name":"NoteForYourself","floor":14,"gold_loss":0},{"damage_healed":0,"gold_gain":0,"player_choice":"Upgraded Two","damage_taken":0,"max_hp_gain":0,"max_hp_loss":0,"event_name":"Designer","floor":19,"gold_loss":40,"cards_upgraded":["HollowMod:ChannelNail","HollowMod:HeavyBlow"]},{"damage_healed":25,"gold_gain":0,"player_choice":"Heal","damage_taken":0,"max_hp_gain":0,"max_hp_loss":0,"event_name":"The Library","floor":22,"gold_loss":0},{"damage_healed":0,"gold_gain":0,"player_choice":"Fight","damage_taken":0,"max_hp_gain":0,"max_hp_loss":0,"event_name":"Colosseum","floor":27,"gold_loss":0},{"damage_healed":0,"gold_gain":0,"player_choice":"Fought Nobs","damage_taken":0,"max_hp_gain":0,"max_hp_loss":0,"event_name":"Colosseum","floor":27,"gold_loss":0}],"is_beta":false,"boss_relics":[{"not_picked":["Black Star","Runic Dome"],"picked":"SlaversCollar"}],"items_purged_floors":[21],"is_endless":false,"potions_floor_spawned":[1,2,27],"killed_by":"Gremlin Leader","ascension_level":0}}