{"host":"mhmeo7g9gd98ttwb","time":1610768227,"event":{"mods":["AchievementEnabler","BaseMod","Card Forge","Colored Map","Filter the Spire","Minty Spire (QoL Compilation)","Relic Stats","StSLib"],"gold_per_floor":[119,634,439,455,471,481,509,529,552,568,584,598,629,231,231,328,328,343,362,373,114,114,145,145,252,252,263,263,263,263,455,455,550,550,565,295,311,311,321,321,339,339,339,359,375,410,410,444,444,444,444,444,300,325,325],"floor_reached":56,"language":"ENG","playtime":4326,"items_purged":[],"score":1443,"play_id":"bcca4a1f-2541-457a-8589-634f615933c2","local_time":"20210116033707","is_ascension_mode":false,"campfire_choices":[{"floor":15.0,"key":"REST"},{"data":"1","floor":28.0,"key":"LIFT"},{"data":"2","floor":30.0,"key":"LIFT"},{"floor":32.0,"key":"REST"},{"data":"3","floor":40.0,"key":"LIFT"},{"floor":42.0,"key":"RECALL"},{"floor":47.0,"key":"DIG"},{"floor":49.0,"key":"DIG"},{"floor":52.0,"key":"DIG"}],"circlet_count":0,"master_deck":["Survivor+1","Neutralize+1","Prepared+1","After Image+1","Glass Knife+1","Envenom+1","Blur+1","Calculated Gamble+1","Sucker Punch+1","Deadly Poison+1","Predator+1","Dagger Spray+1","Outmaneuver+1","Noxious Fumes+1","Dash+1","Distraction+1","Bouncing Flask+1","Poisoned Stab+1","Catalyst+1","Backstab+1","Crippling Poison+1","Corpse Explosion+1","Footwork+1","Deadly Poison+1","Adrenaline+1","Blur+1","Burst+1","Venomology+1","Caltrops+1","Leg Sweep+1","Footwork+1"],"relics":["Hammer of Thor","Seething Fire","Anvil of the Gods","Pandora\u0027s Box","Snake Skull","PreservedInsect","Bottled Flame","Bronze Scales","Smiling Mask","Akabeko","Paper Crane","WristBlade","SacredBark","Girya","Orichalcum","Anchor","Lantern","Bottled Tornado","InkBottle","WarpedTongs","Mercury Hourglass","Runic Pyramid","Vajra","Shovel","TungstenRod","Nunchaku","Pen Nib","Blood Vial","Pear","Letter Opener","TwistedFunnel","Potion Belt","Toy Ornithopter","Art of War","Happy Flower"],"acts_visited":["Exordium","TheCity","TheBeyond","TheEnding"],"potions_floor_usage":[55,55,55,55],"damage_taken":[{"damage":0.0,"enemies":"Cultist","floor":1.0,"turns":3.0},{"damage":0.0,"enemies":"Jaw Worm","floor":2.0,"turns":3.0},{"damage":0.0,"enemies":"2 Louse","floor":4.0,"turns":1.0},{"damage":1.0,"enemies":"Red Slaver","floor":5.0,"turns":3.0},{"damage":0.0,"enemies":"Exordium Wildlife","floor":6.0,"turns":2.0},{"damage":7.0,"enemies":"3 Sentries","floor":7.0,"turns":3.0},{"damage":0.0,"enemies":"Gremlin Gang","floor":8.0,"turns":2.0},{"damage":7.0,"enemies":"Blue Slaver","floor":10.0,"turns":2.0},{"damage":0.0,"enemies":"Lots of Slimes","floor":11.0,"turns":1.0},{"damage":20.0,"enemies":"Gremlin Gang","floor":12.0,"turns":2.0},{"damage":5.0,"enemies":"Lagavulin","floor":13.0,"turns":4.0},{"damage":0.0,"enemies":"Slime Boss","floor":16.0,"turns":5.0},{"damage":0.0,"enemies":"3 Byrds","floor":18.0,"turns":2.0},{"damage":5.0,"enemies":"Shell Parasite","floor":19.0,"turns":1.0},{"damage":12.0,"enemies":"Snake Plant","floor":20.0,"turns":2.0},{"damage":3.0,"enemies":"Slavers","floor":23.0,"turns":2.0},{"damage":6.0,"enemies":"Centurion and Healer","floor":27.0,"turns":3.0},{"damage":0.0,"enemies":"Collector","floor":33.0,"turns":4.0},{"damage":0.0,"enemies":"3 Darklings","floor":35.0,"turns":2.0},{"damage":1.0,"enemies":"Orb Walker","floor":37.0,"turns":3.0},{"damage":0.0,"enemies":"Jaw Worm Horde","floor":39.0,"turns":2.0},{"damage":0.0,"enemies":"Transient","floor":41.0,"turns":5.0},{"damage":2.0,"enemies":"Spire Growth","floor":44.0,"turns":3.0},{"damage":0.0,"enemies":"Maw","floor":45.0,"turns":5.0},{"damage":4.0,"enemies":"Nemesis","floor":46.0,"turns":5.0},{"damage":0.0,"enemies":"Reptomancer","floor":48.0,"turns":4.0},{"damage":20.0,"enemies":"Donu and Deca","floor":50.0,"turns":5.0},{"damage":28.0,"enemies":"Shield and Spear","floor":54.0,"turns":3.0},{"damage":9,"enemies":"The Heart","floor":55,"turns":5}],"seed_played":"3425867298604766133","potions_obtained":[{"floor":2.0,"key":"SpeedPotion"},{"floor":4.0,"key":"Energy Potion"},{"floor":8.0,"key":"Explosive Potion"},{"floor":10.0,"key":"Fire Potion"},{"floor":18.0,"key":"Weak Potion"},{"floor":20.0,"key":"Poison Potion"},{"floor":44.0,"key":"Fruit Juice"},{"floor":46.0,"key":"SpeedPotion"}],"is_trial":false,"path_per_floor":["M","M","$","M","M","M","E","M","T","M","M","M","E","$","R","B",null,"M","M","M","$","?","E","?","$","T","M","R","?","R","$","R","B",null,"M","$","M","?","M","R","M","R","T","M","M","E","R","E","R","B",null,"R","$","E","B",null],"character_chosen":"THE_SILENT","items_purchased":["PreservedInsect","Block Potion","Akabeko","Paper Crane","Orichalcum","Footwork","Deadly Poison","Bottled Tornado","Adrenaline","Mercury Hourglass","Well Laid Plans","Vajra","Leg Sweep","Footwork","TwistedFunnel","CunningPotion","ColorlessPotion","GamblersBrew","Toy Ornithopter","Art of War"],"campfire_rested":2,"item_purchase_floors":[3,3,14,14,21,21,21,25,25,31,31,36,36,36,53,53,53,53,53,53],"current_hp_per_floor":[70,70,70,70,69,69,62,62,62,55,55,35,30,30,51,51,70,70,65,53,53,53,50,50,50,50,44,44,44,44,44,65,65,70,70,70,69,69,69,69,69,69,69,77,80,76,76,76,86,68,90,90,90,90,81],"gold":325,"neow_bonus":"BOSS_RELIC","is_daily":false,"chose_seed":false,"campfire_upgraded":0,"win_rate":0.0,"timestamp":1610768227,"path_taken":["M","?","$","?","M","M","E","M","T","M","M","M","E","$","R","BOSS","M","M","M","$","?","E","?","$","T","?","R","?","R","$","R","BOSS","M","$","?","?","?","R","M","R","T","M","M","E","R","E","R","BOSS","R","$","E","BOSS"],"items_purchased_type":["Relic","Potion","Relic","Relic","Relic","Card","Card","Relic","Card","Relic","Card","Relic","Card","Card","Relic","Potion","Potion","Potion","Relic","Relic"],"build_version":"2020-12-22","purchased_purges":0,"victory":true,"max_hp_per_floor":[70,70,70,70,70,70,70,70,70,70,70,70,70,70,70,70,70,70,70,70,70,70,70,70,70,70,70,70,70,70,70,70,70,70,70,70,70,70,70,70,70,70,70,80,80,80,80,80,90,90,90,90,90,90,90],"relic_stats":{"Happy Flower":[1],"counters":[29,86],"Snake Skull":[210],"PreservedInsect":278,"Pen Nib":[2],"Letter Opener":[20],"Orichalcum":[30],"Smiling Mask":0,"WarpedTongs":[5],"Mercury Hourglass":[161],"Blood Vial":2,"Nunchaku":[2],"Shovel":3,"Bronze Scales":[162],"Pandora\u0027s Box":["Prepared","After Image","Glass Knife","Envenom","Storm of Steel","Blur","Calculated Gamble","Sucker Punch","Deadly Poison","Predator"],"Art of War":[1],"obtain_stats":[{"TwistedFunnel":53,"Lantern":25,"SacredBark":17,"Vajra":36,"Hammer of Thor":0,"Snake Skull":1,"Bottled Tornado":25,"Smiling Mask":13,"Blood Vial":48,"Nunchaku":46,"Shovel":42,"WristBlade":17,"InkBottle":26,"Ring of the Snake":0,"Runic Pyramid":34,"Potion Belt":53,"Girya":19,"Pear":49,"Happy Flower":54,"PreservedInsect":3,"Pen Nib":47,"Seething Fire":0,"Letter Opener":52,"Paper Crane":14,"Orichalcum":21,"Akabeko":14,"WarpedTongs":29,"Mercury Hourglass":31,"Bottled Flame":7,"Anchor":23,"Anvil of the Gods":0,"Bronze Scales":9,"Pandora\u0027s Box":0,"Art of War":53,"TungstenRod":44,"Toy Ornithopter":53},{"TwistedFunnel":27,"Lantern":16,"SacredBark":12,"Vajra":19,"Hammer of Thor":0,"Snake Skull":1,"Bottled Tornado":16,"Smiling Mask":11,"Blood Vial":26,"Nunchaku":25,"Shovel":22,"WristBlade":12,"InkBottle":16,"Ring of the Snake":0,"Runic Pyramid":18,"Potion Belt":27,"Girya":14,"Pear":26,"Happy Flower":28,"PreservedInsect":2,"Pen Nib":25,"Seething Fire":0,"Letter Opener":27,"Paper Crane":11,"Orichalcum":15,"Akabeko":11,"WarpedTongs":17,"Mercury Hourglass":17,"Bottled Flame":6,"Anchor":16,"Anvil of the Gods":0,"Bronze Scales":7,"Pandora\u0027s Box":0,"Art of War":27,"TungstenRod":23,"Toy Ornithopter":27},{"TwistedFunnel":78,"Lantern":38,"SacredBark":31,"Vajra":47,"Hammer of Thor":0,"Snake Skull":3,"Bottled Tornado":38,"Smiling Mask":26,"Blood Vial":73,"Nunchaku":69,"Shovel":56,"WristBlade":31,"InkBottle":38,"Ring of the Snake":0,"Runic Pyramid":45,"Potion Belt":78,"Girya":34,"Pear":73,"Happy Flower":81,"PreservedInsect":6,"Pen Nib":69,"Seething Fire":0,"Letter Opener":78,"Paper Crane":26,"Orichalcum":36,"Akabeko":26,"WarpedTongs":41,"Mercury Hourglass":41,"Bottled Flame":15,"Anchor":38,"Anvil of the Gods":0,"Bronze Scales":17,"Pandora\u0027s Box":0,"Art of War":78,"TungstenRod":59,"Toy Ornithopter":78}],"InkBottle":[21],"TungstenRod":15,"Toy Ornithopter":0},"card_choices":[{"not_picked":["Outmaneuver","Heel Hook"],"picked":"Dagger Spray","floor":1.0},{"not_picked":["Accuracy","Choke"],"picked":"Outmaneuver","floor":2.0},{"not_picked":["Tactician","Backflip"],"picked":"Dash","floor":4.0},{"not_picked":["Riddle With Holes","Outmaneuver"],"picked":"Distraction","floor":5.0},{"not_picked":["Poisoned Stab","Bane"],"picked":"Bouncing Flask","floor":6.0},{"not_picked":["Dagger Throw","Sucker Punch"],"picked":"Blade Dance","floor":7.0},{"not_picked":["Acrobatics","Prepared","Flechettes"],"picked":"SKIP","floor":8.0},{"not_picked":["Terror","Doppelganger","Infinite Blades"],"picked":"SKIP","floor":10.0},{"not_picked":["Prepared","Flechettes","Choke"],"picked":"SKIP","floor":11.0},{"not_picked":["Eviscerate","Reflex"],"picked":"Poisoned Stab","floor":12.0},{"not_picked":["Dagger Spray","Infinite Blades"],"picked":"Accuracy","floor":13.0},{"not_picked":["Backstab+1","Blade Dance"],"picked":"Catalyst","floor":18.0},{"not_picked":["PiercingWail+1","Predator","Bane"],"picked":"SKIP","floor":19.0},{"not_picked":["Cloak And Dagger+1","Heel Hook"],"picked":"Crippling Poison","floor":20.0},{"not_picked":["Riddle With Holes","Deflect","Setup"],"picked":"SKIP","floor":23.0},{"not_picked":["Underhanded Strike","Deflect","Sucker Punch"],"picked":"SKIP","floor":27.0},{"not_picked":["Bullet Time","Tools of the Trade"],"picked":"Venomology","floor":33.0},{"not_picked":["Eviscerate","Bane"],"picked":"Caltrops+1","floor":35.0},{"not_picked":["Dash","Poisoned Stab+1","Terror+1"],"picked":"SKIP","floor":37.0},{"not_picked":["Deflect","Expertise+1","Outmaneuver+1"],"picked":"SKIP","floor":39.0},{"not_picked":["Underhanded Strike","Skewer","Dagger Spray+1"],"picked":"SKIP","floor":41.0},{"not_picked":["Prepared","Outmaneuver+1","Dagger Throw+1"],"picked":"SKIP","floor":44.0},{"not_picked":["Terror","Phantasmal Killer","Outmaneuver"],"picked":"SKIP","floor":45.0},{"not_picked":["Backflip","Slice","Accuracy"],"picked":"SKIP","floor":46.0},{"not_picked":["Prepared+1","Cloak And Dagger+1","Calculated Gamble"],"picked":"SKIP","floor":48.0},{"not_picked":["PiercingWail","Riddle With Holes","Sucker Punch+1"],"picked":"SKIP","floor":54.0}],"player_experience":187584,"relics_obtained":[{"floor":7.0,"key":"Bottled Flame"},{"floor":9.0,"key":"Bronze Scales"},{"floor":13.0,"key":"Smiling Mask"},{"floor":23.0,"key":"Anchor"},{"floor":26.0,"key":"InkBottle"},{"floor":46.0,"key":"Nunchaku"},{"floor":47.0,"key":"Pen Nib"},{"floor":48.0,"key":"Blood Vial"},{"floor":49.0,"key":"Pear"},{"floor":52.0,"key":"Letter Opener"},{"floor":54.0,"key":"Happy Flower"}],"event_choices":[{"damage_healed":0.0,"max_hp_gain":0.0,"max_hp_loss":0.0,"gold_gain":0.0,"event_name":"Beggar","player_choice":"Ignored","floor":22.0,"gold_loss":0.0,"damage_taken":0.0},{"damage_healed":0.0,"max_hp_gain":0.0,"max_hp_loss":0.0,"gold_gain":0.0,"event_name":"Transmorgrifier","player_choice":"Ignored","floor":24.0,"gold_loss":0.0,"damage_taken":0.0},{"damage_healed":0.0,"max_hp_gain":0.0,"max_hp_loss":0.0,"gold_gain":0.0,"event_name":"Accursed Blacksmith","player_choice":"Rummage","floor":29.0,"gold_loss":0.0,"damage_taken":0.0,"relics_obtained":["WarpedTongs"],"cards_obtained":["Pain"]},{"damage_healed":0.0,"max_hp_gain":0.0,"max_hp_loss":0.0,"gold_gain":0.0,"event_name":"Purifier","player_choice":"Ignored","floor":38.0,"gold_loss":0.0,"damage_taken":0.0}],"is_beta":false,"boss_relics":[{"not_picked":["SacredBark","Calling Bell"],"picked":"WristBlade"},{"not_picked":["HoveringKite","Velvet Choker"],"picked":"Runic Pyramid"}],"items_purged_floors":[],"is_endless":false,"potions_floor_spawned":[2,4,5,8,10,18,20,27,35,44,46,48],"ascension_level":0}}