{"host":"kgfs5ebhusfk1t4t","time":1610809690,"event":{"mods":["BaseMod","Colored Map","DeckTracker","Highlight Path","KOR Keyword Fix","Keyboard Shortcuts","Minty Spire (QoL Compilation)","Permanent Neow","Quick Restart","StSLib","SuperFastMode","everything is the same but u backflip on backflip"],"gold_per_floor":[362,362,378,395,105,105,105,105],"floor_reached":7,"language":"KOR","playtime":210,"items_purged":["Strike_R"],"score":70,"play_id":"f1145c4b-eeb1-4b84-905d-468b96556b7c","local_time":"20210117000810","is_ascension_mode":true,"campfire_choices":[{"data":"Armaments","floor":6,"key":"SMITH"}],"circlet_count":0,"master_deck":["AscendersBane","Strike_R","Strike_R","Strike_R","Strike_R","Defend_R","Defend_R","Defend_R","Defend_R","Bash","Inflame","Shrug It Off","Armaments+1","Evolve","Power Through","Reckless Charge"],"relics":["Burning Blood","FaceOfCleric"],"acts_visited":["Exordium"],"potions_floor_usage":[],"damage_taken":[{"damage":13,"enemies":"Jaw Worm","floor":1,"turns":5},{"damage":6,"enemies":"Cultist","floor":3,"turns":4},{"damage":15,"enemies":"Small Slimes","floor":4,"turns":3},{"damage":18,"enemies":"Gremlin Nob","floor":7,"turns":5}],"seed_played":"-5458903196362176418","potions_obtained":[{"floor":1,"key":"FearPotion"},{"floor":4,"key":"Ancient Potion"}],"is_trial":false,"path_per_floor":["M","?","M","M","$","R","E"],"character_chosen":"IRONCLAD","items_purchased":["Evolve","Power Through","Reckless Charge"],"campfire_rested":0,"item_purchase_floors":[5,5,5],"current_hp_per_floor":[61,61,62,54,54,54,36,36],"gold":105,"neow_bonus":"TWO_FIFTY_GOLD","is_daily":false,"chose_seed":false,"campfire_upgraded":1,"win_rate":0.0,"timestamp":1610809690,"path_taken":["M","?","M","M","$","R","E"],"items_purchased_type":["Card","Card","Card"],"build_version":"2020-12-22","purchased_purges":1,"victory":false,"max_hp_per_floor":[68,68,69,70,70,70,70,70],"card_choices":[{"not_picked":["Iron Wave","Thunderclap"],"picked":"Inflame","floor":1},{"not_picked":["Headbutt","Pommel Strike"],"picked":"Shrug It Off","floor":3},{"not_picked":["Warcry","Headbutt"],"picked":"Armaments","floor":4}],"player_experience":517980,"relics_obtained":[],"event_choices":[{"damage_healed":0,"gold_gain":0,"player_choice":"Trade","damage_taken":0,"relics_obtained":["FaceOfCleric"],"max_hp_gain":0,"max_hp_loss":0,"event_name":"FaceTrader","floor":2,"gold_loss":0}],"is_beta":false,"boss_relics":[],"items_purged_floors":[5],"is_endless":false,"potions_floor_spawned":[1,4],"killed_by":"Gremlin Nob","ascension_level":14}}