{"host":"jmdwsiegw2vwqzt1","time":1610775131,"event":{"mods":["2.2 Compatiblity","AchievementEnabler","BaseMod","Better Third Choice","Better Vampires","Colored Powertips","Custom Start","Dio Mod","Downfall","Hermit","Highlight Path","Jorbs\u0027s Wanderer Trilogy","Marisa????????","Minty Spire (QoL Compilation)","Permanent Neow","Quick Restart","Rare Cards Sparkle","Relic Stats","Spicy Shops","StSLib","SuperFastMode","The Bug Knight","The Cursed","The Disciple","The Hierophant","The Necromancer","The Servant 0.9.4","slay the spire mod where everything is the same but ironclad has a cowboy hat"],"gold_per_floor":[99,109,109,109,123,23,105,105,125,275,289,305,72,72,85,181,181,81,92,92,92,2,12,12,12,0,0,164,178,189,207,220,322,322,322,322,342,357,371,402,402,402,419,419,447,64,64,64,78,78],"floor_reached":51,"language":"ENG","playtime":2150,"items_purged":["downfall:Icky","downfall:Malfunctioning","downfall:Bewildered"],"score":1324,"play_id":"903b4d8e-9ddc-435d-bc13-5e5866b73fc5","local_time":"20210116003211","is_ascension_mode":false,"campfire_choices":[{"floor":1,"key":"RECALL"},{"data":"bronze:Goto","floor":6,"key":"SMITH"},{"data":"bronze:Shell","floor":18,"key":"SMITH"},{"data":"bronze:HardenedForm","floor":25,"key":"SMITH"},{"data":"bronze:Assembly","floor":35,"key":"SMITH"},{"data":"expansioncontent:GuardianWhirl","floor":47,"key":"SMITH"}],"circlet_count":0,"master_deck":["bronze:Strike","bronze:Strike","bronze:Defend","bronze:Defend","bronze:Defend","bronze:Defend","bronze:Replicate+1","bronze:Goto+1","bronze:ChosenStrike","bronze:Spike","bronze:ChosenStrike+1","bronze:Shell+1","bronze:HardenedForm+1","bronze:Shell+1","bronze:Repair+1","bronze:Assembly+1","CurseOfTheBell","bronze:WhirlingStrike+1","bronze:ClassDefault","expansioncontent:GuardianWhirl+1","bronze:ClassDefault"],"relics":["bronze:BronzeCore","Anchor","downfall:HeartBlessingRed","CaptainsWheel","Cursed Key","downfall:HeartBlessingBlue","Ornamental Fan","Strange Spoon","Calling Bell","Orichalcum","Matryoshka","Incense Burner","Whetstone","Blood Vial","Pantograph","Strawberry","HornCleat"],"acts_visited":["Exordium","TheCity","TheBeyond"],"potions_floor_usage":[11,45,50],"damage_taken":[{"damage":0,"enemies":"2 Louse","floor":2,"turns":2},{"damage":10,"enemies":"2 Louse","floor":3,"turns":5},{"damage":1,"enemies":"Cultist","floor":5,"turns":4},{"damage":1,"enemies":"Jaw Worm","floor":9,"turns":2},{"damage":0,"enemies":"2 Fungi Beasts","floor":11,"turns":2},{"damage":7,"enemies":"Blue Slaver","floor":12,"turns":4},{"damage":5,"enemies":"downfall:FleeingMerchant","floor":13,"turns":4},{"damage":0,"enemies":"Large Slime","floor":15,"turns":3},{"damage":8,"enemies":"WA_ARCHETYPE_RETAIN","floor":16,"turns":5},{"damage":0,"enemies":"3 Byrds","floor":19,"turns":5},{"damage":2,"enemies":"downfall:FleeingMerchant","floor":22,"turns":4},{"damage":0,"enemies":"Cultist and Chosen","floor":23,"turns":2},{"damage":0,"enemies":"downfall:FleeingMerchant","floor":26,"turns":4},{"damage":0,"enemies":"downfall:FleeingMerchant","floor":28,"turns":2},{"damage":1,"enemies":"Centurion and Healer","floor":29,"turns":5},{"damage":0,"enemies":"Snecko","floor":30,"turns":4},{"damage":0,"enemies":"3 Cultists","floor":31,"turns":4},{"damage":0,"enemies":"Snake Plant","floor":32,"turns":3},{"damage":0,"enemies":"SI_MIRROR_ARCHETYPE","floor":33,"turns":8},{"damage":0,"enemies":"Orb Walker","floor":37,"turns":2},{"damage":0,"enemies":"3 Darklings","floor":38,"turns":4},{"damage":2,"enemies":"Sphere and 2 Shapes","floor":39,"turns":4},{"damage":3,"enemies":"Reptomancer","floor":40,"turns":5},{"damage":6,"enemies":"Maw","floor":43,"turns":8},{"damage":0,"enemies":"HollowMod:StalkingDevout","floor":45,"turns":11},{"damage":0,"enemies":"Spire Growth","floor":49,"turns":4},{"damage":30,"enemies":"DF_ARCHETYPE_ORBS","floor":50,"turns":10}],"seed_played":"2058723595166261024","potions_obtained":[{"floor":3,"key":"LiquidMemories"},{"floor":5,"key":"DistilledChaos"},{"floor":15,"key":"SteroidPotion"},{"floor":16,"key":"EssenceOfSteel"},{"floor":29,"key":"bronze:FreeFunctionsPotion"},{"floor":45,"key":"Fruit Juice"}],"is_trial":false,"path_per_floor":["R","M","?","?","M","R","T","?","M","?","M","M","$","?","M","B",null,"R","M","?","?","$","M","T","R","$","?","$","M","M","M","M","B",null,"R","?","M","M","M","E","T","?","M","?","E","$","R","$","M","B",null],"character_chosen":"THE_AUTOMATON","items_purchased":["CaptainsWheel","DistilledChaos","Strange Spoon","HornCleat"],"campfire_rested":0,"item_purchase_floors":[13,13,28,46],"current_hp_per_floor":[70,70,60,60,59,59,59,59,58,58,58,51,46,46,46,38,70,80,80,80,80,78,78,78,78,78,78,78,80,80,80,80,80,80,80,80,80,80,78,77,77,77,73,73,87,87,87,87,89,72],"gold":78,"neow_bonus":"RANDOM_COMMON_RELIC","is_daily":false,"chose_seed":false,"campfire_upgraded":5,"win_rate":0.0,"timestamp":1610775131,"path_taken":["R","M","?","?","?","R","T","?","M","?","M","M","?","?","M","BOSS","R","M","?","?","$","M","T","R","$","?","?","M","M","M","M","BOSS","R","?","M","M","M","E","T","?","M","?","E","$","R","$","M","BOSS"],"items_purchased_type":["Relic","Potion","Relic","Relic"],"build_version":"2020-12-22","purchased_purges":3,"victory":true,"max_hp_per_floor":[70,70,70,70,70,70,70,70,70,70,70,70,70,70,70,70,70,80,80,80,80,80,80,80,80,80,80,80,80,80,80,80,80,80,80,80,80,80,80,80,80,80,80,80,92,92,92,92,92,92],"relic_stats":{"Blood Vial":6,"Strange Spoon":[10],"counters":[27,120],"Ornamental Fan":[140],"Pantograph":3,"Whetstone":["bronze:ChosenStrike","bronze:Replicate"],"Orichalcum":[0],"Cursed Key":2,"obtain_stats":[{"bronze:BronzeCore":0,"downfall:HeartBlessingRed":6,"Incense Burner":34,"Whetstone":40,"Orichalcum":34,"Cursed Key":17,"Calling Bell":34,"Blood Vial":41,"Strange Spoon":28,"Anchor":0,"CaptainsWheel":13,"downfall:BrokenWingStatue":14,"Matryoshka":34,"HornCleat":46,"downfall:HeartBlessingBlue":18,"Ornamental Fan":24,"Pantograph":41,"Strawberry":45},{"bronze:BronzeCore":0,"downfall:HeartBlessingRed":3,"Incense Burner":19,"Whetstone":23,"Orichalcum":19,"Cursed Key":9,"Calling Bell":19,"Blood Vial":23,"Strange Spoon":14,"Anchor":0,"CaptainsWheel":7,"downfall:BrokenWingStatue":7,"Matryoshka":19,"HornCleat":25,"downfall:HeartBlessingBlue":9,"Ornamental Fan":12,"Pantograph":23,"Strawberry":25},{"bronze:BronzeCore":0,"downfall:HeartBlessingRed":11,"Incense Burner":72,"Whetstone":87,"Orichalcum":72,"Cursed Key":31,"Calling Bell":72,"Blood Vial":87,"Strange Spoon":48,"Anchor":0,"CaptainsWheel":23,"downfall:BrokenWingStatue":23,"Matryoshka":72,"HornCleat":106,"downfall:HeartBlessingBlue":31,"Ornamental Fan":42,"Pantograph":87,"Strawberry":106}]},"card_choices":[{"not_picked":["bronze:Branch","bronze:Iterate"],"picked":"bronze:ChosenStrike","floor":2},{"not_picked":[],"picked":"bronze:Spike","floor":3},{"not_picked":["bronze:Frontload","bronze:Invalidate","bronze:Backtrace"],"picked":"SKIP","floor":5},{"not_picked":["bronze:Branch","bronze:CutThrough","bronze:Shield"],"picked":"SKIP","floor":9},{"not_picked":["bronze:DarkDash","bronze:Mutator","bronze:DelayedSlice"],"picked":"SKIP","floor":11},{"not_picked":["bronze:BuggyMess","bronze:BitShift","bronze:OilSpill"],"picked":"SKIP","floor":12},{"not_picked":["bronze:ChildClass","bronze:BuggyMess","bronze:DigitalCarnage"],"picked":"SKIP","floor":13},{"not_picked":["bronze:FollowUp","bronze:BugBarrage"],"picked":"bronze:Shell","floor":15},{"not_picked":["bronze:Format","bronze:HyperBeam"],"picked":"bronze:HardenedForm","floor":16},{"not_picked":["bronze:OilSpill","bronze:Frontload+1"],"picked":"bronze:Shell+1","floor":19},{"not_picked":["bronze:OilSpill","bronze:DigitalCarnage","bronze:Frontload"],"picked":"SKIP","floor":22},{"not_picked":["bronze:Fortify+1","bronze:BuggyMess","bronze:ForLoop"],"picked":"SKIP","floor":23},{"not_picked":["bronze:Overheat","bronze:OilSpill+1"],"picked":"bronze:Repair+1","floor":26},{"not_picked":["bronze:Iterate","bronze:Return"],"picked":"bronze:Assembly","floor":28},{"not_picked":["bronze:Boost","bronze:Fortify","bronze:OilSpill"],"picked":"SKIP","floor":29},{"not_picked":["bronze:DelayedSlice","bronze:Iterate","bronze:WildBeam"],"picked":"SKIP","floor":30},{"not_picked":["bronze:Repair","bronze:Safeguard","bronze:MaxOutput"],"picked":"SKIP","floor":31},{"not_picked":["bronze:ItsAFeature+1","bronze:BugBarrage","bronze:ChildClass"],"picked":"SKIP","floor":32},{"not_picked":["bronze:CloningBeam+1","bronze:Boost+1","bronze:WhirlingStrike+1"],"picked":"SKIP","floor":37},{"not_picked":["bronze:DelayedSlice","bronze:BuggyMess+1"],"picked":"bronze:WhirlingStrike+1","floor":38},{"not_picked":["bronze:Shield","bronze:OilSpill+1"],"picked":"bronze:ClassDefault","floor":39},{"not_picked":["bronze:Overheat","bronze:BronzeOrb","bronze:Turbo"],"picked":"SKIP","floor":40},{"not_picked":["expansioncontent:AwakenDeath","expansioncontent:Hexaburn"],"picked":"expansioncontent:GuardianWhirl","floor":42},{"not_picked":["bronze:OilSpill+1","bronze:Invalidate+1","bronze:Deprecate"],"picked":"SKIP","floor":43},{"not_picked":["bronze:Repulsor","bronze:WildBeam","bronze:MaxOutput+1"],"picked":"SKIP","floor":45},{"not_picked":["bronze:Overload","bronze:MaxOutput+1"],"picked":"bronze:ClassDefault","floor":49}],"player_experience":331399,"relics_obtained":[{"floor":24,"key":"Ornamental Fan"},{"floor":34,"key":"Orichalcum"},{"floor":34,"key":"Matryoshka"},{"floor":34,"key":"Incense Burner"},{"floor":40,"key":"Whetstone"},{"floor":41,"key":"Blood Vial"},{"floor":41,"key":"Pantograph"},{"floor":45,"key":"Strawberry"}],"event_choices":[{"damage_healed":0,"gold_gain":0,"player_choice":"Ignored","damage_taken":0,"max_hp_gain":0,"max_hp_loss":0,"event_name":"Ghosts","floor":20,"gold_loss":0},{"cards_removed":["bronze:Strike"],"damage_healed":0,"gold_gain":0,"player_choice":"Removed Attack","damage_taken":0,"max_hp_gain":0,"max_hp_loss":0,"event_name":"Falling","floor":36,"gold_loss":0}],"is_beta":false,"boss_relics":[{"not_picked":["Fusion Hammer","bronze:PlatinumCore"],"picked":"Cursed Key"},{"not_picked":["Pandora\u0027s Box","Black Star"],"picked":"Calling Bell"}],"items_purged_floors":[22,28,46],"is_endless":false,"potions_floor_spawned":[3,5,15,16,29,30,31,32,33,40,43,45],"ascension_level":0}}