{"host":"4cz9gr89nglr7k8k","time":1610834279,"event":{"mods":["BaseMod","Minty Spire (QoL Compilation)","Relic Stats","Slay-I"],"gold_per_floor":[116,191,9,9,27,27,59,59,108,120,163,194,206,218,230,242,242],"floor_reached":16,"language":"DEU","playtime":630,"items_purged":[],"score":262,"play_id":"19bb0af8-0479-4e58-9b35-f65ba49a8805","local_time":"20210116225759","is_ascension_mode":true,"campfire_choices":[{"data":"Whirlwind","floor":6,"key":"SMITH"},{"floor":8,"key":"REST"},{"floor":13,"key":"REST"},{"data":"Spot Weakness","floor":15,"key":"SMITH"}],"circlet_count":0,"master_deck":["AscendersBane","Strike_R","Strike_R","Strike_R","Strike_R","Strike_R","Defend_R","Defend_R","Defend_R","Defend_R","Bash+1","Rage","Whirlwind+1","Clash+1","Shockwave","Spot Weakness+1","Sever Soul","Immolate","Wild Strike"],"relics":["Burning Blood","NeowsBlessing","Oddly Smooth Stone","MawBank","Sundial"],"acts_visited":["Exordium"],"potions_floor_usage":[16],"damage_taken":[{"damage":0,"enemies":"Cultist","floor":1,"turns":1},{"damage":0,"enemies":"Small Slimes","floor":5,"turns":2},{"damage":0,"enemies":"3 Sentries","floor":7,"turns":2},{"damage":34,"enemies":"Gremlin Nob","floor":11,"turns":4},{"damage":0,"enemies":"2 Louse","floor":12,"turns":1},{"damage":75,"enemies":"Hexaghost","floor":16,"turns":9}],"seed_played":"-4750762334887807863","potions_obtained":[{"floor":1,"key":"Fire Potion"},{"floor":5,"key":"SpeedPotion"},{"floor":10,"key":"SmokeBomb"}],"is_trial":false,"path_per_floor":["M","?","$","?","M","R","E","R","T","?","E","M","R","?","R","B"],"character_chosen":"IRONCLAD","items_purchased":["Whirlwind","Clash","Shockwave"],"campfire_rested":2,"item_purchase_floors":[3,3,3],"current_hp_per_floor":[74,63,63,40,46,46,52,74,74,74,46,52,74,74,74,0,0],"gold":242,"neow_bonus":"THREE_ENEMY_KILL","is_daily":false,"chose_seed":false,"campfire_upgraded":2,"win_rate":0.0,"timestamp":1610834279,"path_taken":["M","?","$","?","M","R","E","R","T","?","E","?","R","?","R","BOSS"],"items_purchased_type":["Card","Card","Card"],"build_version":"2020-12-22","purchased_purges":0,"victory":false,"max_hp_per_floor":[75,75,75,75,75,75,75,75,75,75,75,75,75,75,75,75,75],"relic_stats":{"counters":[6,19],"Sundial":[0],"MawBank":84,"obtain_stats":[{"NeowsBlessing":0,"Sundial":11,"Oddly Smooth Stone":7,"MawBank":9,"Burning Blood":0},{"NeowsBlessing":0,"Sundial":4,"Oddly Smooth Stone":3,"MawBank":3,"Burning Blood":0},{"NeowsBlessing":0,"Sundial":9,"Oddly Smooth Stone":5,"MawBank":5,"Burning Blood":0}],"Burning Blood":30},"card_choices":[{"not_picked":["Entrench","Warcry"],"picked":"Rage","floor":1},{"not_picked":["Body Slam","Havoc"],"picked":"Spot Weakness","floor":5},{"not_picked":["Double Tap","Dropkick"],"picked":"Sever Soul","floor":7},{"not_picked":["Corruption","Headbutt"],"picked":"Immolate","floor":11},{"not_picked":["Sentinel","Headbutt"],"picked":"Wild Strike","floor":12}],"player_experience":1499686,"relics_obtained":[{"floor":7,"key":"Oddly Smooth Stone"},{"floor":9,"key":"MawBank"},{"floor":11,"key":"Sundial"}],"event_choices":[{"damage_healed":0,"gold_gain":75,"player_choice":"Gather Gold","damage_taken":11,"max_hp_gain":0,"max_hp_loss":0,"event_name":"World of Goop","floor":2,"gold_loss":0},{"damage_healed":0,"gold_gain":0,"player_choice":"Entered Light","damage_taken":23,"max_hp_gain":0,"max_hp_loss":0,"event_name":"Shining Light","floor":4,"gold_loss":0,"cards_upgraded":["Clash","Bash"]},{"damage_healed":0,"gold_gain":0,"player_choice":"Got Potions","damage_taken":0,"max_hp_gain":0,"max_hp_loss":0,"event_name":"Lab","floor":10,"gold_loss":0},{"damage_healed":0,"gold_gain":0,"player_choice":"Searched \u00271\u0027 times","damage_taken":0,"max_hp_gain":0,"max_hp_loss":0,"event_name":"Dead Adventurer","floor":14,"gold_loss":0}],"is_beta":false,"boss_relics":[],"items_purged_floors":[],"is_endless":false,"potions_floor_spawned":[1,5],"killed_by":"Hexaghost","ascension_level":20}}