{"host":"gkm149kh1ihaqy0o","time":1610757972,"event":{"mods":["AchievementEnabler","BaseMod","Colored Powertips","Googly Eyes","Key Reminder","Minty Spire (QoL Compilation)","Permanent Neow","Quick Restart","Random Character Button","Rare Cards Sparkle","Relic Sorter","Relic Stats","SuperFastMode","Unceasing Turn Reminder","everything is the same but u backflip on backflip"],"gold_per_floor":[109,119,132,142,152,180,180,211,211,25,45,45,45,61,61,164,164,184,283,198,218,228,228,228,260,310,310,322,341,366,385,385,486,486,486,486],"floor_reached":35,"language":"ENG","playtime":1380,"items_purged":["Strike_P"],"score":555,"play_id":"e5b8d6a7-7d6b-4f75-8f74-96f1a7a0a6f0","local_time":"20210115184612","is_ascension_mode":true,"campfire_choices":[{"data":"Eruption","floor":7,"key":"SMITH"},{"floor":12,"key":"REST"},{"floor":15,"key":"REST"},{"floor":23,"key":"REST"},{"floor":27,"key":"REST"},{"floor":32,"key":"REST"}],"circlet_count":0,"master_deck":["Strike_P","Strike_P","Strike_P","Defend_P","Defend_P","Defend_P","Defend_P","Eruption+1","Vigilance","EmptyFist","Swivel","Prostrate+1","CarveReality","Indignation+1","ForeignInfluence","TalkToTheHand","MentalFortress","InnerPeace","Halt","Halt","Prostrate","Consecrate","Omniscience","FearNoEvil","MentalFortress","Ragnarok","WaveOfTheHand+1","Vengeance+1","Protect","Protect"],"relics":["Sozu","Anchor","Dream Catcher","StoneCalendar","Snecko Eye","TungstenRod","Lizard Tail","War Paint","Boot","Busted Crown"],"acts_visited":["Exordium","TheCity","TheBeyond"],"potions_floor_usage":[],"damage_taken":[{"damage":0,"enemies":"Cultist","floor":1,"turns":4},{"damage":13,"enemies":"2 Louse","floor":2,"turns":3},{"damage":11,"enemies":"Jaw Worm","floor":3,"turns":2},{"damage":0,"enemies":"2 Fungi Beasts","floor":4,"turns":3},{"damage":5,"enemies":"Red Slaver","floor":5,"turns":4},{"damage":32,"enemies":"Lagavulin","floor":6,"turns":5},{"damage":2,"enemies":"3 Sentries","floor":8,"turns":6},{"damage":0,"enemies":"Gremlin Gang","floor":11,"turns":3},{"damage":0,"enemies":"Large Slime","floor":14,"turns":6},{"damage":4,"enemies":"Hexaghost","floor":16,"turns":9},{"damage":0,"enemies":"Shell Parasite","floor":18,"turns":4},{"damage":14,"enemies":"Spheric Guardian","floor":21,"turns":4},{"damage":12,"enemies":"Shelled Parasite and Fungi","floor":22,"turns":2},{"damage":22,"enemies":"Book of Stabbing","floor":25,"turns":7},{"damage":0,"enemies":"Snake Plant","floor":28,"turns":2},{"damage":3,"enemies":"Centurion and Healer","floor":29,"turns":4},{"damage":30,"enemies":"Gremlin Leader","floor":30,"turns":7},{"damage":22,"enemies":"Shelled Parasite and Fungi","floor":31,"turns":4},{"damage":60,"enemies":"Champ","floor":33,"turns":10},{"damage":3,"enemies":"3 Darklings","floor":35,"turns":2}],"seed_played":"-5783962837971898666","potions_obtained":[],"is_trial":false,"path_per_floor":["M","M","M","M","M","E","R","E","T","$","M","R","$","M","R","B",null,"M","?","?","M","M","R","?","E","T","R","M","M","E","M","R","B",null,"M"],"character_chosen":"WATCHER","items_purchased":["MentalFortress","InnerPeace"],"campfire_rested":5,"item_purchase_floors":[10,10],"current_hp_per_floor":[65,52,41,41,36,4,4,2,2,2,2,23,23,23,44,40,64,64,64,64,50,38,59,59,37,37,58,58,55,25,3,24,12,57,54,54],"gold":486,"neow_bonus":"BOSS_RELIC","is_daily":false,"chose_seed":false,"campfire_upgraded":1,"win_rate":0.0,"timestamp":1610757972,"path_taken":["M","M","M","M","M","E","R","E","T","$","M","R","?","M","R","BOSS","M","?","?","M","M","R","?","E","T","R","?","M","E","?","R","BOSS","M"],"items_purchased_type":["Card","Card"],"build_version":"2020-12-22","purchased_purges":1,"victory":false,"max_hp_per_floor":[72,72,72,72,72,72,72,72,72,72,72,72,72,72,72,72,72,72,72,72,72,72,72,72,72,72,72,72,72,72,72,72,72,72,72,72],"relic_stats":{"Sozu":11,"Dream Catcher":5,"Lizard Tail":36,"Busted Crown":0,"counters":[20,91],"Snecko Eye":[80,95,84,79],"StoneCalendar":[132],"War Paint":["Prostrate","Indignation"],"Boot":[6],"obtain_stats":[{"Sozu":0,"Anchor":6,"Dream Catcher":8,"Lizard Tail":25,"Busted Crown":34,"Snecko Eye":17,"StoneCalendar":9,"PureWater":0,"War Paint":26,"Boot":30,"TungstenRod":20},{"Sozu":0,"Anchor":6,"Dream Catcher":7,"Lizard Tail":14,"Busted Crown":19,"Snecko Eye":10,"StoneCalendar":7,"PureWater":0,"War Paint":14,"Boot":17,"TungstenRod":11},{"Sozu":0,"Anchor":21,"Dream Catcher":27,"Lizard Tail":62,"Busted Crown":89,"Snecko Eye":45,"StoneCalendar":27,"PureWater":0,"War Paint":62,"Boot":75,"TungstenRod":49}],"TungstenRod":19},"card_choices":[{"not_picked":["Crescendo","SignatureMove"],"picked":"EmptyFist","floor":1},{"not_picked":["Wireheading","DeceiveReality"],"picked":"Swivel","floor":2},{"not_picked":["SashWhip","WindmillStrike"],"picked":"Prostrate","floor":3},{"not_picked":["Protect","Worship"],"picked":"CarveReality","floor":4},{"not_picked":["FlurryOfBlows","PathToVictory"],"picked":"Indignation","floor":5},{"not_picked":["CrushJoints","Evaluate"],"picked":"ForeignInfluence","floor":6},{"not_picked":["Omniscience","Scrawl"],"picked":"TalkToTheHand","floor":8},{"not_picked":["Protect","Crescendo"],"picked":"Halt","floor":11},{"not_picked":["Protect","Swivel"],"picked":"Halt","floor":12},{"not_picked":["PathToVictory","LikeWater"],"picked":"Prostrate","floor":14},{"not_picked":["FlyingSleeves","Prostrate"],"picked":"Consecrate","floor":15},{"not_picked":["Judgement","Wish"],"picked":"Omniscience","floor":16},{"not_picked":["Perseverance+1","PathToVictory"],"picked":"FearNoEvil","floor":18},{"not_picked":["Prostrate+1","CarveReality+1","SignatureMove"],"picked":"SKIP","floor":21},{"not_picked":["PathToVictory","Prostrate+1","SignatureMove"],"picked":"SKIP","floor":22},{"not_picked":["CrushJoints","WindmillStrike"],"picked":"MentalFortress","floor":23},{"not_picked":["Sanctity","CutThroughFate+1","SignatureMove+1"],"picked":"SKIP","floor":25},{"not_picked":["Indignation","JustLucky+1"],"picked":"Ragnarok","floor":27},{"not_picked":["PathToVictory+1","Conclude+1","Crescendo"],"picked":"SKIP","floor":28},{"not_picked":["Worship+1","SandsOfTime"],"picked":"WaveOfTheHand+1","floor":29},{"not_picked":["FlyingSleeves","Consecrate+1"],"picked":"Vengeance+1","floor":30},{"not_picked":["FlurryOfBlows","PathToVictory"],"picked":"Protect","floor":31},{"not_picked":["Halt","BattleHymn+1"],"picked":"Protect","floor":32}],"player_experience":626966,"relics_obtained":[{"floor":6,"key":"Anchor"},{"floor":8,"key":"Dream Catcher"},{"floor":9,"key":"StoneCalendar"},{"floor":25,"key":"Lizard Tail"},{"floor":26,"key":"War Paint"},{"floor":30,"key":"Boot"}],"event_choices":[{"damage_healed":0,"gold_gain":99,"player_choice":"Stole From Cult","damage_taken":0,"max_hp_gain":0,"max_hp_loss":0,"event_name":"Nest","floor":19,"gold_loss":0},{"damage_healed":0,"gold_gain":0,"player_choice":"Obtained Relic","damage_taken":0,"relics_obtained":["TungstenRod"],"max_hp_gain":0,"max_hp_loss":0,"event_name":"Addict","floor":20,"gold_loss":85},{"damage_healed":0,"gold_gain":0,"player_choice":"Got Potions","damage_taken":0,"max_hp_gain":0,"max_hp_loss":0,"event_name":"Lab","floor":24,"gold_loss":0}],"is_beta":false,"boss_relics":[{"not_picked":["Astrolabe","Runic Dome"],"picked":"Snecko Eye"},{"not_picked":["SacredBark","Black Star"],"picked":"Busted Crown"}],"items_purged_floors":[10],"is_endless":false,"potions_floor_spawned":[2,3,6,8,25,29,30,33],"killed_by":"3 Darklings","ascension_level":7}}