{"host":"omsykib0woddca32","time":1610794519,"event":{"mods":["BaseMod","Colored Powertips","Lobotomy","Minty Spire (QoL Compilation)","Random Character Button","Shop Mod","StSLib"],"gold_per_floor":[110,60,70,22,41,41,66,84,84,84,147,147,164,174,174,278,278,297,311,311,328,39,59,59,86,109,144,81,108,120,120],"floor_reached":30,"language":"ZHS","playtime":1719,"items_purged":["Defend_P"],"score":422,"play_id":"131cd7c7-939c-4d4b-b910-732dadb1bf7b","local_time":"20210116185519","is_ascension_mode":false,"campfire_choices":[{"data":"Eruption","floor":6.0,"key":"SMITH"},{"data":"Pray","floor":10.0,"key":"SMITH"},{"data":"Ragnarok","floor":12.0,"key":"SMITH"},{"floor":15.0,"key":"REST"},{"data":"Vigilance","floor":24.0,"key":"SMITH"}],"circlet_count":0,"master_deck":["Strike_P","Strike_P","Defend_P","Defend_P","Defend_P","Eruption+1","Vigilance+1","ReachHeaven","ClearTheMind","MHz","Pray+1","Ragnarok+1","CrumblingArmor","Devotion","Scorched","BattleHymn+1","Worship","WheelKick"],"relics":["PureWater","CogitoBucket","Damaru","CaptainsWheel","SkinProphecy","Snecko Eye","BackwardClock","PreservedInsect","Ancient Tea Set","Bag of Preparation","MawBank"],"acts_visited":["Exordium","TheCity"],"potions_floor_usage":[27,30],"damage_taken":[{"damage":2.0,"enemies":"2 Louse","floor":1.0,"turns":3.0},{"damage":6.0,"enemies":"Jaw Worm","floor":3.0,"turns":4.0},{"damage":0.0,"enemies":"Cultist","floor":5.0,"turns":4.0},{"damage":36.0,"enemies":"3 Sentries","floor":7.0,"turns":10.0},{"damage":7.0,"enemies":"Looter","floor":8.0,"turns":3.0},{"damage":0.0,"enemies":"Lagavulin Event","floor":11.0,"turns":2.0},{"damage":2.0,"enemies":"Red Slaver","floor":13.0,"turns":3.0},{"damage":0.0,"enemies":"3 Louse","floor":14.0,"turns":1.0},{"damage":24.0,"enemies":"The Guardian","floor":16.0,"turns":4.0},{"damage":0.0,"enemies":"Chosen","floor":18.0,"turns":3.0},{"damage":0.0,"enemies":"Shell Parasite","floor":19.0,"turns":3.0},{"damage":0.0,"enemies":"Centurion and Healer","floor":21.0,"turns":1.0},{"damage":5.0,"enemies":"Chosen and Byrds","floor":23.0,"turns":3.0},{"damage":0.0,"enemies":"Gremlin Leader","floor":25.0,"turns":2.0},{"damage":8,"enemies":"Slavers","floor":27,"turns":3},{"damage":6,"enemies":"3 Cultists","floor":29,"turns":3},{"damage":9,"enemies":"Snecko","floor":30,"turns":1}],"seed_played":"-3753490702543961608","potions_obtained":[{"floor":7.0,"key":"PowerPotion"},{"floor":8.0,"key":"Dexterity Potion"},{"floor":11.0,"key":"EntropicBrew"},{"floor":14.0,"key":"SmokeBomb"},{"floor":27,"key":"LiquidMemories"},{"floor":29,"key":"Energy Potion"}],"is_trial":false,"path_per_floor":["M","?","M","$","M","R","E","M","T","R","?","R","M","M","R","B",null,"M","M","?","M","$","M","R","E","T","E","?","M","M"],"character_chosen":"WATCHER","items_purchased":["ClearTheMind","Worship","PreservedInsect"],"campfire_rested":1,"item_purchase_floors":[4,22,22],"current_hp_per_floor":[70,70,64,64,64,64,28,21,21,21,21,21,19,15,37,9,76,72,68,53,45,45,36,36,32,32,20,20,10,0,0],"gold":120,"neow_bonus":"","is_daily":false,"chose_seed":false,"campfire_upgraded":4,"win_rate":0.0,"timestamp":1610794519,"path_taken":["M","?","M","$","M","R","E","M","T","R","?","R","M","M","R","BOSS","M","M","?","M","$","M","R","E","T","E","?","M","M"],"items_purchased_type":["Card","Card","Relic"],"build_version":"2020-12-22","purchased_purges":1,"victory":false,"max_hp_per_floor":[72,72,72,72,72,72,72,72,72,72,72,72,72,74,74,76,76,78,80,85,89,89,91,91,93,93,95,95,97,101,101],"card_choices":[{"not_picked":["Meditate","ForeignInfluence"],"picked":"ReachHeaven","floor":1.0},{"not_picked":["CutThroughFate","ThirdEye","FlyingSleeves"],"picked":"SKIP","floor":3.0},{"not_picked":["BeautyBeast","WhitesApple"],"picked":"MHz","floor":5.0},{"not_picked":["Protect","Prostrate"],"picked":"Pray","floor":5.0},{"not_picked":["SandsOfTime","CutThroughFate"],"picked":"Ragnarok","floor":7.0},{"not_picked":["BeautyBeast","UniverseFragment"],"picked":"CrumblingArmor","floor":8.0},{"not_picked":["Halt","Vengeance","Weave"],"picked":"SKIP","floor":8.0},{"not_picked":["DeceiveReality","Consecrate","Nirvana"],"picked":"SKIP","floor":13.0},{"not_picked":["WindmillStrike","EmptyBody","Protect"],"picked":"SKIP","floor":14.0},{"not_picked":["Establishment","Ragnarok"],"picked":"Devotion","floor":16.0},{"not_picked":["GreedKing","SnowQueen"],"picked":"Scorched","floor":18.0},{"not_picked":["WaveOfTheHand","EmptyBody","Halt"],"picked":"SKIP","floor":18.0},{"not_picked":["DeceiveReality","Judgement","JustLucky"],"picked":"SKIP","floor":19.0},{"not_picked":["EmptyBody","FollowUp"],"picked":"BattleHymn+1","floor":21.0},{"not_picked":["Sanctity","ThirdEye","Meditate"],"picked":"SKIP","floor":23.0},{"not_picked":["PathToVictory","FlurryOfBlows+1"],"picked":"WheelKick","floor":25.0},{"not_picked":["Swivel+1","Vengeance+1","WaveOfTheHand+1"],"picked":"SKIP","floor":27},{"not_picked":["FearNoEvil","FlurryOfBlows","Indignation"],"picked":"SKIP","floor":29}],"player_experience":87377,"relics_obtained":[{"floor":7.0,"key":"Damaru"},{"floor":11.0,"key":"CaptainsWheel"},{"floor":25.0,"key":"Ancient Tea Set"},{"floor":26.0,"key":"Bag of Preparation"},{"floor":27,"key":"MawBank"}],"event_choices":[{"cards_removed":["Strike_P"],"damage_healed":0.0,"max_hp_gain":0.0,"max_hp_loss":0.0,"gold_gain":0.0,"event_name":"The Cleric","player_choice":"Card Removal","floor":2.0,"gold_loss":50.0,"damage_taken":0.0},{"damage_healed":0.0,"max_hp_gain":0.0,"max_hp_loss":0.0,"gold_gain":30.0,"event_name":"Dead Adventurer","player_choice":"Searched \u00273\u0027 times","floor":11.0,"gold_loss":0.0,"damage_taken":0.0},{"damage_healed":0.0,"max_hp_gain":5.0,"max_hp_loss":0.0,"gold_gain":0.0,"event_name":"Forgotten Altar","player_choice":"Shed Blood","floor":20.0,"gold_loss":0.0,"damage_taken":20.0},{"cards_removed":["Strike_P"],"damage_healed":0,"gold_gain":0,"player_choice":"Gave Gold","damage_taken":0,"max_hp_gain":0,"max_hp_loss":0,"event_name":"Beggar","floor":28,"gold_loss":75}],"is_beta":false,"boss_relics":[{"not_picked":["Coffee Dripper","Fusion Hammer"],"picked":"Snecko Eye"}],"items_purged_floors":[22],"is_endless":false,"potions_floor_spawned":[7,8,11,14,27,29],"killed_by":"Snecko","ascension_level":0}}