{"host":"x3xr1fzypq6qqz5s","time":1610790786,"event":{"mods":["BaseMod","Better Vampires","Colored Powertips","DeckTracker","Highlight Path","Minty Spire (QoL Compilation)","Quick Restart","Rare Cards Sparkle","Relic Stats"],"gold_per_floor":[115,132,145,158,158,158,176,176,225,225,240,240,252,266,266,368,368,388,14,32,42,56,56,73,73,96,121,121,121,121,121,121,222,222,232,232,232,245,261,261,277,277,277,277,277,277,294,344,344,344,344,344,43,71,71,71],"floor_reached":55,"language":"ZHS","playtime":2640,"items_purged":["Strike_R","Headbutt"],"score":631,"play_id":"5f6838e1-7552-42b4-869d-646142583f43","local_time":"20210116175306","is_ascension_mode":false,"campfire_choices":[{"data":"Shockwave","floor":6.0,"key":"SMITH"},{"data":"Spot Weakness","floor":8.0,"key":"SMITH"},{"data":"Fire Breathing","floor":10.0,"key":"SMITH"},{"floor":15.0,"key":"RECALL"},{"data":"Inflame","floor":23.0,"key":"SMITH"},{"data":"Double Tap","floor":25.0,"key":"SMITH"},{"data":"Berserk","floor":32.0,"key":"SMITH"},{"data":"1","floor":40,"key":"LIFT"},{"data":"Heavy Blade","floor":42,"key":"SMITH"},{"data":"Limit Break","floor":49,"key":"SMITH"},{"data":"2","floor":52,"key":"LIFT"}],"circlet_count":0,"master_deck":["Defend_R","Defend_R","Defend_R","Defend_R","Bash","CurseOfTheBell","Ghostly Armor","Spot Weakness+1","Shockwave+1","Shrug It Off","Fire Breathing+1","Reckless Charge","Reaper","Cleave","Pummel","Inflame+1","Double Tap+1","Power Through","Berserk+1","Heavy Blade+1","Bite","Bite","Bite","Limit Break+1","Sword Boomerang"],"relics":["Calling Bell","Bronze Scales","Pantograph","Bird Faced Urn","InkBottle","Velvet Choker","Prayer Wheel","Nunchaku","Girya","MutagenicStrength","Philosopher\u0027s Stone","Frozen Egg 2","Bottled Lightning","Calipers","Oddly Smooth Stone","Paper Frog"],"acts_visited":["Exordium","TheCity","TheBeyond","TheEnding"],"potions_floor_usage":[41,50,54,55],"damage_taken":[{"damage":1.0,"enemies":"Cultist","floor":1.0,"turns":4.0},{"damage":1.0,"enemies":"Jaw Worm","floor":2.0,"turns":5.0},{"damage":7.0,"enemies":"Small Slimes","floor":3.0,"turns":3.0},{"damage":2.0,"enemies":"Exordium Thugs","floor":4.0,"turns":5.0},{"damage":2.0,"enemies":"2 Fungi Beasts","floor":7.0,"turns":3.0},{"damage":12.0,"enemies":"3 Louse","floor":11.0,"turns":4.0},{"damage":2.0,"enemies":"Blue Slaver","floor":13.0,"turns":4.0},{"damage":4.0,"enemies":"Large Slime","floor":14.0,"turns":6.0},{"damage":38.0,"enemies":"The Guardian","floor":16.0,"turns":11.0},{"damage":0.0,"enemies":"3 Byrds","floor":18.0,"turns":3.0},{"damage":25.0,"enemies":"Spheric Guardian","floor":20.0,"turns":7.0},{"damage":7.0,"enemies":"Snake Plant","floor":21.0,"turns":5.0},{"damage":11.0,"enemies":"Cultist and Chosen","floor":22.0,"turns":5.0},{"damage":11.0,"enemies":"Snecko","floor":24.0,"turns":4.0},{"damage":33.0,"enemies":"Slavers","floor":27.0,"turns":5.0},{"damage":25.0,"enemies":"Collector","floor":33.0,"turns":7.0},{"damage":49,"enemies":"3 Darklings","floor":35,"turns":4},{"damage":3,"enemies":"Orb Walker","floor":38,"turns":3},{"damage":4,"enemies":"Transient","floor":39,"turns":5},{"damage":23,"enemies":"Writhing Mass","floor":41,"turns":4},{"damage":0,"enemies":"Sphere and 2 Shapes","floor":47,"turns":2},{"damage":35,"enemies":"Mind Bloom Boss Battle","floor":48,"turns":5},{"damage":118,"enemies":"Donu and Deca","floor":50,"turns":5},{"damage":71,"enemies":"Shield and Spear","floor":54,"turns":5},{"damage":148,"enemies":"The Heart","floor":55,"turns":5}],"seed_played":"-9212945953788856872","potions_obtained":[{"floor":3.0,"key":"Strength Potion"},{"floor":7.0,"key":"FairyPotion"},{"floor":16.0,"key":"BloodPotion"},{"floor":22.0,"key":"SkillPotion"},{"floor":27.0,"key":"Block Potion"},{"floor":35,"key":"DistilledChaos"},{"floor":48,"key":"DuplicationPotion"},{"floor":54,"key":"BloodPotion"}],"is_trial":false,"path_per_floor":["M","M","M","M","?","R","M","R","T","R","M","?","M","M","R","B",null,"M","$","M","M","M","R","M","R","T","E","?","?","?","?","R","B",null,"M","?","?","M","M","R","M","R","T","?","?","T","M","?","R","B",null,"R","$","E","B"],"character_chosen":"IRONCLAD","items_purchased":["Prayer Wheel","Oddly Smooth Stone","Dexterity Potion"],"campfire_rested":0,"item_purchase_floors":[19,53,53],"current_hp_per_floor":[79,78,71,69,66,66,64,64,64,64,54,54,54,52,52,41,80,80,80,57,52,59,59,66,66,66,51,51,51,51,51,51,61,80,69,69,69,78,80,80,63,63,63,63,63,63,80,63,63,31,80,80,80,60,0,0],"gold":71,"neow_bonus":"BOSS_RELIC","is_daily":false,"chose_seed":false,"campfire_upgraded":8,"win_rate":0.0,"timestamp":1610790786,"path_taken":["M","M","M","?","?","R","M","R","T","R","M","?","M","M","R","BOSS","M","$","M","M","M","R","M","R","T","E","?","?","?","?","R","BOSS","M","?","?","?","M","R","M","R","T","?","?","?","M","?","R","BOSS","R","$","E","BOSS"],"items_purchased_type":["Relic","Relic","Potion"],"build_version":"2020-12-22","purchased_purges":2,"victory":false,"max_hp_per_floor":[80,80,80,80,80,80,80,80,80,80,80,80,80,80,80,80,80,80,80,80,80,80,80,80,80,80,80,80,80,80,80,80,80,80,80,80,80,80,80,80,80,80,80,80,80,80,80,80,80,80,80,80,80,80,80,80],"relic_stats":{"Nunchaku":[10],"counters":[25,119],"Bronze Scales":[363],"Pantograph":87,"Bird Faced Urn":[50],"Prayer Wheel":9,"obtain_stats":[{"Girya":29,"Calipers":48,"Velvet Choker":17,"Oddly Smooth Stone":53,"Frozen Egg 2":43,"Burning Blood":0,"Calling Bell":0,"Blood Vial":27,"Nunchaku":26,"Bronze Scales":0,"Pantograph":0,"Bird Faced Urn":0,"MutagenicStrength":31,"Prayer Wheel":19,"Philosopher\u0027s Stone":34,"Bottled Lightning":46,"InkBottle":5,"Paper Frog":54},{"Girya":15,"Calipers":22,"Velvet Choker":9,"Oddly Smooth Stone":23,"Frozen Egg 2":20,"Burning Blood":0,"Calling Bell":0,"Blood Vial":15,"Nunchaku":14,"Bronze Scales":0,"Pantograph":0,"Bird Faced Urn":0,"MutagenicStrength":15,"Prayer Wheel":10,"Philosopher\u0027s Stone":16,"Bottled Lightning":20,"InkBottle":4,"Paper Frog":24},{"Girya":74,"Calipers":104,"Velvet Choker":45,"Oddly Smooth Stone":109,"Frozen Egg 2":97,"Burning Blood":0,"Calling Bell":0,"Blood Vial":74,"Nunchaku":69,"Bronze Scales":0,"Pantograph":0,"Bird Faced Urn":0,"MutagenicStrength":74,"Prayer Wheel":48,"Philosopher\u0027s Stone":81,"Bottled Lightning":97,"InkBottle":17,"Paper Frog":114}],"InkBottle":[33]},"card_choices":[{"not_picked":["Twin Strike","Heavy Blade"],"picked":"Ghostly Armor","floor":1.0},{"not_picked":["Pommel Strike","Wild Strike"],"picked":"Spot Weakness","floor":2.0},{"not_picked":["Dark Embrace","Body Slam"],"picked":"Shockwave","floor":3.0},{"not_picked":["Anger","Metallicize"],"picked":"Shrug It Off","floor":4.0},{"not_picked":["Dual Wield","True Grit"],"picked":"Fire Breathing","floor":7.0},{"not_picked":["Clash","Perfected Strike","Heavy Blade"],"picked":"SKIP","floor":11.0},{"not_picked":["Body Slam","Juggernaut"],"picked":"Reckless Charge","floor":13.0},{"not_picked":["Pommel Strike","Anger","Twin Strike"],"picked":"SKIP","floor":14.0},{"not_picked":["Brutality","Bludgeon"],"picked":"Reaper","floor":16.0},{"not_picked":["Flex","Sentinel"],"picked":"Cleave","floor":18.0},{"not_picked":["Pommel Strike","Armaments"],"picked":"Pummel","floor":20.0},{"not_picked":["Fiend Fire","Cleave","Anger+1"],"picked":"SKIP","floor":20.0},{"not_picked":["Cleave+1","Shrug It Off+1","Feel No Pain"],"picked":"SKIP","floor":21.0},{"not_picked":["Metallicize","Spot Weakness+1","Perfected Strike"],"picked":"SKIP","floor":21.0},{"not_picked":["Whirlwind","Second Wind"],"picked":"Inflame","floor":22.0},{"not_picked":["Havoc","Flex+1"],"picked":"Headbutt","floor":22.0},{"not_picked":["Uppercut","Dropkick"],"picked":"Double Tap","floor":24.0},{"not_picked":["Sword Boomerang","Spot Weakness"],"picked":"Power Through","floor":24.0},{"not_picked":["Battle Trance","Dark Embrace+1"],"picked":"Berserk","floor":27.0},{"not_picked":["Impervious","Juggernaut"],"picked":"Limit Break","floor":33.0},{"not_picked":["Perfected Strike+1","True Grit","Iron Wave+1"],"picked":"SKIP","floor":35},{"not_picked":["Wild Strike+1","Battle Trance","Havoc"],"picked":"SKIP","floor":35},{"not_picked":["Evolve+1","Hemokinesis","Rupture+1"],"picked":"SKIP","floor":38},{"not_picked":["Dark Embrace+1","Feel No Pain","Wild Strike+1"],"picked":"SKIP","floor":38},{"not_picked":["Clothesline+1","Pommel Strike+1","True Grit+1"],"picked":"SKIP","floor":39},{"not_picked":["Heavy Blade","Uppercut+1","Clash"],"picked":"SKIP","floor":39},{"not_picked":["Juggernaut","Iron Wave","Uppercut"],"picked":"SKIP","floor":41},{"not_picked":["Iron Wave+1","Feel No Pain","Intimidate"],"picked":"SKIP","floor":41},{"not_picked":["Flex+1","Shockwave+1"],"picked":"Sword Boomerang","floor":47},{"not_picked":["Thunderclap","Havoc+1","Headbutt"],"picked":"SKIP","floor":47},{"not_picked":["Pommel Strike+1","Thunderclap+1","Entrench+1"],"picked":"SKIP","floor":54}],"player_experience":591793,"relics_obtained":[{"floor":0.0,"key":"Bronze Scales"},{"floor":0.0,"key":"Pantograph"},{"floor":0.0,"key":"Bird Faced Urn"},{"floor":26.0,"key":"Nunchaku"},{"floor":27.0,"key":"Blood Vial"},{"floor":43,"key":"Frozen Egg 2"},{"floor":46,"key":"Bottled Lightning"},{"floor":48,"key":"Calipers"},{"floor":54,"key":"Paper Frog"}],"event_choices":[{"damage_healed":0.0,"max_hp_gain":0.0,"max_hp_loss":0.0,"gold_gain":0.0,"event_name":"Scrap Ooze","player_choice":"Success","floor":5.0,"gold_loss":0.0,"damage_taken":3.0,"relics_obtained":["InkBottle"]},{"cards_removed":["Strike_R"],"damage_healed":0.0,"max_hp_gain":0.0,"max_hp_loss":0.0,"gold_gain":0.0,"event_name":"Bonfire Elementals","player_choice":"Offered Basic","floor":12.0,"gold_loss":0.0,"damage_taken":0.0},{"damage_healed":0.0,"max_hp_gain":0.0,"max_hp_loss":0.0,"gold_gain":0.0,"event_name":"The Library","player_choice":"Read","floor":28.0,"gold_loss":0.0,"damage_taken":0.0,"cards_obtained":["Heavy Blade"]},{"damage_healed":0.0,"max_hp_gain":0.0,"max_hp_loss":0.0,"gold_gain":0.0,"event_name":"The Mausoleum","player_choice":"Opened","floor":29.0,"gold_loss":0.0,"damage_taken":0.0,"relics_obtained":["Girya"]},{"damage_healed":0.0,"max_hp_gain":0.0,"max_hp_loss":0.0,"gold_gain":0.0,"event_name":"Vampires","player_choice":"Became a vampire (Vial)","floor":30.0,"relics_lost":["Blood Vial"],"gold_loss":0.0,"damage_taken":0.0,"cards_obtained":["Bite","Bite","Bite"]},{"damage_healed":0.0,"max_hp_gain":0.0,"max_hp_loss":0.0,"gold_gain":0.0,"event_name":"Drug Dealer","player_choice":"Inject Mutagens","floor":31.0,"gold_loss":0.0,"damage_taken":0.0,"relics_obtained":["MutagenicStrength"]},{"damage_healed":0,"gold_gain":0,"player_choice":"Ignored","damage_taken":0,"max_hp_gain":0,"max_hp_loss":0,"event_name":"Tomb of Lord Red Mask","floor":36,"gold_loss":0},{"damage_healed":0,"gold_gain":0,"player_choice":"Got Potions","damage_taken":0,"max_hp_gain":0,"max_hp_loss":0,"event_name":"Lab","floor":37,"gold_loss":0},{"damage_healed":0,"gold_gain":0,"player_choice":"Memory 1","damage_taken":0,"max_hp_gain":0,"max_hp_loss":0,"event_name":"SensoryStone","floor":44,"gold_loss":0},{"damage_healed":0,"gold_gain":0,"player_choice":"Ignored","damage_taken":0,"max_hp_gain":0,"max_hp_loss":0,"event_name":"Mysterious Sphere","floor":45,"gold_loss":0},{"damage_healed":0,"gold_gain":0,"player_choice":"Fight","damage_taken":0,"max_hp_gain":0,"max_hp_loss":0,"event_name":"MindBloom","floor":48,"gold_loss":0}],"is_beta":false,"boss_relics":[{"not_picked":["SacredBark","Sozu"],"picked":"Velvet Choker"},{"not_picked":["Coffee Dripper","Black Star"],"picked":"Philosopher\u0027s Stone"}],"items_purged_floors":[19,53],"is_endless":false,"potions_floor_spawned":[3,7,16,21,22,27,33,35,48,54],"killed_by":"The Heart","ascension_level":0}}