{"host":"qxfsqqkvz99y95yf","time":1610818111,"event":{"mods":["BaseMod","Infinite Spire","Minty Spire (QoL Compilation)","Replay The Spire","StSLib"],"gold_per_floor":[115,127,127,127,146,146,146,180,226,226,244,273,273,300,300,312,312],"floor_reached":16,"language":"ENG","playtime":1135,"items_purged":[],"score":118,"play_id":"b9b841eb-cf5b-4510-9a04-f4b1b3759680","local_time":"20210116122831","is_ascension_mode":false,"campfire_choices":[{"data":"Anger","floor":6,"key":"SMITH"},{"data":"infinitespire:Execution","floor":10,"key":"SMITH"},{"data":"Pommel Strike","floor":13,"key":"SMITH"},{"data":"Metallicize","floor":15,"key":"SMITH"}],"circlet_count":0,"master_deck":["Strike_R","Strike_R","Strike_R","Defend_R","Defend_R","Defend_R","Defend_R","Bash","Metallicize+1","Anger+1","ReplayTheSpireMod:Limb From Limb","infinitespire:Execution+1","Intimidate","Headbutt","Pommel Strike+1","Replay:Undeath\u0027s Touch"],"relics":["Burning Blood","Smiling Mask","Pet Ghost","WingedGreaves","Replay:Bandana"],"acts_visited":["Exordium"],"potions_floor_usage":[12,12,16],"damage_taken":[{"damage":1,"enemies":"Cultist","floor":1,"turns":3},{"damage":9,"enemies":"Jaw Worm","floor":2,"turns":6},{"damage":2,"enemies":"Small Slimes","floor":5,"turns":4},{"damage":10,"enemies":"Lagavulin","floor":8,"turns":5},{"damage":10,"enemies":"Exordium Wildlife","floor":11,"turns":5},{"damage":20,"enemies":"3 Sentries","floor":12,"turns":6},{"damage":17,"enemies":"Lagavulin","floor":14,"turns":5},{"damage":48,"enemies":"Fading Forest","floor":16,"turns":7}],"seed_played":"-7068978720914873164","potions_obtained":[{"floor":1,"key":"BlessingOfTheForge"},{"floor":8,"key":"infinitespire:BlackPotion"},{"floor":14,"key":"SpeedPotion"}],"is_trial":false,"path_per_floor":["M","M","?","?","M","R","?","E","T","R","M","E","R","E","R","B"],"character_chosen":"IRONCLAD","items_purchased":[],"campfire_rested":0,"item_purchase_floors":[],"current_hp_per_floor":[88,85,85,85,88,88,66,62,62,62,58,44,44,33,33,0,0],"gold":312,"neow_bonus":"TEN_PERCENT_HP_BONUS","is_daily":false,"chose_seed":false,"campfire_upgraded":4,"win_rate":0.0,"timestamp":1610818111,"path_taken":["M","?","?","?","M","R","?","E","T","R","M","E","R","E","R","BOSS"],"items_purchased_type":[],"build_version":"2020-12-22","purchased_purges":0,"victory":false,"max_hp_per_floor":[88,88,88,88,88,88,88,88,88,88,88,88,88,88,88,88,88],"card_choices":[{"not_picked":["Uppercut","ReplayTheSpireMod:Corrosion Curse"],"picked":"Metallicize","floor":1},{"not_picked":["Wild Strike","True Grit"],"picked":"Anger","floor":2},{"not_picked":["Perfected Strike","Carnage"],"picked":"ReplayTheSpireMod:Limb From Limb","floor":5},{"not_picked":["infinitespire:SealOfDarkness+","infinitespire:Gouge"],"picked":"infinitespire:Execution","floor":7},{"not_picked":["Fiend Fire","True Grit"],"picked":"Intimidate","floor":8},{"not_picked":["Twin Strike","Heavy Blade"],"picked":"Headbutt","floor":11},{"not_picked":["Anger","ReplayTheSpireMod:Strike From Hell"],"picked":"Pommel Strike","floor":12},{"not_picked":["Impervious","Rampage"],"picked":"Replay:Undeath\u0027s Touch","floor":14}],"player_experience":198248,"relics_obtained":[{"floor":8,"key":"Smiling Mask"},{"floor":9,"key":"Pet Ghost"},{"floor":12,"key":"WingedGreaves"},{"floor":14,"key":"Replay:Bandana"}],"event_choices":[{"cards_removed":["Strike_R"],"damage_healed":0,"gold_gain":0,"player_choice":"Forget","damage_taken":0,"max_hp_gain":0,"max_hp_loss":0,"event_name":"Living Wall","floor":3,"gold_loss":0}],"is_beta":false,"boss_relics":[],"items_purged_floors":[],"is_endless":false,"potions_floor_spawned":[1,8,14],"killed_by":"Fading Forest","ascension_level":0}}