{"host":"3as3fywb220oerv2","time":1610778243,"event":{"mods":["AchievementEnabler","Act Like it!","BaseMod","Highlight Path","Koishi","Minty Spire (QoL Compilation)","StSLib"],"gold_per_floor":[116,116,3403,3423,3443,3478,3478,3512,3512,3543,3543,3577,2695,2708,2708,2811,2811,2811,1721,1661,1661,922,922,922,922,922,922,922,922,922,922,922,922,922,922,209,209,209,209,209,209,209,209,209,209,209,12964,12959,12959,12959,12959,12959,12049,12049,12044],"floor_reached":56,"language":"KOR","playtime":3470,"items_purged":["Pain","Koishi:BasicStrike","Koishi:BasicStrike","Koishi:BasicStrike","Koishi:BasicStrike","Koishi:BasicDefend","Koishi:BasicDefend"],"score":1447,"play_id":"a0756baf-967e-4373-89ea-7599f085d72e","local_time":"20210116152403","is_ascension_mode":true,"campfire_choices":[{"data":"Koishi:ImGoingToCallYouNow","floor":15,"key":"SMITH"},{"floor":23,"key":"RECALL"},{"data":"Koishi:ImGoingToCallYouNow","floor":25,"key":"SMITH"},{"data":"Koishi:RuptureMind","floor":32,"key":"SMITH"},{"data":"Koishi:MindNumbingTerror","floor":41,"key":"SMITH"},{"data":"Koishi:SuperEgo","floor":49,"key":"SMITH"},{"data":"Koishi:Catatonia","floor":52,"key":"SMITH"}],"circlet_count":0,"master_deck":["Koishi:BasicDefend+1","Koishi:BasicDefend+1","Koishi:Provoke","Koishi:HauntingSlash","Koishi:Jaunt","Koishi:FidgetySnatcher+1","Koishi:SubconsciousSweep","Koishi:YoukaiPolygraph","Koishi:ImGoingToCallYouNow+1","Koishi:PhantomBarrier","Koishi:TerrifyingSpectre+1","Koishi:ImGoingToCallYouNow+1","Koishi:Untouchable+1","Koishi:DreadfulBlow","Koishi:JumpScare","Koishi:Ego+1","Koishi:RuptureMind+1","Koishi:UnconsciousUprising","Koishi:Catatonia+1","Koishi:UnconsciousUprising","Koishi:FourthEye","Koishi:Possession+1","Koishi:ReleaseOfTheId+1","Koishi:DNAsFlaw+1","Koishi:SuperEgo+1","Koishi:UnconsciousUrges+1","Koishi:PredatoryInstincts+1","Koishi:RollingInRichesHeart","Koishi:UnansweredLove","Koishi:MindNumbingTerror+1","Koishi:MindNumbingTerror","Koishi:ConfinedInnocent+1","Koishi:MindNumbingTerror+1","Koishi:Catatonia","Koishi:MentalBreakdown","Koishi:Catatonia"],"relics":["Koishi:ImaginaryFriend","Tiny Chest","WarpedTongs","Frozen Egg 2","War Paint","Mercury Hourglass","Mango","Regal Pillow","Sundial","Eternal Feather","Darkstone Periapt","Boot","Chemical X","Bag of Preparation","Ectoplasm","Sling","FossilizedHelix","Koishi:BloodstainedWhiteRose","Ancient Tea Set","OrangePellets","Bag of Marbles","Art of War","Potion Belt","Pear","Pocketwatch","Question Card","SlaversCollar","Pen Nib","Bottled Lightning","Orrery","Ornamental Fan","Koishi:AHoleWhereASisterShouldBe","MawBank","Juzu Bracelet","HandDrill","Pantograph","Vajra","DollysMirror","White Beast Statue","Toy Ornithopter"],"acts_visited":["Exordium","TheCity","TheBeyond","TheEnding"],"potions_floor_usage":[4,6,8,8,8,8,12,14,16,16,18,20,29,29,31,42,44,48,54,55,55],"damage_taken":[{"damage":2.0,"enemies":"2 Louse","floor":1.0,"turns":4.0},{"damage":0,"enemies":"Cultist","floor":4,"turns":3},{"damage":3,"enemies":"Jaw Worm","floor":5,"turns":3},{"damage":7,"enemies":"Gremlin Nob","floor":6,"turns":5},{"damage":15,"enemies":"Lagavulin","floor":8,"turns":5},{"damage":23,"enemies":"3 Sentries","floor":10,"turns":5},{"damage":2,"enemies":"Lagavulin","floor":12,"turns":6},{"damage":0,"enemies":"Exordium Wildlife","floor":14,"turns":3},{"damage":25,"enemies":"Slime Boss","floor":16,"turns":10},{"damage":17,"enemies":"3 Byrds","floor":18,"turns":5},{"damage":20,"enemies":"2 Thieves","floor":20,"turns":4},{"damage":0,"enemies":"Snake Plant","floor":24,"turns":3},{"damage":7,"enemies":"Slavers","floor":27,"turns":6},{"damage":12,"enemies":"Gremlin Leader","floor":29,"turns":4},{"damage":15,"enemies":"Shelled Parasite and Fungi","floor":30,"turns":6},{"damage":0,"enemies":"Snecko","floor":31,"turns":2},{"damage":8,"enemies":"Automaton","floor":33,"turns":7},{"damage":15,"enemies":"3 Darklings","floor":35,"turns":5},{"damage":0,"enemies":"Orb Walker","floor":39,"turns":4},{"damage":0,"enemies":"Nemesis","floor":40,"turns":6},{"damage":0,"enemies":"Giant Head","floor":42,"turns":6},{"damage":0,"enemies":"Transient","floor":44,"turns":5},{"damage":0,"enemies":"3 Darklings","floor":48,"turns":5},{"damage":19,"enemies":"Time Eater","floor":50,"turns":7},{"damage":30,"enemies":"Shield and Spear","floor":54,"turns":4},{"damage":50,"enemies":"The Heart","floor":55,"turns":6}],"seed_played":"3704519701472011970","potions_obtained":[{"floor":6,"key":"Explosive Potion"},{"floor":8,"key":"SneckoOil"},{"floor":10,"key":"Explosive Potion"},{"floor":12,"key":"Weak Potion"},{"floor":16,"key":"Strength Potion"},{"floor":27,"key":"Weak Potion"},{"floor":29,"key":"SpeedPotion"},{"floor":35,"key":"ColorlessPotion"},{"floor":39,"key":"Fire Potion"},{"floor":54,"key":"SkillPotion"}],"is_trial":false,"path_per_floor":["M","?","$","M","M","E","?","E","T","E","T","E","$","M","R","B",null,"M","$","M","?","$","R","M","R","T","E","T","E","M","M","R","B",null,"M","$","?","?","M","E","R","E","T","M","?","T","$","M","R","B",null,"R","$","E","B",null],"character_chosen":"KOISHI","items_purchased":["Frozen Egg 2","Koishi:FidgetySnatcher+1","Koishi:SubconsciousSweep","ColorlessPotion","Dexterity Potion","EntropicBrew","War Paint","Boot","Chemical X","Bag of Preparation","Koishi:ImGoingToCallYouNow","Koishi:Untouchable+1","Koishi:DreadfulBlow","FearPotion","Fire Potion","Sling","FossilizedHelix","Koishi:BloodstainedWhiteRose","Koishi:RuptureMind","FairyPotion","Ancient Potion","Strength Potion","OrangePellets","Bag of Marbles","Art of War","Koishi:Catatonia","Koishi:UnconsciousUprising","ColorlessPotion","Pen Nib","Bottled Lightning","Orrery","Koishi:MindNumbingTerror","HandDrill","Pantograph","Vajra","AttackPotion","SpeedPotion","LiquidBronze","DollysMirror","White Beast Statue","Koishi:Catatonia","Regen Potion","Koishi:MentalBreakdown"],"campfire_rested":0,"item_purchase_floors":[3,3,3,3,3,3,3,13,13,13,13,13,13,13,13,19,19,19,19,19,19,19,22,22,22,22,22,22,36,36,36,47,47,47,47,47,47,47,53,53,53,53,53],"current_hp_per_floor":[60,60,60,60,57,51,58,63,63,40,40,48,48,49,61,51,74,74,74,64,64,64,74,74,74,74,84,84,84,84,84,84,84,84,84,84,84,80,80,80,80,80,80,80,80,80,80,80,80,80,80,80,80,80,80],"gold":12044,"neow_bonus":"RANDOM_COMMON_RELIC","is_daily":false,"chose_seed":false,"campfire_upgraded":6,"win_rate":0.0,"timestamp":1610778243,"path_taken":["M","?","$","M","?","E","?","E","T","E","?","E","?","?","R","BOSS","M","$","M","?","$","R","M","R","T","E","?","E","M","M","R","BOSS","M","$","?","?","M","E","R","E","T","M","?","?","$","M","R","BOSS","R","$","E","BOSS"],"items_purchased_type":["Relic","Card","Card","Potion","Potion","Potion","Relic","Relic","Relic","Relic","Card","Card","Card","Potion","Potion","Relic","Relic","Relic","Card","Potion","Potion","Potion","Relic","Relic","Relic","Card","Card","Potion","Relic","Relic","Relic","Card","Relic","Relic","Relic","Potion","Potion","Potion","Relic","Relic","Card","Potion","Card"],"build_version":"2020-12-22","purchased_purges":7,"victory":true,"max_hp_per_floor":[60,60,60,60,60,60,74,74,74,74,74,74,74,74,74,74,74,74,74,74,74,74,74,74,74,74,84,84,84,84,84,84,84,84,84,84,84,80,80,80,80,80,80,80,80,80,80,80,80,80,80,80,80,80,80],"card_choices":[{"not_picked":["Koishi:SubterraneanRose","Koishi:IdleWhim"],"picked":"Koishi:Jaunt","floor":1.0},{"not_picked":["Koishi:StrangeCloudFist","Koishi:HeartfeltFancy","Koishi:StingingMind"],"picked":"SKIP","floor":4},{"not_picked":["Koishi:StrangeCloudFist","Koishi:GhostParty"],"picked":"Koishi:YoukaiPolygraph","floor":5},{"not_picked":["Koishi:FadingMemory","Koishi:CatchAndRose"],"picked":"Koishi:ImGoingToCallYouNow","floor":6},{"not_picked":["Koishi:FadingMemory","Koishi:SpiritedAway","Koishi:Jaunt"],"picked":"SKIP","floor":8},{"not_picked":["Koishi:YoukaiPolygraph","Koishi:LastRemote"],"picked":"Koishi:PhantomBarrier","floor":10},{"not_picked":["Koishi:SubterraneanRose","Koishi:Untouchable+1"],"picked":"Koishi:TerrifyingSpectre+1","floor":12},{"not_picked":["Koishi:MassHysteria","Koishi:Jaunt"],"picked":"Koishi:JumpScare","floor":14},{"not_picked":["Koishi:MentalBreakdown","Koishi:PerfectMindControl"],"picked":"Koishi:Ego+1","floor":16},{"not_picked":["Koishi:JumpScare","Koishi:FidgetySnatcher+1","Koishi:DreadfulBlow"],"picked":"SKIP","floor":18},{"not_picked":["Koishi:CatchAndRose","Koishi:Jaunt"],"picked":"Koishi:UnconsciousUprising","floor":20},{"not_picked":["Koishi:FidgetySnatcher+1","Koishi:RacingHeart"],"picked":"Koishi:FourthEye","floor":24},{"not_picked":["Koishi:MindStellarRelief","Koishi:ParalyzingFear"],"picked":"Koishi:TremblingHands","floor":27},{"not_picked":["Koishi:JumpScare+1","Koishi:SubterraneanRose"],"picked":"Koishi:Possession+1","floor":29},{"not_picked":["Koishi:Prune","Koishi:CatchAndRose","Koishi:RacingHeart"],"picked":"Koishi:ReleaseOfTheId+1","floor":30},{"not_picked":["Koishi:DreadfulBlow","Koishi:HeartfeltFancy","Koishi:RacingHeart"],"picked":"Koishi:DNAsFlaw+1","floor":31},{"not_picked":["Koishi:Ego+1","Koishi:ConditionedTeleport","Koishi:ImGoingToCallYouNow"],"picked":"Koishi:SuperEgo","floor":33},{"not_picked":["Koishi:FleetingPhantom+1","Koishi:UnconsciousUprising","Koishi:SubconsciousSweep+1"],"picked":"Koishi:UnconsciousUrges+1","floor":35},{"not_picked":["Koishi:GeneticsOfTheUnconscious","Koishi:SubconsciousSweep+1","Koishi:ReflexRadar+1"],"picked":"Koishi:PredatoryInstincts+1","floor":36},{"not_picked":["Koishi:GeneticsOfTheUnconscious","Koishi:EmbryosDream","Koishi:ReflexRadar"],"picked":"Koishi:RollingInRichesHeart","floor":36},{"not_picked":["Koishi:PhilosophyOfTheDespised+1","Koishi:SubterraneanRose+1","Koishi:ParalyzingFear"],"picked":"Koishi:UnansweredLove","floor":36},{"not_picked":["Koishi:DreadfulBlow+1","Koishi:EmbersOfLove+1","Koishi:PhantomStrike+1"],"picked":"Koishi:MindNumbingTerror","floor":39},{"not_picked":["Koishi:Jaunt+1","Koishi:RorschachInDanmaku","Koishi:VengefulSpirit+1","Koishi:MassHysteria"],"picked":"SKIP","floor":40},{"not_picked":["Koishi:Prune+1","Koishi:Possession","Koishi:Bloodlust","Koishi:Untouchable+1"],"picked":"SKIP","floor":42},{"not_picked":["Koishi:BloodcurdlingScream","Koishi:UnseenTerror","Koishi:LastRemote+1","Koishi:ParalyzingFear+1"],"picked":"SKIP","floor":44},{"not_picked":["Koishi:JumpScare","Koishi:ReflexRadar+1","Koishi:FreudianInstinct+1"],"picked":"Koishi:ConfinedInnocent+1","floor":48},{"not_picked":["Koishi:ReflexRadar+1","Koishi:HeartfeltFancy","Koishi:SprinkleStarAndHeart"],"picked":"Koishi:Catatonia","floor":54}],"player_experience":260794,"relics_obtained":[{"floor":6,"key":"Mercury Hourglass"},{"floor":8,"key":"Regal Pillow"},{"floor":10,"key":"Sundial"},{"floor":11,"key":"Eternal Feather"},{"floor":12,"key":"Darkstone Periapt"},{"floor":26,"key":"Potion Belt"},{"floor":27,"key":"Pear"},{"floor":28,"key":"Pocketwatch"},{"floor":29,"key":"Question Card"},{"floor":40,"key":"Ornamental Fan"},{"floor":42,"key":"Koishi:AHoleWhereASisterShouldBe"},{"floor":43,"key":"MawBank"},{"floor":46,"key":"Juzu Bracelet"},{"floor":54,"key":"Toy Ornithopter"}],"event_choices":[{"damage_healed":0.0,"max_hp_gain":0.0,"max_hp_loss":0.0,"gold_gain":0.0,"event_name":"Accursed Blacksmith","player_choice":"Rummage","floor":2.0,"gold_loss":0.0,"damage_taken":0.0,"relics_obtained":["WarpedTongs"],"cards_obtained":["Pain"]},{"damage_healed":0,"gold_gain":0,"player_choice":"Success","damage_taken":7,"relics_obtained":["Mango"],"max_hp_gain":0,"max_hp_loss":0,"event_name":"Scrap Ooze","floor":7,"gold_loss":0},{"damage_healed":0,"gold_gain":0,"player_choice":"Opened","damage_taken":0,"relics_obtained":["Ancient Tea Set"],"max_hp_gain":0,"max_hp_loss":0,"event_name":"The Mausoleum","floor":21,"gold_loss":0},{"cards_removed":["Koishi:TremblingHands"],"damage_healed":0,"gold_gain":0,"player_choice":"Removed Attack","damage_taken":0,"max_hp_gain":0,"max_hp_loss":0,"event_name":"Falling","floor":37,"gold_loss":0},{"damage_healed":0,"gold_gain":0,"player_choice":"Max HP","damage_taken":0,"max_hp_gain":0,"max_hp_loss":4,"event_name":"Winding Halls","floor":38,"gold_loss":0},{"damage_healed":0,"gold_gain":0,"player_choice":"Ignored","damage_taken":0,"max_hp_gain":0,"max_hp_loss":0,"event_name":"Tomb of Lord Red Mask","floor":45,"gold_loss":0}],"is_beta":false,"boss_relics":[{"not_picked":["Sozu","Astrolabe"],"picked":"Ectoplasm"},{"not_picked":["Runic Dome","Tiny House"],"picked":"SlaversCollar"}],"items_purged_floors":[3,13,19,22,36,47,53],"is_endless":false,"potions_floor_spawned":[6,8,10,12,16,24,27,29,35,39,54],"ascension_level":1}}