{"host":"pno9h1fupbyz205f","time":1610835557,"event":{"mods":["Aspiration","BaseMod","Better Altar","Better Match","Better Note","Better Sensory Stone","Better Skull","Better Third Choice","Colored Map","Colored Powertips","Hermit","Highlight Path","Hubris","Infinite Spire","Jedi Mod","Mad Scientist","Marisa????????","Minty Spire (QoL Compilation)","Permanent Neow","Potionbrewer","Prisma Mod","Replay The Spire","Robot Space Explorer","Shop Mod","Spicy Shops","StSLib","Td1madao Mod","The Blackbeard","The Gatherer","The Hierophant","The Marked","The Poker Player","The Runesmith","The Servant 0.9.4","The Spell Scribe","The Vixen","thorton","vexMod"],"gold_per_floor":[111,36,52,6,19,19,45,55,55,72,72,72,72,88,88,191,191,208,208,133,133],"floor_reached":20,"language":"ENG","playtime":1166,"items_purged":["theScribe:StarterAttack"],"score":174,"play_id":"a700adca-6d46-4aa9-a1f2-b494990b7f09","local_time":"20210116141917","is_ascension_mode":false,"campfire_choices":[{"data":"theScribe:MirrorImage","floor":6,"key":"SMITH"},{"floor":11,"key":"REST"},{"floor":15,"key":"REST"}],"circlet_count":0,"master_deck":["theScribe:LightningStrike","theScribe:LightningStrike","theScribe:StarterDefend","theScribe:IcyDefend","theScribe:IcyDefend","theScribe:StarterModifier","theScribe:MirrorImage+1","theScribe:TelumSpellstone","theScribe:LightningBolt","theScribe:SacrificeRitual","theScribe:GatherComponents","theScribe:AmplifyingSpellstone","theScribe:MirrorImage","theScribe:RecurringRime","theScribe:StemTheFlow","theScribe:TelumSpellstone+1"],"relics":["theScribe:StarterRelic1","InkBottle","vexMod:Dragonfruit","potionbrewer:BhaskarasWheel"],"acts_visited":["Exordium","TheCity"],"potions_floor_usage":[16,16,16],"damage_taken":[{"damage":11,"enemies":"Cultist","floor":1,"turns":6},{"damage":16,"enemies":"Small Slimes","floor":3,"turns":9},{"damage":6,"enemies":"Jaw Worm","floor":5,"turns":4},{"damage":41,"enemies":"Gremlin Nob","floor":7,"turns":6},{"damage":2,"enemies":"Blue Slaver","floor":8,"turns":2},{"damage":19,"enemies":"Lots of Slimes","floor":10,"turns":5},{"damage":15,"enemies":"Gremlin Gang","floor":14,"turns":7},{"damage":46,"enemies":"Hexaghost","floor":16,"turns":11},{"damage":66,"enemies":"Spheric Guardian","floor":18,"turns":11},{"damage":13,"enemies":"2 Thieves","floor":20,"turns":4}],"seed_played":"8019302943322537119","potions_obtained":[{"floor":8,"key":"GamblersBrew"},{"floor":13,"key":"CultistPotion"},{"floor":13,"key":"Languid Potion"},{"floor":16,"key":"Elixir"},{"floor":18,"key":"SpeedPotion"}],"is_trial":false,"path_per_floor":["M","$","M","$","M","R","E","M","T","M","R","?","?","M","R","B",null,"M","?","M"],"character_chosen":"THE_SCRIBE","items_purchased":["theScribe:LightningBolt"],"campfire_rested":2,"item_purchase_floors":[4],"current_hp_per_floor":[64,64,48,48,42,42,21,31,36,19,43,43,43,28,52,6,80,14,14,1,1],"gold":133,"neow_bonus":"REMOVE_CARD","is_daily":false,"chose_seed":false,"campfire_upgraded":1,"win_rate":0.0,"timestamp":1610835557,"path_taken":["M","$","M","?","M","R","E","?","T","M","R","?","?","?","R","BOSS","M","?","?"],"items_purchased_type":["Card"],"build_version":"2020-12-22","purchased_purges":1,"victory":false,"max_hp_per_floor":[75,75,75,75,75,75,75,75,80,80,80,80,80,80,80,80,80,80,80,80,80],"card_choices":[{"not_picked":["theScribe:LightningBlade","theScribe:BluntWeapons"],"picked":"theScribe:MirrorImage","floor":1},{"not_picked":["theScribe:ArcaneBarrier","theScribe:Split"],"picked":"theScribe:TelumSpellstone","floor":3},{"not_picked":["theScribe:LightningBolt","theScribe:InvigoratingStrike"],"picked":"theScribe:SacrificeRitual","floor":5},{"not_picked":["theScribe:AnomalousTexts","theScribe:TelumSpellstone"],"picked":"theScribe:GatherComponents","floor":7},{"not_picked":["theScribe:WeirdToxin","theScribe:FocusingBarrier"],"picked":"theScribe:AmplifyingSpellstone","floor":8},{"not_picked":["theScribe:FrostvenomToxin","theScribe:BluntWeapons"],"picked":"theScribe:MirrorImage","floor":10},{"not_picked":["theScribe:CripplingCharge","theScribe:WeirdShield"],"picked":"theScribe:RecurringRime","floor":14},{"not_picked":["theScribe:InscribeDeath","theScribe:Echo"],"picked":"theScribe:StemTheFlow","floor":16},{"not_picked":["theScribe:GatherComponents","theScribe:ThrownScroll+1"],"picked":"theScribe:TelumSpellstone+1","floor":18}],"player_experience":187508,"relics_obtained":[{"floor":7,"key":"InkBottle"},{"floor":9,"key":"vexMod:Dragonfruit"}],"event_choices":[{"cards_removed":["theScribe:StarterDefend"],"damage_healed":0,"gold_gain":0,"player_choice":"Forget","damage_taken":0,"max_hp_gain":0,"max_hp_loss":0,"event_name":"Living Wall","floor":12,"gold_loss":0},{"damage_healed":0,"gold_gain":0,"player_choice":"Got Potions","damage_taken":0,"max_hp_gain":0,"max_hp_loss":0,"event_name":"Lab","floor":13,"gold_loss":0},{"cards_removed":["theScribe:StarterDefend"],"damage_healed":0,"gold_gain":0,"player_choice":"Purged","damage_taken":0,"max_hp_gain":0,"max_hp_loss":0,"event_name":"Purifier","floor":19,"gold_loss":0}],"is_beta":false,"boss_relics":[{"not_picked":["thethorton:CrushedCigarette","aspiration:RitualDagger"],"picked":"potionbrewer:BhaskarasWheel"}],"items_purged_floors":[2],"is_endless":false,"potions_floor_spawned":[8,14,16,18],"killed_by":"2 Thieves","ascension_level":0}}