{"host":"684z1xpuwaoqmmh1","time":1610820937,"event":{"mods":["Bard","BaseMod","Downfall","Hermit","Jorbs\u0027s Wanderer Trilogy","Marisa????????","Minty Spire (QoL Compilation)","Robot Space Explorer","Shade Mod","StSLib","The Bug Knight","The Cursed","The Hayseed","The Hierophant","The Marked","The Mystic","The Runesmith","The Senshi","The Spell Scribe"],"gold_per_floor":[113,127,147,160,171,171,201,201,201,201,276,315,338,381,381,510,510,528,543,564,579,579,613,613,652,652,690,690,789,825,841,841,965,965,984,1047,1070,1094,1094,1134,1159,1193,1263,1263,1602,1602,1620,1680,1680,1680,1680,1680,882,882,882],"floor_reached":54,"language":"ENG","playtime":2738,"items_purged":["theMarked:Strike"],"score":1067,"play_id":"b09a5cf4-5617-49ef-b1b5-ebecfa29d649","local_time":"20210116201537","is_ascension_mode":true,"campfire_choices":[{"data":"theMarked:Generate","floor":6,"key":"SMITH"},{"data":"theMarked:SoldierOfQuellstein","floor":8,"key":"SMITH"},{"data":"theMarked:SummonStrength","floor":15,"key":"SMITH"},{"data":"theMarked:ContemptForTheProud","floor":24,"key":"SMITH"},{"data":"theMarked:Defy","floor":32,"key":"SMITH"},{"floor":46,"key":"RECALL"},{"data":"theMarked:Standoff","floor":49,"key":"SMITH"},{"data":"theMarked:TwofoldDefense","floor":52,"key":"SMITH"}],"circlet_count":0,"master_deck":["theMarked:Strike","theMarked:Strike","theMarked:Strike","theMarked:Strike","theMarked:Defend","theMarked:Defend","theMarked:Defend","theMarked:Defend","theMarked:SoldierOfQuellstein+1","theMarked:ReduceFriction","theMarked:Opportunist","theMarked:CreepingChasm","theMarked:TwofoldDefense+1","theMarked:Generate+1","theMarked:ContemptForTheProud+1","theMarked:SummonStrength+1","theMarked:ElementalBlade+1","theMarked:Aftermath+1","theMarked:TakeOffHeels+1","theMarked:MaelstromOfLightning+1","theMarked:TakeCover+1","theMarked:WastefulDefense+1","theMarked:WastefulDefense+1","theMarked:Levitate+1","theMarked:Defy+1","theMarked:WastefulDefense+1","theMarked:Generate+1","theMarked:BindingBlade+1","theMarked:HeightenedSenses+1","theMarked:ReduceFriction+1","theMarked:Overcharge+1","theMarked:TunnelVision+1","theMarked:Standoff+1","theMarked:TakeCover+1","theMarked:WastefulDefense+1","theMarked:HeritageOfTheMarked","theMarked:StartUp","theMarked:TwofoldDefense+1","theMarked:Parry+1"],"relics":["theMarked:ArtifactOfAir","theSenshi:SailorFukuRelic","Eternal Feather","Toxic Egg 2","Golden Idol","Toy Ornithopter","champ:DuelingGlove","Coffee Dripper","Bronze Scales","Bottled Flame","Meat on the Bone","Gremlin Horn","HornCleat","MutagenicStrength","Regal Pillow","theMarked:Eyepatch","CaptainsWheel","Anchor","hexamod:BolsterEngine","Old Coin","HollowMod:QueensCombRelic","HollowMod:PaleOreRelic","InkBottle","Orrery"],"acts_visited":["Exordium","TheCity","TheBeyond","TheEnding"],"potions_floor_usage":[7,12,13,21,23,25,33,36,40,42,42,42,42],"damage_taken":[{"damage":5,"enemies":"2 Louse","floor":1,"turns":3},{"damage":2,"enemies":"Jaw Worm","floor":2,"turns":6},{"damage":8,"enemies":"Small Slimes","floor":3,"turns":3},{"damage":1,"enemies":"3 Louse","floor":4,"turns":4},{"damage":2,"enemies":"Looter","floor":5,"turns":4},{"damage":10,"enemies":"3 Sentries","floor":7,"turns":6},{"damage":13,"enemies":"Gremlin Nob","floor":12,"turns":3},{"damage":0,"enemies":"Blue Slaver","floor":13,"turns":4},{"damage":15,"enemies":"3 Sentries","floor":14,"turns":5},{"damage":16,"enemies":"The Guardian","floor":16,"turns":9},{"damage":7,"enemies":"Shell Parasite","floor":18,"turns":3},{"damage":2,"enemies":"Chosen","floor":19,"turns":2},{"damage":20,"enemies":"Shelled Parasite and Fungi","floor":20,"turns":6},{"damage":8,"enemies":"Cultist and Chosen","floor":21,"turns":7},{"damage":23,"enemies":"Slavers","floor":23,"turns":5},{"damage":14,"enemies":"Book of Stabbing","floor":25,"turns":3},{"damage":0,"enemies":"Gremlin Leader","floor":27,"turns":4},{"damage":24,"enemies":"Book of Stabbing","floor":30,"turns":4},{"damage":0,"enemies":"Snake Plant","floor":31,"turns":1},{"damage":25,"enemies":"Champ","floor":33,"turns":7},{"damage":0,"enemies":"3 Darklings","floor":35,"turns":3},{"damage":0,"enemies":"Mind Bloom Boss Battle","floor":36,"turns":6},{"damage":0,"enemies":"Orb Walker","floor":37,"turns":4},{"damage":0,"enemies":"Jaw Worm Horde","floor":38,"turns":3},{"damage":17,"enemies":"Reptomancer","floor":40,"turns":4},{"damage":0,"enemies":"3 Darklings","floor":41,"turns":2},{"damage":3,"enemies":"Giant Head","floor":42,"turns":5},{"damage":10,"enemies":"Nemesis","floor":45,"turns":5},{"damage":13,"enemies":"Transient","floor":47,"turns":5},{"damage":0,"enemies":"2 Orb Walkers","floor":48,"turns":2},{"damage":14,"enemies":"Awakened One","floor":50,"turns":9},{"damage":49,"enemies":"Shield and Spear","floor":54,"turns":5}],"seed_played":"313752031180444650","potions_obtained":[{"floor":1,"key":"LiquidMemories"},{"floor":2,"key":"theMarked:SummonPotion"},{"floor":7,"key":"BlessingOfTheForge"},{"floor":12,"key":"bronze:BurnAndBuffPotion"},{"floor":14,"key":"Ancient Potion"},{"floor":18,"key":"EssenceOfSteel"},{"floor":21,"key":"theMarked:SummonPotion"},{"floor":23,"key":"FearPotion"},{"floor":27,"key":"SteroidPotion"},{"floor":31,"key":"EntropicBrew"},{"floor":35,"key":"Dexterity Potion"},{"floor":37,"key":"bronze:BurnAndBuffPotion"},{"floor":41,"key":"SteroidPotion"},{"floor":47,"key":"LiquidMemories"}],"is_trial":false,"path_per_floor":["M","M","M","M","M","R","E","R","T","?","?","E","M","E","R","B",null,"M","M","M","M","?","E","R","E","T","E","?","?","E","M","R","B",null,"M","?","M","M","?","E","M","E","T","?","E","R","M","?","R","B",null,"R","$","E"],"character_chosen":"THE_DEFAULT","items_purchased":["HollowMod:PaleOreRelic","InkBottle","theMarked:WastefulDefense+1","theMarked:HeritageOfTheMarked","theMarked:StartUp","Orrery"],"campfire_rested":0,"item_purchase_floors":[53,53,53,53,53,53],"current_hp_per_floor":[65,63,55,54,52,52,42,51,51,51,40,27,32,17,26,10,65,58,56,36,33,33,15,30,21,21,33,33,33,21,33,48,40,65,65,65,65,65,65,48,48,62,62,62,52,65,52,42,42,28,42,42,42,0,0],"gold":882,"neow_bonus":"RANDOM_COMMON_RELIC","is_daily":false,"chose_seed":false,"campfire_upgraded":7,"win_rate":0.0,"timestamp":1610820937,"path_taken":["M","M","M","M","M","R","E","R","T","?","?","E","M","E","R","BOSS","M","M","M","M","?","E","R","E","T","E","?","?","E","M","R","BOSS","M","?","M","M","?","E","M","E","T","?","E","R","?","?","R","BOSS","R","$","E"],"items_purchased_type":["Relic","Relic","Card","Card","Card","Relic"],"build_version":"2020-12-22","purchased_purges":1,"victory":false,"max_hp_per_floor":[70,70,70,70,70,70,70,70,70,65,65,65,65,65,65,65,65,65,65,65,65,65,65,65,65,65,65,65,65,65,65,65,65,65,65,65,65,65,65,65,65,65,65,65,65,65,65,42,42,42,42,42,42,42,42],"card_choices":[{"not_picked":["theMarked:TwofoldDefense","theMarked:BanishingStrike"],"picked":"theMarked:ReduceFriction","floor":1},{"not_picked":["theMarked:SwordAndMagic","theMarked:EmpowerWeapon"],"picked":"theMarked:Opportunist","floor":2},{"not_picked":["theMarked:TwofoldDefense","theMarked:Frustration"],"picked":"theMarked:CreepingChasm","floor":3},{"not_picked":["theMarked:ReduceFriction","theMarked:ChainLightning"],"picked":"theMarked:TwofoldDefense","floor":4},{"not_picked":["theMarked:ParalyzingBlade","theMarked:WardOff"],"picked":"theMarked:Generate","floor":5},{"not_picked":["theMarked:WastefulDefense","theMarked:Improvise"],"picked":"theMarked:ContemptForTheProud","floor":7},{"not_picked":["theMarked:WastefulAttack","theMarked:Seal+1"],"picked":"theMarked:SummonStrength","floor":12},{"not_picked":["theMarked:BanishingStrike","theMarked:EnhanceMovement+1"],"picked":"theMarked:ElementalBlade+1","floor":13},{"not_picked":["theMarked:Seal+1","theMarked:SoldierForm"],"picked":"theMarked:Aftermath+1","floor":14},{"not_picked":["theMarked:UnarmedFury","theMarked:SoldierForm"],"picked":"theMarked:TakeOffHeels+1","floor":16},{"not_picked":["theMarked:ShockingTouch","theMarked:Frustration"],"picked":"theMarked:MaelstromOfLightning+1","floor":18},{"not_picked":["theMarked:ElectricStrings","theMarked:BanishingStrike"],"picked":"theMarked:TakeCover+1","floor":19},{"not_picked":["theMarked:ElectricStrings+1","theMarked:EmpowerWeapon+1"],"picked":"theMarked:WastefulDefense+1","floor":20},{"not_picked":["theMarked:ElectricStrings+1","theMarked:ResourceFulStrike+1"],"picked":"theMarked:WastefulDefense+1","floor":21},{"not_picked":["theMarked:Improvise+1","theMarked:Parry+1"],"picked":"theMarked:Levitate+1","floor":23},{"not_picked":["theMarked:Generate+1","theMarked:ElectricStrings+1"],"picked":"theMarked:Defy","floor":25},{"not_picked":["theMarked:Seal+1","theMarked:Frustration"],"picked":"theMarked:WastefulDefense+1","floor":27},{"not_picked":["theMarked:MaelstromOfLightning+1","theMarked:Aftermath+1"],"picked":"theMarked:Generate+1","floor":30},{"not_picked":["theMarked:PowerFlow+1","theMarked:DeterminationOfTheMarked","theMarked:Electrocute"],"picked":"SKIP","floor":31},{"not_picked":["theMarked:SoldierForm","theMarked:UnarmedFury"],"picked":"theMarked:BindingBlade+1","floor":33},{"not_picked":["theMarked:Static+1","theMarked:Improvise+1"],"picked":"theMarked:HeightenedSenses+1","floor":35},{"not_picked":["theMarked:Static+1","theMarked:Frustration+1"],"picked":"theMarked:ReduceFriction+1","floor":36},{"not_picked":["theMarked:WardOff+1","theMarked:Parry+1"],"picked":"theMarked:WastefulAttack+1","floor":37},{"not_picked":["theMarked:WardOff+1","theMarked:Static+1"],"picked":"theMarked:Overcharge+1","floor":38},{"not_picked":["theMarked:ChainLightning+1","theMarked:ChannelForce+1"],"picked":"theMarked:TunnelVision+1","floor":40},{"not_picked":["theMarked:ResourceFulStrike+1","theMarked:EmpowerWeapon+1","theMarked:HeightenedSenses+1"],"picked":"SKIP","floor":41},{"not_picked":["theMarked:TwofoldDefense+1","theMarked:LightningStrikesTwice"],"picked":"theMarked:Standoff","floor":42},{"not_picked":["theMarked:LightningStrikesTwice","theMarked:Frustration+1"],"picked":"theMarked:TakeCover+1","floor":45},{"not_picked":["theMarked:BanishingStrike","theMarked:HeightenedSenses+1","theMarked:Aftermath+1"],"picked":"SKIP","floor":47},{"not_picked":["theMarked:ElectricStrings","theMarked:WastefulDefense+1"],"picked":"theMarked:TwofoldDefense+1","floor":53},{"not_picked":["theMarked:EmpowerWeapon+1","theMarked:EternalStudent+1"],"picked":"theMarked:Parry+1","floor":53}],"player_experience":2841319,"relics_obtained":[{"floor":7,"key":"Eternal Feather"},{"floor":9,"key":"Toxic Egg 2"},{"floor":12,"key":"Toy Ornithopter"},{"floor":14,"key":"champ:DuelingGlove"},{"floor":23,"key":"Bottled Flame"},{"floor":25,"key":"Meat on the Bone"},{"floor":26,"key":"Gremlin Horn"},{"floor":27,"key":"HornCleat"},{"floor":30,"key":"Regal Pillow"},{"floor":36,"key":"CaptainsWheel"},{"floor":40,"key":"Anchor"},{"floor":42,"key":"hexamod:BolsterEngine"},{"floor":45,"key":"Old Coin"},{"floor":48,"key":"HollowMod:QueensCombRelic"}],"event_choices":[{"damage_healed":0,"gold_gain":0,"player_choice":"Lose Max HP","damage_taken":0,"relics_obtained":["Golden Idol"],"max_hp_gain":0,"max_hp_loss":5,"event_name":"Golden Idol","floor":10,"gold_loss":0},{"damage_healed":0,"gold_gain":75,"player_choice":"Gather Gold","damage_taken":11,"max_hp_gain":0,"max_hp_loss":0,"event_name":"World of Goop","floor":11,"gold_loss":0},{"damage_healed":0,"gold_gain":0,"player_choice":"Opened","damage_taken":0,"relics_obtained":["Bronze Scales"],"max_hp_gain":0,"max_hp_loss":0,"event_name":"The Mausoleum","floor":22,"gold_loss":0},{"damage_healed":0,"gold_gain":0,"player_choice":"Inject Mutagens","damage_taken":0,"relics_obtained":["MutagenicStrength"],"max_hp_gain":0,"max_hp_loss":0,"event_name":"Drug Dealer","floor":28,"gold_loss":0},{"damage_healed":0,"gold_gain":99,"player_choice":"Stole From Cult","damage_taken":0,"max_hp_gain":0,"max_hp_loss":0,"event_name":"Nest","floor":29,"gold_loss":0},{"damage_healed":0,"gold_gain":0,"player_choice":"Fight","damage_taken":0,"max_hp_gain":0,"max_hp_loss":0,"event_name":"MindBloom","floor":36,"gold_loss":0},{"cards_removed":["theMarked:WastefulAttack"],"damage_healed":0,"gold_gain":0,"player_choice":"Removed Attack","damage_taken":0,"max_hp_gain":0,"max_hp_loss":0,"event_name":"Falling","floor":44,"gold_loss":0},{"damage_healed":0,"gold_gain":0,"player_choice":"Fight","damage_taken":0,"max_hp_gain":0,"max_hp_loss":0,"event_name":"Mysterious Sphere","floor":48,"gold_loss":0}],"is_beta":false,"boss_relics":[{"not_picked":["theSenshi:MoonKaleidoScopeRelic","Runesmith:UraniumAnvil"],"picked":"Coffee Dripper"},{"not_picked":["Fusion Hammer","Busted Crown"],"picked":"theMarked:Eyepatch"}],"items_purged_floors":[53],"is_endless":false,"potions_floor_spawned":[1,2,7,12,14,18,21,23,27,31,35,37,41,47],"killed_by":"Shield and Spear","ascension_level":4}}