{"host":"nl9gyitbz774fola","time":1610758208,"event":{"mods":["AchievementEnabler","BaseMod","Colored Map","Colored Powertips","Minty Spire (QoL Compilation)","Replay The Spire","StSLib","The Alterego","Uncapped"],"gold_per_floor":[127,155,183,195,219,231,243,305,317,329,359,397,419,279,279,384,384,399,97,115,3,21,50,50,50,50,67,86,11,11,23,23,121,121,134,148,198,247,257,257,257],"floor_reached":40,"language":"ENG","playtime":3935,"items_purged":[],"score":610,"play_id":"a43d4b47-df42-4724-907e-aac3f2ddb7dd","local_time":"20210115195008","is_ascension_mode":false,"campfire_choices":[{"floor":6,"key":"REST"},{"floor":15,"key":"REST"},{"data":"ReplayTheSpireMod:Scrap Shanks","floor":25,"key":"SMITH"},{"floor":32,"key":"REST"}],"circlet_count":0,"master_deck":["Defend_G","Defend_G","Defend_G","Defend_G","Defend_G","Survivor","Neutralize","PiercingWail","Backflip","Dagger Spray","Dagger Spray","Backstab","Backflip","ReplayTheSpireMod:Scrap Shanks+1","ReplayTheSpireMod:Speed Training","Flying Knee","Backstab","Noxious Fumes","Dagger Spray","Venomology+1","Noxious Fumes+1","Tools of the Trade+1","Predator","Outmaneuver","Infinite Blades+1","Slice+1","Slice+1","Footwork","Bite","Bite","Bite","Bite","Bite","Slice","J.A.X.","Poisoned Stab+1","After Image+1","Backstab+1","Replay:Poison Smokescreen+1","Poisoned Stab+1","Fluid Movement+1"],"relics":["Ring of the Snake","MawBank","WarpedTongs","Snack Pack","Golden Egg","Empty Cage","Potion Belt","Strange Spoon","Replay:Mystery Machine","CaptainsWheel","SlaversCollar","Shovel","Pondfish Scales"],"acts_visited":["Exordium","TheCity","TheBeyond"],"potions_floor_usage":[20,22,22,23,23,23,23,23,23,27,31,31,31,33,33,33,38,40,40,40,40],"damage_taken":[{"damage":5,"enemies":"Cultist","floor":1,"turns":5},{"damage":2,"enemies":"Small Slimes","floor":2,"turns":4},{"damage":0,"enemies":"2 Louse","floor":3,"turns":3},{"damage":14,"enemies":"Blue Slaver","floor":5,"turns":4},{"damage":6,"enemies":"Large Slime","floor":11,"turns":7},{"damage":17,"enemies":"Replay:BlueRogue","floor":12,"turns":6},{"damage":3,"enemies":"Exordium Thugs","floor":13,"turns":5},{"damage":43,"enemies":"The Guardian","floor":16,"turns":10},{"damage":18,"enemies":"Shell Parasite","floor":18,"turns":7},{"damage":0,"enemies":"3 Byrds","floor":20,"turns":3},{"damage":20,"enemies":"Snake Plant","floor":22,"turns":4},{"damage":12,"enemies":"Book of Stabbing","floor":23,"turns":5},{"damage":40,"enemies":"Shelled Parasite and Fungi","floor":27,"turns":6},{"damage":18,"enemies":"3 Cultists","floor":28,"turns":5},{"damage":5,"enemies":"Sentry and Sphere","floor":31,"turns":5},{"damage":53,"enemies":"Pondfish","floor":33,"turns":10},{"damage":26,"enemies":"Orb Walker","floor":35,"turns":3},{"damage":8,"enemies":"3 Shapes","floor":36,"turns":4},{"damage":3,"enemies":"Mind Bloom Boss Battle","floor":37,"turns":6},{"damage":34,"enemies":"2 Orb Walkers","floor":38,"turns":5},{"damage":30,"enemies":"Spire Growth","floor":39,"turns":6},{"damage":42,"enemies":"Giant Head","floor":40,"turns":6}],"seed_played":"-6485090805102749261","potions_obtained":[{"floor":2,"key":"FearPotion"},{"floor":8,"key":"EntropicBrew"},{"floor":8,"key":"Doom Potion"},{"floor":11,"key":"BlessingOfTheForge"},{"floor":16,"key":"PowerPotion"},{"floor":20,"key":"GamblersBrew"},{"floor":27,"key":"Languid Potion"},{"floor":33,"key":"GamblersBrew"},{"floor":37,"key":"Fire Potion"}],"is_trial":false,"path_per_floor":["M","M","M","?","M","R","?","?","T","?","M","E","M","$","R","B",null,"M","$","M","$","M","E","?","R","T","M","M","?","?","M","R","B",null,"M","M","?","?","M","E"],"character_chosen":"THE_SILENT","items_purchased":["Venomology","Noxious Fumes","Potion Belt","Strange Spoon","Infinite Blades","Slice"],"campfire_rested":3,"item_purchase_floors":[14,14,19,19,21,21],"current_hp_per_floor":[65,63,63,63,49,70,70,42,42,42,40,29,28,28,49,12,70,54,54,56,56,44,38,38,38,38,19,17,17,17,26,40,17,49,31,29,46,28,12,0,0],"gold":257,"neow_bonus":"RANDOM_COMMON_RELIC","is_daily":false,"chose_seed":false,"campfire_upgraded":1,"win_rate":0.0,"timestamp":1610758208,"path_taken":["M","M","M","?","?","R","?","?","T","?","?","E","M","?","R","BOSS","M","$","?","$","M","E","?","R","T","M","M","?","?","M","R","BOSS","M","M","?","?","M","E"],"items_purchased_type":["Card","Card","Relic","Relic","Card","Card"],"build_version":"2020-12-22","purchased_purges":0,"victory":false,"max_hp_per_floor":[70,70,70,70,70,70,70,70,70,70,70,70,70,70,70,70,70,70,70,70,70,70,70,49,49,49,49,49,49,49,49,49,49,49,49,49,49,49,49,49,49],"card_choices":[{"not_picked":["Acrobatics","Choke"],"picked":"PiercingWail","floor":1},{"not_picked":["PiercingWail","Prepared"],"picked":"Backflip","floor":2},{"not_picked":["Predator","Poisoned Stab"],"picked":"Dagger Spray","floor":3},{"not_picked":["Hidden Blade","Distraction"],"picked":"Dagger Spray","floor":5},{"not_picked":["Quick Slash","Tactician"],"picked":"Backstab","floor":8},{"not_picked":["Flying Knee","PiercingWail"],"picked":"Backstab","floor":11},{"not_picked":["Bullet Time","Sneak Up"],"picked":"Noxious Fumes","floor":12},{"not_picked":["ReplayTheSpireMod:Scrap Shanks","Hidden Blade"],"picked":"Dagger Spray","floor":13},{"not_picked":["Atom Bomb","ReplayTheSpireMod:From All Sides"],"picked":"Tools of the Trade","floor":16},{"not_picked":["Quick Slash","Blade Dance"],"picked":"Predator","floor":18},{"not_picked":["Quick Slash+1","Acrobatics"],"picked":"Outmaneuver","floor":20},{"not_picked":["Slice","ReplayTheSpireMod:From All Sides"],"picked":"Footwork","floor":22},{"not_picked":["Prepared","ReplayTheSpireMod:The Works","Deflect"],"picked":"SKIP","floor":23},{"not_picked":["Dagger Throw","Flying Knee"],"picked":"Slice","floor":27},{"not_picked":["Hidden Blade","Underhanded Strike","PiercingWail"],"picked":"SKIP","floor":28},{"not_picked":["Slice+1","Deflect"],"picked":"Poisoned Stab+1","floor":31},{"not_picked":["Doppelganger","Poison Darts"],"picked":"After Image","floor":33},{"not_picked":["Dagger Spray+1","Leg Sweep"],"picked":"Backstab+1","floor":35},{"not_picked":["Distraction+1","Blade Dance+1","Underhanded Strike"],"picked":"SKIP","floor":36},{"not_picked":["Sucker Punch+1","Deflect"],"picked":"Replay:Poison Smokescreen+1","floor":37},{"not_picked":["ReplayTheSpireMod:Speed Training+1","Prepared"],"picked":"Poisoned Stab+1","floor":38},{"not_picked":["ReplayTheSpireMod:Tripwire","Backflip"],"picked":"Fluid Movement+1","floor":39}],"player_experience":17312,"relics_obtained":[{"floor":9,"key":"Snack Pack"},{"floor":12,"key":"Golden Egg"},{"floor":23,"key":"Replay:Mystery Machine"},{"floor":26,"key":"CaptainsWheel"},{"floor":37,"key":"Shovel"},{"floor":38,"key":"Pondfish Scales"}],"event_choices":[{"damage_healed":0,"gold_gain":0,"player_choice":"Rummage","damage_taken":0,"relics_obtained":["WarpedTongs"],"max_hp_gain":0,"max_hp_loss":0,"event_name":"Accursed Blacksmith","floor":4,"gold_loss":0,"cards_obtained":["Pain"]},{"damage_healed":0,"gold_gain":0,"player_choice":"Became a vampire","damage_taken":0,"max_hp_gain":0,"max_hp_loss":21,"event_name":"Vampires","floor":24,"gold_loss":0,"cards_obtained":["Bite","Bite","Bite","Bite","Bite"]},{"cards_removed":["Atom Bomb"],"damage_healed":0,"gold_gain":0,"player_choice":"Gave Gold","damage_taken":0,"max_hp_gain":0,"max_hp_loss":0,"event_name":"Beggar","floor":29,"gold_loss":75},{"damage_healed":0,"gold_gain":0,"player_choice":"Obtain J.A.X.","damage_taken":0,"max_hp_gain":0,"max_hp_loss":0,"event_name":"Drug Dealer","floor":30,"gold_loss":0,"cards_obtained":["J.A.X."]},{"damage_healed":0,"gold_gain":0,"player_choice":"Fight","damage_taken":0,"max_hp_gain":0,"max_hp_loss":0,"event_name":"MindBloom","floor":37,"gold_loss":0},{"damage_healed":0,"gold_gain":0,"player_choice":"Fight","damage_taken":0,"max_hp_gain":0,"max_hp_loss":0,"event_name":"Mysterious Sphere","floor":38,"gold_loss":0}],"is_beta":false,"boss_relics":[{"not_picked":["Runic Pyramid","Ring of the Serpent"],"picked":"Empty Cage"},{"not_picked":["Snecko Eye","Fusion Hammer"],"picked":"SlaversCollar"}],"items_purged_floors":[],"is_endless":false,"potions_floor_spawned":[2,11,16,20,27,33,37],"killed_by":"Giant Head","ascension_level":0}}