{"host":"fm9e0lfunjlbhzxv","time":1610764183,"event":{"mods":["2.2 Compatiblity","Alarm Clock","Astrologer","BaseMod","Bestiary","Better Match","Better Skull","Better Third Choice","Colored Map","Colored Powertips","Curses Come First","Energized Spire","Good Game Mod","Key Reminder","Koishi","Mimic Mod","Minty Spire (QoL Compilation)","Permanent Neow","Rare Cards Sparkle","Relic Stats","Spicy Shops","StSLib","The Administrix","The Blue Laboratory","The Bug Knight","The Disciple","The Hierophant","The Servant 0.9.4","The Vixen","Trackpad","slay the spire mod where everything is the same but ironclad has a cowboy hat"],"gold_per_floor":[194,194,44,44,60,71,72,72,72,42,42,56,60,71,71,175,175,158,155,145,135,60,78,78,95,95,58,58],"floor_reached":27,"language":"ENG","playtime":2134,"items_purged":["Pain"],"score":249,"play_id":"bdd07239-86a5-42d2-a6ef-2ebda23079ed","local_time":"20210115182943","is_ascension_mode":false,"campfire_choices":[{"data":"hierophant:ChurchCoffers","floor":8,"key":"SMITH"},{"data":"hierophant:ChurchCoffers","floor":11,"key":"SMITH"},{"floor":15,"key":"REST"},{"floor":24,"key":"REST"}],"circlet_count":0,"master_deck":["hierophant:Strike_Hierophant","hierophant:Strike_Hierophant","hierophant:Strike_Hierophant","hierophant:Strike_Hierophant","hierophant:Punish","hierophant:Defend_Hierophant","hierophant:Defend_Hierophant","hierophant:Defend_Hierophant","hierophant:ChurchCoffers+1","hierophant:Zeal","hierophant:ChurchCoffers+1","hierophant:Shelter","hierophant:Encroach","AdministrixMod:FaithfulFlames","hierophant:RepressedViolence","hierophant:OrnateBuckler","hierophant:DeathKnell","hierophant:HammerAndAnvil","hierophant:ThreeLashes","hierophant:AuricForm","hierophant:FlamingChariot","hierophant:SealAway","hierophant:MorningPrayer","hierophant:AuricForm"],"relics":["hierophant:PropheticMaskRelic","REME:ComplimentaryCards","WarpedTongs","DollysMirror","Strawberry","Juzu Bracelet","Bottled Flame","Snecko Eye","trackpad:IceCube","Toxic Egg 2"],"acts_visited":["Exordium","TheCity"],"potions_floor_usage":[13,14,19],"damage_taken":[{"damage":2,"enemies":"Small Slimes","floor":1,"turns":3},{"damage":0,"enemies":"Cultist","floor":4,"turns":3},{"damage":0,"enemies":"2 Louse","floor":5,"turns":2},{"damage":20,"enemies":"Lagavulin","floor":6,"turns":7},{"damage":4,"enemies":"Large Slime","floor":7,"turns":6},{"damage":4,"enemies":"Looter","floor":10,"turns":4},{"damage":0,"enemies":"Blue Slaver","floor":12,"turns":4},{"damage":6,"enemies":"Gremlin Gang","floor":13,"turns":4},{"damage":28,"enemies":"Gremlin Nob","floor":14,"turns":4},{"damage":10,"enemies":"Hexaghost","floor":16,"turns":10},{"damage":5,"enemies":"Shell Parasite","floor":18,"turns":5},{"damage":0,"enemies":"Chosen","floor":19,"turns":5},{"damage":9,"enemies":"Shelled Parasite and Fungi","floor":20,"turns":5},{"damage":21,"enemies":"Snake Plant","floor":21,"turns":4},{"damage":29,"enemies":"Slavers","floor":23,"turns":9},{"damage":3,"enemies":"Chosen and Byrds","floor":25,"turns":5},{"damage":41,"enemies":"Book of Stabbing","floor":27,"turns":6}],"seed_played":"3049079269636014773","potions_obtained":[{"floor":6,"key":"SkillPotion"},{"floor":7,"key":"GamblersBrew"},{"floor":10,"key":"BlessingOfTheForge"},{"floor":14,"key":"CultistPotion"},{"floor":16,"key":"blueLaboratory:ForbiddenFruitJuice"},{"floor":18,"key":"blueLaboratory:EmptyBottle"},{"floor":20,"key":"blueLaboratory:PhilterOfMotion"}],"is_trial":false,"path_per_floor":["M","?","$","M","M","E","M","R","T","M","R","M","M","E","R","B",null,"M","M","M","M","?","E","R","M","T","E"],"character_chosen":"HIEROPHANT","items_purchased":["DollysMirror"],"campfire_rested":2,"item_purchase_floors":[3],"current_hp_per_floor":[73,73,73,73,73,60,56,56,56,52,52,52,46,18,42,32,82,77,77,68,47,47,18,42,39,39,0,0],"gold":58,"neow_bonus":"HUNDRED_GOLD","is_daily":false,"chose_seed":false,"campfire_upgraded":2,"win_rate":0.0,"timestamp":1610764183,"path_taken":["M","?","$","?","M","E","M","R","T","M","R","M","M","E","R","BOSS","M","M","M","M","?","E","R","M","T","E"],"items_purchased_type":["Relic"],"build_version":"2020-12-22","purchased_purges":1,"victory":false,"max_hp_per_floor":[75,75,75,75,75,82,82,82,82,82,82,82,82,82,82,82,82,82,82,82,82,82,82,82,82,82,82,82],"relic_stats":{"counters":[17,86],"Snecko Eye":[76,85,85,76],"Juzu Bracelet":0,"obtain_stats":[{"REME:ComplimentaryCards":0,"Bottled Flame":14,"trackpad:IceCube":23,"DollysMirror":3,"hierophant:PropheticMaskRelic":0,"Strawberry":6,"Snecko Eye":17,"Juzu Bracelet":9,"Toxic Egg 2":26,"WarpedTongs":2},{"REME:ComplimentaryCards":0,"Bottled Flame":9,"trackpad:IceCube":15,"DollysMirror":1,"hierophant:PropheticMaskRelic":0,"Strawberry":4,"Snecko Eye":10,"Juzu Bracelet":5,"Toxic Egg 2":16,"WarpedTongs":1},{"REME:ComplimentaryCards":0,"Bottled Flame":37,"trackpad:IceCube":75,"DollysMirror":3,"hierophant:PropheticMaskRelic":0,"Strawberry":15,"Snecko Eye":47,"Juzu Bracelet":21,"Toxic Egg 2":80,"WarpedTongs":3}],"WarpedTongs":[83]},"card_choices":[{"not_picked":["hierophant:Doubloon","hierophant:RecallFunds"],"picked":"hierophant:Zeal","floor":1},{"not_picked":["hierophant:CoinFling","hierophant:RecallFunds"],"picked":"hierophant:Shelter","floor":4},{"not_picked":["hierophant:SealAway","hierophant:Bribe"],"picked":"hierophant:Encroach","floor":5},{"not_picked":["hierophant:Purify","hierophant:FlamingChariot","hierophant:PristineSoul"],"picked":"SKIP","floor":6},{"not_picked":["hierophant:Remorse","hierophant:AuricShield"],"picked":"hierophant:RepressedViolence","floor":7},{"not_picked":["hierophant:FlamingChariot","hierophant:Purify"],"picked":"hierophant:OrnateBuckler","floor":10},{"not_picked":["hierophant:PristineSoul","hierophant:RepressedViolence"],"picked":"hierophant:DeathKnell","floor":12},{"not_picked":["hierophant:Remorse","hierophant:OrnateJavelin"],"picked":"hierophant:HammerAndAnvil","floor":13},{"not_picked":["hierophant:HolyVerse","hierophant:Prophecy"],"picked":"hierophant:ThreeLashes","floor":14},{"not_picked":["hierophant:Generosity","hierophant:Determination"],"picked":"hierophant:AuricForm","floor":16},{"not_picked":["hierophant:Dazzle","hierophant:Sermon","hierophant:Encroach+1"],"picked":"SKIP","floor":18},{"not_picked":["hierophant:ThreeLashes","hierophant:PassingBell"],"picked":"hierophant:FlamingChariot","floor":19},{"not_picked":["hierophant:Smite","hierophant:RepressedViolence+1"],"picked":"hierophant:SealAway","floor":20},{"not_picked":["hierophant:FlamingChariot","hierophant:HammerAndAnvil"],"picked":"hierophant:MorningPrayer","floor":21},{"not_picked":["hierophant:AuricBeam+1","hierophant:Remorse"],"picked":"hierophant:AuricForm","floor":23},{"not_picked":["hierophant:Prophecy","hierophant:PassingBell","hierophant:Empathy"],"picked":"SKIP","floor":25}],"player_experience":719024,"relics_obtained":[{"floor":6,"key":"Strawberry"},{"floor":9,"key":"Juzu Bracelet"},{"floor":14,"key":"Bottled Flame"},{"floor":23,"key":"trackpad:IceCube"},{"floor":26,"key":"Toxic Egg 2"}],"event_choices":[{"damage_healed":0,"gold_gain":0,"player_choice":"Rummage","damage_taken":0,"relics_obtained":["WarpedTongs"],"max_hp_gain":0,"max_hp_loss":0,"event_name":"Accursed Blacksmith","floor":2,"gold_loss":0,"cards_obtained":["Pain"]},{"cards_removed":["hierophant:Defend_Hierophant"],"damage_healed":0,"gold_gain":0,"player_choice":"Gave Gold","damage_taken":0,"max_hp_gain":0,"max_hp_loss":0,"event_name":"Beggar","floor":22,"gold_loss":75}],"is_beta":false,"boss_relics":[{"not_picked":["Empty Cage","Velvet Choker"],"picked":"Snecko Eye"}],"items_purged_floors":[3],"is_endless":false,"potions_floor_spawned":[6,7,10,14,16,18,20],"killed_by":"Book of Stabbing","ascension_level":0}}