{"host":"sv70n8tirfk0oiuf","time":1610792572,"event":{"mods":["Act Like it!","BaseMod","Chen","Gensokyo","Marisa£®ÏF”Í°°ƒß¿Ì…≥£©","Minty Spire (QoL Compilation)","Reimu£®≤©¿ˆ¡È√Œ£©","Remilia£®¿Ÿ√◊¿Ú—«£©","StSLib","The Administrix","The Servant 0.9.4","Yakumo Yukari mod","noobMod"],"gold_per_floor":[116,133,133,146,170,210,210,246,246,259,283,283,327,343,343,472,472,495,445,35,55,154,185,208,246,269,292,310,334,334,372,372,496,496,509,509,525,605,938,31,63,93,93,128,147,157,192,232,232,232,232,232,43,85,85],"floor_reached":56,"language":"ZHS","playtime":6476,"items_purged":[],"score":1804,"play_id":"71191b25-9780-487c-8855-29cde1d53269","local_time":"20210116182250","is_ascension_mode":true,"campfire_choices":[{"data":"NineCharacters:ReiMu","floor":7,"key":"SMITH"},{"floor":12,"key":"RECALL"},{"data":"CardOfSanctity:ReiMu","floor":15,"key":"SMITH"},{"data":"KamiRite:ReiMu","floor":32,"key":"SMITH"},{"data":"OctopathBindingBorder2:ReiMu","floor":49,"key":"SMITH"},{"data":"RainPray2:ReiMu","floor":52,"key":"SMITH"}],"circlet_count":0,"master_deck":["Defend_Lin:ReiMu","Defend_Lin:ReiMu+1","Defend_Lin:ReiMu","NB:ReiMu","Stagnation:ReiMu","AirStrike:ReiMu","NineCharacters:ReiMu+1","MountainWay:ReiMu+1","SubcavityInstant:ReiMu","SubcavityInstant:ReiMu","Intuition:ReiMu","Crusade:ReiMu","SpreadBorder2:ReiMu","CardOfSanctity:ReiMu+1","SafetyPray:ReiMu","Authority:ReiMu","AlertArray:ReiMu","Gathering:ReiMu+1","Crusade:ReiMu","PassingAway:ReiMu","Meditation:ReiMu","AlertArray:ReiMu","KamiRite:ReiMu+1","FantasyMoon:ReiMu+1","Bite","Bite","Bite","Bite","Bite","FineLineFantasy:ReiMu","CleanRite:ReiMu","SafetyPray:ReiMu","SpreadBorder2:ReiMu+1","Conquer:ReiMu","RainPray2:ReiMu+1","AirManeuver:ReiMu+1","CleanRite:ReiMu","SpreadBorder2:ReiMu","OctopathBindingBorder2:ReiMu+1","OctopathBindingBorder2:ReiMu","HakureiPhantom:ReiMu","Sadistic Nature","Bandage Up","FoulBorder2:ReiMu"],"relics":["ice","DonationBox:ReiMu","Lizard Tail","CrazyTorch:ReiMu","The Courier","Tea:ReiMu","Empty Cage","Dead Branch","CheatingSign:ReiMu","Tiny Chest","Omamori","Thread and Needle","Calling Bell","Regal Pillow","InkBottle","Pocketwatch","Bottled Tornado","Potion Belt","Mummified Hand","War Paint","WingedGreaves","Pantograph","Pen Nib","Bag of Preparation","Bottled Flame","Art of War","Shuriken","CeramicFish","Nunchaku"],"acts_visited":["Exordium","TheCity","TheBeyond","TheEnding"],"potions_floor_usage":[6,23,55],"damage_taken":[{"damage":0,"enemies":"Jaw Worm","floor":1,"turns":4},{"damage":3,"enemies":"Small Slimes","floor":2,"turns":4},{"damage":0,"enemies":"Cultist","floor":4,"turns":4},{"damage":0,"enemies":"Blue Slaver","floor":5,"turns":4},{"damage":16,"enemies":"3 Sentries","floor":6,"turns":13},{"damage":29,"enemies":"Gremlin Nob","floor":8,"turns":5},{"damage":0,"enemies":"2 Fungi Beasts","floor":10,"turns":2},{"damage":0,"enemies":"Looter","floor":11,"turns":2},{"damage":0,"enemies":"Lagavulin","floor":13,"turns":6},{"damage":29,"enemies":"Gremlin Gang","floor":14,"turns":5},{"damage":7,"enemies":"The Guardian","floor":16,"turns":10},{"damage":8,"enemies":"Spheric Guardian","floor":18,"turns":5},{"damage":12,"enemies":"2 Thieves","floor":21,"turns":5},{"damage":21,"enemies":"Slavers","floor":23,"turns":6},{"damage":0,"enemies":"Cultist and Chosen","floor":24,"turns":6},{"damage":31,"enemies":"Book of Stabbing","floor":25,"turns":7},{"damage":0,"enemies":"Centurion and Healer","floor":27,"turns":10},{"damage":10,"enemies":"Snake Plant","floor":28,"turns":3},{"damage":2,"enemies":"Shelled Parasite and Fungi","floor":29,"turns":4},{"damage":8,"enemies":"Slavers","floor":31,"turns":4},{"damage":19,"enemies":"Collector","floor":33,"turns":6},{"damage":0,"enemies":"3 Shapes","floor":35,"turns":2},{"damage":6,"enemies":"3 Darklings","floor":37,"turns":2},{"damage":10,"enemies":"Reptomancer","floor":41,"turns":4},{"damage":0,"enemies":"Giant Head","floor":42,"turns":4},{"damage":0,"enemies":"Nemesis","floor":44,"turns":5},{"damage":0,"enemies":"Sphere and 2 Shapes","floor":45,"turns":2},{"damage":0,"enemies":"Maw","floor":46,"turns":6},{"damage":0,"enemies":"Giant Head","floor":47,"turns":5},{"damage":0,"enemies":"Nemesis","floor":48,"turns":5},{"damage":26,"enemies":"Time Eater","floor":50,"turns":8},{"damage":0,"enemies":"Shield and Spear","floor":54,"turns":4},{"damage":27,"enemies":"The Heart","floor":55,"turns":5}],"seed_played":"6766792340067178969","potions_obtained":[{"floor":4,"key":"Swift Potion"},{"floor":10,"key":"SteroidPotion"},{"floor":11,"key":"ZuzhouPotion:ReiMu"},{"floor":13,"key":"Fire Potion"},{"floor":14,"key":"DuplicationPotion"},{"floor":29,"key":"Dexterity Potion"},{"floor":45,"key":"CultistPotion"},{"floor":46,"key":"LiquidBronze"},{"floor":47,"key":"LiquidMemories"},{"floor":54,"key":"HakureiPotion:ReiMu"}],"is_trial":false,"path_per_floor":["M","M","?","M","M","E","R","E","T","M","M","R","E","M","R","B",null,"M","?","$","M","?","E","M","E","T","M","M","M","?","E","R","B",null,"M","?","M","T","?","$","E","E","T","E","M","M","E","E","R","B",null,"R","$","E","B",null],"character_chosen":"REIMU","items_purchased":["Dead Branch","CheatingSign:ReiMu","Gathering:ReiMu","Potion Belt","Mummified Hand","War Paint","WingedGreaves","Pantograph","Conquer:ReiMu","Sadistic Nature","Bandage Up"],"campfire_rested":0,"item_purchase_floors":[20,20,20,40,40,40,40,40,40,53,53],"current_hp_per_floor":[65,62,46,46,46,30,30,1,1,65,65,65,65,36,36,29,96,88,88,88,76,76,55,55,24,24,24,14,12,12,106,106,94,113,113,113,109,109,109,109,103,111,111,121,129,133,139,141,141,126,154,154,154,160,142],"gold":85,"neow_bonus":"BOSS_RELIC","is_daily":false,"chose_seed":false,"campfire_upgraded":5,"win_rate":0.0,"timestamp":1610792570,"path_taken":["M","M","?","M","M","E","R","E","T","M","M","R","E","M","R","BOSS","M","?","$","?","?","E","M","E","T","M","M","M","?","E","R","BOSS","M","?","?","?","?","$","E","E","T","E","M","M","E","E","R","BOSS","R","$","E","BOSS"],"items_purchased_type":["Relic","Relic","Card","Relic","Relic","Relic","Relic","Relic","Card","Card","Card"],"build_version":"2020-12-22","purchased_purges":0,"victory":true,"max_hp_per_floor":[65,65,65,65,65,65,65,65,65,65,66,66,69,80,80,96,96,100,100,100,105,105,113,118,134,134,138,144,148,103,107,107,113,113,115,115,117,117,117,117,123,124,124,133,135,138,140,144,144,154,154,154,154,161,239],"card_choices":[{"not_picked":["TightArray:ReiMu","AirManeuver:ReiMu"],"picked":"AirStrike:ReiMu","floor":1},{"not_picked":["KamiSacrifice:ReiMu","UniversalSpiritual:ReiMu"],"picked":"NineCharacters:ReiMu","floor":2},{"not_picked":["PayForSelf:ReiMu","Amulet:ReiMu"],"picked":"MountainWay:ReiMu","floor":4},{"not_picked":["Mountainwind:ReiMu","PrepareRite:ReiMu"],"picked":"SubcavityInstant:ReiMu","floor":5},{"not_picked":["UpKicking:ReiMu","Revelation:ReiMu"],"picked":"SubcavityInstant:ReiMu","floor":6},{"not_picked":["PrepareRite:ReiMu","TightArray:ReiMu"],"picked":"Intuition:ReiMu","floor":8},{"not_picked":["SubAcupoint:ReiMu","Conquer:ReiMu"],"picked":"Crusade:ReiMu","floor":10},{"not_picked":["Intuition:ReiMu","TightArray:ReiMu"],"picked":"SpreadBorder2:ReiMu","floor":11},{"not_picked":["KamiRite:ReiMu","Intuition:ReiMu"],"picked":"CardOfSanctity:ReiMu","floor":13},{"not_picked":["ShadowOfCrow2:ReiMu","SubcavityInstant:ReiMu"],"picked":"SafetyPray:ReiMu","floor":14},{"not_picked":["HakureiPhantom:ReiMu","KyokaiOfKami:ReiMu"],"picked":"Authority:ReiMu","floor":16},{"not_picked":["Enchanting:ReiMu","SafetyPray:ReiMu"],"picked":"AlertArray:ReiMu","floor":18},{"not_picked":["SpringWay:ReiMu","RainPray2:ReiMu+1"],"picked":"Crusade:ReiMu","floor":21},{"not_picked":["AirStrike:ReiMu","RainPray2:ReiMu"],"picked":"PassingAway:ReiMu","floor":23},{"not_picked":["UpKicking:ReiMu+1","KamiSacrifice:ReiMu+1","Enchanting:ReiMu"],"picked":"SKIP","floor":24},{"not_picked":["Crusade:ReiMu","SubAcupoint:ReiMu+1"],"picked":"Meditation:ReiMu","floor":25},{"not_picked":["Amulet:ReiMu","KamiSacrifice:ReiMu"],"picked":"AlertArray:ReiMu","floor":27},{"not_picked":["Intuition:ReiMu+1","SpreadBorder2:ReiMu"],"picked":"KamiRite:ReiMu","floor":28},{"not_picked":["WonderfulDomain:ReiMu","FoulBorder2:ReiMu"],"picked":"FantasyMoon:ReiMu+1","floor":29},{"not_picked":["WonderfulDomain:ReiMu","MikOfLucky:ReiMu"],"picked":"FineLineFantasy:ReiMu","floor":31},{"not_picked":["Determination:ReiMu","OctopathSalyBorderN:ReiMu"],"picked":"CleanRite:ReiMu","floor":33},{"not_picked":["SpringWay:ReiMu+1","TightArray:ReiMu+1"],"picked":"SafetyPray:ReiMu","floor":35},{"not_picked":["Amulet:ReiMu","Meditation:ReiMu"],"picked":"SpreadBorder2:ReiMu+1","floor":37},{"not_picked":["AirManeuver:ReiMu+1","AlertArray:ReiMu"],"picked":"RainPray2:ReiMu","floor":41},{"not_picked":["SpiritualOutbreak2:ReiMu+1","PayForSelf:ReiMu+1"],"picked":"AirManeuver:ReiMu+1","floor":42},{"not_picked":["CareerPray:ReiMu+1","MikOfLucky:ReiMu"],"picked":"CleanRite:ReiMu","floor":44},{"not_picked":["MountainWay:ReiMu+1","SpringWay:ReiMu+1"],"picked":"SpreadBorder2:ReiMu","floor":45},{"not_picked":["Amulet:ReiMu","PhosphorusFlame:ReiMu+1"],"picked":"OctopathBindingBorder2:ReiMu","floor":46},{"not_picked":["SpringWay:ReiMu+1","Meditation:ReiMu"],"picked":"OctopathBindingBorder2:ReiMu","floor":47},{"not_picked":["Amulet:ReiMu+1","Crusade:ReiMu+1"],"picked":"HakureiPhantom:ReiMu","floor":48},{"not_picked":["EmergencyTakeOff:ReiMu","Crusade:ReiMu+1"],"picked":"FoulBorder2:ReiMu","floor":54}],"player_experience":369694,"relics_obtained":[{"floor":6,"key":"Lizard Tail"},{"floor":8,"key":"CrazyTorch:ReiMu"},{"floor":9,"key":"The Courier"},{"floor":13,"key":"Tea:ReiMu"},{"floor":23,"key":"Tiny Chest"},{"floor":25,"key":"Omamori"},{"floor":31,"key":"Thread and Needle"},{"floor":34,"key":"Regal Pillow"},{"floor":34,"key":"InkBottle"},{"floor":34,"key":"Pocketwatch"},{"floor":38,"key":"Bottled Tornado"},{"floor":41,"key":"Pen Nib"},{"floor":42,"key":"Bag of Preparation"},{"floor":43,"key":"Bottled Flame"},{"floor":44,"key":"Art of War"},{"floor":47,"key":"Shuriken"},{"floor":48,"key":"CeramicFish"},{"floor":54,"key":"Nunchaku"}],"event_choices":[{"damage_healed":0,"gold_gain":0,"player_choice":"Take Damage","damage_taken":16,"relics_obtained":["Golden Idol"],"max_hp_gain":0,"max_hp_loss":0,"event_name":"Golden Idol","floor":3,"gold_loss":0},{"damage_healed":0,"gold_gain":0,"player_choice":"Bet on Owner","damage_taken":0,"max_hp_gain":0,"max_hp_loss":0,"event_name":"The Joust","floor":19,"gold_loss":50},{"damage_healed":0,"gold_gain":99,"player_choice":"Stole From Cult","damage_taken":0,"max_hp_gain":0,"max_hp_loss":0,"event_name":"Nest","floor":22,"gold_loss":0},{"damage_healed":0,"gold_gain":0,"player_choice":"Became a vampire","damage_taken":0,"max_hp_gain":0,"max_hp_loss":45,"event_name":"Vampires","floor":30,"gold_loss":0,"cards_obtained":["Bite","Bite","Bite","Bite","Bite"]},{"damage_healed":0,"gold_gain":0,"player_choice":"Upgraded","damage_taken":0,"max_hp_gain":0,"max_hp_loss":0,"event_name":"Upgrade Shrine","floor":36,"gold_loss":0,"cards_upgraded":["Gathering:ReiMu"]},{"damage_healed":0,"gold_gain":333,"player_choice":"Gave Idol","damage_taken":0,"max_hp_gain":0,"max_hp_loss":0,"event_name":"The Moai Head","floor":39,"relics_lost":["Golden Idol"],"gold_loss":0}],"is_beta":false,"boss_relics":[{"not_picked":["SacredBark","Ectoplasm"],"picked":"Empty Cage"},{"not_picked":["Busted Crown","Snecko Eye"],"picked":"Calling Bell"}],"items_purged_floors":[],"is_endless":false,"potions_floor_spawned":[4,10,11,13,14,18,29,31,33,35,45,46,47,54],"ascension_level":2}}