{"host":"bplbr8uekuotory4","time":1610808308,"event":{"mods":["Act Like it!","BaseMod","Custom Start","Gensokyo","GungeonMod","Hermit","KinomotoSakuraMod(木之本樱)","Koishi","Marisa（F雨　魔理沙）","Minty Spire (QoL Compilation)","Prisma Mod","Quick Restart","Reimu（博丽灵梦）","SOS（斯巴达之子）","Spicy Shops","StSLib","TestMod","The Alterego","The Blackbeard","The Cursed","The Marked","The Mystic","The Runesmith","The Saiyan","The Servant 0.9.4","Yuri Mod","[IsaacMod]以撒尖塔","vexMod"],"gold_per_floor":[117,117,117,137,62,62,100,120,120,120,20,55,455,491,491,615,615,635,658,679,228,243,281,301,335,362,377,397,397,91,132,132,253,253,273,98,133,151,171,206,259,559,559,580,228,294,294,325,325,325,325,325,55,90,90],"floor_reached":56,"language":"ZHS","playtime":1888,"items_purged":["alterego_mod:Strike","alterego_mod:Defend","alterego_mod:Defend","alterego_mod:Strike","alterego_mod:Strike","alterego_mod:BrynhildrsRune","alterego_mod:Venus","alterego_mod:BiFurious"],"score":1797,"play_id":"8f604753-b91b-4080-9531-b3fd41c1761c","local_time":"20210116224508","is_ascension_mode":true,"campfire_choices":[{"data":"alterego_mod:Collar","floor":6.0,"key":"SMITH"},{"data":"alterego_mod:BigMeatyClaws","floor":10.0,"key":"SMITH"},{"data":"alterego_mod:Support","floor":15.0,"key":"SMITH"},{"data":"alterego_mod:Birthday","floor":32.0,"key":"SMITH"},{"data":"alterego_mod:DiscoLights","floor":47,"key":"SMITH"},{"floor":49,"key":"RECALL"},{"data":"Sadistic Nature","floor":52,"key":"SMITH"}],"circlet_count":0,"master_deck":["alterego_mod:Defend+1","alterego_mod:BigMeatyClaws+1","alterego_mod:Collar+1","alterego_mod:Support+1","alterego_mod:Rake","alterego_mod:Cooking+1","alterego_mod:Birthday+1","alterego_mod:DestructionOfProperty+1","Sadistic Nature+1","alterego_mod:DiscoLights+1","alterego_mod:Rip"],"relics":["alterego_mod:MasochisticConstitution","testmod-TestBox","HushsDoor","GuppysHead","testmod-CardMagician","Golden Idol","Vajra","HornCleat","Kunai","DemoMod:ClearGuonStone","DemoMod:WaxWing","Regal Pillow","vexMod:Dragonfruit","Strawberry","testmod-OneHitWonder","Toolbox","Boot","Empty Cage","testmod-EqualTreatment","Singing Bowl","Lee\u0027s Waffle","Torii","testmod-IndustrialRevolution","SteamSale","BookOfRevelations","War Paint"],"acts_visited":["Exordium","TheCity","TheBeyond","TheEnding"],"potions_floor_usage":[40,50,55,55,55],"damage_taken":[{"damage":0.0,"enemies":"Jaw Worm","floor":1.0,"turns":1.0},{"damage":0.0,"enemies":"Small Slimes","floor":4.0,"turns":1.0},{"damage":0.0,"enemies":"3 Sentries","floor":7.0,"turns":1.0},{"damage":0.0,"enemies":"Cultist","floor":8.0,"turns":2.0},{"damage":0.0,"enemies":"Lagavulin","floor":12.0,"turns":3.0},{"damage":0.0,"enemies":"Gremlin Nob","floor":14.0,"turns":2.0},{"damage":0.0,"enemies":"Slime Boss","floor":16.0,"turns":4.0},{"damage":0.0,"enemies":"Spheric Guardian","floor":18.0,"turns":3.0},{"damage":0.0,"enemies":"2 Thieves","floor":19.0,"turns":2.0},{"damage":0.0,"enemies":"Centurion and Healer","floor":20.0,"turns":5.0},{"damage":0.0,"enemies":"Snake Plant","floor":22.0,"turns":3.0},{"damage":0.0,"enemies":"Book of Stabbing","floor":23.0,"turns":3.0},{"damage":0.0,"enemies":"3 Cultists","floor":24.0,"turns":4.0},{"damage":6.0,"enemies":"Slavers","floor":25.0,"turns":6.0},{"damage":16.0,"enemies":"Shelled Parasite and Fungi","floor":27.0,"turns":4.0},{"damage":0.0,"enemies":"Snecko","floor":28.0,"turns":3.0},{"damage":0.0,"enemies":"Book of Stabbing","floor":31.0,"turns":5.0},{"damage":4.0,"enemies":"Champ","floor":33.0,"turns":8.0},{"damage":5,"enemies":"Orb Walker","floor":35,"turns":2},{"damage":20,"enemies":"3 Shapes","floor":37,"turns":3},{"damage":5,"enemies":"Spire Growth","floor":38,"turns":3},{"damage":3,"enemies":"Sphere and 2 Shapes","floor":39,"turns":2},{"damage":37,"enemies":"Reptomancer","floor":40,"turns":3},{"damage":3,"enemies":"Jaw Worm Horde","floor":44,"turns":2},{"damage":20,"enemies":"2 Orb Walkers","floor":46,"turns":2},{"damage":0,"enemies":"Giant Head","floor":48,"turns":1},{"damage":10,"enemies":"Donu and Deca","floor":50,"turns":5},{"damage":11,"enemies":"Shield and Spear","floor":54,"turns":4},{"damage":0,"enemies":"The Heart","floor":55,"turns":11}],"seed_played":"5119702786322710110","potions_obtained":[{"floor":1.0,"key":"Dexterity Potion"},{"floor":7.0,"key":"AttackPotion"},{"floor":8.0,"key":"PowerPotion"},{"floor":14.0,"key":"FairyPotion"},{"floor":20.0,"key":"Fire Potion"},{"floor":22.0,"key":"GrandPatriotsElixir:ReiMu"},{"floor":23.0,"key":"Strength Potion"},{"floor":39,"key":"DemoMod:LeadSkinPotion"},{"floor":40,"key":"DemoMod:BlankPotion"},{"floor":44,"key":"ColorlessPotion"}],"is_trial":false,"path_per_floor":["M","?","?","M","$","R","E","M","T","R","$","E","?","E","R","B",null,"M","M","M","$","M","E","M","E","T","M","M","?","$","E","R","B",null,"M","$","M","M","M","E","?","?","T","M","$","?","R","E","R","B",null,"R","$","E","B",null],"character_chosen":"The_Alterego","items_purchased":["alterego_mod:Rake","Regal Pillow","vexMod:Dragonfruit","Toolbox","Sadistic Nature","Lee\u0027s Waffle","SteamSale","BookOfRevelations","PowerPotion"],"campfire_rested":0,"item_purchase_floors":[17,21,21,30,34,45,53,53,53],"current_hp_per_floor":[70,53,53,53,53,53,53,53,53,53,53,53,53,53,53,53,62,62,62,62,67,67,74,74,75,75,63,68,76,76,76,76,73,66,62,62,49,48,52,22,7,7,7,10,81,64,64,66,66,63,87,87,87,79,87],"gold":90,"neow_bonus":"THREE_ENEMY_KILL","is_daily":false,"chose_seed":false,"campfire_upgraded":6,"win_rate":0.0,"timestamp":1610808308,"path_taken":["M","?","?","M","?","R","E","?","T","R","$","E","?","E","R","BOSS","M","M","?","$","M","E","M","E","T","?","M","?","$","E","R","BOSS","M","$","M","?","M","E","?","?","T","M","$","?","R","E","R","BOSS","R","$","E","BOSS"],"items_purchased_type":["Card","Relic","Relic","Relic","Card","Relic","Relic","Relic","Potion"],"build_version":"2020-12-22","purchased_purges":8,"victory":true,"max_hp_per_floor":[70,70,70,70,70,70,70,70,70,70,70,70,70,70,70,70,62,62,62,62,67,67,74,74,75,75,76,76,76,76,76,76,77,66,67,67,68,69,70,71,71,71,71,74,81,84,84,86,86,87,87,87,87,90,91],"card_choices":[{"not_picked":["alterego_mod:HighServant","alterego_mod:Belts"],"picked":"alterego_mod:Collar","floor":1.0},{"not_picked":["alterego_mod:1TonWallop","alterego_mod:Complex"],"picked":"alterego_mod:BiFurious","floor":4.0},{"not_picked":["alterego_mod:Mirror","alterego_mod:Complex","alterego_mod:Alter"],"picked":"SKIP","floor":7.0},{"not_picked":["alterego_mod:TrashNCrash","alterego_mod:Undulate"],"picked":"alterego_mod:Support","floor":8.0},{"not_picked":["alterego_mod:BiFurious","alterego_mod:Punishment","alterego_mod:BeGentle"],"picked":"SKIP","floor":12.0},{"not_picked":["alterego_mod:BeGentle","alterego_mod:Santa","alterego_mod:RocketPunch"],"picked":"SKIP","floor":14.0},{"not_picked":["alterego_mod:Vow","alterego_mod:ClassAdvantage"],"picked":"alterego_mod:Venus","floor":16.0},{"not_picked":["alterego_mod:PerceptionDisorder","alterego_mod:DestructionOfProperty","alterego_mod:DeftHands+1"],"picked":"SKIP","floor":18.0},{"not_picked":["alterego_mod:Rip","alterego_mod:Complex","alterego_mod:Mirror+1"],"picked":"SKIP","floor":19.0},{"not_picked":["alterego_mod:Antipathy","alterego_mod:PerceptionDisorder"],"picked":"alterego_mod:Cooking","floor":20.0},{"not_picked":["alterego_mod:BiFurious","alterego_mod:Maid","alterego_mod:Bounce+1"],"picked":"SKIP","floor":22.0},{"not_picked":["alterego_mod:GachaTicket","alterego_mod:Antipathy","alterego_mod:Palingenesis"],"picked":"SKIP","floor":23.0},{"not_picked":["alterego_mod:Maid","alterego_mod:Jiggle"],"picked":"alterego_mod:Birthday","floor":24.0},{"not_picked":["alterego_mod:Skirt+1","alterego_mod:Clap","alterego_mod:PerceptionDisorder"],"picked":"SKIP","floor":25.0},{"not_picked":["alterego_mod:Mirror","alterego_mod:Skirt+1","alterego_mod:Crossover"],"picked":"SKIP","floor":27.0},{"not_picked":["alterego_mod:Birthday","alterego_mod:IdEs","alterego_mod:PurpleHair+1"],"picked":"SKIP","floor":28.0},{"not_picked":["alterego_mod:Bounce","alterego_mod:Maid"],"picked":"alterego_mod:DestructionOfProperty+1","floor":31.0},{"not_picked":["alterego_mod:Birthday","alterego_mod:PurpleHair+1","alterego_mod:RidiculouslyBig+1"],"picked":"SKIP","floor":35},{"not_picked":["alterego_mod:Bounce+1","alterego_mod:Skirt+1"],"picked":"alterego_mod:DiscoLights","floor":37},{"not_picked":["alterego_mod:MagicResistance","alterego_mod:Maid+1"],"picked":"alterego_mod:Rip","floor":38},{"not_picked":["alterego_mod:IdEs","alterego_mod:GoddessCore","alterego_mod:Belts"],"picked":"SKIP","floor":39},{"not_picked":["alterego_mod:GoddessCore","alterego_mod:Mirror+1","alterego_mod:Vow"],"picked":"SKIP","floor":40},{"not_picked":["alterego_mod:GachaTicket","alterego_mod:Clap","alterego_mod:Birthday+1"],"picked":"Singing Bowl","floor":44},{"not_picked":["alterego_mod:Rip+1","alterego_mod:Stockings","alterego_mod:Undulate+1"],"picked":"Singing Bowl","floor":46},{"not_picked":["alterego_mod:Smother","alterego_mod:Collar","alterego_mod:DiscoLights+1"],"picked":"Singing Bowl","floor":48},{"not_picked":["alterego_mod:PerceptionDisorder+1","alterego_mod:Jiggle","alterego_mod:Complex+1"],"picked":"Singing Bowl","floor":54}],"player_experience":1213531,"relics_obtained":[{"floor":7.0,"key":"Vajra"},{"floor":9.0,"key":"HornCleat"},{"floor":12.0,"key":"Kunai"},{"floor":14.0,"key":"DemoMod:ClearGuonStone"},{"floor":23.0,"key":"Strawberry"},{"floor":25.0,"key":"testmod-OneHitWonder"},{"floor":31.0,"key":"Boot"},{"floor":40,"key":"testmod-EqualTreatment"},{"floor":43,"key":"Singing Bowl"},{"floor":46,"key":"Torii"},{"floor":48,"key":"testmod-IndustrialRevolution"},{"floor":54,"key":"War Paint"}],"event_choices":[{"damage_healed":0.0,"max_hp_gain":0.0,"max_hp_loss":0.0,"gold_gain":0.0,"event_name":"Golden Idol","player_choice":"Take Damage","floor":2.0,"gold_loss":0.0,"damage_taken":17.0,"relics_obtained":["Golden Idol"]},{"cards_removed":["alterego_mod:Impale"],"damage_healed":0.0,"max_hp_gain":0.0,"max_hp_loss":0.0,"gold_gain":0.0,"event_name":"Living Wall","player_choice":"Forget","floor":3.0,"gold_loss":0.0,"damage_taken":0.0},{"damage_healed":0.0,"max_hp_gain":0.0,"max_hp_loss":0.0,"gold_gain":400.0,"event_name":"恩洛斯的盘子","player_choice":"Sell","floor":13.0,"relics_lost":["NeowsBlessing"],"gold_loss":0.0,"damage_taken":0.0},{"damage_healed":25.0,"max_hp_gain":0.0,"max_hp_loss":0.0,"gold_gain":0.0,"event_name":"The Library","player_choice":"Heal","floor":29.0,"gold_loss":0.0,"damage_taken":0.0},{"damage_healed":0,"gold_gain":300,"player_choice":"Gold","damage_taken":0,"max_hp_gain":0,"max_hp_loss":0,"event_name":"Wheel of Change","floor":42,"gold_loss":0},{"damage_healed":0,"gold_gain":0,"player_choice":"Fight","damage_taken":0,"max_hp_gain":0,"max_hp_loss":0,"event_name":"Mysterious Sphere","floor":46,"gold_loss":0}],"is_beta":false,"boss_relics":[{"not_picked":["Astrolabe","vexMod:CursedCompass"],"picked":"DemoMod:WaxWing"},{"not_picked":[]},{"not_picked":["Runesmith:UraniumAnvil","SacredBark"],"picked":"Empty Cage"},{"not_picked":[]}],"items_purged_floors":[5,11,17,21,30,34,36,45],"is_endless":false,"potions_floor_spawned":[1,7,8,14,20,22,23,27,28,33,39,40,44],"ascension_level":1}}