{"host":"k3d6qnel5hz5mlh4","time":1610816504,"event":{"mods":["AchievementEnabler","BaseMod","Better Note","Better Skull","Better Vampires","Card Forge","Displayed Cursed Tome","Downfall","Hero for Fun","Hyrulean Relics","Marked Mod","Minty Spire (QoL Compilation)","Permanent Neow","Small Relic Pack","StSLib","The Animator","The Death Knight","The Saiyan","The Wild Card","Wandering Minibosses"],"gold_per_floor":[99,118,9,28,28,46,55,99,99,108,129,155,155,177,201,301,310,110,120,132,160,181,202,302,414,439,471,483,513,537,560,589,697,709,721,745,147,159,243,243,252,287,287,287,43,52,69,69,85,85],"floor_reached":51,"language":"ENG","playtime":2282,"items_purged":[],"score":1034,"play_id":"56be526e-97ce-4e00-9bbe-bd673096f37e","local_time":"20210116180144","is_ascension_mode":false,"campfire_choices":[{"floor":1,"key":"RECALL"},{"data":"WindmillStrike","floor":9,"key":"SMITH"},{"floor":18,"key":"REST"},{"floor":35,"key":"REST"},{"floor":40,"key":"REST"},{"floor":44,"key":"REST"}],"circlet_count":0,"master_deck":["Serious_Punch+1","Saiyan:SenzuBean+1","Serious_Punch+1","Serious_Punch+1","Serious_Punch+1","relicPack:ZaWorld+1","relicPack:TruthCard"],"relics":["Hammer of Thor","Seething Fire","Anvil of the Gods","Cursed Key","Toy Ornithopter","Bag of Marbles","PrismaticShard","Oddly Smooth Stone","CeramicFish","Centennial Puzzle","Gremlin Horn","Tiny Chest","Pocketwatch","Ancient Tea Set","DeathKnight:PutricidesVial","Pen Nib","Odd Mushroom","Nunchaku","Strawberry","Juzu Bracelet","relicPack:StarArrow","downfall:HeartBlessingRed","downfall:HeartBlessingGreen","MawBank","Bronze Scales","hexamod:InflammatoryLetter","Kunai","Ginger","Eternal Feather","Boot","Orichalcum","wanderingMiniBosses:AbyssPearl","hexamod:BolsterEngine","relicPack:OneForAll","Lantern","Guardian:PocketSentry","Akabeko","hexamod:MatchstickCase","Bag of Preparation","Sozu","Art of War","Vajra","Medical Kit","TungstenRod","War Paint","Sundial","Ice Cream","Blood Vial","Pantograph","Omamori","Happy Flower","PreservedInsect"],"acts_visited":["Exordium","TheCity","TheBeyond"],"potions_floor_usage":[5,50,50,50],"damage_taken":[{"damage":0,"enemies":"Jaw Worm","floor":2,"turns":2},{"damage":0,"enemies":"downfall:FleeingMerchant","floor":3,"turns":2},{"damage":0,"enemies":"2 Louse","floor":4,"turns":2},{"damage":0,"enemies":"Small Slimes","floor":6,"turns":2},{"damage":0,"enemies":"Gremlin Nob","floor":8,"turns":2},{"damage":0,"enemies":"2 Fungi Beasts","floor":11,"turns":2},{"damage":0,"enemies":"Lagavulin","floor":12,"turns":2},{"damage":0,"enemies":"The Mushroom Lair","floor":14,"turns":2},{"damage":0,"enemies":"Exordium Wildlife","floor":15,"turns":2},{"damage":0,"enemies":"SI_SHIV_ARCHETYPE","floor":16,"turns":2},{"damage":0,"enemies":"Shell Parasite","floor":19,"turns":2},{"damage":0,"enemies":"Snecko","floor":21,"turns":3},{"damage":0,"enemies":"DF_ARCHETYPE_STREAMLINE","floor":25,"turns":2},{"damage":0,"enemies":"Shelled Parasite and Fungi","floor":26,"turns":2},{"damage":0,"enemies":"Centurion and Healer","floor":27,"turns":3},{"damage":0,"enemies":"3 Cultists","floor":29,"turns":2},{"damage":0,"enemies":"Snake Plant","floor":30,"turns":2},{"damage":0,"enemies":"Sentry and Sphere","floor":31,"turns":2},{"damage":0,"enemies":"Chosen and Byrds","floor":32,"turns":2},{"damage":0,"enemies":"WA_ARCHETYPE_CALM","floor":33,"turns":2},{"damage":3,"enemies":"3 Shapes","floor":36,"turns":2},{"damage":0,"enemies":"Orb Walker","floor":38,"turns":2},{"damage":0,"enemies":"Maw","floor":47,"turns":2},{"damage":2,"enemies":"Sphere and 2 Shapes","floor":49,"turns":4},{"damage":0,"enemies":"DF_ARCHETYPE_ORBS","floor":50,"turns":2}],"seed_played":"6630411253912995751","potions_obtained":[{"floor":11,"key":"PowerPotion"},{"floor":12,"key":"SkillPotion"},{"floor":14,"key":"Regen Potion"},{"floor":30,"key":"Explosive Potion"}],"is_trial":false,"path_per_floor":["R","M","$","M","?","M","T","E","R","?","M","E","$","?","M","B",null,"R","M","$","M","T","?","T","?","M","M","?","M","M","M","M","B",null,"R","M","$","M","T","R","T","?","?","R","$","T","M","?","M","B",null],"character_chosen":"THE_SPIRIT","items_purchased":["PrismaticShard","Fruit Juice","Oddly Smooth Stone","Vajra","Medical Kit","TungstenRod","Pantograph"],"campfire_rested":4,"item_purchase_floors":[3,3,3,37,37,37,45],"current_hp_per_floor":[70,70,70,70,75,75,72,72,72,72,72,72,72,72,79,79,79,79,79,79,79,79,79,79,79,79,79,79,79,79,79,79,79,79,79,76,76,76,76,79,79,76,76,76,76,76,76,76,74,76],"gold":85,"neow_bonus":"BOSS_RELIC","is_daily":false,"chose_seed":false,"campfire_upgraded":1,"win_rate":0.0,"timestamp":1610816504,"path_taken":["R","M","$","M","?","M","T","E","R","?","M","E","?","?","M","BOSS","R","M","$","M","?","?","T","?","M","M","?","M","M","M","M","BOSS","R","M","$","M","?","R","T","?","?","R","?","?","M","?","M","BOSS"],"items_purchased_type":["Relic","Potion","Relic","Relic","Relic","Relic","Relic"],"build_version":"2020-12-22","purchased_purges":0,"victory":true,"max_hp_per_floor":[70,70,70,70,75,75,72,72,72,72,72,72,72,72,79,79,79,79,79,79,79,79,79,79,79,79,79,79,79,79,79,79,79,79,79,79,79,79,79,79,79,76,76,76,76,76,76,76,76,76],"card_choices":[{"not_picked":["hexamod:InspiringFlames","hexamod:GhostShield","hexamod:BacktrackSmack"],"picked":"SKIP","floor":2},{"not_picked":["hexamod:FastForward","hexamod:RetreatToShadows","hexamod:DynamicBlow"],"picked":"SKIP","floor":3},{"not_picked":["hexamod:FastForward","sneckomod:RainOfDice","champ:EnGarde"],"picked":"SKIP","floor":4},{"not_picked":["animator:Illya","sneckomod:QuickMove","Guardian:Incinerate"],"picked":"SKIP","floor":6},{"not_picked":["Saiyan:Makankosappo","Slimebound:LivingWall"],"picked":"WindmillStrike","floor":8},{"not_picked":["Impervious","animator:CowGirl"],"picked":"DeathKnight:MutagenicPlague","floor":11},{"not_picked":["hexamod:Firestarter","theWildCard:SeveringSlash","animator:Mikaela"],"picked":"SKIP","floor":12},{"not_picked":["animator:DwarfShaman","Headbutt"],"picked":"DeathKnight:BladedArmor","floor":15},{"not_picked":["bronze:Fortify","Prepared","sneckomod:WideSting+1"],"picked":"SKIP","floor":19},{"not_picked":["Guardian:TemporalShield","Hologram","animator:Guy"],"picked":"SKIP","floor":21},{"not_picked":["animator:MumenRider","animator:Souei","Mind Blast"],"picked":"SKIP","floor":26},{"not_picked":["DeathKnight:DeathGrip","bronze:Repair","theWildCard:SeveringSlash+1"],"picked":"SKIP","floor":27},{"not_picked":["theWildCard:Scathach","DeathKnight:RaiseAlly","bronze:ItsAFeature+1"],"picked":"SKIP","floor":29},{"not_picked":["animator:DolaRiku","Blizzard","Malaise"],"picked":"SKIP","floor":30},{"not_picked":["bronze:OilSpill+1","Beam Cell","animator:MumenRider"],"picked":"SKIP","floor":31},{"not_picked":["Steam","Guardian:PrismaticBeam+1","champ:EnragedBash"],"picked":"SKIP","floor":32},{"not_picked":["DeathKnight:Ossuary","sneckomod:Unknown1Cost","hexamod:ThermalTransfer"],"picked":"SKIP","floor":36},{"not_picked":["sneckomod:UnknownCommonSkill+1","bronze:CutThrough","Slimebound:BestDefense"],"picked":"SKIP","floor":38},{"not_picked":["sneckomod:UnknownClassSAIYAN_CARD_COLOR+1","Crippling Poison+1","Side_Hop"],"picked":"SKIP","floor":47},{"not_picked":["sneckomod:UnknownClassSAIYAN_CARD_COLOR+1","Crippling Poison+1","Side_Hop"],"picked":"SKIP","floor":47},{"not_picked":["sneckomod:UnknownCommonSkill+1","animator:IrohaTamaki","Battle Trance+1"],"picked":"SKIP","floor":49}],"player_experience":264409,"relics_obtained":[{"floor":2,"key":"Toy Ornithopter"},{"floor":3,"key":"Bag of Marbles"},{"floor":4,"key":"CeramicFish"},{"floor":6,"key":"Centennial Puzzle"},{"floor":7,"key":"Gremlin Horn"},{"floor":8,"key":"Tiny Chest"},{"floor":8,"key":"Pocketwatch"},{"floor":11,"key":"Ancient Tea Set"},{"floor":12,"key":"DeathKnight:PutricidesVial"},{"floor":12,"key":"Pen Nib"},{"floor":14,"key":"Odd Mushroom"},{"floor":14,"key":"Nunchaku"},{"floor":15,"key":"Strawberry"},{"floor":16,"key":"Juzu Bracelet"},{"floor":19,"key":"MawBank"},{"floor":21,"key":"Bronze Scales"},{"floor":22,"key":"hexamod:InflammatoryLetter"},{"floor":24,"key":"Kunai"},{"floor":25,"key":"Ginger"},{"floor":25,"key":"Eternal Feather"},{"floor":25,"key":"Boot"},{"floor":26,"key":"Orichalcum"},{"floor":27,"key":"wanderingMiniBosses:AbyssPearl"},{"floor":27,"key":"hexamod:BolsterEngine"},{"floor":29,"key":"Lantern"},{"floor":30,"key":"Guardian:PocketSentry"},{"floor":31,"key":"Akabeko"},{"floor":32,"key":"hexamod:MatchstickCase"},{"floor":33,"key":"Bag of Preparation"},{"floor":36,"key":"Art of War"},{"floor":38,"key":"War Paint"},{"floor":39,"key":"Sundial"},{"floor":41,"key":"Ice Cream"},{"floor":42,"key":"Blood Vial"},{"floor":46,"key":"Omamori"},{"floor":47,"key":"Happy Flower"},{"floor":49,"key":"PreservedInsect"}],"event_choices":[{"damage_healed":0,"gold_gain":0,"player_choice":"Fought Mushrooms","damage_taken":0,"max_hp_gain":0,"max_hp_loss":0,"event_name":"Mushrooms","floor":14,"gold_loss":0},{"cards_removed":["Serious_Punch"],"damage_healed":0,"gold_gain":0,"player_choice":"Take \u0026 Give","damage_taken":0,"max_hp_gain":0,"max_hp_loss":0,"event_name":"betterNote:BetterNote","floor":23,"gold_loss":0,"cards_obtained":["Serious_Punch"]}],"is_beta":false,"boss_relics":[{"not_picked":["Astrolabe","Pandora\u0027s Box"],"picked":"relicPack:StarArrow"},{"not_picked":["Coffee Dripper","Runic Pyramid"],"picked":"Sozu"}],"items_purged_floors":[],"is_endless":false,"potions_floor_spawned":[6,11,12,14,16,19,25,30,31,33,36,47,49],"ascension_level":0}}