{"host":"19r1ww88x2tc73i0","time":1610781798,"event":{"mods":["BaseMod","BetterRewards","Colored Map","Minty Spire (QoL Compilation)","Relic Stats","StSLib","SuperFastMode","slay the spire mod where everything is the same but ironclad has a cowboy hat"],"gold_per_floor":[109,109,123,80,230,230,305,305,331,62,72,84,104,114,114,191,191,205,39,55,55,72,99,99,117,165,183,183,183,183],"floor_reached":29,"language":"ENG","playtime":1343,"items_purged":["Strike_B","Doubt"],"score":474,"play_id":"8b5e2d2b-ac53-41ea-af59-3a481500743a","local_time":"25640116142318","is_ascension_mode":true,"campfire_choices":[{"data":"Rip and Tear","floor":6.0,"key":"SMITH"},{"floor":8.0,"key":"REST"},{"data":"Hologram","floor":15.0,"key":"SMITH"},{"floor":24.0,"key":"REST"},{"floor":28.0,"key":"REST"}],"circlet_count":0,"master_deck":["AscendersBane","Strike_B","Strike_B","Strike_B","Defend_B","Defend_B","Defend_B","Defend_B","Zap","Dualcast","Reprogram+1","Rip and Tear+1","Beam Cell","Gash","Self Repair","Hologram+1","Compile Driver","Leap","Sweeping Beam","Meteor Strike","Conserve Battery+1","Swivel","Chrysalis"],"relics":["Cracked Core","Shuriken","StoneCalendar","Anchor","Chemical X","Snecko Eye","PrismaticShard","Sundial"],"acts_visited":["Exordium","TheCity"],"potions_floor_usage":[],"damage_taken":[{"damage":4.0,"enemies":"2 Louse","floor":1.0,"turns":3.0},{"damage":0.0,"enemies":"Small Slimes","floor":3.0,"turns":3.0},{"damage":5.0,"enemies":"Jaw Worm","floor":11.0,"turns":4.0},{"damage":12.0,"enemies":"3 Louse","floor":12.0,"turns":3.0},{"damage":23.0,"enemies":"Exordium Thugs","floor":13.0,"turns":4.0},{"damage":0.0,"enemies":"Red Slaver","floor":14.0,"turns":4.0},{"damage":18.0,"enemies":"The Guardian","floor":16.0,"turns":13.0},{"damage":20.0,"enemies":"Shell Parasite","floor":18.0,"turns":3.0},{"damage":18.0,"enemies":"3 Byrds","floor":20.0,"turns":5.0},{"damage":23.0,"enemies":"3 Cultists","floor":22.0,"turns":5.0},{"damage":41.0,"enemies":"Slavers","floor":23.0,"turns":5.0},{"damage":34.0,"enemies":"Snake Plant","floor":25.0,"turns":4.0},{"damage":16.0,"enemies":"Sentry and Sphere","floor":27.0,"turns":5.0},{"damage":9,"enemies":"Shelled Parasite and Fungi","floor":29,"turns":3}],"seed_played":"1614559494262034004","potions_obtained":[{"floor":3.0,"key":"SkillPotion"},{"floor":11.0,"key":"Strength Potion"},{"floor":16.0,"key":"PowerPotion"},{"floor":20.0,"key":"EssenceOfSteel"},{"floor":23.0,"key":"Regen Potion"}],"is_trial":false,"path_per_floor":["M","?","M","$","?","R","?","R","T","$","M","M","M","M","R","B",null,"M","$","M","?","M","E","R","M","T","M","R","M"],"character_chosen":"DEFECT","items_purchased":["Reprogram","Rip and Tear","Beam Cell","Shuriken","StoneCalendar","Self Repair","Chemical X","PrismaticShard"],"campfire_rested":3,"item_purchase_floors":[0,0,0,0,0,4,10,19],"current_hp_per_floor":[28,28,28,28,28,28,17,38,38,38,40,35,12,19,19,8,55,42,42,31,71,55,21,42,24,24,8,29,20,20],"gold":183,"neow_bonus":"","is_daily":false,"chose_seed":false,"campfire_upgraded":2,"win_rate":0.0,"timestamp":1610781798,"path_taken":["M","?","M","$","?","R","?","R","T","$","M","M","?","M","R","BOSS","M","$","M","?","?","E","R","M","T","M","R","M"],"items_purchased_type":["Card","Card","Card","Relic","Relic","Card","Relic","Relic"],"build_version":"2020-12-22","purchased_purges":2,"victory":false,"max_hp_per_floor":[71,71,71,71,71,71,71,71,71,71,71,71,71,71,71,71,71,71,71,71,71,71,71,71,71,71,71,71,71,71],"relic_stats":{"counters":[336,1646],"Shuriken":[17],"Sundial":[0],"Snecko Eye":[60,47,55,49],"StoneCalendar":[43],"Chemical X":[1],"obtain_stats":[{"Spirit Poop":45,"Ginger":37,"Whetstone":9,"Bottled Tornado":21,"Boot":9,"Old Coin":48,"FrozenCore":34,"Blood Vial":24,"Sundial":23,"MealTicket":46,"Fusion Hammer":34,"Kunai":44,"Blue Candle":40,"Eternal Feather":28,"Akabeko":8,"Cables":46,"SlaversCollar":17,"Bird Faced Urn":4,"Snecko Eye":17,"Pandora\u0027s Box":17,"StrikeDummy":8,"Unceasing Top":0,"Lantern":36,"Regal Pillow":6,"Singing Bowl":0,"Torii":0,"StoneCalendar":0,"Bag of Preparation":29,"Ancient Tea Set":44,"Cursed Key":34,"Smiling Mask":40,"Matryoshka":4,"Shovel":0,"WingedGreaves":0,"Chemical X":38,"Potion Belt":20,"Lee\u0027s Waffle":0,"Inserter":17,"Golden Idol":10,"Thread and Needle":0,"PreservedInsect":26,"Omamori":0,"Frozen Egg 2":0,"MawBank":8,"Nuclear Battery":17,"Ornamental Fan":29,"Orrery":22,"Turnip":0,"Art of War":23,"Bottled Lightning":32,"Toy Ornithopter":22,"Ice Cream":0,"Calipers":31,"Nilry\u0027s Codex":19,"CeramicFish":0,"Vajra":31,"Runic Capacitor":21,"Sozu":17,"Lizard Tail":0,"Centennial Puzzle":40,"Strawberry":23,"Prayer Wheel":0,"Toxic Egg 2":0,"Girya":0,"Happy Flower":0,"Dead Branch":0,"Astrolabe":17,"Oddly Smooth Stone":0,"Letter Opener":9,"War Paint":27,"Question Card":39,"Du-Vu Doll":13,"OrangePellets":39,"Bottled Flame":30,"Shuriken":43,"Bronze Scales":9,"Molten Egg 2":0,"Black Star":17,"Symbiotic Virus":0,"Pocketwatch":0,"Meat on the Bone":47,"Darkstone Periapt":20,"Enchiridion":20,"Mango":0,"Incense Burner":10,"Juzu Bracelet":14,"Empty Cage":17,"PrismaticShard":19,"ClockworkSouvenir":0,"Emotion Chip":26,"Dream Catcher":27,"Nunchaku":27,"Mummified Hand":9,"Gambling Chip":0,"Pantograph":7,"Tiny Chest":12,"Cracked Core":0,"Runic Pyramid":17,"Orichalcum":41,"Odd Mushroom":11,"Medical Kit":0,"White Beast Statue":40,"Mercury Hourglass":26,"Peace Pipe":45,"Calling Bell":34,"Anchor":0,"CaptainsWheel":0,"DataDisk":39,"Coffee Dripper":34,"Bag of Marbles":42,"Membership Card":0,"TungstenRod":43,"FossilizedHelix":0},{"Spirit Poop":105,"Ginger":19,"Whetstone":192,"Bottled Tornado":9,"Boot":229,"Old Coin":24,"FrozenCore":289,"Blood Vial":11,"Sundial":333,"MealTicket":80,"Fusion Hammer":75,"Kunai":54,"Blue Candle":52,"Eternal Feather":71,"Akabeko":31,"Cables":105,"SlaversCollar":160,"Bird Faced Urn":142,"Snecko Eye":329,"Pandora\u0027s Box":92,"StrikeDummy":229,"Unceasing Top":57,"Lantern":18,"Regal Pillow":87,"Singing Bowl":57,"Torii":83,"StoneCalendar":0,"Bag of Preparation":14,"Ancient Tea Set":79,"Cursed Key":101,"Smiling Mask":104,"Matryoshka":2,"Shovel":57,"WingedGreaves":0,"Chemical X":51,"Potion Belt":9,"Lee\u0027s Waffle":26,"Inserter":36,"Golden Idol":87,"Thread and Needle":26,"PreservedInsect":42,"Omamori":0,"Frozen Egg 2":0,"MawBank":4,"Nuclear Battery":148,"Ornamental Fan":180,"Orrery":309,"Turnip":108,"Art of War":69,"Bottled Lightning":74,"Toy Ornithopter":241,"Ice Cream":57,"Calipers":47,"Nilry\u0027s Codex":119,"CeramicFish":83,"Vajra":16,"Runic Capacitor":9,"Sozu":66,"Lizard Tail":0,"Centennial Puzzle":21,"Strawberry":41,"Prayer Wheel":233,"Toxic Egg 2":0,"Girya":140,"Happy Flower":0,"Dead Branch":26,"Astrolabe":206,"Oddly Smooth Stone":26,"Letter Opener":113,"War Paint":70,"Question Card":20,"Du-Vu Doll":237,"OrangePellets":103,"Bottled Flame":125,"Shuriken":22,"Bronze Scales":4,"Molten Egg 2":26,"Black Star":239,"Symbiotic Virus":26,"Pocketwatch":26,"Meat on the Bone":319,"Darkstone Periapt":9,"Enchiridion":221,"Mango":0,"Incense Burner":5,"Juzu Bracelet":7,"Empty Cage":307,"PrismaticShard":308,"ClockworkSouvenir":26,"Emotion Chip":11,"Dream Catcher":12,"Nunchaku":43,"Mummified Hand":4,"Gambling Chip":57,"Pantograph":265,"Tiny Chest":33,"Cracked Core":0,"Runic Pyramid":8,"Orichalcum":22,"Odd Mushroom":278,"Medical Kit":57,"White Beast Statue":132,"Mercury Hourglass":70,"Peace Pipe":23,"Calling Bell":313,"Anchor":0,"CaptainsWheel":26,"DataDisk":51,"Coffee Dripper":17,"Bag of Marbles":133,"Membership Card":0,"TungstenRod":53,"FossilizedHelix":57},{"Spirit Poop":498,"Ginger":98,"Whetstone":901,"Bottled Tornado":46,"Boot":1053,"Old Coin":129,"FrozenCore":1314,"Blood Vial":56,"Sundial":1634,"MealTicket":380,"Fusion Hammer":360,"Kunai":264,"Blue Candle":255,"Eternal Feather":339,"Akabeko":169,"Cables":498,"SlaversCollar":740,"Bird Faced Urn":638,"Snecko Eye":1616,"Pandora\u0027s Box":446,"StrikeDummy":1053,"Unceasing Top":287,"Lantern":93,"Regal Pillow":418,"Singing Bowl":287,"Torii":402,"StoneCalendar":0,"Bag of Preparation":69,"Ancient Tea Set":377,"Cursed Key":484,"Smiling Mask":494,"Matryoshka":7,"Shovel":287,"WingedGreaves":0,"Chemical X":250,"Potion Belt":46,"Lee\u0027s Waffle":155,"Inserter":183,"Golden Idol":418,"Thread and Needle":155,"PreservedInsect":210,"Omamori":0,"Frozen Egg 2":0,"MawBank":15,"Nuclear Battery":676,"Ornamental Fan":850,"Orrery":1444,"Turnip":518,"Art of War":330,"Bottled Lightning":349,"Toy Ornithopter":1104,"Ice Cream":287,"Calipers":231,"Nilry\u0027s Codex":549,"CeramicFish":402,"Vajra":80,"Runic Capacitor":46,"Sozu":316,"Lizard Tail":0,"Centennial Puzzle":109,"Strawberry":206,"Prayer Wheel":1068,"Toxic Egg 2":0,"Girya":633,"Happy Flower":0,"Dead Branch":155,"Astrolabe":956,"Oddly Smooth Stone":155,"Letter Opener":530,"War Paint":334,"Question Card":102,"Du-Vu Doll":1083,"OrangePellets":489,"Bottled Flame":571,"Shuriken":116,"Bronze Scales":15,"Molten Egg 2":155,"Black Star":1095,"Symbiotic Virus":155,"Pocketwatch":155,"Meat on the Bone":1521,"Darkstone Periapt":46,"Enchiridion":1026,"Mango":0,"Incense Burner":22,"Juzu Bracelet":32,"Empty Cage":1427,"PrismaticShard":1434,"ClockworkSouvenir":155,"Emotion Chip":56,"Dream Catcher":61,"Nunchaku":214,"Mummified Hand":15,"Gambling Chip":287,"Pantograph":1193,"Tiny Chest":174,"Cracked Core":0,"Runic Pyramid":41,"Orichalcum":116,"Odd Mushroom":1261,"Medical Kit":287,"White Beast Statue":595,"Mercury Hourglass":334,"Peace Pipe":123,"Calling Bell":1475,"Anchor":0,"CaptainsWheel":155,"DataDisk":250,"Coffee Dripper":88,"Bag of Marbles":599,"Membership Card":0,"TungstenRod":259,"FossilizedHelix":287}]},"card_choices":[{"not_picked":["Steam","Force Field","Recycle"],"picked":"SKIP","floor":1.0},{"not_picked":["Scrape","Skim"],"picked":"Gash","floor":3.0},{"not_picked":["Streamline","Genetic Algorithm"],"picked":"Hologram","floor":11.0},{"not_picked":["White Noise","Cold Snap"],"picked":"Compile Driver","floor":12.0},{"not_picked":["Creative AI","Self Repair"],"picked":"Leap","floor":13.0},{"not_picked":["Conserve Battery","Auto Shields"],"picked":"Sweeping Beam","floor":14.0},{"not_picked":["Biased Cognition","Creative AI"],"picked":"Meteor Strike","floor":16.0},{"not_picked":["Streamline","Coolheaded+1"],"picked":"Conserve Battery+1","floor":18.0},{"not_picked":["Underhanded Strike","Coolheaded","True Grit"],"picked":"SKIP","floor":20.0},{"not_picked":["Halt","FlurryOfBlows","True Grit"],"picked":"SKIP","floor":22.0},{"not_picked":["Pommel Strike","Panacea","Sucker Punch+1"],"picked":"SKIP","floor":23.0},{"not_picked":["Fire Breathing+1","Skewer"],"picked":"Swivel","floor":25.0},{"not_picked":["FlyingSleeves","WreathOfFlame+1"],"picked":"Chrysalis","floor":27.0}],"player_experience":903667,"relics_obtained":[{"floor":9.0,"key":"Anchor"},{"floor":23.0,"key":"Sundial"}],"event_choices":[{"damage_healed":0.0,"max_hp_gain":0.0,"max_hp_loss":0.0,"gold_gain":0.0,"event_name":"Living Wall","player_choice":"Grow","floor":2.0,"gold_loss":0.0,"damage_taken":0.0,"cards_upgraded":["Reprogram"]},{"damage_healed":0.0,"max_hp_gain":0.0,"max_hp_loss":0.0,"gold_gain":150.0,"event_name":"Liars Game","player_choice":"AGREE","floor":5.0,"gold_loss":0.0,"damage_taken":0.0,"cards_obtained":["Doubt"]},{"damage_healed":0.0,"max_hp_gain":0.0,"max_hp_loss":0.0,"gold_gain":75.0,"event_name":"World of Goop","player_choice":"Gather Gold","floor":7.0,"gold_loss":0.0,"damage_taken":11.0},{"damage_healed":40.0,"max_hp_gain":0.0,"max_hp_loss":0.0,"gold_gain":0.0,"event_name":"Wheel of Change","player_choice":"Full Heal","floor":21.0,"gold_loss":0.0,"damage_taken":0.0}],"is_beta":false,"boss_relics":[{"not_picked":["Cursed Key","Busted Crown"],"picked":"Snecko Eye"}],"items_purged_floors":[0,10],"is_endless":false,"potions_floor_spawned":[3,11,16,20,23],"killed_by":"Shelled Parasite and Fungi","ascension_level":20}}