{"host":"baymyijz6sxaqj5s","time":1610782104,"event":{"mods":["AchievementEnabler","BaseMod","Colored Map","Colored Powertips","DeckTracker","Highlight Path","KOR Keyword Fix","Keyboard Shortcuts","Minty Spire (QoL Compilation)","Quick Restart","StSLib","SuperFastMode"],"gold_per_floor":[109,184,184,184,196,196,213,213,213,232,232,262,273,286,286,388,388,408,408,263,277,293,293,306,320,320,320,330,330,84,104,104,104,104],"floor_reached":33,"language":"KOR","playtime":909,"items_purged":["Strike_R"],"score":253,"play_id":"d8989497-ceda-4ecf-a879-bd41f6785861","local_time":"20210116162824","is_ascension_mode":true,"campfire_choices":[{"data":"Whirlwind","floor":6,"key":"SMITH"},{"data":"Body Slam","floor":8,"key":"SMITH"},{"floor":15,"key":"REST"},{"floor":23,"key":"REST"},{"floor":27,"key":"REST"},{"data":"Heavy Blade","floor":29,"key":"SMITH"},{"floor":32,"key":"REST"}],"circlet_count":0,"master_deck":["Strike_R","Strike_R","Strike_R+1","Strike_R","Defend_R","Defend_R","Defend_R+1","Defend_R","Bash","Whirlwind+1","Thunderclap","Body Slam+1","Inflame","Heavy Blade+1","Sword Boomerang","Inflame","Shrug It Off","Pummel","Entrench"],"relics":["Burning Blood","Dream Catcher","Odd Mushroom","Runic Pyramid","MutagenicStrength","Ginger","Letter Opener"],"acts_visited":["Exordium","TheCity"],"potions_floor_usage":[12,21,21,25,28],"damage_taken":[{"damage":5,"enemies":"Cultist","floor":1,"turns":4},{"damage":0,"enemies":"2 Louse","floor":5,"turns":1},{"damage":11,"enemies":"Jaw Worm","floor":7,"turns":5},{"damage":0,"enemies":"3 Louse","floor":10,"turns":3},{"damage":22,"enemies":"The Mushroom Lair","floor":12,"turns":4},{"damage":7,"enemies":"Looter","floor":13,"turns":3},{"damage":11,"enemies":"Large Slime","floor":14,"turns":5},{"damage":79,"enemies":"The Guardian","floor":16,"turns":11},{"damage":45,"enemies":"Spheric Guardian","floor":18,"turns":6},{"damage":12,"enemies":"2 Thieves","floor":21,"turns":4},{"damage":31,"enemies":"Cultist and Chosen","floor":22,"turns":7},{"damage":37,"enemies":"Snake Plant","floor":24,"turns":4},{"damage":2,"enemies":"Centurion and Healer","floor":25,"turns":5},{"damage":2,"enemies":"Snecko","floor":28,"turns":5},{"damage":30,"enemies":"3 Cultists","floor":31,"turns":4},{"damage":87,"enemies":"Champ","floor":33,"turns":14}],"seed_played":"-64172435510578320","potions_obtained":[{"floor":5,"key":"Regen Potion"},{"floor":10,"key":"BloodPotion"},{"floor":16,"key":"SteroidPotion"},{"floor":24,"key":"DistilledChaos"},{"floor":25,"key":"SkillPotion"}],"is_trial":false,"path_per_floor":["M","?","?","$","M","R","M","R","T","M","?","?","M","M","R","B",null,"M","?","$","M","M","R","M","M","T","R","M","R","$","M","R","B"],"character_chosen":"IRONCLAD","items_purchased":["Inflame","Letter Opener"],"campfire_rested":4,"item_purchase_floors":[20,30],"current_hp_per_floor":[88,77,82,82,88,88,83,83,83,89,70,66,65,60,87,14,93,54,54,54,66,41,68,37,41,41,68,72,72,72,48,75,0,0],"gold":104,"neow_bonus":"TEN_PERCENT_HP_BONUS","is_daily":false,"chose_seed":false,"campfire_upgraded":3,"win_rate":0.0,"timestamp":1610782104,"path_taken":["M","?","?","$","M","R","M","R","T","M","?","?","M","M","R","BOSS","M","?","$","M","M","R","M","M","T","R","M","R","$","M","R","BOSS"],"items_purchased_type":["Card","Relic"],"build_version":"2020-12-22","purchased_purges":1,"victory":false,"max_hp_per_floor":[88,88,93,93,93,93,93,93,93,93,93,93,93,93,93,93,93,93,93,93,93,93,93,93,93,93,93,93,93,93,93,93,93,93],"card_choices":[{"not_picked":["Sword Boomerang","Pommel Strike"],"picked":"Whirlwind","floor":1},{"not_picked":["Anger","Wild Strike"],"picked":"Thunderclap","floor":5},{"not_picked":["Clothesline","Metallicize"],"picked":"Body Slam","floor":7},{"not_picked":["Havoc","Dual Wield"],"picked":"Inflame","floor":10},{"not_picked":["Perfected Strike","Headbutt"],"picked":"Heavy Blade","floor":12},{"not_picked":["Perfected Strike","Clothesline","Wild Strike"],"picked":"SKIP","floor":13},{"not_picked":["Intimidate","Dropkick"],"picked":"Sword Boomerang","floor":14},{"not_picked":["Evolve+1","Headbutt","Twin Strike"],"picked":"SKIP","floor":18},{"not_picked":["Intimidate","Cleave"],"picked":"Shrug It Off","floor":21},{"not_picked":["Intimidate","Brutality"],"picked":"Pummel","floor":22},{"not_picked":["Pommel Strike","Dropkick"],"picked":"Entrench","floor":23},{"not_picked":["Twin Strike","Metallicize","Carnage+1"],"picked":"SKIP","floor":24},{"not_picked":["Dark Embrace+1","Sword Boomerang","Evolve+1"],"picked":"SKIP","floor":25},{"not_picked":["Sentinel+1","Heavy Blade","Wild Strike"],"picked":"SKIP","floor":28},{"not_picked":["Searing Blow","Rupture","Cleave+1"],"picked":"SKIP","floor":31}],"player_experience":87102,"relics_obtained":[{"floor":9,"key":"Dream Catcher"},{"floor":12,"key":"Odd Mushroom"},{"floor":26,"key":"Ginger"}],"event_choices":[{"damage_healed":0,"gold_gain":75,"player_choice":"Gather Gold","damage_taken":11,"max_hp_gain":0,"max_hp_loss":0,"event_name":"World of Goop","floor":2,"gold_loss":0},{"damage_healed":0,"gold_gain":0,"player_choice":"Donut","damage_taken":0,"max_hp_gain":5,"max_hp_loss":0,"event_name":"Big Fish","floor":3,"gold_loss":0},{"damage_healed":0,"gold_gain":0,"player_choice":"Entered Light","damage_taken":19,"max_hp_gain":0,"max_hp_loss":0,"event_name":"Shining Light","floor":11,"gold_loss":0,"cards_upgraded":["Defend_R","Strike_R"]},{"damage_healed":0,"gold_gain":0,"player_choice":"Fought Mushrooms","damage_taken":0,"max_hp_gain":0,"max_hp_loss":0,"event_name":"Mushrooms","floor":12,"gold_loss":0},{"damage_healed":0,"gold_gain":0,"player_choice":"Inject Mutagens","damage_taken":0,"relics_obtained":["MutagenicStrength"],"max_hp_gain":0,"max_hp_loss":0,"event_name":"Drug Dealer","floor":19,"gold_loss":0}],"is_beta":false,"boss_relics":[{"not_picked":["Coffee Dripper","Empty Cage"],"picked":"Runic Pyramid"}],"items_purged_floors":[20],"is_endless":false,"potions_floor_spawned":[5,10,16,24,25],"killed_by":"Champ","ascension_level":1}}