{"host":"08t08ld674si40tv","time":1610779064,"event":{"mods":["AchievementEnabler","BaseMod","Colored Map","Minty Spire (QoL Compilation)","StSLib","SuperFastMode"],"gold_per_floor":[118,135,31,31,31,31,57,80,80,97,97,129,140,156,156,232,232,249,249,260,260,273,273,300,300,349,349,399,399,399,434,434,434,434],"floor_reached":33,"language":"KOR","playtime":1080,"items_purged":["Defend_G"],"score":542,"play_id":"c2a0c920-8599-4a3d-bf7d-cf5f0bc1cdaf","local_time":"20210116153744","is_ascension_mode":true,"campfire_choices":[{"data":"Neutralize","floor":6.0,"key":"SMITH"},{"floor":15.0,"key":"REST"},{"floor":23.0,"key":"REST"},{"floor":25.0,"key":"REST"},{"data":"Crippling Poison","floor":27.0,"key":"SMITH"},{"data":"Burst","floor":29.0,"key":"SMITH"},{"data":"Blade Dance","floor":32,"key":"SMITH"}],"circlet_count":0,"master_deck":["AscendersBane","Strike_G","Strike_G","Strike_G","Defend_G","Defend_G","Defend_G","Defend_G","Survivor","Neutralize+1","Heel Hook","Dagger Spray","Footwork","Blade Dance+1","After Image","Blur","Backflip","Crippling Poison+1","Footwork","Doppelganger","Burst+1","Calculated Gamble+1"],"relics":["Ring of the Serpent","Vajra","Oddly Smooth Stone","MealTicket","Odd Mushroom","Molten Egg 2","Akabeko","Red Mask","Vajra","Unceasing Top"],"acts_visited":["Exordium","TheCity"],"potions_floor_usage":[31,33],"damage_taken":[{"damage":0.0,"enemies":"Cultist","floor":1.0,"turns":4.0},{"damage":8.0,"enemies":"Small Slimes","floor":2.0,"turns":3.0},{"damage":20.0,"enemies":"Lagavulin","floor":7.0,"turns":12.0},{"damage":8.0,"enemies":"The Mushroom Lair","floor":8.0,"turns":4.0},{"damage":1.0,"enemies":"Jaw Worm","floor":10.0,"turns":4.0},{"damage":14.0,"enemies":"Gremlin Nob","floor":12.0,"turns":4.0},{"damage":0.0,"enemies":"3 Louse","floor":13.0,"turns":1.0},{"damage":3.0,"enemies":"Exordium Wildlife","floor":14.0,"turns":4.0},{"damage":21.0,"enemies":"Hexaghost","floor":16.0,"turns":15.0},{"damage":22.0,"enemies":"Spheric Guardian","floor":18.0,"turns":6.0},{"damage":0.0,"enemies":"Chosen","floor":20.0,"turns":8.0},{"damage":7.0,"enemies":"Centurion and Healer","floor":22.0,"turns":10.0},{"damage":21.0,"enemies":"Masked Bandits","floor":24.0,"turns":4.0},{"damage":15,"enemies":"Book of Stabbing","floor":31,"turns":7},{"damage":40,"enemies":"Automaton","floor":33,"turns":16}],"seed_played":"3626265268368301830","potions_obtained":[{"floor":7.0,"key":"LiquidBronze"},{"floor":10.0,"key":"Swift Potion"},{"floor":13.0,"key":"CunningPotion"},{"floor":16.0,"key":"Swift Potion"},{"floor":24.0,"key":"EssenceOfSteel"},{"floor":31,"key":"Block Potion"}],"is_trial":false,"path_per_floor":["M","M","$","?","$","R","E","?","T","M","?","E","M","M","R","B",null,"M","$","M","?","M","R","?","R","T","R","?","R","T","E","R","B"],"character_chosen":"THE_SILENT","items_purchased":["Blade Dance"],"campfire_rested":3,"item_purchase_floors":[3],"current_hp_per_floor":[59,51,51,51,51,51,31,23,23,22,22,8,8,5,24,3,50,28,43,43,25,18,39,18,39,39,39,39,39,39,24,24,0,0],"gold":434,"neow_bonus":"TRANSFORM_CARD","is_daily":false,"chose_seed":false,"campfire_upgraded":4,"win_rate":0.0,"timestamp":1610779064,"path_taken":["M","M","?","?","$","R","E","?","T","M","?","E","M","?","R","BOSS","M","$","M","?","M","R","?","R","T","R","?","R","?","E","R","BOSS"],"items_purchased_type":["Card"],"build_version":"2020-12-22","purchased_purges":1,"victory":false,"max_hp_per_floor":[66,66,66,66,66,66,66,66,66,66,66,66,66,66,66,66,66,66,66,66,71,71,71,71,71,71,71,71,71,71,71,71,71,71],"card_choices":[{"not_picked":["Acrobatics","Accuracy"],"picked":"Dagger Spray","floor":1.0},{"not_picked":["Flying Knee","Terror"],"picked":"Footwork","floor":2.0},{"not_picked":["Burst","Escape Plan"],"picked":"Blur","floor":7.0},{"not_picked":["Sucker Punch","Underhanded Strike"],"picked":"Backflip","floor":8.0},{"not_picked":["Heel Hook+1","Quick Slash+1","Outmaneuver"],"picked":"SKIP","floor":10.0},{"not_picked":["Bane+1","Sucker Punch+1","Quick Slash+1"],"picked":"SKIP","floor":12.0},{"not_picked":["Backstab+1","All Out Attack+1"],"picked":"Crippling Poison","floor":13.0},{"not_picked":["Deflect","Poisoned Stab+1"],"picked":"Footwork","floor":14.0},{"not_picked":["Wraith Form v2","Tools of the Trade"],"picked":"Doppelganger","floor":16.0},{"not_picked":["Catalyst","Deflect","Deadly Poison"],"picked":"SKIP","floor":18.0},{"not_picked":["Bane+1","Outmaneuver"],"picked":"Burst","floor":20.0},{"not_picked":["Slice+1","Cloak And Dagger","Deflect"],"picked":"SKIP","floor":22.0},{"not_picked":["Crippling Poison+1","Leg Sweep"],"picked":"Calculated Gamble+1","floor":24.0},{"not_picked":["Riddle With Holes+1","Quick Slash+1","Flechettes+1"],"picked":"SKIP","floor":31}],"player_experience":232147,"relics_obtained":[{"floor":7.0,"key":"MealTicket"},{"floor":8.0,"key":"Odd Mushroom"},{"floor":9.0,"key":"Molten Egg 2"},{"floor":12.0,"key":"Akabeko"},{"floor":24.0,"key":"Red Mask"},{"floor":30.0,"key":"Vajra"},{"floor":31,"key":"Unceasing Top"}],"event_choices":[{"damage_healed":0.0,"max_hp_gain":0.0,"max_hp_loss":0.0,"gold_gain":0.0,"cards_transformed":["Strike_G"],"event_name":"Living Wall","player_choice":"Change","floor":4.0,"gold_loss":0.0,"damage_taken":0.0,"cards_obtained":["After Image"]},{"damage_healed":0.0,"max_hp_gain":0.0,"max_hp_loss":0.0,"gold_gain":0.0,"event_name":"Mushrooms","player_choice":"Fought Mushrooms","floor":8.0,"gold_loss":0.0,"damage_taken":0.0},{"damage_healed":0.0,"max_hp_gain":0.0,"max_hp_loss":0.0,"gold_gain":0.0,"event_name":"Liars Game","player_choice":"Ignored","floor":11.0,"gold_loss":0.0,"damage_taken":0.0},{"damage_healed":0.0,"max_hp_gain":5.0,"max_hp_loss":0.0,"gold_gain":0.0,"event_name":"Forgotten Altar","player_choice":"Shed Blood","floor":21.0,"gold_loss":0.0,"damage_taken":23.0},{"damage_healed":0.0,"max_hp_gain":0.0,"max_hp_loss":0.0,"gold_gain":0.0,"event_name":"Masked Bandits","player_choice":"Fought Bandits","floor":24.0,"gold_loss":0.0,"damage_taken":0.0},{"damage_healed":0.0,"max_hp_gain":0.0,"max_hp_loss":0.0,"gold_gain":50.0,"event_name":"Nest","player_choice":"Stole From Cult","floor":28.0,"gold_loss":0.0,"damage_taken":0.0}],"is_beta":false,"boss_relics":[{"not_picked":["Snecko Eye","Cursed Key"],"picked":"Ring of the Serpent"}],"items_purged_floors":[3],"is_endless":false,"potions_floor_spawned":[7,10,13,16,20,24,31],"killed_by":"Automaton","ascension_level":20}}