{"host":"cfnmff32z0ky6ioz","time":1610820399,"event":{"mods":["BaseMod","Bestiary","Curses Come First","Dota2Spire","Minty Spire (QoL Compilation)","Quick Restart","Replay The Spire","StSLib","The Marked","¡i?ª«¥dµP¡jREMEMod"],"gold_per_floor":[117,164,164,182,182,182,214,233,258,258,274,274,287,299,299,398,398,411,430,430,529,540,540,554,568,617,617,637,637,655,95,95,196,196,216,3,23,76,92,92,112,112,112,0,19,19,31,31,31,31],"floor_reached":51,"language":"ZHS","playtime":5761,"items_purged":["Defend_G"],"score":703,"play_id":"fce056e9-c8e2-4ba0-b64f-ce71e7e76207","local_time":"20210117020639","is_ascension_mode":false,"campfire_choices":[{"data":"Cloak And Dagger","floor":6,"key":"SMITH"},{"data":"Blade Dance","floor":10,"key":"SMITH"},{"data":"ReplayTheSpireMod:Shiv Toss","floor":12,"key":"SMITH"},{"data":"Phantasmal Killer","floor":15,"key":"SMITH"},{"data":"Blade Dance","floor":23,"key":"SMITH"},{"floor":27,"key":"REST"},{"data":"Thinking Ahead","floor":32,"key":"SMITH"},{"floor":40,"key":"REST"},{"data":"Blade Dance","floor":42,"key":"SMITH"},{"data":"Panacea","floor":49,"key":"SMITH"}],"circlet_count":0,"master_deck":["Strike_G","Strike_G","Strike_G","Strike_G","Defend_G+1","Defend_G+1","Defend_G","Defend_G","Survivor","Neutralize","Mayhem+1","Cloak And Dagger+1","ReplayTheSpireMod:Splinters","Blade Dance+1","Blade Dance+1","Dodge and Roll","Prepared","ReplayTheSpireMod:Shiv Toss+1","Prepared","Phantasmal Killer+1","REME_GrazeFinale","Terror+1","Backflip","Backstab","Backflip+1","Tools of the Trade","Cloak And Dagger","Venomology","Fluid Movement","Fluid Movement","Trip","Thinking Ahead+1","Glass Knife","Blade Dance+1","Accuracy","Cloak And Dagger","Panacea+1","Slice+1","Footwork+1","Acrobatics","Sneak Up","Acrobatics","ReplayTheSpireMod:The Works+1"],"relics":["Ring of the Snake","REME_ComplimentaryCards","White Beast Statue","Nunchaku","Dota2Spire:PowerTreads","Dota2Spire:RefresherOrb","Regal Pillow","Pantograph","WristBlade","Ice Cream","Mango","Red Mask"],"acts_visited":["Exordium","TheCity","TheBeyond"],"potions_floor_usage":[7,14,18,22,22,24,24,28,28,33,35,35,35,37,38,38,38,38,39,41,50,50],"damage_taken":[{"damage":0,"enemies":"Jaw Worm","floor":1,"turns":6},{"damage":0,"enemies":"2 Louse","floor":4,"turns":3},{"damage":8,"enemies":"Gremlin Nob","floor":7,"turns":3},{"damage":0,"enemies":"Small Slimes","floor":8,"turns":3},{"damage":1,"enemies":"Blue Slaver","floor":11,"turns":3},{"damage":4,"enemies":"Exordium Thugs","floor":13,"turns":4},{"damage":5,"enemies":"Looter","floor":14,"turns":2},{"damage":0,"enemies":"Slime Boss","floor":16,"turns":3},{"damage":0,"enemies":"3 Byrds","floor":18,"turns":4},{"damage":3,"enemies":"Spheric Guardian","floor":19,"turns":3},{"damage":0,"enemies":"Snake Plant","floor":22,"turns":4},{"damage":28,"enemies":"Cultist and Chosen","floor":24,"turns":7},{"damage":2,"enemies":"Chosen and Byrds","floor":25,"turns":4},{"damage":0,"enemies":"Snake Plant","floor":28,"turns":6},{"damage":11,"enemies":"Snecko","floor":30,"turns":4},{"damage":42,"enemies":"Collector","floor":33,"turns":7},{"damage":14,"enemies":"3 Shapes","floor":35,"turns":4},{"damage":2,"enemies":"Orb Walker","floor":37,"turns":3},{"damage":20,"enemies":"2 Orb Walkers","floor":38,"turns":4},{"damage":24,"enemies":"Transient","floor":39,"turns":5},{"damage":2,"enemies":"Jaw Worm Horde","floor":41,"turns":3},{"damage":0,"enemies":"Maw","floor":45,"turns":4},{"damage":8,"enemies":"Spire Growth","floor":47,"turns":4},{"damage":20,"enemies":"Donu and Deca","floor":50,"turns":5}],"seed_played":"898287252805448395","potions_obtained":[{"floor":2,"key":"LifebloodPotion"},{"floor":4,"key":"Strength Potion"},{"floor":7,"key":"Swift Potion"},{"floor":8,"key":"SkillPotion"},{"floor":11,"key":"Explosive Potion"},{"floor":14,"key":"SkillPotion"},{"floor":16,"key":"SteroidPotion"},{"floor":18,"key":"SpeedPotion"},{"floor":19,"key":"GhostInAJar"},{"floor":22,"key":"Swift Potion"},{"floor":24,"key":"PowerPotion"},{"floor":25,"key":"Poison Potion"},{"floor":28,"key":"Fire Potion"},{"floor":30,"key":"BlessingOfTheForge"},{"floor":33,"key":"Languid Potion"},{"floor":35,"key":"PowerPotion"},{"floor":37,"key":"Weak Potion"},{"floor":38,"key":"Swift Potion"},{"floor":39,"key":"SkillPotion"},{"floor":41,"key":"Explosive Potion"},{"floor":45,"key":"SteroidPotion"}],"is_trial":false,"path_per_floor":["M","?","?","M","?","R","E","M","T","R","M","R","M","M","R","B",null,"M","M","?","?","M","R","M","M","T","R","M","T","M","$","R","B",null,"M","$","M","?","M","R","M","R","T","?","M","$","M","?","R","B",null],"character_chosen":"THE_SILENT","items_purchased":["Venomology","Fluid Movement","Trip","Thinking Ahead","Accuracy","Cloak And Dagger","Panacea"],"campfire_rested":2,"item_purchase_floors":[31,31,31,31,36,36,36],"current_hp_per_floor":[70,70,56,56,56,56,48,48,48,48,47,47,43,38,38,38,70,70,67,67,67,67,67,39,37,37,70,70,70,59,59,59,28,70,62,62,60,52,28,64,62,62,76,76,76,76,68,68,68,64],"gold":31,"neow_bonus":"UPGRADE_CARD","is_daily":false,"chose_seed":false,"campfire_upgraded":8,"win_rate":0.0,"timestamp":1610820399,"path_taken":["M","?","?","M","?","R","E","?","T","R","M","R","M","M","R","BOSS","M","M","?","?","M","R","M","M","T","R","M","?","M","?","R","BOSS","M","$","M","?","M","R","M","R","T","?","M","?","?","?","R","BOSS"],"items_purchased_type":["Card","Card","Card","Card","Card","Card","Card"],"build_version":"2020-12-22","purchased_purges":1,"victory":true,"max_hp_per_floor":[70,70,70,70,70,70,70,70,70,70,70,70,70,70,70,70,70,70,70,70,70,70,70,70,70,70,70,70,70,70,70,70,70,70,70,70,70,70,70,70,70,70,84,84,84,84,84,84,84,84],"card_choices":[{"not_picked":["Catalyst","Dagger Throw"],"picked":"Cloak And Dagger","floor":1},{"not_picked":["Dash","Deadly Poison"],"picked":"Blade Dance","floor":2},{"not_picked":["Skewer","ReplayTheSpireMod:Exploit Weakness"],"picked":"Blade Dance","floor":4},{"not_picked":["Dagger Throw","Catalyst"],"picked":"Dodge and Roll","floor":7},{"not_picked":["Deadly Poison","Riddle With Holes"],"picked":"Prepared","floor":8},{"not_picked":["PiercingWail","Dash"],"picked":"ReplayTheSpireMod:Shiv Toss","floor":11},{"not_picked":["Quick Slash","ReplayTheSpireMod:Exploit Weakness"],"picked":"Prepared","floor":13},{"not_picked":["Riddle With Holes","Slice"],"picked":"Phantasmal Killer","floor":14},{"not_picked":["ReplayTheSpireMod:Necrosis","Doppelganger"],"picked":"REME_GrazeFinale","floor":16},{"not_picked":["Dagger Spray","Deflect"],"picked":"Terror+1","floor":18},{"not_picked":["Catalyst","Quick Slash"],"picked":"Backflip","floor":19},{"not_picked":["Bouncing Flask+1","Backflip"],"picked":"Backstab","floor":22},{"not_picked":["Masterful Stab","Acrobatics"],"picked":"Backflip+1","floor":24},{"not_picked":["Dagger Throw","Replay:Poison Smokescreen"],"picked":"Tools of the Trade","floor":25},{"not_picked":["Slice","Flying Knee"],"picked":"Cloak And Dagger","floor":28},{"not_picked":["Terror+1","Backflip","Sucker Punch"],"picked":"SKIP","floor":30},{"not_picked":["Doppelganger","REME_LeechingPoison"],"picked":"Glass Knife","floor":33},{"not_picked":["Dagger Spray","Leg Sweep+1"],"picked":"Blade Dance","floor":35},{"not_picked":["Sucker Punch+1","Dodge and Roll+1"],"picked":"Slice+1","floor":37},{"not_picked":["Leg Sweep+1","REME_GrazeFinale"],"picked":"Footwork+1","floor":38},{"not_picked":["Dagger Spray+1","Deadly Poison"],"picked":"Acrobatics","floor":39},{"not_picked":["Bouncing Flask","Prepared+1"],"picked":"Sneak Up","floor":41},{"not_picked":["Poisoned Stab","Heel Hook+1"],"picked":"Acrobatics","floor":45},{"not_picked":["Dagger Spray","Slice+1"],"picked":"ReplayTheSpireMod:The Works+1","floor":47}],"player_experience":339264,"relics_obtained":[{"floor":2,"key":"White Beast Statue"},{"floor":7,"key":"Nunchaku"},{"floor":9,"key":"Dota2Spire:PowerTreads"},{"floor":26,"key":"Regal Pillow"},{"floor":29,"key":"Pantograph"},{"floor":38,"key":"Ice Cream"},{"floor":43,"key":"Mango"}],"event_choices":[{"damage_healed":0,"gold_gain":0,"player_choice":"Entered Light","damage_taken":14,"max_hp_gain":0,"max_hp_loss":0,"event_name":"Shining Light","floor":3,"gold_loss":0,"cards_upgraded":["Defend_G","Defend_G"]},{"damage_healed":0,"gold_gain":0,"player_choice":"Ignored","damage_taken":0,"max_hp_gain":0,"max_hp_loss":0,"event_name":"Vampires","floor":20,"gold_loss":0},{"damage_healed":0,"gold_gain":99,"player_choice":"Stole From Cult","damage_taken":0,"max_hp_gain":0,"max_hp_loss":0,"event_name":"Nest","floor":21,"gold_loss":0},{"damage_healed":0,"gold_gain":0,"player_choice":"Fight","damage_taken":0,"max_hp_gain":0,"max_hp_loss":0,"event_name":"Mysterious Sphere","floor":38,"gold_loss":0},{"damage_healed":0,"gold_gain":0,"player_choice":"Paid","damage_taken":0,"relics_obtained":["Red Mask"],"max_hp_gain":0,"max_hp_loss":0,"event_name":"Tomb of Lord Red Mask","floor":44,"gold_loss":112}],"is_beta":false,"boss_relics":[{"not_picked":["ChewingGum","REME_DemonsWealth"],"picked":"Dota2Spire:RefresherOrb"},{"not_picked":["Black Star","Fusion Hammer"],"picked":"WristBlade"}],"items_purged_floors":[31],"is_endless":false,"potions_floor_spawned":[4,7,8,11,13,14,16,18,19,22,24,25,28,30,33,35,37,38,39,41,45,47],"ascension_level":0}}