{"host":"l60rmjjsfi0fipmi","time":1610767851,"event":{"mods":["BaseMod","Colored Map","DeckTracker","Highlight Path","Minty Spire (QoL Compilation)","StSLib","The Cursed"],"gold_per_floor":[116,116,139,214,268,268,281,281,281,281,120,144,168,168,168,292,292,312,103,124,149,149,149],"floor_reached":22,"language":"ENG","playtime":1172,"items_purged":["Strike_G"],"score":211,"play_id":"c5f7a500-7c3e-454d-9ce2-02e2c8314940","local_time":"20210115223051","is_ascension_mode":true,"campfire_choices":[{"data":"Neutralize","floor":6,"key":"SMITH"},{"data":"Dodge and Roll","floor":8,"key":"SMITH"},{"data":"Backflip","floor":10,"key":"SMITH"},{"data":"Footwork","floor":15,"key":"SMITH"}],"circlet_count":0,"master_deck":["Strike_G","Strike_G","Strike_G","Strike_G","Defend_G","Defend_G","Defend_G","Defend_G","Defend_G","Survivor","Neutralize+1","Deadly Poison","Backflip+1","Dodge and Roll+1","A Thousand Cuts","Footwork+1","Dagger Spray","Parasite","Die Die Die","Slice+1","Noxious Fumes","Slice","Acrobatics"],"relics":["Ring of the Snake","Golden Idol","Juzu Bracelet","Art of War","SlaversCollar"],"acts_visited":["Exordium","TheCity"],"potions_floor_usage":[16,21,21,22,22],"damage_taken":[{"damage":7,"enemies":"Jaw Worm","floor":1,"turns":8},{"damage":3,"enemies":"2 Louse","floor":3,"turns":3},{"damage":5,"enemies":"Small Slimes","floor":7,"turns":4},{"damage":17,"enemies":"Exordium Wildlife","floor":12,"turns":8},{"damage":5,"enemies":"Red Slaver","floor":13,"turns":4},{"damage":23,"enemies":"The Guardian","floor":16,"turns":15},{"damage":39,"enemies":"Spheric Guardian","floor":18,"turns":11},{"damage":13,"enemies":"Shell Parasite","floor":20,"turns":8},{"damage":0,"enemies":"Snecko","floor":21,"turns":6},{"damage":24,"enemies":"Centurion and Healer","floor":22,"turns":4}],"seed_played":"3860341791636593703","potions_obtained":[{"floor":7,"key":"Poison Potion"},{"floor":20,"key":"ColorlessPotion"}],"is_trial":false,"path_per_floor":["M","?","M","?","T","R","M","R","T","R","$","M","M","?","R","B",null,"M","$","M","M","M"],"character_chosen":"THE_SILENT","items_purchased":["A Thousand Cuts","Noxious Fumes","EntropicBrew"],"campfire_rested":0,"item_purchase_floors":[11,19,19],"current_hp_per_floor":[70,70,67,56,56,56,51,51,51,51,51,34,29,46,46,23,71,32,32,19,19,0,0],"gold":149,"neow_bonus":"TEN_PERCENT_HP_BONUS","is_daily":false,"chose_seed":false,"campfire_upgraded":4,"win_rate":0.0,"timestamp":1610767851,"path_taken":["M","?","M","?","?","R","M","R","T","R","$","M","M","?","R","BOSS","M","$","M","M","M"],"items_purchased_type":["Card","Card","Potion"],"build_version":"2020-12-22","purchased_purges":1,"victory":false,"max_hp_per_floor":[77,71,71,71,71,71,71,71,71,71,71,71,71,71,71,71,71,71,71,71,71,71,71],"card_choices":[{"not_picked":["Outmaneuver","Catalyst"],"picked":"Deadly Poison","floor":1},{"not_picked":["Blade Dance","Prepared"],"picked":"Backflip","floor":3},{"not_picked":["Dash","Bane"],"picked":"Dodge and Roll","floor":7},{"not_picked":["Flying Knee","Backstab"],"picked":"Footwork","floor":12},{"not_picked":["Blur","Slice"],"picked":"Dagger Spray","floor":13},{"not_picked":["Doppelganger","Wraith Form v2"],"picked":"Die Die Die","floor":16},{"not_picked":["Underhanded Strike","Poisoned Stab"],"picked":"Slice+1","floor":18},{"not_picked":["Blur","Deflect"],"picked":"Slice","floor":20},{"not_picked":["Finisher+1","Cloak And Dagger"],"picked":"Acrobatics","floor":21}],"player_experience":422526,"relics_obtained":[{"floor":5,"key":"Juzu Bracelet"},{"floor":9,"key":"Art of War"}],"event_choices":[{"damage_healed":0,"gold_gain":0,"player_choice":"Lose Max HP","damage_taken":0,"relics_obtained":["Golden Idol"],"max_hp_gain":0,"max_hp_loss":6,"event_name":"Golden Idol","floor":2,"gold_loss":0},{"damage_healed":0,"gold_gain":75,"player_choice":"Gather Gold","damage_taken":11,"max_hp_gain":0,"max_hp_loss":0,"event_name":"World of Goop","floor":4,"gold_loss":0},{"damage_healed":17,"gold_gain":0,"player_choice":"Healed and dodged fight","damage_taken":0,"max_hp_gain":0,"max_hp_loss":0,"event_name":"Mushrooms","floor":14,"gold_loss":0,"cards_obtained":["Parasite"]}],"is_beta":false,"boss_relics":[{"not_picked":["Tiny House","Runic Dome"],"picked":"SlaversCollar"}],"items_purged_floors":[19],"is_endless":false,"potions_floor_spawned":[7,20],"killed_by":"Centurion and Healer","ascension_level":4}}