{"host":"minbhrtlkaoly5f0","time":1610764692,"event":{"mods":["Act Like it!","Ascension Reborn","BaseMod","Colored Map","Colored Powertips","Minty Spire (QoL Compilation)","Quick Restart","StSLib","The Bug Knight"],"gold_per_floor":[20,95,95,112,131,131,150,150,174,206,206,220,238,253,253,253,253],"floor_reached":16,"language":"ZHS","playtime":604,"items_purged":[],"score":104,"play_id":"0a851406-a1e1-4eb8-8e8b-236e9f4573e6","local_time":"20210116103812","is_ascension_mode":true,"campfire_choices":[{"data":"HollowMod:DesolateDive","floor":6.0,"key":"SMITH"},{"data":"HollowMod:SoulVessel","floor":8.0,"key":"SMITH"},{"floor":15,"key":"REST"}],"circlet_count":0,"master_deck":["HollowMod:NailStrikeStart","HollowMod:NailStrikeStart","HollowMod:NailStrikeStart","HollowMod:QuickDashStart","HollowMod:QuickDashStart","HollowMod:QuickDashStart","HollowMod:QuickDashStart","HollowMod:FocusHealStart","HollowMod:PogoStrike","HollowMod:SoulVessel+1","HollowMod:DesolateDive+1","HollowMod:SoulSplash","HollowMod:ElderbugsWisdom","HollowMod:BaldurShell","HollowMod:HowlingWraiths","HollowMod:HuntersJournal","HollowMod:NewGlowingWomb"],"relics":["HollowMod:VesselMask","TungstenRod","Anchor","Potion Belt","Prayer Wheel"],"acts_visited":["Exordium"],"potions_floor_usage":[16,16,16],"damage_taken":[{"damage":5.0,"enemies":"2 Louse","floor":1.0,"turns":3.0},{"damage":0.0,"enemies":"Jaw Worm","floor":4.0,"turns":4.0},{"damage":0.0,"enemies":"Small Slimes","floor":5.0,"turns":2.0},{"damage":0.0,"enemies":"Exordium Thugs","floor":7.0,"turns":3.0},{"damage":26.0,"enemies":"Gremlin Nob","floor":10.0,"turns":4.0},{"damage":5.0,"enemies":"Gremlin Gang","floor":12.0,"turns":3.0},{"damage":4,"enemies":"Looter","floor":13,"turns":3},{"damage":8,"enemies":"Exordium Wildlife","floor":14,"turns":5},{"damage":54,"enemies":"HollowMod:FalseKnight","floor":16,"turns":6}],"seed_played":"-8720719978392895757","potions_obtained":[{"floor":1.0,"key":"SneckoOil"},{"floor":4.0,"key":"Fire Potion"},{"floor":13,"key":"Explosive Potion"},{"floor":14,"key":"CultistPotion"}],"is_trial":false,"path_per_floor":["M","?","?","M","M","R","M","R","T","E","?","M","M","M","R","B"],"character_chosen":"THE_BUGKNIGHT","items_purchased":[],"campfire_rested":1,"item_purchase_floors":[],"current_hp_per_floor":[75,65,60,66,66,66,66,66,66,40,34,29,25,17,39,0,0],"gold":253,"neow_bonus":"ONE_RARE_RELIC","is_daily":false,"chose_seed":false,"campfire_upgraded":2,"win_rate":0.0,"timestamp":1610764692,"path_taken":["M","?","?","M","M","R","M","R","T","E","?","M","M","?","R","BOSS"],"items_purchased_type":[],"build_version":"2020-12-22","purchased_purges":0,"victory":false,"max_hp_per_floor":[75,75,75,75,75,75,75,75,75,75,75,75,75,75,75,75,75],"card_choices":[{"not_picked":["HollowMod:AbyssShriek","HollowMod:RecoilStrike"],"picked":"HollowMod:SoulVessel","floor":1.0},{"not_picked":["HollowMod:SoulStrike","HollowMod:DashSlash"],"picked":"HollowMod:DesolateDive","floor":4.0},{"not_picked":["HollowMod:DungDefenderAura","HollowMod:MawleksShell","HollowMod:FastStrike"],"picked":"SKIP","floor":5.0},{"not_picked":["HollowMod:LifebloodCocoon","HollowMod:TaintedHusks"],"picked":"HollowMod:SoulSplash","floor":7.0},{"not_picked":["HollowMod:SharpenedNail","HollowMod:CycloneSlash"],"picked":"HollowMod:ElderbugsWisdom","floor":10.0},{"not_picked":["HollowMod:SoulStrike","HollowMod:MothsMistake","HollowMod:SharpenedShadows"],"picked":"SKIP","floor":12},{"not_picked":["HollowMod:SharpenedNail","HollowMod:HeavyBlow","HollowMod:DesolateDive"],"picked":"SKIP","floor":12},{"not_picked":["HollowMod:InfectedCysts","HollowMod:BlackTendrils"],"picked":"HollowMod:BaldurShell","floor":13},{"not_picked":["HollowMod:CloakDash","HollowMod:DescendingDark"],"picked":"HollowMod:HowlingWraiths","floor":13},{"not_picked":["HollowMod:ShadowDash","HollowMod:HowlingWraiths"],"picked":"HollowMod:HuntersJournal","floor":14},{"not_picked":["HollowMod:GoodIntentions","HollowMod:SharpenedNail"],"picked":"HollowMod:NewGlowingWomb","floor":14}],"player_experience":26967,"relics_obtained":[{"floor":9.0,"key":"Potion Belt"},{"floor":10.0,"key":"Prayer Wheel"}],"event_choices":[{"damage_healed":0.0,"max_hp_gain":0.0,"max_hp_loss":0.0,"gold_gain":75.0,"event_name":"World of Goop","player_choice":"Gather Gold","floor":2.0,"gold_loss":0.0,"damage_taken":11.0},{"damage_healed":0.0,"max_hp_gain":0.0,"max_hp_loss":0.0,"gold_gain":0.0,"event_name":"Scrap Ooze","player_choice":"Success","floor":3.0,"gold_loss":0.0,"damage_taken":7.0,"relics_obtained":["Anchor"]},{"cards_removed":["HollowMod:NailStrikeStart"],"damage_healed":0.0,"max_hp_gain":0.0,"max_hp_loss":0.0,"gold_gain":0.0,"event_name":"Golden Wing","player_choice":"Card Removal","floor":11.0,"gold_loss":0.0,"damage_taken":7.0}],"is_beta":false,"boss_relics":[],"items_purged_floors":[],"is_endless":false,"potions_floor_spawned":[1,4,13,14],"killed_by":"HollowMod:FalseKnight","ascension_level":0}}