{"host":"gg","time":1610797149,"event":{"mods":["BaseMod","Colored Map","Googly Eyes","Minty Spire (QoL Compilation)","Permanent Neow","Relic Stats","The IronCluck"],"gold_per_floor":[114,264,283,29,45,74,74,106,106,106,135,199,216,266,266,266,266],"floor_reached":16,"language":"ENG","playtime":866,"items_purged":["Doubt"],"score":236,"play_id":"ce87623e-9176-4f49-99ff-ae52f7a6b1d9","local_time":"20210116033909","is_ascension_mode":true,"campfire_choices":[{"data":"1","floor":7.0,"key":"LIFT"},{"floor":10.0,"key":"REST"},{"floor":15,"key":"REST"}],"circlet_count":0,"master_deck":["AscendersBane","Strike_B","Strike_B","Strike_B","Strike_B","Defend_B","Defend_B","Defend_B","Defend_B","Zap","Dualcast","Sweeping Beam","Loop","Defragment","Undo","Beam Cell","Streamline","Double Energy","Meteor Strike+1","Conserve Battery","Go for the Eyes+1","Conserve Battery"],"relics":["Busted Crown","Girya","Ice Cream","Prayer Wheel","Molten Egg 2","FossilizedHelix"],"acts_visited":["Exordium"],"potions_floor_usage":[12,13],"damage_taken":[{"damage":2.0,"enemies":"Jaw Worm","floor":1.0,"turns":3.0},{"damage":5.0,"enemies":"2 Louse","floor":3.0,"turns":2.0},{"damage":6.0,"enemies":"Cultist","floor":5.0,"turns":4.0},{"damage":10.0,"enemies":"3 Sentries","floor":6.0,"turns":7.0},{"damage":23.0,"enemies":"Gremlin Nob","floor":8.0,"turns":4.0},{"damage":25.0,"enemies":"Lagavulin","floor":11.0,"turns":7.0},{"damage":12,"enemies":"3 Sentries","floor":12,"turns":6},{"damage":0,"enemies":"Blue Slaver","floor":13,"turns":2},{"damage":31,"enemies":"The Guardian","floor":16,"turns":10}],"seed_played":"7828116085064720246","potions_obtained":[{"floor":6.0,"key":"Strength Potion"},{"floor":8.0,"key":"GamblersBrew"},{"floor":12,"key":"Fire Potion"}],"is_trial":false,"path_per_floor":["M","?","M","$","M","E","R","E","T","R","E","?","M","?","R","B"],"character_chosen":"DEFECT","items_purchased":["Defragment","Fire Potion","Undo"],"campfire_rested":2,"item_purchase_floors":[4,4,4],"current_hp_per_floor":[62,62,57,57,51,41,41,18,18,39,14,2,2,2,23,0,0],"gold":266,"neow_bonus":"BOSS_RELIC","is_daily":false,"chose_seed":false,"campfire_upgraded":0,"win_rate":0.0,"timestamp":1610797149,"path_taken":["M","?","M","$","M","E","R","E","T","R","E","?","M","?","R","BOSS"],"items_purchased_type":["Card","Potion","Card"],"build_version":"2020-12-18","purchased_purges":1,"victory":false,"max_hp_per_floor":[71,71,71,71,71,71,71,71,71,71,71,71,71,71,71,71,71],"relic_stats":{"Busted Crown":18,"counters":[9,45],"Prayer Wheel":1,"obtain_stats":[{"Ice Cream":8,"Girya":6,"Busted Crown":0,"Prayer Wheel":9,"Molten Egg 2":11,"Cracked Core":0,"FossilizedHelix":12},{"Ice Cream":5,"Girya":4,"Busted Crown":0,"Prayer Wheel":5,"Molten Egg 2":6,"Cracked Core":0,"FossilizedHelix":7},{"Ice Cream":20,"Girya":16,"Busted Crown":0,"Prayer Wheel":20,"Molten Egg 2":27,"Cracked Core":0,"FossilizedHelix":33}]},"card_choices":[{"not_picked":[],"picked":"Sweeping Beam","floor":1.0},{"not_picked":[],"picked":"Loop","floor":3.0},{"not_picked":[],"picked":"Beam Cell","floor":5.0},{"not_picked":[],"picked":"Streamline","floor":6.0},{"not_picked":[],"picked":"Double Energy","floor":8.0},{"not_picked":[],"picked":"Meteor Strike+1","floor":11.0},{"not_picked":[],"picked":"Conserve Battery","floor":12},{"not_picked":[],"picked":"Go for the Eyes+1","floor":13},{"not_picked":[],"picked":"Conserve Battery","floor":13}],"player_experience":1214138,"relics_obtained":[{"floor":6.0,"key":"Girya"},{"floor":8.0,"key":"Ice Cream"},{"floor":9.0,"key":"Prayer Wheel"},{"floor":11.0,"key":"Molten Egg 2"},{"floor":12,"key":"FossilizedHelix"}],"event_choices":[{"damage_healed":0.0,"max_hp_gain":0.0,"max_hp_loss":0.0,"gold_gain":150.0,"event_name":"Liars Game","player_choice":"AGREE","floor":2.0,"gold_loss":0.0,"damage_taken":0.0,"cards_obtained":["Doubt"]},{"damage_healed":0,"gold_gain":0,"player_choice":"Searched \u00271\u0027 times","damage_taken":0,"max_hp_gain":0,"max_hp_loss":0,"event_name":"Dead Adventurer","floor":12,"gold_loss":0},{"damage_healed":0,"gold_gain":50,"player_choice":"Pray","damage_taken":0,"max_hp_gain":0,"max_hp_loss":0,"event_name":"Golden Shrine","floor":14,"gold_loss":0}],"is_beta":true,"boss_relics":[],"items_purged_floors":[4],"is_endless":false,"potions_floor_spawned":[6,8,12],"killed_by":"The Guardian","ascension_level":20}}