{"host":"Ian","time":1610791786,"event":{"mods":["BaseMod","Bestiary","Block Reminder","Colored Map","Highlight Path","Key Reminder","Minty Spire (QoL Compilation)","Relic Stats"],"gold_per_floor":[109,129,15,28,28,28,63,63,63,93,93,103,103,121,121,198,198,174,60,73,91,16,16,46,46,72,72,82,101,115,165,165,165,165],"floor_reached":33,"language":"ENG","playtime":1837,"items_purged":[],"score":554,"play_id":"2de9b416-b8e5-42eb-9e75-d7d875ea793d","local_time":"20210116100946","is_ascension_mode":true,"campfire_choices":[{"data":"Inflame","floor":6,"key":"SMITH"},{"floor":15,"key":"REST"},{"floor":23,"key":"REST"},{"data":"Corruption","floor":25,"key":"SMITH"},{"floor":27,"key":"REST"},{"data":"Dark Embrace","floor":32,"key":"SMITH"}],"circlet_count":0,"master_deck":["AscendersBane","Strike_R+1","Strike_R","Strike_R","Strike_R","Defend_R","Defend_R","Defend_R+1","Defend_R","Bash","Headbutt","Second Wind","Inflame+1","Shrug It Off","Dark Embrace+1","Fire Breathing","Cleave","Battle Trance","Disarm","Corruption+1","CurseOfTheBell","Rage+1","Inflame","Wild Strike","Sentinel+1","Evolve","Shockwave+1","Hemokinesis+1","Thunderclap","Entrench+1"],"relics":["Burning Blood","Champion Belt","White Beast Statue","Anchor","TungstenRod","Calling Bell","Blood Vial","Toxic Egg 2","FossilizedHelix","Bottled Tornado","keyreminder:keyreminder"],"acts_visited":["Exordium","TheCity"],"potions_floor_usage":[10,14,16,20,24,24,33,33],"damage_taken":[{"damage":2,"enemies":"Cultist","floor":1,"turns":4},{"damage":2,"enemies":"2 Louse","floor":2,"turns":3},{"damage":11,"enemies":"Jaw Worm","floor":4,"turns":3},{"damage":42,"enemies":"3 Sentries","floor":7,"turns":9},{"damage":28,"enemies":"Gremlin Nob","floor":10,"turns":4},{"damage":0,"enemies":"Red Slaver","floor":12,"turns":3},{"damage":1,"enemies":"2 Fungi Beasts","floor":14,"turns":2},{"damage":17,"enemies":"Slime Boss","floor":16,"turns":8},{"damage":7,"enemies":"2 Thieves","floor":18,"turns":5},{"damage":10,"enemies":"Chosen","floor":20,"turns":6},{"damage":54,"enemies":"Sentry and Sphere","floor":21,"turns":8},{"damage":28,"enemies":"Book of Stabbing","floor":24,"turns":6},{"damage":0,"enemies":"3 Cultists","floor":28,"turns":5},{"damage":8,"enemies":"Centurion and Healer","floor":29,"turns":6},{"damage":3,"enemies":"Snecko","floor":30,"turns":6},{"damage":73,"enemies":"Automaton","floor":33,"turns":10}],"seed_played":"3147729541867509765","potions_obtained":[{"floor":4,"key":"BloodPotion"},{"floor":10,"key":"PowerPotion"},{"floor":12,"key":"BloodPotion"},{"floor":14,"key":"SkillPotion"},{"floor":16,"key":"Weak Potion"},{"floor":18,"key":"Block Potion"},{"floor":20,"key":"LiquidMemories"},{"floor":21,"key":"EssenceOfSteel"},{"floor":24,"key":"Weak Potion"},{"floor":28,"key":"SteroidPotion"}],"is_trial":false,"path_per_floor":["M","M","$","M","$","R","E","?","T","E","T","M","?","M","R","B",null,"M","$","M","M","?","R","E","R","T","R","M","M","M","?","R","B"],"character_chosen":"IRONCLAD","items_purchased":["Inflame","Shrug It Off","Inflame","Wild Strike"],"campfire_rested":3,"item_purchase_floors":[3,3,19,19],"current_hp_per_floor":[79,82,82,77,77,77,41,16,16,10,10,16,16,37,61,50,74,75,75,73,27,27,51,31,31,31,55,63,63,68,68,68,0,0],"gold":165,"neow_bonus":"TEN_PERCENT_HP_BONUS","is_daily":false,"chose_seed":false,"campfire_upgraded":3,"win_rate":0.0,"timestamp":1610791786,"path_taken":["M","M","$","M","?","R","E","?","T","E","?","?","?","M","R","BOSS","M","$","M","M","?","R","E","R","T","R","M","M","M","?","R","BOSS"],"items_purchased_type":["Card","Card","Card","Card"],"build_version":"2020-12-18","purchased_purges":0,"victory":false,"max_hp_per_floor":[82,82,82,82,82,82,82,82,82,82,82,82,82,82,82,82,82,82,82,82,82,82,82,82,82,82,82,82,82,82,82,82,82,82],"relic_stats":{"Blood Vial":16,"counters":[16,88],"Champion Belt":[23],"obtain_stats":[{"Calling Bell":17,"Blood Vial":17,"keyreminder:keyreminder":26,"Anchor":10,"Champion Belt":7,"Toxic Egg 2":17,"Bottled Tornado":24,"Burning Blood":0,"White Beast Statue":9,"TungstenRod":11,"FossilizedHelix":17},{"Calling Bell":8,"Blood Vial":8,"keyreminder:keyreminder":12,"Anchor":5,"Champion Belt":4,"Toxic Egg 2":8,"Bottled Tornado":12,"Burning Blood":0,"White Beast Statue":4,"TungstenRod":5,"FossilizedHelix":8},{"Calling Bell":36,"Blood Vial":36,"keyreminder:keyreminder":61,"Anchor":23,"Champion Belt":19,"Toxic Egg 2":36,"Bottled Tornado":61,"Burning Blood":0,"White Beast Statue":19,"TungstenRod":23,"FossilizedHelix":36}],"Burning Blood":89,"TungstenRod":29},"card_choices":[{"not_picked":["Warcry","Burning Pact"],"picked":"Headbutt","floor":1},{"not_picked":["Shrug It Off","True Grit"],"picked":"Second Wind","floor":2},{"not_picked":["Heavy Blade","Headbutt"],"picked":"Dark Embrace","floor":4},{"not_picked":["Pommel Strike","Shrug It Off"],"picked":"Fire Breathing","floor":7},{"not_picked":["Sword Boomerang","Havoc"],"picked":"Cleave","floor":10},{"not_picked":["Twin Strike","Barricade"],"picked":"Battle Trance","floor":12},{"not_picked":["Fire Breathing","Armaments"],"picked":"Disarm","floor":14},{"not_picked":["Impervious","Juggernaut"],"picked":"Corruption","floor":16},{"not_picked":["Anger","Sentinel+1"],"picked":"Rage+1","floor":18},{"not_picked":["Warcry+1","Infernal Blade+1"],"picked":"Sentinel+1","floor":20},{"not_picked":["Clothesline","Dark Embrace+1"],"picked":"Evolve","floor":21},{"not_picked":["Shrug It Off+1","Clothesline"],"picked":"Shockwave+1","floor":24},{"not_picked":["Clash","Headbutt"],"picked":"Hemokinesis+1","floor":28},{"not_picked":["Whirlwind","Second Wind+1"],"picked":"Thunderclap","floor":29},{"not_picked":["Pommel Strike","Metallicize"],"picked":"Entrench+1","floor":30}],"player_experience":2691828,"relics_obtained":[{"floor":7,"key":"Champion Belt"},{"floor":9,"key":"White Beast Statue"},{"floor":10,"key":"Anchor"},{"floor":11,"key":"TungstenRod"},{"floor":17,"key":"Blood Vial"},{"floor":17,"key":"Toxic Egg 2"},{"floor":17,"key":"FossilizedHelix"},{"floor":24,"key":"Bottled Tornado"}],"event_choices":[{"damage_healed":0,"gold_gain":0,"player_choice":"Entered Light","damage_taken":25,"max_hp_gain":0,"max_hp_loss":0,"event_name":"Shining Light","floor":8,"gold_loss":0,"cards_upgraded":["Strike_R","Defend_R"]},{"damage_healed":0,"gold_gain":0,"player_choice":"Ignored","damage_taken":0,"max_hp_gain":0,"max_hp_loss":0,"event_name":"Liars Game","floor":13,"gold_loss":0},{"cards_removed":["Strike_R"],"damage_healed":0,"gold_gain":0,"player_choice":"Gave Gold","damage_taken":0,"max_hp_gain":0,"max_hp_loss":0,"event_name":"Beggar","floor":22,"gold_loss":75},{"damage_healed":0,"gold_gain":50,"player_choice":"Pray","damage_taken":0,"max_hp_gain":0,"max_hp_loss":0,"event_name":"Golden Shrine","floor":31,"gold_loss":0}],"is_beta":true,"boss_relics":[{"not_picked":["Runic Dome","Runic Pyramid"],"picked":"Calling Bell"}],"items_purged_floors":[],"is_endless":false,"potions_floor_spawned":[4,10,12,14,16,18,20,21,24,28,29,30],"killed_by":"Automaton","ascension_level":20}}