{"host":"6p0attdrtjqaih7v","time":1610832944,"event":{"mods":["2.2 Compatiblity","AchievementEnabler","Bard","BaseMod","Better Skull","Better Third Choice","Colored Powertips","Hermit","Highlight Path","Jorbs\u0027s Wanderer Trilogy","Key Reminder","Minty Spire (QoL Compilation)","Permanent Neow","Quick Restart","Random Character Button","Relic Stats","Replay The Spire","Robot Space Explorer","StSLib"],"gold_per_floor":[119,119,42,58,69,99,99,129,129,43,68,88,118,31,31,105,105,123,136,61,72,72,72,103,122,122,147,147,179,190,204,204,280,280,293,304,44,44,69,69,83,110,110,110,158,188,0,12,12,12],"floor_reached":51,"language":"ENG","playtime":3696,"items_purged":[],"score":1840,"play_id":"1e0c9115-3e82-40cb-8ca8-5df0485ea91c","local_time":"20210116163544","is_ascension_mode":true,"campfire_choices":[{"data":"bard:MnemonicVestments","floor":7,"key":"SMITH"},{"data":"bard:Inspire","floor":15,"key":"SMITH"},{"data":"bard:Blink","floor":23,"key":"SMITH"},{"data":"bard:SplendidForm","floor":28,"key":"SMITH"},{"data":"bard:Wish","floor":32,"key":"SMITH"},{"floor":40,"key":"REST"},{"floor":49,"key":"REST"}],"circlet_count":0,"master_deck":["AscendersBane","bard:Strike","bard:Defend","bard:Defend","bard:Defend","bard:Defend","bard:Riposte","bard:Inspire+1","bard:MnemonicVestments+1","bard:Thunderwave","bard:Flourish","bard:Thunderwave","bard:TinyHut","bard:TinyHut","bard:LifeDrain+1","bard:GreaterMagicWeapon","bard:LifeDrain+1","bard:ViciousMockery+1","bard:Balestra+1","bard:Improv","bard:Blink+1","bard:ThickOfTheFight+1","bard:SplendidForm+1","bard:QuickSong+1","bard:LingeringEcho+1","bard:Parry+1","bard:Blink+1","bard:Shifting+1","bard:HideousLaughter+1","bard:Balestra+1","bard:QuickSong+1","Swift Strike+1","Finesse","bard:TinyHut"],"relics":["bard:PitchPipe","bard:BagPipes","Replay:Ringing Soul","keyreminder:keyreminder","Strawberry","Molten Egg 2","MealTicket","Regal Pillow","Cursed Key","Toy Ornithopter","Simple Rune","Happy Flower","Fusion Hammer","Bag of Preparation","StoneCalendar","Shuriken","Replay:Arrowhead","Pet Ghost","Red Mask"],"acts_visited":["Exordium","TheCity","TheBeyond"],"potions_floor_usage":[8,13,21,27,29,33,50],"damage_taken":[{"damage":1,"enemies":"2 Louse","floor":1,"turns":4},{"damage":4,"enemies":"Cultist","floor":4,"turns":4},{"damage":0,"enemies":"Jaw Worm","floor":5,"turns":3},{"damage":24,"enemies":"Lagavulin","floor":6,"turns":6},{"damage":20,"enemies":"3 Sentries","floor":8,"turns":7},{"damage":10,"enemies":"Gremlin Nob","floor":11,"turns":4},{"damage":0,"enemies":"2 Fungi Beasts","floor":12,"turns":2},{"damage":0,"enemies":"3 Sentries","floor":13,"turns":11},{"damage":0,"enemies":"The Guardian","floor":16,"turns":11},{"damage":0,"enemies":"3 Byrds","floor":18,"turns":5},{"damage":0,"enemies":"Chosen","floor":19,"turns":4},{"damage":14,"enemies":"Shelled Parasite and Fungi","floor":21,"turns":4},{"damage":0,"enemies":"Gremlin Leader","floor":24,"turns":5},{"damage":5,"enemies":"Centurion and Healer","floor":25,"turns":6},{"damage":57,"enemies":"Slavers","floor":27,"turns":8},{"damage":22,"enemies":"Book of Stabbing","floor":29,"turns":7},{"damage":0,"enemies":"Snecko","floor":30,"turns":6},{"damage":0,"enemies":"Cultist and Chosen","floor":31,"turns":7},{"damage":8,"enemies":"Automaton","floor":33,"turns":7},{"damage":13,"enemies":"3 Shapes","floor":35,"turns":7},{"damage":8,"enemies":"3 Darklings","floor":36,"turns":5},{"damage":4,"enemies":"Mind Bloom Boss Battle","floor":39,"turns":4},{"damage":20,"enemies":"4 Shapes","floor":41,"turns":5},{"damage":0,"enemies":"R_Hoarder","floor":42,"turns":6},{"damage":10,"enemies":"2 Orb Walkers","floor":45,"turns":3},{"damage":0,"enemies":"Giant Head","floor":46,"turns":6},{"damage":0,"enemies":"Jaw Worm Horde","floor":48,"turns":4},{"damage":31,"enemies":"Awakened One","floor":50,"turns":10}],"seed_played":"-3415345034577943768","potions_obtained":[{"floor":4,"key":"Explosive Potion"},{"floor":6,"key":"Dexterity Potion"},{"floor":11,"key":"Venom Potion"},{"floor":16,"key":"Weak Potion"},{"floor":18,"key":"Adrenaline Potion"},{"floor":25,"key":"Elixir"},{"floor":27,"key":"Swift Potion"},{"floor":33,"key":"Weak Potion"},{"floor":36,"key":"Milkshake"},{"floor":41,"key":"FairyPotion"},{"floor":48,"key":"LiquidMemories"}],"is_trial":false,"path_per_floor":["M","?","$","M","M","E","R","E","T","$","E","M","E","$","R","B",null,"M","M","?","M","?","R","E","M","T","E","R","E","M","M","R","B",null,"M","M","$","?","?","R","M","E","T","?","?","E","?","M","R","B",null],"character_chosen":"BARD","items_purchased":["bard:Flourish","bard:LifeDrain+1","bard:Balestra+1","Bag of Preparation","bard:Balestra+1"],"campfire_rested":2,"item_purchase_floors":[3,10,14,37,37],"current_hp_per_floor":[58,58,58,54,54,33,33,23,23,26,19,22,25,43,43,46,80,80,83,83,72,91,91,94,92,92,43,43,26,29,32,32,32,94,81,76,94,94,93,124,104,104,104,97,87,90,90,90,130,104],"gold":12,"neow_bonus":"THREE_RARE_CARDS","is_daily":false,"chose_seed":false,"campfire_upgraded":5,"win_rate":0.0,"timestamp":1610832944,"path_taken":["M","?","$","?","M","E","R","E","T","?","E","?","E","$","R","BOSS","M","M","?","M","?","R","E","M","T","E","R","E","M","M","R","BOSS","M","M","$","?","?","R","?","E","T","?","?","E","?","M","R","BOSS"],"items_purchased_type":["Card","Card","Card","Relic","Card"],"build_version":"2020-12-22","purchased_purges":0,"victory":true,"max_hp_per_floor":[60,60,60,60,60,63,63,73,73,76,79,82,85,88,88,91,91,91,94,94,97,97,97,100,103,103,106,106,106,109,112,112,115,115,115,118,121,121,124,124,124,124,124,127,127,130,130,130,130,130],"relic_stats":{"Regal Pillow":1,"Happy Flower":[23],"counters":[28,161],"Shuriken":[10],"MealTicket":30,"StoneCalendar":[0],"Bag of Preparation":[14],"Cursed Key":0,"obtain_stats":[{"bard:BagPipes":0,"Regal Pillow":13,"bard:PitchPipe":0,"Happy Flower":29,"StoneCalendar":39,"Bag of Preparation":37,"Cursed Key":17,"Replay:Arrowhead":45,"Pet Ghost":46,"keyreminder:keyreminder":6,"Replay:Ringing Soul":6,"Shuriken":42,"Strawberry":8,"Molten Egg 2":9,"MealTicket":11,"Simple Rune":27,"Fusion Hammer":34,"Red Mask":47,"Toy Ornithopter":24},{"bard:BagPipes":0,"Regal Pillow":8,"bard:PitchPipe":0,"Happy Flower":16,"StoneCalendar":22,"Bag of Preparation":21,"Cursed Key":9,"Replay:Arrowhead":25,"Pet Ghost":26,"keyreminder:keyreminder":4,"Replay:Ringing Soul":4,"Shuriken":24,"Strawberry":5,"Molten Egg 2":5,"MealTicket":6,"Simple Rune":15,"Fusion Hammer":19,"Red Mask":26,"Toy Ornithopter":13},{"bard:BagPipes":0,"Regal Pillow":41,"bard:PitchPipe":0,"Happy Flower":91,"StoneCalendar":127,"Bag of Preparation":123,"Cursed Key":52,"Replay:Arrowhead":141,"Pet Ghost":147,"keyreminder:keyreminder":17,"Replay:Ringing Soul":17,"Shuriken":138,"Strawberry":24,"Molten Egg 2":24,"MealTicket":28,"Simple Rune":84,"Fusion Hammer":111,"Red Mask":147,"Toy Ornithopter":70}],"Toy Ornithopter":20},"card_choices":[{"not_picked":["bard:BottledSong","bard:FingerOfDeath"],"picked":"bard:MnemonicVestments","floor":0},{"not_picked":["bard:SongBolt","bard:Balestra"],"picked":"bard:Thunderwave","floor":1},{"not_picked":["bard:PhantasmalForce","bard:FeastOnFear","bard:MantleOfInspiration"],"picked":"SKIP","floor":4},{"not_picked":["bard:EchoEcho","bard:FaerieFire"],"picked":"bard:Thunderwave","floor":5},{"not_picked":["bard:Sift","bard:Solo"],"picked":"bard:TinyHut","floor":6},{"not_picked":["bard:Fermata","bard:PhantasmalForce"],"picked":"bard:TinyHut","floor":8},{"not_picked":["bard:FaerieFire","bard:Flourish+1"],"picked":"bard:GreaterMagicWeapon","floor":11},{"not_picked":["bard:InspiringSong","bard:Rest"],"picked":"bard:LifeDrain+1","floor":12},{"not_picked":["bard:Thunderwave+1","bard:PowerWordStun"],"picked":"bard:ViciousMockery+1","floor":13},{"not_picked":["bard:ReverseGravity+1","bard:BottledSong"],"picked":"bard:Improv","floor":16},{"not_picked":["bard:MantleOfInspiration","bard:Thunderwave+1","bard:FeastOnFear"],"picked":"SKIP","floor":18},{"not_picked":["bard:PhantasmalForce+1","bard:QuickSong"],"picked":"bard:Blink","floor":19},{"not_picked":["bard:HideousLaughter","bard:Gamble"],"picked":"bard:ThickOfTheFight+1","floor":21},{"not_picked":["bard:ViciousMockery+1","bard:Fermata"],"picked":"bard:SplendidForm","floor":24},{"not_picked":["bard:Gamble","bard:Silence"],"picked":"bard:QuickSong+1","floor":25},{"not_picked":["bard:TinyHut","bard:SixFourTime+1"],"picked":"bard:LingeringEcho+1","floor":27},{"not_picked":["bard:InspiringSong","bard:Accelerando","bard:Demoralize"],"picked":"SKIP","floor":29},{"not_picked":["bard:BucklerBash+1","bard:QuickSong"],"picked":"bard:Parry+1","floor":30},{"not_picked":["bard:PhantasmalForce+1","bard:SongBolt+1"],"picked":"bard:Wish","floor":31},{"not_picked":["bard:ReverseGravity+1","bard:MagnumOpus"],"picked":"bard:Shifting+1","floor":33},{"not_picked":["bard:SongBolt+1","bard:InspiringSong","bard:PhantasmalForce+1"],"picked":"SKIP","floor":35},{"not_picked":["bard:QuickSong","bard:Accelerando"],"picked":"bard:HideousLaughter+1","floor":36},{"not_picked":["bard:InspiringSong","bard:GlyphOfWarding"],"picked":"bard:QuickSong+1","floor":39},{"not_picked":["bard:Heroism","bard:CuttingWords+1","bard:Fermata"],"picked":"SKIP","floor":41},{"not_picked":["bard:Fermata","bard:LocateObject","bard:Blink"],"picked":"SKIP","floor":42},{"not_picked":["Replay:Bootleg Shield Generator","PanicButton"],"picked":"Swift Strike+1","floor":44},{"not_picked":["Sadistic Nature","Dark Shackles"],"picked":"Finesse","floor":44},{"not_picked":["bard:LingeringEcho+1","bard:Focused"],"picked":"bard:TinyHut","floor":46},{"not_picked":["bard:ViciousMockery+1","bard:Parry","bard:TinyHut"],"picked":"SKIP","floor":48}],"player_experience":854111,"relics_obtained":[{"floor":6,"key":"Replay:Ringing Soul"},{"floor":8,"key":"Strawberry"},{"floor":9,"key":"Molten Egg 2"},{"floor":11,"key":"MealTicket"},{"floor":13,"key":"Regal Pillow"},{"floor":24,"key":"Toy Ornithopter"},{"floor":27,"key":"Simple Rune"},{"floor":29,"key":"Happy Flower"},{"floor":39,"key":"StoneCalendar"},{"floor":42,"key":"Shuriken"},{"floor":45,"key":"Replay:Arrowhead"},{"floor":46,"key":"Pet Ghost"}],"event_choices":[{"cards_removed":["bard:Strike"],"damage_healed":0,"gold_gain":0,"player_choice":"Purged","damage_taken":0,"max_hp_gain":0,"max_hp_loss":0,"event_name":"Purifier","floor":2,"gold_loss":0},{"cards_removed":["bard:Strike"],"damage_healed":0,"gold_gain":0,"player_choice":"Gave Gold","damage_taken":0,"max_hp_gain":0,"max_hp_loss":0,"event_name":"Beggar","floor":20,"gold_loss":75},{"damage_healed":19,"gold_gain":0,"player_choice":"Heal","damage_taken":0,"max_hp_gain":0,"max_hp_loss":0,"event_name":"The Library","floor":22,"gold_loss":0},{"cards_removed":["bard:Strike"],"damage_healed":0,"gold_gain":0,"player_choice":"Removed Attack","damage_taken":0,"max_hp_gain":0,"max_hp_loss":0,"event_name":"Falling","floor":38,"gold_loss":0},{"damage_healed":0,"gold_gain":0,"player_choice":"Fight","damage_taken":0,"max_hp_gain":0,"max_hp_loss":0,"event_name":"MindBloom","floor":39,"gold_loss":0},{"damage_healed":0,"gold_gain":0,"player_choice":"Memory 3","damage_taken":10,"max_hp_gain":0,"max_hp_loss":0,"event_name":"SensoryStone","floor":44,"gold_loss":0},{"damage_healed":0,"gold_gain":0,"player_choice":"Fight","damage_taken":0,"max_hp_gain":0,"max_hp_loss":0,"event_name":"Mysterious Sphere","floor":45,"gold_loss":0},{"damage_healed":0,"gold_gain":0,"player_choice":"Paid","damage_taken":0,"relics_obtained":["Red Mask"],"max_hp_gain":0,"max_hp_loss":0,"event_name":"Tomb of Lord Red Mask","floor":47,"gold_loss":188}],"is_beta":false,"boss_relics":[{"not_picked":["ChewingGum","ReplayTheSpireMod:DimensionalGlitch"],"picked":"Cursed Key"},{"not_picked":["Replay:Ancient Bell","SacredBark"],"picked":"Fusion Hammer"}],"items_purged_floors":[],"is_endless":false,"potions_floor_spawned":[4,6,11,16,18,25,27,33,36,41,45,48],"ascension_level":19}}