{"host":"v0dnu0zs4qo0v13s","time":1610778019,"event":{"mods":["BaseMod","Colored Map","Colored Powertips","Minty Spire (QoL Compilation)","Relic Stats","StSLib","SuperFastMode","everything is the same but u backflip on backflip"],"gold_per_floor":[109,109,34,109,109,109,144,144,144,159,159,178,190,190,190,262,312,325,155,168,168,181,181,192,192,242,342,342,342],"floor_reached":28,"language":"ENG","playtime":989,"items_purged":["Regret","Strike_R"],"score":403,"play_id":"8826e917-ee13-419d-b600-497fe78e3af3","local_time":"20210116012019","is_ascension_mode":true,"campfire_choices":[{"floor":6.0,"key":"REST"},{"floor":8.0,"key":"REST"},{"floor":15.0,"key":"REST"},{"floor":23.0,"key":"REST"},{"floor":25.0,"key":"REST"}],"circlet_count":0,"master_deck":["AscendersBane","Strike_R+1","Strike_R+1","Defend_R","Defend_R","Defend_R","Defend_R","Bash","True Grit+1","Headbutt","Whirlwind","Bludgeon","Fire Breathing","Inflame","Power Through","Iron Wave","Clash","Thunderclap+1","Metallicize"],"relics":["Velvet Choker","StoneCalendar","Bottled Lightning","Singing Bowl","Champion Belt","Blood Vial","Tiny House","Boot","Peace Pipe","Pear"],"acts_visited":["Exordium","TheCity"],"potions_floor_usage":[27],"damage_taken":[{"damage":6.0,"enemies":"2 Louse","floor":1.0,"turns":3.0},{"damage":21.0,"enemies":"3 Sentries","floor":7.0,"turns":7.0},{"damage":1.0,"enemies":"Cultist","floor":10.0,"turns":3.0},{"damage":3.0,"enemies":"Small Slimes","floor":12.0,"turns":4.0},{"damage":1.0,"enemies":"Blue Slaver","floor":13.0,"turns":4.0},{"damage":14.0,"enemies":"Slime Boss","floor":16.0,"turns":7.0},{"damage":22.0,"enemies":"Chosen","floor":18.0,"turns":5.0},{"damage":1.0,"enemies":"3 Byrds","floor":20.0,"turns":5.0},{"damage":16.0,"enemies":"Centurion and Healer","floor":22.0,"turns":5.0},{"damage":38.0,"enemies":"Sentry and Sphere","floor":24.0,"turns":6.0},{"damage":35,"enemies":"Colosseum Slavers","floor":27,"turns":5},{"damage":21,"enemies":"Colosseum Nobs","floor":27,"turns":5}],"seed_played":"-2391552890018599273","potions_obtained":[{"floor":1.0,"key":"DistilledChaos"},{"floor":13.0,"key":"DuplicationPotion"},{"floor":16.0,"key":"Weak Potion"},{"floor":20.0,"key":"Strength Potion"},{"floor":22.0,"key":"SteroidPotion"},{"floor":24.0,"key":"SpeedPotion"}],"is_trial":false,"path_per_floor":["M","?","$","?","?","R","E","R","T","M","T","M","M","?","R","B",null,"M","$","M","?","M","R","M","R","T","?","?"],"character_chosen":"IRONCLAD","items_purchased":["Power Through"],"campfire_rested":5,"item_purchase_floors":[19],"current_hp_per_floor":[62,62,62,51,28,50,29,51,51,52,52,51,50,32,55,43,75,55,55,58,58,44,69,35,61,61,19,0,0],"gold":342,"neow_bonus":"BOSS_RELIC","is_daily":false,"chose_seed":false,"campfire_upgraded":0,"win_rate":0.0,"timestamp":1610778019,"path_taken":["M","?","$","?","?","R","E","R","T","M","?","?","M","?","R","BOSS","M","$","M","?","M","R","M","R","T","?","?"],"items_purchased_type":["Card"],"build_version":"2020-12-22","purchased_purges":2,"victory":false,"max_hp_per_floor":[75,75,75,75,75,75,75,75,75,77,77,79,79,79,79,79,84,84,84,86,86,86,86,88,88,88,98,98,98],"relic_stats":{"Blood Vial":14,"Peace Pipe":0,"Singing Bowl":8,"counters":[12,59],"StoneCalendar":[104],"Champion Belt":[10],"Boot":[0],"obtain_stats":[{"Blood Vial":14,"Peace Pipe":27,"Tiny House":17,"Pear":27,"Singing Bowl":9,"Velvet Choker":0,"StoneCalendar":2,"Bottled Lightning":7,"Champion Belt":11,"Boot":26,"Burning Blood":0},{"Blood Vial":5,"Peace Pipe":12,"Tiny House":6,"Pear":12,"Singing Bowl":2,"Velvet Choker":0,"StoneCalendar":1,"Bottled Lightning":2,"Champion Belt":3,"Boot":10,"Burning Blood":0},{"Blood Vial":21,"Peace Pipe":59,"Tiny House":28,"Pear":59,"Singing Bowl":10,"Velvet Choker":0,"StoneCalendar":3,"Bottled Lightning":10,"Champion Belt":13,"Boot":49,"Burning Blood":0}]},"card_choices":[{"not_picked":["Dropkick","Clothesline"],"picked":"True Grit","floor":1.0},{"not_picked":["Anger","Cleave"],"picked":"Headbutt","floor":7.0},{"not_picked":["Pommel Strike","Battle Trance","Iron Wave"],"picked":"Singing Bowl","floor":10.0},{"not_picked":["Thunderclap","Spot Weakness","Perfected Strike"],"picked":"Singing Bowl","floor":12.0},{"not_picked":["Intimidate","Blood for Blood"],"picked":"Whirlwind","floor":13.0},{"not_picked":["Immolate","Reaper"],"picked":"Bludgeon","floor":16.0},{"not_picked":["Bloodletting","Shrug It Off"],"picked":"Fire Breathing","floor":17.0},{"not_picked":["Uppercut","Headbutt"],"picked":"Inflame","floor":18.0},{"not_picked":["Uppercut","Pommel Strike","Cleave"],"picked":"Singing Bowl","floor":20.0},{"not_picked":["Twin Strike","Dark Embrace"],"picked":"Thunderclap+1","floor":22.0},{"not_picked":["Seeing Red","Ghostly Armor","Flex"],"picked":"Singing Bowl","floor":24.0},{"not_picked":["Bloodletting","Pommel Strike"],"picked":"Metallicize","floor":27}],"player_experience":702390,"relics_obtained":[{"floor":7.0,"key":"Bottled Lightning"},{"floor":9.0,"key":"Singing Bowl"},{"floor":11.0,"key":"Champion Belt"},{"floor":26.0,"key":"Boot"},{"floor":27,"key":"Peace Pipe"},{"floor":27,"key":"Pear"}],"event_choices":[{"damage_healed":0.0,"max_hp_gain":0.0,"max_hp_loss":0.0,"gold_gain":0.0,"event_name":"Big Fish","player_choice":"Box","floor":2.0,"gold_loss":0.0,"damage_taken":0.0,"relics_obtained":["StoneCalendar"],"cards_obtained":["Regret"]},{"damage_healed":0.0,"max_hp_gain":0.0,"max_hp_loss":0.0,"gold_gain":75.0,"event_name":"World of Goop","player_choice":"Gather Gold","floor":4.0,"gold_loss":0.0,"damage_taken":11.0},{"damage_healed":0.0,"max_hp_gain":0.0,"max_hp_loss":0.0,"gold_gain":0.0,"event_name":"Shining Light","player_choice":"Entered Light","floor":5.0,"gold_loss":0.0,"damage_taken":23.0,"cards_upgraded":["True Grit","Strike_R"]},{"damage_healed":0.0,"max_hp_gain":0.0,"max_hp_loss":0.0,"gold_gain":0.0,"event_name":"Scrap Ooze","player_choice":"Success","floor":14.0,"gold_loss":0.0,"damage_taken":18.0,"relics_obtained":["Blood Vial"]},{"damage_healed":0.0,"max_hp_gain":0.0,"max_hp_loss":0.0,"gold_gain":0.0,"cards_transformed":["Strike_R","Strike_R"],"event_name":"Drug Dealer","player_choice":"Became Test Subject","floor":21.0,"gold_loss":0.0,"damage_taken":0.0,"cards_obtained":["Iron Wave","Clash"]},{"damage_healed":0,"gold_gain":0,"player_choice":"Fight","damage_taken":0,"max_hp_gain":0,"max_hp_loss":0,"event_name":"Colosseum","floor":27,"gold_loss":0},{"damage_healed":0,"gold_gain":0,"player_choice":"Fought Nobs","damage_taken":0,"max_hp_gain":0,"max_hp_loss":0,"event_name":"Colosseum","floor":27,"gold_loss":0}],"is_beta":false,"boss_relics":[{"not_picked":["Coffee Dripper","Runic Dome"],"picked":"Tiny House"}],"items_purged_floors":[3,19],"is_endless":false,"potions_floor_spawned":[1,13,16,20,22,24],"ascension_level":15}}