{"host":"7tqog9fnhs0gxmti","time":1610772744,"event":{"mods":["AchievementEnabler","Act Like it!","BaseMod","Colored Map","Colored Powertips","Hermit","Highlight Path","Minty Spire (QoL Compilation)","StSLib","The Senshi","everything is the same but u backflip on backflip"],"gold_per_floor":[111,131,149,129,144,144,157,184,207,239,253,96,110,150,150,262,262,246,266,266,266,266],"floor_reached":21,"language":"ENG","playtime":1132,"items_purged":["hermit:Strike_Hermit"],"score":203,"play_id":"2c9fedcd-8edd-4a74-9d86-7886f9479dea","local_time":"20210116125224","is_ascension_mode":false,"campfire_choices":[{"floor":15,"key":"REST"}],"circlet_count":0,"master_deck":["hermit:Strike_Hermit","hermit:Strike_Hermit","hermit:Strike_Hermit","hermit:Defend_Hermit","hermit:Defend_Hermit","hermit:Defend_Hermit","hermit:Defend_Hermit","hermit:Snapshot","hermit:Covet","hermit:CursedWeapon","hermit:Determination","hermit:FlashPowder","hermit:Desperado","hermit:Dive","hermit:SprayPray","hermit:Deadeye","hermit:Maintenance","hermit:TakeAim","hermit:WideOpen","hermit:Dive","hermit:Gestalt","hermit:HighNoon"],"relics":["hermit:Momento","NeowsBlessing","Happy Flower","Strawberry","Orichalcum","MealTicket","CeramicFish","SlaversCollar"],"acts_visited":["Exordium","TheCity"],"potions_floor_usage":[8,11],"damage_taken":[{"damage":0,"enemies":"Cultist","floor":1,"turns":1},{"damage":0,"enemies":"Small Slimes","floor":2,"turns":2},{"damage":2,"enemies":"Jaw Worm","floor":3,"turns":1},{"damage":17,"enemies":"Red Slaver","floor":5,"turns":5},{"damage":15,"enemies":"2 Fungi Beasts","floor":7,"turns":3},{"damage":16,"enemies":"Lagavulin","floor":8,"turns":5},{"damage":20,"enemies":"3 Sentries","floor":10,"turns":6},{"damage":2,"enemies":"Gremlin Gang","floor":11,"turns":1},{"damage":5,"enemies":"Looter","floor":13,"turns":3},{"damage":7,"enemies":"Gremlin Nob","floor":14,"turns":4},{"damage":8,"enemies":"The Guardian","floor":16,"turns":11},{"damage":14,"enemies":"2 Thieves","floor":18,"turns":4},{"damage":29,"enemies":"3 Byrds","floor":19,"turns":8},{"damage":42,"enemies":"Sentry and Sphere","floor":21,"turns":7}],"seed_played":"-8112127597030067411","potions_obtained":[{"floor":2,"key":"SpeedPotion"},{"floor":3,"key":"BlessingOfTheForge"},{"floor":4,"key":"Swift Potion"},{"floor":10,"key":"Explosive Potion"},{"floor":19,"key":"AttackPotion"}],"is_trial":false,"path_per_floor":["M","M","M","?","M","?","M","E","T","E","M","$","M","E","R","B",null,"M","M","?","M"],"character_chosen":"HERMIT","items_purchased":["hermit:TakeAim","hermit:WideOpen"],"campfire_rested":1,"item_purchase_floors":[12,12],"current_hp_per_floor":[75,75,73,73,56,56,41,32,32,12,10,25,20,13,37,29,82,68,39,39,0,0],"gold":266,"neow_bonus":"THREE_ENEMY_KILL","is_daily":false,"chose_seed":false,"campfire_upgraded":0,"win_rate":0.0,"timestamp":1610772744,"path_taken":["M","M","M","?","?","?","M","E","T","E","M","?","M","E","R","BOSS","M","M","?","?"],"items_purchased_type":["Card","Card"],"build_version":"2020-12-22","purchased_purges":1,"victory":false,"max_hp_per_floor":[75,75,75,75,75,75,75,82,82,82,82,82,82,82,82,82,82,82,82,82,82,82],"card_choices":[{"not_picked":["hermit:TrackingShot","hermit:LuckOfTheDraw"],"picked":"hermit:CursedWeapon","floor":1},{"not_picked":["hermit:GoldenBullet","hermit:WideOpen"],"picked":"hermit:Determination","floor":2},{"not_picked":["hermit:Desperado","hermit:Headshot"],"picked":"hermit:FlashPowder","floor":3},{"not_picked":["hermit:Brawl","hermit:WideOpen"],"picked":"hermit:Desperado","floor":5},{"not_picked":["hermit:Manifest","hermit:BodyArmor"],"picked":"hermit:Dive","floor":7},{"not_picked":["hermit:Misfire","hermit:HighCaliber"],"picked":"hermit:SprayPray","floor":8},{"not_picked":["hermit:Snipe","hermit:Brawl"],"picked":"hermit:Deadeye","floor":10},{"not_picked":["hermit:CalledShot","hermit:TakeCover"],"picked":"hermit:Maintenance","floor":11},{"not_picked":["hermit:HighCaliber","hermit:FlashPowder"],"picked":"hermit:Dive","floor":13},{"not_picked":["hermit:Dive","hermit:HoleUp"],"picked":"hermit:Gestalt","floor":14},{"not_picked":["hermit:OverwhelmingPower","hermit:Magnum"],"picked":"hermit:HighNoon","floor":16},{"not_picked":["hermit:CursedWeapon+1","hermit:BodyArmor","hermit:SprayPray"],"picked":"SKIP","floor":18},{"not_picked":["hermit:Midnight","hermit:HighCaliber","hermit:Feint"],"picked":"SKIP","floor":19}],"player_experience":742465,"relics_obtained":[{"floor":8,"key":"Strawberry"},{"floor":9,"key":"Orichalcum"},{"floor":10,"key":"MealTicket"},{"floor":14,"key":"CeramicFish"}],"event_choices":[{"damage_healed":0,"gold_gain":0,"player_choice":"Bought 1 Potion","damage_taken":0,"max_hp_gain":0,"max_hp_loss":0,"event_name":"The Woman in Blue","floor":4,"gold_loss":0},{"damage_healed":0,"gold_gain":0,"player_choice":"Gave Potion","damage_taken":0,"relics_obtained":["Happy Flower"],"max_hp_gain":0,"max_hp_loss":0,"event_name":"WeMeetAgain","floor":6,"gold_loss":0},{"damage_healed":0,"gold_gain":0,"player_choice":"Ignored","damage_taken":0,"max_hp_gain":0,"max_hp_loss":0,"event_name":"NoteForYourself","floor":20,"gold_loss":0}],"is_beta":false,"boss_relics":[{"not_picked":["Fusion Hammer","hermit:ClaspedLocket"],"picked":"SlaversCollar"}],"items_purged_floors":[12],"is_endless":false,"potions_floor_spawned":[2,3,10,19],"killed_by":"Sentry and Sphere","ascension_level":0}}