{"host":"on8rz1ayhhz269sg","time":1610785359,"event":{"mods":["BaseMod","Beaked The Cultist","Dio Mod","Downfall","Minty Spire (QoL Compilation)","Remilia（蕾米莉亚）","StSLib","残留之物"],"gold_per_floor":[117,135,135,22,22,55,55,55,55,55,55,55,74,102,102,206,206,218,228,247,247,265,299,318,318,318,27,54,66,100,117,117,214,214,232,252,267,267,97,97,123,137,137,165,165,20,37,72,72,72],"floor_reached":51,"language":"ZHS","playtime":3690,"items_purged":[],"score":897,"play_id":"76a28263-c127-408e-b9ba-9e71ea95314f","local_time":"20210116162239","is_ascension_mode":true,"campfire_choices":[{"data":"PlaceholderMod:EvolutionSpray","floor":7.0,"key":"SMITH"},{"data":"PlaceholderMod:Stratification","floor":10.0,"key":"SMITH"},{"floor":15.0,"key":"REST"},{"floor":25,"key":"REST"},{"data":"PlaceholderMod:DiffusionPoison","floor":32,"key":"SMITH"},{"data":"PlaceholderMod:Inner","floor":40,"key":"SMITH"},{"data":"PlaceholderMod:QualitativeChange","floor":49,"key":"SMITH"}],"circlet_count":0,"master_deck":["PlaceholderMod:BaseStrike","PlaceholderMod:BaseStrike","PlaceholderMod:BaseStrike","PlaceholderMod:BaseStrike","PlaceholderMod:BaseDefend","PlaceholderMod:BaseDefend","PlaceholderMod:BaseDefend","PlaceholderMod:Crystal","PlaceholderMod:PoisonWhip","PlaceholderMod:Stratification+1","PlaceholderMod:PoisonBlast+1","PlaceholderMod:EvolutionSpray+1","PlaceholderMod:UnpureUse","PlaceholderMod:StressReaction","PlaceholderMod:PoisonAbsorb","PlaceholderMod:Hard","PlaceholderMod:Eat","PlaceholderMod:RadicalHit","PlaceholderMod:ComplexForm","PlaceholderMod:Sweep+1","PlaceholderMod:DiffusionPoison+1","PlaceholderMod:QualitativeChange+1","PlaceholderMod:HornyBlast","PlaceholderMod:Eat","PlaceholderMod:PoisonAbsorb+1","PlaceholderMod:PoisonExcitation","PlaceholderMod:OHStrongAttack+1","PlaceholderMod:Inner+1","PlaceholderMod:DissolvingSpikes","PlaceholderMod:DiffusionChemical+1","PlaceholderMod:DiffusionChemical+1","PlaceholderMod:ThreeBenzyolStart","PlaceholderMod:StressReaction","Dark Shackles","PlaceholderMod:TriggerStrike+1","PlaceholderMod:MultipleOxi+1","PlaceholderMod:HornyCollision","PlaceholderMod:Package+1","PlaceholderMod:GrowthForm"],"relics":["PlaceholderMod:Tancle","NeowsBlessing","Orichalcum","Toy Ornithopter","Question Card","White Beast Statue","Ancient Tea Set","bronze:MakeshiftBattery","ScarletDevilRocket","Sundial","Bag of Marbles","Oddly Smooth Stone","Centennial Puzzle","InkBottle","Empty Cage","Eternal Feather","AntiCross","Meat on the Bone","ClockworkSouvenir","Calipers"],"acts_visited":["Exordium","TheCity","TheBeyond"],"potions_floor_usage":[23,28,30,31,31,36,37,42,44,47,48,50],"damage_taken":[{"damage":0.0,"enemies":"Cultist","floor":1.0,"turns":1.0},{"damage":0.0,"enemies":"Small Slimes","floor":2.0,"turns":1.0},{"damage":0.0,"enemies":"3 Sentries","floor":6.0,"turns":1.0},{"damage":5.0,"enemies":"Jaw Worm","floor":13.0,"turns":3.0},{"damage":33.0,"enemies":"Gremlin Nob","floor":14.0,"turns":6.0},{"damage":68.0,"enemies":"Hexaghost","floor":16.0,"turns":15.0},{"damage":0.0,"enemies":"Chosen","floor":18.0,"turns":5.0},{"damage":11.0,"enemies":"Shell Parasite","floor":19.0,"turns":5.0},{"damage":22.0,"enemies":"Snake Plant","floor":20.0,"turns":3.0},{"damage":0.0,"enemies":"3 Cultists","floor":22.0,"turns":6.0},{"damage":33,"enemies":"Book of Stabbing","floor":23,"turns":5},{"damage":4,"enemies":"Sentry and Sphere","floor":24,"turns":3},{"damage":13,"enemies":"Slavers","floor":28,"turns":4},{"damage":1,"enemies":"Snake Plant","floor":29,"turns":2},{"damage":21,"enemies":"Gremlin Leader","floor":30,"turns":5},{"damage":0,"enemies":"Centurion and Healer","floor":31,"turns":2},{"damage":45,"enemies":"Automaton","floor":33,"turns":8},{"damage":0,"enemies":"3 Shapes","floor":35,"turns":4},{"damage":18,"enemies":"3 Darklings","floor":36,"turns":3},{"damage":2,"enemies":"Sphere and 2 Shapes","floor":37,"turns":2},{"damage":0,"enemies":"Nemesis","floor":41,"turns":5},{"damage":1,"enemies":"4 Shapes","floor":42,"turns":4},{"damage":7,"enemies":"Giant Head","floor":44,"turns":5},{"damage":0,"enemies":"Writhing Mass","floor":47,"turns":3},{"damage":10,"enemies":"Nemesis","floor":48,"turns":3},{"damage":1,"enemies":"Time Eater","floor":50,"turns":6}],"seed_played":"1856809485128714242","potions_obtained":[{"floor":1.0,"key":"Dexterity Potion"},{"floor":13.0,"key":"DuplicationPotion"},{"floor":14.0,"key":"FairyPotion"},{"floor":16.0,"key":"Explosive Potion"},{"floor":18.0,"key":"GamblersBrew"},{"floor":19.0,"key":"Swift Potion"},{"floor":20.0,"key":"DuplicationPotion"},{"floor":21.0,"key":"Regen Potion"},{"floor":22.0,"key":"champ:CounterPotion"},{"floor":23,"key":"DistilledChaos"},{"floor":24,"key":"bronze:BurnAndBuffPotion"},{"floor":28,"key":"Energy Potion"},{"floor":29,"key":"Fire Potion"},{"floor":30,"key":"Guardian:BlockOnCardUsePotion"},{"floor":31,"key":"Ancient Potion"},{"floor":33,"key":"AttackPotion"},{"floor":36,"key":"SteroidPotion"},{"floor":37,"key":"Strength Potion"},{"floor":42,"key":"Strength Potion"},{"floor":44,"key":"AttackPotion"},{"floor":47,"key":"FearPotion"},{"floor":48,"key":"ColorlessPotion"}],"is_trial":false,"path_per_floor":["M","M","?","$","T","E","R","?","T","R","?","$","M","E","R","B",null,"M","M","M","?","M","E","M","R","T","$","E","M","E","M","R","B",null,"M","M","M","?","$","R","E","M","T","E","?","$","M","E","R","B",null],"character_chosen":"THE_PLACEHOLDER","items_purchased":["PlaceholderMod:EvolutionSpray","PlaceholderMod:UnpureUse","Bag of Marbles","Oddly Smooth Stone","PlaceholderMod:ThreeBenzyolStart","PlaceholderMod:StressReaction","Dark Shackles","ClockworkSouvenir"],"campfire_rested":2,"item_purchase_floors":[4,4,27,27,39,39,39,46],"current_hp_per_floor":[78,78,78,78,78,78,78,78,78,78,78,78,73,40,63,23,78,78,67,49,49,78,54,54,77,77,77,73,76,66,78,78,37,78,78,69,78,78,78,78,78,78,78,76,76,76,78,77,78,78],"gold":72,"neow_bonus":"THREE_ENEMY_KILL","is_daily":false,"chose_seed":false,"campfire_upgraded":5,"win_rate":0.0,"timestamp":1610785359,"path_taken":["M","?","?","?","?","E","R","?","T","R","?","$","M","E","R","BOSS","M","M","M","?","?","E","M","R","T","$","E","M","E","M","R","BOSS","M","M","M","?","$","R","E","M","T","E","?","$","?","E","R","BOSS"],"items_purchased_type":["Card","Card","Relic","Relic","Card","Card","Card","Relic"],"build_version":"2020-12-22","purchased_purges":0,"victory":true,"max_hp_per_floor":[78,78,78,78,78,78,78,78,78,78,78,78,78,78,78,78,78,78,78,78,78,78,78,78,78,78,78,78,78,78,78,78,78,78,78,78,78,78,78,78,78,78,78,78,78,78,78,78,78,78],"card_choices":[{"not_picked":["PlaceholderMod:Package","PlaceholderMod:InnerStable"],"picked":"PlaceholderMod:Stratification","floor":1.0},{"not_picked":["PlaceholderMod:TriggerStrike","PlaceholderMod:Sweep"],"picked":"PlaceholderMod:PoisonBlast","floor":2.0},{"not_picked":["PlaceholderMod:HardStrike","PlaceholderMod:AttackAsDefend"],"picked":"PlaceholderMod:StressReaction","floor":6.0},{"not_picked":["PlaceholderMod:AttackAsDefend","PlaceholderMod:StressReaction","PlaceholderMod:Sweep"],"picked":"PlaceholderMod:PoisonAbsorb","floor":13.0},{"not_picked":["PlaceholderMod:SprayAttack","PlaceholderMod:ParasiteChange","PlaceholderMod:AttackAsDefend"],"picked":"PlaceholderMod:Hard","floor":14.0},{"not_picked":["PlaceholderMod:Assimilation","PlaceholderMod:FinalSpray","PlaceholderMod:DoublePoint"],"picked":"PlaceholderMod:Eat","floor":16.0},{"not_picked":["PlaceholderMod:Colorful","PlaceholderMod:PoisonExcitation+1","PlaceholderMod:OHStrongAttack"],"picked":"PlaceholderMod:RadicalHit","floor":18.0},{"not_picked":["PlaceholderMod:DirectingGroup","PlaceholderMod:Polyp","PlaceholderMod:HardStinger"],"picked":"PlaceholderMod:ComplexForm","floor":19.0},{"not_picked":["PlaceholderMod:PoisonExcitation","PlaceholderMod:Polyp+1","PlaceholderMod:SprayAttack"],"picked":"PlaceholderMod:Sweep+1","floor":20.0},{"not_picked":["PlaceholderMod:Polyp","PlaceholderMod:DirectingGroup","PlaceholderMod:ChainPoly+1"],"picked":"PlaceholderMod:DiffusionPoison","floor":22.0},{"not_picked":["PlaceholderMod:Crystallization","PlaceholderMod:DiffusionChemical+1","PlaceholderMod:Stable"],"picked":"PlaceholderMod:QualitativeChange","floor":23},{"not_picked":["PlaceholderMod:SeverePoisonStrike+1","PlaceholderMod:Internalization","PlaceholderMod:PoisonExcitation"],"picked":"PlaceholderMod:HornyBlast","floor":24},{"not_picked":["PlaceholderMod:SeverePoisonStrike","PlaceholderMod:SelectReaction","PlaceholderMod:Turn"],"picked":"PlaceholderMod:Eat","floor":28},{"not_picked":["PlaceholderMod:DirectingGroup","PlaceholderMod:Corrosion","PlaceholderMod:RadicalHit"],"picked":"PlaceholderMod:PoisonAbsorb+1","floor":29},{"not_picked":["PlaceholderMod:Colorful","PlaceholderMod:DirectingGroup+1","PlaceholderMod:HardStinger"],"picked":"PlaceholderMod:PoisonExcitation","floor":30},{"not_picked":["PlaceholderMod:HardStrike","PlaceholderMod:Break","PlaceholderMod:Internalization"],"picked":"PlaceholderMod:OHStrongAttack+1","floor":31},{"not_picked":["PlaceholderMod:AbsorbTouch","PlaceholderMod:DiffusionPoison","PlaceholderMod:InnerSoften"],"picked":"PlaceholderMod:Inner","floor":33},{"not_picked":["PlaceholderMod:UnpureUse","PlaceholderMod:FastReaction","PlaceholderMod:HardStinger"],"picked":"PlaceholderMod:DissolvingSpikes","floor":35},{"not_picked":["PlaceholderMod:PoisonBlast","PlaceholderMod:Internalization","PlaceholderMod:SpinBlade+1"],"picked":"PlaceholderMod:DiffusionChemical+1","floor":36},{"not_picked":["PlaceholderMod:UnpureUse","PlaceholderMod:CrystallizationStrike+1","PlaceholderMod:DirectingGroup"],"picked":"PlaceholderMod:DiffusionChemical+1","floor":37},{"not_picked":["PlaceholderMod:RadicalHit+1","PlaceholderMod:CycleAttack+1","PlaceholderMod:ProliferateStrike"],"picked":"PlaceholderMod:TriggerStrike+1","floor":41},{"not_picked":["PlaceholderMod:InnerStable+1","PlaceholderMod:SpinBlade+1","PlaceholderMod:SubstitutionNucleophilic1+1"],"picked":"PlaceholderMod:MultipleOxi+1","floor":42},{"not_picked":["PlaceholderMod:TriggerStrike+1","PlaceholderMod:CrystallizationStrike+1","PlaceholderMod:ChainPoly"],"picked":"PlaceholderMod:HornyCollision","floor":44},{"not_picked":["PlaceholderMod:OHStrongAttack+1","PlaceholderMod:ParasiteChange","PlaceholderMod:RadicalHit"],"picked":"PlaceholderMod:Package+1","floor":47},{"not_picked":["PlaceholderMod:TriggerStrike","PlaceholderMod:Hyperplasia+1","PlaceholderMod:MultipleOxi"],"picked":"PlaceholderMod:GrowthForm","floor":48}],"player_experience":207111,"relics_obtained":[{"floor":5.0,"key":"Toy Ornithopter"},{"floor":6.0,"key":"Question Card"},{"floor":9.0,"key":"White Beast Statue"},{"floor":14.0,"key":"Ancient Tea Set"},{"floor":23,"key":"ScarletDevilRocket"},{"floor":26,"key":"Sundial"},{"floor":28,"key":"Centennial Puzzle"},{"floor":30,"key":"InkBottle"},{"floor":41,"key":"Eternal Feather"},{"floor":43,"key":"AntiCross"},{"floor":44,"key":"Meat on the Bone"},{"floor":48,"key":"Calipers"}],"event_choices":[{"damage_healed":0.0,"max_hp_gain":0.0,"max_hp_loss":0.0,"gold_gain":0.0,"event_name":"WeMeetAgain","player_choice":"Gave Potion","floor":3.0,"gold_loss":0.0,"damage_taken":0.0,"relics_obtained":["Orichalcum"]},{"damage_healed":0.0,"max_hp_gain":0.0,"max_hp_loss":0.0,"gold_gain":0.0,"event_name":"Living Wall","player_choice":"Grow","floor":8.0,"gold_loss":0.0,"damage_taken":0.0,"cards_upgraded":["PlaceholderMod:PoisonBlast"]},{"cards_removed":["PlaceholderMod:BaseDefend"],"damage_healed":0.0,"max_hp_gain":0.0,"max_hp_loss":0.0,"gold_gain":0.0,"event_name":"Bonfire Elementals","player_choice":"Offered Basic","floor":11.0,"gold_loss":0.0,"damage_taken":0.0},{"damage_healed":0.0,"max_hp_gain":0.0,"max_hp_loss":0.0,"gold_gain":0.0,"event_name":"Lab","player_choice":"Got Potions","floor":21.0,"gold_loss":0.0,"damage_taken":0.0},{"damage_healed":0,"gold_gain":0,"player_choice":"Ignored","damage_taken":0,"max_hp_gain":0,"max_hp_loss":0,"event_name":"Tomb of Lord Red Mask","floor":38,"gold_loss":0},{"damage_healed":0,"gold_gain":0,"player_choice":"Ignored","damage_taken":0,"max_hp_gain":0,"max_hp_loss":0,"event_name":"NoteForYourself","floor":45,"gold_loss":0}],"is_beta":false,"boss_relics":[{"not_picked":["Runic Pyramid","Ectoplasm"],"picked":"bronze:MakeshiftBattery"},{"not_picked":["Snecko Eye","beaked:MawFillet"],"picked":"Empty Cage"}],"items_purged_floors":[],"is_endless":false,"potions_floor_spawned":[1,13,14,16,18,19,20,22,23,24,28,29,30,31,33,35,36,37,41,42,44,47,48],"ascension_level":1}}