{"host":"0jile2yd1dg679g0","time":1610769433,"event":{"mods":["AchievementEnabler","Act Like it!","BaseMod","Better Third Choice","Colored Map","Colored Powertips","Gensokyo","Hermit","Luminous","Marisa????????","Minty Spire (QoL Compilation)","Random Character Button","Spicy Shops","StSLib","The Servant 0.9.4","Transform Curses","Waifu the Spire"],"gold_per_floor":[361,48,75,75,102,102,130,130,154,174,201,222,297,320,320,320,320],"floor_reached":16,"language":"ENG","playtime":964,"items_purged":[],"score":132,"play_id":"b71853c1-cca2-4043-b9e7-f00fac07a0f0","local_time":"20210115225713","is_ascension_mode":true,"campfire_choices":[{"floor":6,"key":"REST"},{"data":"Anger","floor":8,"key":"SMITH"},{"floor":15,"key":"REST"}],"circlet_count":0,"master_deck":["Strike_R","Strike_R","Strike_R","Strike_R","Defend_R","Defend_R","Defend_R","Defend_R","Bash","Battle Trance","Dropkick","Anger+1","Thunderclap","Anger","Heavy Blade"],"relics":["Burning Blood","Tiny Chest","CeramicFish","Red Skull","Vajra"],"acts_visited":["Exordium"],"potions_floor_usage":[16],"damage_taken":[{"damage":8,"enemies":"2 Louse","floor":1,"turns":2},{"damage":6,"enemies":"Cultist","floor":3,"turns":3},{"damage":12,"enemies":"Jaw Worm","floor":5,"turns":3},{"damage":21,"enemies":"Blue Slaver","floor":7,"turns":3},{"damage":19,"enemies":"Large Slime","floor":10,"turns":5},{"damage":7,"enemies":"Exordium Thugs","floor":11,"turns":3},{"damage":3,"enemies":"Blue Slaver","floor":12,"turns":2},{"damage":55,"enemies":"The Guardian","floor":16,"turns":10}],"seed_played":"5485313639604841435","potions_obtained":[{"floor":1,"key":"Weak Potion"},{"floor":10,"key":"GamblersBrew"},{"floor":11,"key":"CultistPotion"},{"floor":12,"key":"Ancient Potion"}],"is_trial":false,"path_per_floor":["M","$","M","?","M","R","M","R","T","M","M","M","?","T","R","B"],"character_chosen":"IRONCLAD","items_purchased":["Tiny Chest","CeramicFish"],"campfire_rested":2,"item_purchase_floors":[2,2],"current_hp_per_floor":[49,49,49,49,43,67,52,52,52,39,38,41,30,30,54,0,0],"gold":320,"neow_bonus":"TWO_FIFTY_GOLD","is_daily":false,"chose_seed":false,"campfire_upgraded":1,"win_rate":0.0,"timestamp":1610769433,"path_taken":["M","$","M","?","M","R","M","R","T","?","M","M","?","?","R","BOSS"],"items_purchased_type":["Relic","Relic"],"build_version":"2020-12-22","purchased_purges":0,"victory":false,"max_hp_per_floor":[80,80,80,80,80,80,80,80,80,80,80,80,80,80,80,80,80],"card_choices":[{"not_picked":["Fire Breathing","Disarm"],"picked":"Battle Trance","floor":1},{"not_picked":["Warcry","Clash"],"picked":"Dropkick","floor":3},{"not_picked":["Shrug It Off","Whirlwind"],"picked":"Anger","floor":5},{"not_picked":["Rampage","Blood for Blood"],"picked":"Thunderclap","floor":7},{"not_picked":["Pommel Strike","Warcry","Clothesline"],"picked":"SKIP","floor":10},{"not_picked":["Havoc","Body Slam"],"picked":"Anger","floor":11},{"not_picked":["Rupture","Flex"],"picked":"Heavy Blade","floor":12}],"player_experience":295685,"relics_obtained":[{"floor":9,"key":"Red Skull"},{"floor":14,"key":"Vajra"}],"event_choices":[{"cards_removed":["Strike_R"],"damage_healed":0,"gold_gain":0,"player_choice":"Offered Basic","damage_taken":0,"max_hp_gain":0,"max_hp_loss":0,"event_name":"Bonfire Elementals","floor":4,"gold_loss":0},{"damage_healed":0,"gold_gain":75,"player_choice":"Gold","damage_taken":11,"max_hp_gain":0,"max_hp_loss":0,"event_name":"betterThird:BetterGoop","floor":13,"gold_loss":0}],"is_beta":false,"boss_relics":[],"items_purged_floors":[],"is_endless":false,"potions_floor_spawned":[1,10,11,12],"killed_by":"The Guardian","ascension_level":8}}