{"host":"1mv6gj0zv8k9e9tz","time":1610808189,"event":{"mods":["AchievementEnabler","BaseMod","Better Third Choice","Colored Map","KOR Keyword Fix","Minty Spire (QoL Compilation)","Permanent Neow","Rare Cards Sparkle","StSLib"],"gold_per_floor":[119,129,145,158,175,175,209,42,69,99,99,0,11,11,11,83,83,97,97,109,109,109,109],"floor_reached":22,"language":"KOR","playtime":904,"items_purged":[],"score":353,"play_id":"a1435454-7b6e-4903-b282-b7f7b256e4cc","local_time":"20210116234309","is_ascension_mode":true,"campfire_choices":[{"data":"Dagger Spray","floor":6.0,"key":"SMITH"},{"floor":11.0,"key":"REST"},{"floor":15.0,"key":"REST"}],"circlet_count":0,"master_deck":["AscendersBane","Strike_G","Strike_G","Strike_G","Strike_G","Defend_G","Defend_G","Defend_G","Defend_G","Survivor","Neutralize","Backflip","Deadly Poison","Dagger Spray+1","Catalyst","Wraith Form v2","Backstab","Catalyst"],"relics":["Philosopher\u0027s Stone","Strawberry","PreservedInsect","Tiny Chest","Vajra","Empty Cage","Frozen Egg 2"],"acts_visited":["Exordium","TheCity"],"potions_floor_usage":[16,20],"damage_taken":[{"damage":0.0,"enemies":"Cultist","floor":1.0,"turns":4.0},{"damage":4.0,"enemies":"Jaw Worm","floor":2.0,"turns":4.0},{"damage":1.0,"enemies":"Small Slimes","floor":3.0,"turns":4.0},{"damage":9.0,"enemies":"Gremlin Gang","floor":4.0,"turns":8.0},{"damage":0.0,"enemies":"Exordium Wildlife","floor":5.0,"turns":4.0},{"damage":32.0,"enemies":"Gremlin Nob","floor":7.0,"turns":4.0},{"damage":19.0,"enemies":"Lagavulin","floor":10.0,"turns":8.0},{"damage":4.0,"enemies":"Large Slime","floor":13.0,"turns":6.0},{"damage":38,"enemies":"Slime Boss","floor":16,"turns":9},{"damage":34,"enemies":"3 Byrds","floor":18,"turns":7},{"damage":4,"enemies":"Shell Parasite","floor":20,"turns":5},{"damage":21,"enemies":"Shelled Parasite and Fungi","floor":22,"turns":4}],"seed_played":"-2095173867348509091","potions_obtained":[{"floor":2.0,"key":"Block Potion"},{"floor":4.0,"key":"Fire Potion"},{"floor":10.0,"key":"CultistPotion"},{"floor":18,"key":"EssenceOfSteel"},{"floor":20,"key":"Strength Potion"}],"is_trial":false,"path_per_floor":["M","M","M","M","M","R","E","$","T","E","R","?","M","?","R","B",null,"M","T","M","?","M"],"character_chosen":"THE_SILENT","items_purchased":["PreservedInsect"],"campfire_rested":2,"item_purchase_floors":[8],"current_hp_per_floor":[59,55,54,45,45,45,20,20,20,1,22,22,18,18,39,1,55,21,21,17,17,0,0],"gold":109,"neow_bonus":"BOSS_RELIC","is_daily":false,"chose_seed":false,"campfire_upgraded":1,"win_rate":0.0,"timestamp":1610808189,"path_taken":["M","M","M","M","M","R","E","$","T","E","R","?","?","?","R","BOSS","M","?","M","?","M"],"items_purchased_type":["Relic"],"build_version":"2020-12-22","purchased_purges":0,"victory":false,"max_hp_per_floor":[66,66,66,66,66,66,73,73,73,73,73,73,73,73,73,73,73,73,73,73,73,73,73],"card_choices":[{"not_picked":["Outmaneuver","Deflect"],"picked":"Backflip","floor":1.0},{"not_picked":["Blade Dance","Dagger Throw"],"picked":"Deadly Poison","floor":2.0},{"not_picked":["Unload","Underhanded Strike","Blade Dance"],"picked":"SKIP","floor":3.0},{"not_picked":["Finisher","Skewer","Blade Dance"],"picked":"SKIP","floor":4.0},{"not_picked":["Choke","Acrobatics"],"picked":"Dagger Spray","floor":5.0},{"not_picked":["Reflex","Endless Agony","Eviscerate"],"picked":"SKIP","floor":7.0},{"not_picked":["Poisoned Stab","Quick Slash","Sucker Punch"],"picked":"SKIP","floor":10.0},{"not_picked":["Eviscerate","Expertise","Slice"],"picked":"SKIP","floor":13.0},{"not_picked":["After Image","Venomology"],"picked":"Wraith Form v2","floor":16},{"not_picked":["Masterful Stab","Underhanded Strike"],"picked":"Backstab","floor":18},{"not_picked":["Flying Knee+1","Sucker Punch","Bane"],"picked":"SKIP","floor":20}],"player_experience":531679,"relics_obtained":[{"floor":7.0,"key":"Strawberry"},{"floor":10.0,"key":"Tiny Chest"},{"floor":19,"key":"Frozen Egg 2"}],"event_choices":[{"damage_healed":0.0,"max_hp_gain":0.0,"max_hp_loss":0.0,"gold_gain":0.0,"event_name":"WeMeetAgain","player_choice":"Paid Gold","floor":12.0,"gold_loss":99.0,"damage_taken":0.0,"relics_obtained":["Vajra"]},{"damage_healed":0.0,"max_hp_gain":0.0,"max_hp_loss":0.0,"gold_gain":0.0,"event_name":"Match and Keep!","player_choice":"1 cards matched","floor":14.0,"gold_loss":0.0,"damage_taken":0.0,"cards_obtained":["Catalyst"]},{"damage_healed":0,"gold_gain":0,"player_choice":"Copied","damage_taken":0,"max_hp_gain":0,"max_hp_loss":0,"event_name":"Duplicator","floor":21,"gold_loss":0,"cards_obtained":["Catalyst"]}],"is_beta":false,"boss_relics":[{"not_picked":["Fusion Hammer","HoveringKite"],"picked":"Empty Cage"}],"items_purged_floors":[],"is_endless":false,"potions_floor_spawned":[2,4,10,18,20],"killed_by":"Shelled Parasite and Fungi","ascension_level":16}}