{"host":"ktoxvvst1mwxww91","time":1610821710,"event":{"mods":["BaseMod","Hermit","Minty Spire (QoL Compilation)","StSLib","The Blackbeard","The Hierophant","The Mystic","The Necromancer"],"gold_per_floor":[118,118,118,134,59,59,90,115,207,119,133,133,158,171,171,272,272,286,303,303,178,178,178,178,178],"floor_reached":24,"language":"ENG","playtime":839,"items_purged":["Pain","hermit:Misfire","hermit:Snapshot"],"score":344,"play_id":"c4e49e69-52e4-42d5-b432-102eec82876c","local_time":"20210116192830","is_ascension_mode":true,"campfire_choices":[{"data":"hermit:Dive","floor":6.0,"key":"SMITH"},{"data":"hermit:Maintenance","floor":15.0,"key":"SMITH"},{"floor":23,"key":"REST"}],"circlet_count":0,"master_deck":["AscendersBane","hermit:Strike_Hermit","hermit:Strike_Hermit","hermit:Strike_Hermit","hermit:Defend_Hermit","hermit:Defend_Hermit","hermit:Defend_Hermit","hermit:Defend_Hermit","hermit:Covet","hermit:Dive+1","hermit:Manifest","hermit:Maintenance+1","hermit:FullyLoaded","Parasite","hermit:Magnum+1"],"relics":["hermit:Momento","NeowsBlessing","WarpedTongs","MawBank","Molten Egg 2","Dead Branch","SlaversCollar","Anchor"],"acts_visited":["Exordium","TheCity"],"potions_floor_usage":[19,24],"damage_taken":[{"damage":0.0,"enemies":"Jaw Worm","floor":1.0,"turns":1.0},{"damage":0.0,"enemies":"Cultist","floor":4.0,"turns":1.0},{"damage":0.0,"enemies":"Gremlin Nob","floor":7.0,"turns":1.0},{"damage":4.0,"enemies":"2 Louse","floor":8.0,"turns":5.0},{"damage":2.0,"enemies":"Exordium Wildlife","floor":11.0,"turns":4.0},{"damage":7.0,"enemies":"Lagavulin","floor":13.0,"turns":8.0},{"damage":15.0,"enemies":"3 Louse","floor":14.0,"turns":4.0},{"damage":3.0,"enemies":"Slime Boss","floor":16.0,"turns":11.0},{"damage":40.0,"enemies":"3 Byrds","floor":18.0,"turns":6.0},{"damage":20,"enemies":"Spheric Guardian","floor":19,"turns":4},{"damage":50,"enemies":"Gremlin Leader","floor":24,"turns":9}],"seed_played":"-2859590336726145239","potions_obtained":[{"floor":4.0,"key":"Explosive Potion"},{"floor":8.0,"key":"SkillPotion"},{"floor":13.0,"key":"Strength Potion"},{"floor":16.0,"key":"Swift Potion"},{"floor":18.0,"key":"SneckoOil"},{"floor":19,"key":"Weak Potion"}],"is_trial":false,"path_per_floor":["M","?","?","M","$","R","E","M","T","$","M","?","E","M","R","B",null,"M","M","?","$","?","R","E"],"character_chosen":"HERMIT","items_purchased":[],"campfire_rested":1,"item_purchase_floors":[],"current_hp_per_floor":[68,61,61,61,61,61,61,57,57,57,55,73,66,51,51,48,68,28,8,33,33,26,48,0,0],"gold":178,"neow_bonus":"THREE_ENEMY_KILL","is_daily":false,"chose_seed":false,"campfire_upgraded":2,"win_rate":0.0,"timestamp":1610821710,"path_taken":["M","?","?","?","?","R","E","M","T","$","M","?","E","M","R","BOSS","M","M","?","$","?","R","E"],"items_purchased_type":[],"build_version":"2020-12-22","purchased_purges":3,"victory":false,"max_hp_per_floor":[75,75,75,75,75,75,75,75,75,75,75,75,75,75,75,75,75,75,75,75,75,75,75,75,75],"card_choices":[{"not_picked":["hermit:LoneWolf","hermit:Roulette"],"picked":"hermit:Dive","floor":1.0},{"not_picked":["hermit:BodyArmor","hermit:Desperado"],"picked":"hermit:Misfire","floor":4.0},{"not_picked":["hermit:Vantage","hermit:Quickdraw"],"picked":"hermit:Manifest","floor":7.0},{"not_picked":["hermit:Quickdraw","hermit:HoleUp"],"picked":"hermit:Maintenance","floor":8.0},{"not_picked":["hermit:NoHoldsBarred+1","hermit:Dissolve"],"picked":"hermit:FullyLoaded","floor":11.0},{"not_picked":["hermit:Desperado+1","hermit:HoleUp","hermit:Midnight"],"picked":"SKIP","floor":13.0},{"not_picked":["hermit:LoneWolf","hermit:LowProfile","hermit:Horror"],"picked":"SKIP","floor":14.0},{"not_picked":["hermit:Dissolve","hermit:Purgatory+1"],"picked":"hermit:Magnum+1","floor":16.0},{"not_picked":["hermit:Feint","hermit:Roulette+1","hermit:Horror+1"],"picked":"SKIP","floor":18.0},{"not_picked":["hermit:Dive","hermit:Midnight","hermit:SprayPray+1"],"picked":"SKIP","floor":19}],"player_experience":1011322,"relics_obtained":[{"floor":7.0,"key":"MawBank"},{"floor":9.0,"key":"Molten Egg 2"},{"floor":13.0,"key":"Dead Branch"}],"event_choices":[{"cards_removed":["hermit:Strike_Hermit"],"damage_healed":0.0,"max_hp_gain":0.0,"max_hp_loss":0.0,"gold_gain":0.0,"event_name":"Golden Wing","player_choice":"Card Removal","floor":2.0,"gold_loss":0.0,"damage_taken":7.0},{"damage_healed":0.0,"max_hp_gain":0.0,"max_hp_loss":0.0,"gold_gain":0.0,"event_name":"Accursed Blacksmith","player_choice":"Rummage","floor":3.0,"gold_loss":0.0,"damage_taken":0.0,"relics_obtained":["WarpedTongs"],"cards_obtained":["Pain"]},{"damage_healed":18.0,"max_hp_gain":0.0,"max_hp_loss":0.0,"gold_gain":0.0,"event_name":"Mushrooms","player_choice":"Healed and dodged fight","floor":12.0,"gold_loss":0.0,"damage_taken":0.0,"cards_obtained":["Parasite"]},{"damage_healed":25,"gold_gain":0,"player_choice":"Heal","damage_taken":0,"max_hp_gain":0,"max_hp_loss":0,"event_name":"The Library","floor":20,"gold_loss":0},{"damage_healed":0,"gold_gain":0,"player_choice":"Anchor","damage_taken":0,"relics_obtained":["Anchor"],"max_hp_gain":0,"max_hp_loss":0,"event_name":"blackbeard:ShipwreckEvent","floor":22,"gold_loss":0}],"is_beta":false,"boss_relics":[{"not_picked":["Philosopher\u0027s Stone","Sozu"],"picked":"SlaversCollar"}],"items_purged_floors":[5,10,21],"is_endless":false,"potions_floor_spawned":[4,8,13,16,18,19],"killed_by":"Gremlin Leader","ascension_level":10}}