{"host":"1zjc08c6hob33401","time":1610831835,"event":{"mods":["AchievementEnabler","Act Like it!","Aspiration","BaseMod","Downfall","Energized Spire","Evolution","Gensokyo","GifTheSpireLib","Hubris","Infinite Spire","Jedi Mod","Minty Spire (QoL Compilation)","Pale of the Ancients","Quick Restart","Retaliation","Shop Mod","StS++","StSLib","Stuff the Spire","The Blue Laboratory","Wandering Minibosses","vexMod"],"gold_per_floor":[114,114,132,149,6,6,6,6,30,30,40,59,79,90,90,192,192,203,220,4,4,4,32,52,66,66,66,66,66,84,104,104,104,104],"floor_reached":33,"language":"RUS","playtime":2123,"items_purged":[],"score":358,"play_id":"1482e394-92fb-4338-b240-9671f51d35cf","local_time":"20210116231715","is_ascension_mode":true,"campfire_choices":[{"data":"Metallicize","floor":6.0,"key":"SMITH"},{"data":"DDmod:SpikedSkill","floor":10.0,"key":"SMITH"},{"data":"DDmod:RechargeSkill","floor":15.0,"key":"SMITH"},{"data":"Barricade","floor":27.0,"key":"SMITH"},{"data":"jedi:harder","floor":32.0,"key":"SMITH"}],"circlet_count":0,"master_deck":["Twin Strike","Twin Strike","Twin Strike","Twin Strike","Strike_R","Defend_R","Defend_R","Defend_R","Defend_R","Bash","DDmod:SpikedSkill+1","StSpp:TheBiggerTheyAre","Infernal Blade","Metallicize+1","DDmod:SpikedSkill","Headbutt","DDmod:RechargeSkill+1","StSpp:Jab","jedi:harder+1","StSpp:TheBiggerTheyAre+1","Perfected Strike","Gensokyo:Doppelganger","infinitespire:OneForAll","Clothesline+1","Sentinel","Barricade+1","Clothesline+1","Shrug It Off"],"relics":["Burning Blood","EVO:Axolotl","DollysMirror","Gensokyo:CelestialsFlawlessClothing","Gensokyo:OccultBall","Bronze Scales","Coffee Dripper","jedi:arcanewood","StuffTheSpire:PointBlank","Gensokyo:ConquerorOfFear","hubris:Icosahedron"],"acts_visited":["Gensokyo:Gensokyo","Gensokyo:Gensokyoer"],"potions_floor_usage":[],"damage_taken":[{"damage":5.0,"enemies":"Gensokyo:2_Kodama","floor":1.0,"turns":4.0},{"damage":10.0,"enemies":"Gensokyo:3_Fairies","floor":3.0,"turns":4.0},{"damage":17.0,"enemies":"Gensokyo:Gryphon","floor":4.0,"turns":3.0},{"damage":8.0,"enemies":"Gensokyo:Kitsune","floor":11.0,"turns":2.0},{"damage":1.0,"enemies":"Gensokyo:2_Rabbits","floor":12.0,"turns":4.0},{"damage":0.0,"enemies":"Gensokyo:VengefulSpirit","floor":13.0,"turns":2.0},{"damage":12.0,"enemies":"Gensokyo:5_Fairies","floor":14.0,"turns":6.0},{"damage":59.0,"enemies":"Gensokyo:Kokoro","floor":16.0,"turns":12.0},{"damage":23.0,"enemies":"Gensokyo:2_Gloops","floor":18.0,"turns":6.0},{"damage":26.0,"enemies":"Gensokyo:CosmicMonolith","floor":19.0,"turns":2.0},{"damage":38.0,"enemies":"Gensokyo:Tenshi","floor":23.0,"turns":4.0},{"damage":63.0,"enemies":"Gensokyo:Slime_Group","floor":24.0,"turns":6.0},{"damage":35.0,"enemies":"Gensokyo:Swordslinger","floor":25.0,"turns":5.0},{"damage":26.0,"enemies":"Gensokyo:Monolith_and_Dog","floor":30.0,"turns":7.0},{"damage":32.0,"enemies":"Gensokyo:Slime_Group","floor":31.0,"turns":6.0},{"damage":122,"enemies":"Gensokyo:Eiki","floor":33,"turns":10}],"seed_played":"4101466742350306470","potions_obtained":[{"floor":11.0,"key":"blueLaboratory:ForbiddenFruitJuice"},{"floor":12.0,"key":"champ:CounterPotion"},{"floor":14.0,"key":"GamblersBrew"},{"floor":16.0,"key":"hexamod:SoulburnPotion"},{"floor":18.0,"key":"champ:CounterPotion"},{"floor":19.0,"key":"AttackPotion"},{"floor":24.0,"key":"blueLaboratory:BottleOfVodka"}],"is_trial":false,"path_per_floor":["M","$","M","M","COS","R","?","?","T","R","M","M","M","M","R","B",null,"M","M","COS","?","?","E","M","M","T","R","?","?","M","M","R","B"],"character_chosen":"IRONCLAD","items_purchased":[],"campfire_rested":0,"item_purchase_floors":[],"current_hp_per_floor":[73,73,69,58,58,58,38,38,38,38,36,41,47,61,61,28,67,63,43,43,51,51,39,22,44,44,44,44,44,44,18,18,0,0],"gold":104,"neow_bonus":"THREE_CARDS","is_daily":false,"chose_seed":false,"campfire_upgraded":5,"win_rate":0.0,"timestamp":1610831835,"path_taken":["M","?","M","?","COS","R","?","?","T","R","?","M","M","M","R","BOSS","M","M","COS","?","?","E","?","M","T","R","?","?","M","?","R","BOSS"],"items_purchased_type":[],"build_version":"2020-12-22","purchased_purges":0,"victory":false,"max_hp_per_floor":[80,80,80,80,80,80,80,80,80,80,80,80,80,80,80,80,80,80,80,80,80,80,80,80,70,70,70,70,70,70,70,70,70,70],"card_choices":[{"not_picked":["Ghostly Armor","StuffTheSpire:Incineration"],"picked":"DDmod:SpikedSkill","floor":0.0},{"not_picked":["StSpp:Sprint","Rupture"],"picked":"StSpp:TheBiggerTheyAre","floor":1.0},{"not_picked":["Thunderclap","Sever Soul"],"picked":"Infernal Blade","floor":3.0},{"not_picked":["Twin Strike","Sword Boomerang"],"picked":"Metallicize","floor":4.0},{"not_picked":["Dark Embrace","StSpp:CounterStrike"],"picked":"DDmod:SpikedSkill","floor":11.0},{"not_picked":["jedi:collectorstrike","DDmod:RapidStrikeAttack"],"picked":"Headbutt","floor":12.0},{"not_picked":["Twin Strike","Pommel Strike"],"picked":"DDmod:RechargeSkill","floor":13.0},{"not_picked":["Twin Strike","StuffTheSpire:RockThrow"],"picked":"StSpp:Jab","floor":14.0},{"not_picked":["StSpp:Turnabout","StSpp:BladeOfBlood"],"picked":"jedi:harder","floor":16.0},{"not_picked":["Perfected Strike","StSpp:MuscleMemory"],"picked":"StSpp:TheBiggerTheyAre+1","floor":18.0},{"not_picked":["DDmod:PokeAttack","Havoc"],"picked":"Perfected Strike","floor":19.0},{"not_picked":["Rampage","StuffTheSpire:RockThrow"],"picked":"Clothesline+1","floor":23.0},{"not_picked":["hubris:CleavingFinish","Rupture"],"picked":"Sentinel","floor":24.0},{"not_picked":["DDmod:SpikeMailSkill","Evolve"],"picked":"Barricade","floor":25.0},{"not_picked":["Flex","Rage"],"picked":"Clothesline+1","floor":30.0},{"not_picked":["Wild Strike","Burning Pact"],"picked":"Shrug It Off","floor":31.0}],"player_experience":581615,"relics_obtained":[{"floor":9.0,"key":"Bronze Scales"},{"floor":16.0,"key":"Gensokyo:OccultBall"},{"floor":23.0,"key":"jedi:arcanewood"},{"floor":25.0,"key":"Gensokyo:OccultBall"},{"floor":26.0,"key":"StuffTheSpire:PointBlank"},{"floor":30.0,"key":"Gensokyo:ConquerorOfFear"}],"event_choices":[],"is_beta":false,"boss_relics":[{"not_picked":["StSpp:CrystalBall","aspiration:SecretTechniqueScroll"],"picked":"Coffee Dripper"}],"items_purged_floors":[],"is_endless":false,"potions_floor_spawned":[11,12,14,16,18,19,24],"killed_by":"Gensokyo:Eiki","ascension_level":6}}