{"host":"4qkvkh7pd9qr2mca","time":1610838340,"event":{"mods":["AchievementEnabler","Act Like it!","BaseMod","Colored Map","Colored Powertips","Highlight Path","Minty Spire (QoL Compilation)","Pale of the Ancients","Permanent Neow","Quick Restart","Relic Stats","StSLib","SuperFastMode"],"gold_per_floor":[111,76,76,87,104,104,129,145,195,226,238,238,163,238,238,314,314,325,282,282,11,26,26,52,52,52,79,79,79,79,94,94,165,165,179,224,224,239,252,252,252,252],"floor_reached":41,"language":"ENG","playtime":2419,"items_purged":["Strike_G"],"score":878,"play_id":"7dac1b9b-17e4-4c8e-b441-1664026e26ba","local_time":"20210117000540","is_ascension_mode":true,"campfire_choices":[{"data":"Neutralize","floor":6.0,"key":"SMITH"},{"floor":12.0,"key":"REST"},{"floor":15.0,"key":"REST"},{"floor":23.0,"key":"REST"},{"floor":25.0,"key":"REST"},{"floor":28.0,"key":"REST"},{"data":"Burst","floor":32.0,"key":"SMITH"},{"floor":40,"key":"REST"}],"circlet_count":0,"master_deck":["AscendersBane","Strike_G","Strike_G","Strike_G","Defend_G","Defend_G","Defend_G","Defend_G","Survivor","Neutralize+1","Infinite Blades","All Out Attack","Endless Agony","Leg Sweep","Backflip","Accuracy","PiercingWail","Blade Dance","Finisher","Tools of the Trade","Burst+1","Deflect","Blade Dance","Blur","Wraith Form v2","Ghostly","Ghostly","Ghostly","Tactician","Wraith Form v2","Slice+1","Writhe"],"relics":["Ring of the Snake","Bottled Flame","Art of War","Dream Catcher","WristBlade","Nilry\u0027s Codex","ClockworkSouvenir","Singing Bowl","Mercury Hourglass","Mummified Hand","Busted Crown","Torii"],"acts_visited":["Exordium","TheCity","TheBeyond"],"potions_floor_usage":[],"damage_taken":[{"damage":4.0,"enemies":"Jaw Worm","floor":1.0,"turns":4.0},{"damage":0.0,"enemies":"Small Slimes","floor":4.0,"turns":2.0},{"damage":0.0,"enemies":"2 Louse","floor":5.0,"turns":4.0},{"damage":12.0,"enemies":"3 Sentries","floor":7.0,"turns":7.0},{"damage":3.0,"enemies":"Looter","floor":8.0,"turns":5.0},{"damage":24.0,"enemies":"Lagavulin","floor":10.0,"turns":11.0},{"damage":1.0,"enemies":"2 Fungi Beasts","floor":11.0,"turns":4.0},{"damage":1.0,"enemies":"The Guardian","floor":16.0,"turns":11.0},{"damage":3.0,"enemies":"Shell Parasite","floor":18.0,"turns":5.0},{"damage":11.0,"enemies":"2 Thieves","floor":19.0,"turns":5.0},{"damage":22.0,"enemies":"Sentry and Sphere","floor":22.0,"turns":6.0},{"damage":18.0,"enemies":"Book of Stabbing","floor":24.0,"turns":5.0},{"damage":18.0,"enemies":"Slavers","floor":27.0,"turns":4.0},{"damage":2.0,"enemies":"Centurion and Healer","floor":31.0,"turns":6.0},{"damage":16,"enemies":"Automaton","floor":33,"turns":13},{"damage":0,"enemies":"3 Shapes","floor":35,"turns":2},{"damage":28,"enemies":"2 Orb Walkers","floor":36,"turns":5},{"damage":19,"enemies":"3 Darklings","floor":38,"turns":5},{"damage":0,"enemies":"Spire Growth","floor":39,"turns":5},{"damage":78,"enemies":"Giant Head","floor":41,"turns":10}],"seed_played":"-580540400501703923","potions_obtained":[{"floor":4.0,"key":"GamblersBrew"},{"floor":5.0,"key":"CunningPotion"},{"floor":18.0,"key":"Strength Potion"},{"floor":24.0,"key":"AttackPotion"},{"floor":33,"key":"Ancient Potion"},{"floor":38,"key":"BlessingOfTheForge"}],"is_trial":false,"path_per_floor":["M","?","?","M","M","R","E","M","T","E","M","R","$","?","R","B",null,"M","M","?","$","M","R","E","R","T","E","R","$","?","M","R","B",null,"M","?","?","M","M","R","E"],"character_chosen":"THE_SILENT","items_purchased":["ClockworkSouvenir","FairyPotion"],"campfire_rested":6,"item_purchase_floors":[21,21],"current_hp_per_floor":[40,56,61,61,61,61,49,46,46,22,21,42,42,31,52,51,66,63,52,31,31,9,30,14,37,37,19,41,41,37,35,35,19,33,33,7,15,13,15,29,0,0],"gold":252,"neow_bonus":"TRANSFORM_TWO_CARDS","is_daily":false,"chose_seed":false,"campfire_upgraded":2,"win_rate":0.0,"timestamp":1610838340,"path_taken":["M","?","?","M","M","R","E","M","T","E","M","R","$","?","R","BOSS","M","M","?","$","M","R","E","R","T","E","R","?","?","M","R","BOSS","M","?","?","M","M","R","E"],"items_purchased_type":["Relic","Potion"],"build_version":"2020-12-22","purchased_purges":1,"victory":false,"max_hp_per_floor":[66,66,71,71,71,71,71,71,71,71,71,71,71,71,71,71,71,71,71,71,71,71,71,73,75,75,75,75,75,37,37,37,37,37,37,39,39,41,43,45,45,45],"relic_stats":{"Dream Catcher":6,"Busted Crown":10,"Singing Bowl":12,"Torii":4,"counters":[20,118],"Mummified Hand":[49],"Art of War":[13],"obtain_stats":[{"Bottled Flame":7,"Dream Catcher":10,"Busted Crown":34,"WristBlade":17,"Singing Bowl":24,"Torii":36,"Nilry\u0027s Codex":20,"Mummified Hand":27,"Art of War":9,"Ring of the Snake":0,"ClockworkSouvenir":21,"Mercury Hourglass":26},{"Bottled Flame":4,"Dream Catcher":6,"Busted Crown":15,"WristBlade":8,"Singing Bowl":12,"Torii":17,"Nilry\u0027s Codex":10,"Mummified Hand":13,"Art of War":5,"Ring of the Snake":0,"ClockworkSouvenir":10,"Mercury Hourglass":12},{"Bottled Flame":17,"Dream Catcher":33,"Busted Crown":91,"WristBlade":48,"Singing Bowl":69,"Torii":98,"Nilry\u0027s Codex":58,"Mummified Hand":72,"Art of War":22,"Ring of the Snake":0,"ClockworkSouvenir":58,"Mercury Hourglass":69}],"Ring of the Snake":[41],"Mercury Hourglass":[210]},"card_choices":[{"not_picked":["Acrobatics","Dodge and Roll"],"picked":"Endless Agony","floor":1.0},{"not_picked":["Dagger Throw","Outmaneuver"],"picked":"Leg Sweep","floor":4.0},{"not_picked":["Tactician","Choke"],"picked":"Backflip","floor":5.0},{"not_picked":["Bane","Flying Knee"],"picked":"Accuracy","floor":7.0},{"not_picked":["Slice","Backstab"],"picked":"PiercingWail","floor":8.0},{"not_picked":["Distraction","Calculated Gamble"],"picked":"Blade Dance","floor":10.0},{"not_picked":["Eviscerate","Dagger Throw","Catalyst"],"picked":"SKIP","floor":11.0},{"not_picked":["Quick Slash","Underhanded Strike"],"picked":"Finisher","floor":12.0},{"not_picked":["Sucker Punch","Underhanded Strike"],"picked":"Tools of the Trade","floor":15.0},{"not_picked":["Venomology","Envenom"],"picked":"Burst","floor":16.0},{"not_picked":["Dash","Sucker Punch"],"picked":"Deflect","floor":18.0},{"not_picked":["Dagger Spray","Infinite Blades","Expertise"],"picked":"SKIP","floor":19.0},{"not_picked":["Tactician","Crippling Poison"],"picked":"Blade Dance","floor":22.0},{"not_picked":["Dagger Spray","Deadly Poison","Dodge and Roll"],"picked":"Singing Bowl","floor":24.0},{"not_picked":["Dagger Throw","Crippling Poison","Flying Knee"],"picked":"Singing Bowl","floor":25.0},{"not_picked":["Deadly Poison","Sucker Punch+1"],"picked":"Blur","floor":27.0},{"not_picked":["Deadly Poison","Dodge and Roll"],"picked":"Wraith Form v2","floor":28.0},{"not_picked":["Flechettes","Deadly Poison"],"picked":"Tactician","floor":31.0},{"not_picked":["Envenom","Unload"],"picked":"Wraith Form v2","floor":33},{"not_picked":[],"picked":"Slice+1","floor":35},{"not_picked":["Expertise+1"],"picked":"Singing Bowl","floor":36},{"not_picked":["Infinite Blades"],"picked":"Singing Bowl","floor":38},{"not_picked":["Bane"],"picked":"Singing Bowl","floor":39},{"not_picked":["Infinite Blades"],"picked":"Singing Bowl","floor":40}],"player_experience":574196,"relics_obtained":[{"floor":7.0,"key":"Bottled Flame"},{"floor":9.0,"key":"Art of War"},{"floor":10.0,"key":"Dream Catcher"},{"floor":20.0,"key":"Nilry\u0027s Codex"},{"floor":24.0,"key":"Singing Bowl"},{"floor":26.0,"key":"Mercury Hourglass"},{"floor":27.0,"key":"Mummified Hand"},{"floor":36,"key":"Torii"}],"event_choices":[{"damage_healed":16.0,"max_hp_gain":0.0,"max_hp_loss":0.0,"gold_gain":0.0,"event_name":"The Cleric","player_choice":"Healed","floor":2.0,"gold_loss":35.0,"damage_taken":0.0},{"damage_healed":0.0,"max_hp_gain":5.0,"max_hp_loss":0.0,"gold_gain":0.0,"event_name":"Big Fish","player_choice":"Donut","floor":3.0,"gold_loss":0.0,"damage_taken":0.0},{"damage_healed":0.0,"max_hp_gain":0.0,"max_hp_loss":0.0,"gold_gain":75.0,"event_name":"World of Goop","player_choice":"Gather Gold","floor":14.0,"gold_loss":0.0,"damage_taken":11.0},{"damage_healed":0.0,"max_hp_gain":0.0,"max_hp_loss":0.0,"gold_gain":0.0,"event_name":"Cursed Tome","player_choice":"Obtained Book","floor":20.0,"gold_loss":0.0,"damage_taken":21.0},{"damage_healed":0.0,"max_hp_gain":0.0,"max_hp_loss":38.0,"gold_gain":0.0,"event_name":"Ghosts","player_choice":"Became a Ghost","floor":30.0,"gold_loss":0.0,"damage_taken":0.0,"cards_obtained":["Ghostly","Ghostly","Ghostly"]},{"damage_healed":0,"gold_gain":0,"player_choice":"Fight","damage_taken":0,"max_hp_gain":0,"max_hp_loss":0,"event_name":"Mysterious Sphere","floor":36,"gold_loss":0},{"damage_healed":8,"gold_gain":0,"player_choice":"Writhe","damage_taken":0,"max_hp_gain":0,"max_hp_loss":0,"event_name":"Winding Halls","floor":37,"gold_loss":0,"cards_obtained":["Writhe"]}],"is_beta":false,"boss_relics":[{"not_picked":["SacredBark","Runic Dome"],"picked":"WristBlade"},{"not_picked":["SlaversCollar","Ring of the Serpent"],"picked":"Busted Crown"}],"items_purged_floors":[13],"is_endless":false,"potions_floor_spawned":[4,5,18,24,33,38,39],"killed_by":"Giant Head","ascension_level":20}}