{"host":"w9yruvs4bqht6bhw","time":1610825182,"event":{"mods":["BaseMod","Colored Powertips","Minty Spire (QoL Compilation)"],"gold_per_floor":[109,109,126,143,143,176,194,229,229,247,247,247,247],"floor_reached":12,"language":"ENG","playtime":325,"items_purged":[],"score":140,"play_id":"24a27617-27b0-4195-abba-55bebd91a970","local_time":"20210116142622","is_ascension_mode":true,"campfire_choices":[],"circlet_count":0,"master_deck":["AscendersBane","Strike_R","Strike_R","Strike_R","Strike_R","Strike_R","Defend_R+1","Defend_R+1","Defend_R","Defend_R","Bash","Disarm+1","True Grit","Carnage","Iron Wave","Rampage"],"relics":["Burning Blood","Vajra","Omamori","Tiny Chest","War Paint","Toy Ornithopter"],"acts_visited":["Exordium"],"potions_floor_usage":[8,8],"damage_taken":[{"damage":12,"enemies":"Jaw Worm","floor":1,"turns":2},{"damage":0,"enemies":"Small Slimes","floor":3,"turns":3},{"damage":10,"enemies":"Cultist","floor":4,"turns":4},{"damage":31,"enemies":"Gremlin Nob","floor":6,"turns":5},{"damage":15,"enemies":"2 Fungi Beasts","floor":7,"turns":3},{"damage":33,"enemies":"3 Sentries","floor":8,"turns":7},{"damage":8,"enemies":"Red Slaver","floor":10,"turns":5},{"damage":31,"enemies":"Gremlin Nob","floor":12,"turns":4}],"seed_played":"-5347936138020771782","potions_obtained":[{"floor":1,"key":"BlessingOfTheForge"},{"floor":6,"key":"Strength Potion"}],"is_trial":false,"path_per_floor":["M","?","M","M","?","E","M","E","T","M","T","E"],"character_chosen":"IRONCLAD","items_purchased":[],"campfire_rested":0,"item_purchase_floors":[],"current_hp_per_floor":[66,66,72,68,80,55,46,19,19,17,17,0,0],"gold":247,"neow_bonus":"RANDOM_COMMON_RELIC","is_daily":false,"chose_seed":false,"campfire_upgraded":0,"win_rate":0.0,"timestamp":1610825182,"path_taken":["M","?","M","M","?","E","M","E","T","M","?","E"],"items_purchased_type":[],"build_version":"2020-12-22","purchased_purges":0,"victory":false,"max_hp_per_floor":[80,80,80,80,80,80,80,80,80,80,80,80,80],"card_choices":[{"not_picked":["True Grit","Armaments"],"picked":"Disarm","floor":1},{"not_picked":["Thunderclap","Body Slam"],"picked":"True Grit","floor":3},{"not_picked":["Shrug It Off","Shockwave"],"picked":"Carnage","floor":4},{"not_picked":["Warcry","Rupture","Offering"],"picked":"SKIP","floor":6},{"not_picked":["Body Slam","Entrench"],"picked":"Iron Wave","floor":7},{"not_picked":["Twin Strike","Fire Breathing"],"picked":"Rampage","floor":8},{"not_picked":["Burning Pact","Wild Strike","Warcry"],"picked":"SKIP","floor":10}],"player_experience":404591,"relics_obtained":[{"floor":6,"key":"Omamori"},{"floor":8,"key":"Tiny Chest"},{"floor":9,"key":"War Paint"},{"floor":11,"key":"Toy Ornithopter"}],"event_choices":[{"damage_healed":0,"gold_gain":0,"player_choice":"Grow","damage_taken":0,"max_hp_gain":0,"max_hp_loss":0,"event_name":"Living Wall","floor":2,"gold_loss":0,"cards_upgraded":["Disarm"]},{"damage_healed":26,"gold_gain":0,"player_choice":"Banana","damage_taken":0,"max_hp_gain":0,"max_hp_loss":0,"event_name":"Big Fish","floor":5,"gold_loss":0}],"is_beta":false,"boss_relics":[],"items_purged_floors":[],"is_endless":false,"potions_floor_spawned":[1,6],"killed_by":"Gremlin Nob","ascension_level":11}}