{"host":"h4qgcirtxz6qax9j","time":1610806800,"event":{"mods":["AchievementEnabler","BaseMod","Colored Powertips","Minty Spire (QoL Compilation)","StSLib","SuperFastMode","The Animator"],"gold_per_floor":[129,129,60,78,95,95,122,138,138,138,138],"floor_reached":10,"language":"KOR","playtime":507,"items_purged":[],"score":60,"play_id":"74a71ef2-bc27-4b5f-bd0b-fa51045d470e","local_time":"20210116232000","is_ascension_mode":false,"campfire_choices":[{"data":"animator:Eris","floor":6,"key":"SMITH"}],"circlet_count":0,"master_deck":["animator:Strike_Konosuba","animator:Defend_Konosuba","animator:Strike","animator:Strike","animator:Strike+1","animator:Defend","animator:Defend","animator:Defend+1","animator:Kazuma","animator:Aqua","animator:Yoichi","animator:Eris+1","animator:Darkness"],"relics":["animator:LivingPicture","animator:TheMissingPiece","Bottled Lightning"],"acts_visited":["Exordium"],"potions_floor_usage":[10],"damage_taken":[{"damage":9,"enemies":"Jaw Worm","floor":1,"turns":4},{"damage":6,"enemies":"Small Slimes","floor":4,"turns":4},{"damage":12,"enemies":"Cultist","floor":5,"turns":5},{"damage":19,"enemies":"Red Slaver","floor":7,"turns":5},{"damage":6,"enemies":"Exordium Wildlife","floor":8,"turns":10},{"damage":48,"enemies":"Lagavulin","floor":10,"turns":11}],"seed_played":"-3791640719046887900","potions_obtained":[{"floor":8,"key":"Weak Potion"}],"is_trial":false,"path_per_floor":["M","?","$","M","M","R","M","M","T","E"],"character_chosen":"THE_ANIMATOR","items_purchased":["animator:Eris"],"campfire_rested":0,"item_purchase_floors":[3],"current_hp_per_floor":[64,50,50,44,37,37,26,28,28,0,0],"gold":138,"neow_bonus":"TEN_PERCENT_HP_BONUS","is_daily":false,"chose_seed":false,"campfire_upgraded":1,"win_rate":0.0,"timestamp":1610806800,"path_taken":["M","?","$","M","M","R","M","M","T","E"],"items_purchased_type":["Card"],"build_version":"2020-12-22","purchased_purges":0,"victory":false,"max_hp_per_floor":[72,72,72,72,72,72,72,72,72,72,72],"card_choices":[{"not_picked":["animator:Illya","animator:Alexander"],"picked":"animator:Yoichi","floor":1},{"not_picked":["animator:CowGirl","animator:RinTohsaka","animator:TukaLunaMarceau"],"picked":"SKIP","floor":4},{"not_picked":["animator:RinTohsaka","animator:Mitsuba","animator:TukaLunaMarceau"],"picked":"SKIP","floor":5},{"not_picked":["animator:Vanir","animator:Verdia"],"picked":"animator:Darkness","floor":7},{"not_picked":["animator:Caster","animator:CowGirl","animator:Pride"],"picked":"SKIP","floor":8}],"player_experience":54527,"relics_obtained":[{"floor":9,"key":"Bottled Lightning"}],"event_choices":[{"damage_healed":0,"gold_gain":0,"player_choice":"Entered Light","damage_taken":14,"max_hp_gain":0,"max_hp_loss":0,"event_name":"Shining Light","floor":2,"gold_loss":0,"cards_upgraded":["animator:Strike","animator:Defend"]}],"is_beta":false,"boss_relics":[],"items_purged_floors":[],"is_endless":false,"potions_floor_spawned":[8],"killed_by":"Lagavulin","ascension_level":0}}