{"host":"qhhcmep1unj6mpf7","time":1610774271,"event":{"mods":["2.2 Compatiblity","AchievementEnabler","BaseMod","Colored Map","DeckTracker","Highlight Path","Keyboard Shortcuts","Minty Spire (QoL Compilation)","Permanent Neow","Quick Restart","Random Character Button","StSLib","SuperFastMode","everything is the same but u backflip on backflip"],"gold_per_floor":[56,56,68,68,14,79,119,119,119,119,155,205,205,238,238,382,382,421,432,432,188,208,240,240,11,11,11,47,47,82,94,94,198,198,218,232,232,232,232,232],"floor_reached":39,"language":"KOR","playtime":1748,"items_purged":[],"score":498,"play_id":"23581297-2229-4170-9ea9-e8c41c6f26d8","local_time":"20210116141751","is_ascension_mode":true,"campfire_choices":[{"data":"Glacier","floor":8.0,"key":"SMITH"},{"data":"Amplify","floor":13.0,"key":"SMITH"},{"floor":15.0,"key":"REST"},{"floor":24.0,"key":"REST"},{"data":"Forethought","floor":29.0,"key":"SMITH"},{"data":"White Noise","floor":32.0,"key":"SMITH"}],"circlet_count":0,"master_deck":["Strike_B+1","Defend_B+1","Defend_B+1","Defend_B","Zap+1","HandOfGreed","Glacier+1","Amplify+1","Coolheaded","Biased Cognition+1","Machine Learning+1","Redo+1","Loop+1","Loop+1","Forethought+1","Consume","Loop+1","White Noise+1","White Noise+1","Meteor Strike"],"relics":["Cracked Core","Pear","War Paint","Bird Faced Urn","Frozen Egg 2","Astrolabe","OrangePellets","Letter Opener","Medical Kit","Bottled Tornado","Empty Cage"],"acts_visited":["Exordium","TheCity","TheBeyond"],"potions_floor_usage":[36],"damage_taken":[{"damage":4.0,"enemies":"Small Slimes","floor":1.0,"turns":4.0},{"damage":1.0,"enemies":"Cultist","floor":3.0,"turns":4.0},{"damage":43.0,"enemies":"3 Sentries","floor":6.0,"turns":7.0},{"damage":2.0,"enemies":"Jaw Worm","floor":7.0,"turns":3.0},{"damage":0.0,"enemies":"Blue Slaver","floor":11.0,"turns":3.0},{"damage":14.0,"enemies":"Gremlin Nob","floor":12.0,"turns":3.0},{"damage":6.0,"enemies":"Large Slime","floor":14.0,"turns":4.0},{"damage":19.0,"enemies":"Slime Boss","floor":16.0,"turns":16.0},{"damage":25.0,"enemies":"3 Byrds","floor":18.0,"turns":7.0},{"damage":32.0,"enemies":"2 Thieves","floor":19.0,"turns":4.0},{"damage":22.0,"enemies":"Snake Plant","floor":22.0,"turns":4.0},{"damage":22.0,"enemies":"Book of Stabbing","floor":23.0,"turns":6.0},{"damage":40.0,"enemies":"3 Cultists","floor":28.0,"turns":6.0},{"damage":15.0,"enemies":"Cultist and Chosen","floor":30.0,"turns":6.0},{"damage":38.0,"enemies":"Shelled Parasite and Fungi","floor":31.0,"turns":4.0},{"damage":27.0,"enemies":"Collector","floor":33.0,"turns":7.0},{"damage":30,"enemies":"Orb Walker","floor":35,"turns":3},{"damage":52,"enemies":"3 Darklings","floor":36,"turns":6},{"damage":59,"enemies":"Transient","floor":39,"turns":3}],"seed_played":"5159018038637580451","potions_obtained":[{"floor":1.0,"key":"FearPotion"},{"floor":3.0,"key":"SpeedPotion"},{"floor":7.0,"key":"Dexterity Potion"},{"floor":14.0,"key":"LiquidMemories"},{"floor":16.0,"key":"Block Potion"},{"floor":18.0,"key":"FairyPotion"},{"floor":33.0,"key":"PowerPotion"},{"floor":35,"key":"Regen Potion"}],"is_trial":false,"path_per_floor":["M","?","M","?","$","E","M","R","T","?","M","E","R","M","R","B",null,"M","M","?","$","M","E","R","$","T","$","M","R","M","M","R","B",null,"M","M","?","$","M"],"character_chosen":"DEFECT","items_purchased":["Cold Snap","OrangePellets","Forethought","Loop+1","Medical Kit"],"campfire_rested":2,"item_purchase_floors":[5,21,21,25,25],"current_hp_per_floor":[71,56,55,60,60,27,25,25,25,25,25,11,11,7,34,19,90,67,39,39,39,25,15,42,42,42,42,18,18,15,23,23,26,90,64,42,42,42,0,0],"gold":232,"neow_bonus":"RANDOM_COLORLESS_2","is_daily":false,"chose_seed":false,"campfire_upgraded":4,"win_rate":0.0,"timestamp":1610774271,"path_taken":["M","?","M","?","$","E","M","R","T","?","?","E","R","?","R","BOSS","M","M","?","$","M","E","R","$","T","?","M","R","M","M","R","BOSS","M","M","?","$","M"],"items_purchased_type":["Card","Relic","Card","Card","Relic"],"build_version":"2020-12-22","purchased_purges":0,"victory":false,"max_hp_per_floor":[75,75,75,80,80,90,90,90,90,90,90,90,90,90,90,90,90,90,90,90,90,90,90,90,90,90,90,90,90,90,90,90,90,90,90,90,90,90,90,90],"card_choices":[{"not_picked":["Apotheosis","Secret Weapon"],"picked":"HandOfGreed","floor":0.0},{"not_picked":["Steam","Stack"],"picked":"Glacier","floor":1.0},{"not_picked":["Tempest","Compile Driver","Barrage"],"picked":"SKIP","floor":3.0},{"not_picked":["Melter","White Noise"],"picked":"Amplify","floor":6.0},{"not_picked":["Sweeping Beam","Go for the Eyes","Steam Power"],"picked":"SKIP","floor":7.0},{"not_picked":["Compile Driver","Redo"],"picked":"Coolheaded","floor":11.0},{"not_picked":["Turbo","Force Field"],"picked":"Biased Cognition+1","floor":12.0},{"not_picked":["Stack","Turbo","Rebound"],"picked":"SKIP","floor":14.0},{"not_picked":["Hyperbeam","Amplify"],"picked":"Machine Learning+1","floor":16.0},{"not_picked":["Cold Snap","Stack+1","Redo"],"picked":"SKIP","floor":18.0},{"not_picked":["Stack","Sunder","Doom and Gloom"],"picked":"SKIP","floor":19.0},{"not_picked":["Rip and Tear","Turbo"],"picked":"Consume","floor":22.0},{"not_picked":["Streamline+1","Recycle","Reinforced Body"],"picked":"SKIP","floor":23.0},{"not_picked":["Recycle","Go for the Eyes"],"picked":"White Noise","floor":28.0},{"not_picked":["Conserve Battery","Reprogram+1","Melter"],"picked":"SKIP","floor":30.0},{"not_picked":["Loop+1","Doom and Gloom"],"picked":"White Noise+1","floor":31.0},{"not_picked":["Creative AI+1","Rainbow"],"picked":"Meteor Strike","floor":33.0},{"not_picked":["Rebound+1","Stack+1","Barrage"],"picked":"SKIP","floor":35},{"not_picked":["Stack+1","Compile Driver+1","Sweeping Beam+1"],"picked":"SKIP","floor":36}],"player_experience":347487,"relics_obtained":[{"floor":6.0,"key":"Pear"},{"floor":9.0,"key":"War Paint"},{"floor":10.0,"key":"Bird Faced Urn"},{"floor":12.0,"key":"Frozen Egg 2"},{"floor":23.0,"key":"Letter Opener"},{"floor":26.0,"key":"Bottled Tornado"}],"event_choices":[{"damage_healed":0.0,"max_hp_gain":0.0,"max_hp_loss":0.0,"gold_gain":0.0,"event_name":"Shining Light","player_choice":"Entered Light","floor":2.0,"gold_loss":0.0,"damage_taken":15.0,"cards_upgraded":["Strike_B","Defend_B"]},{"damage_healed":0.0,"max_hp_gain":5.0,"max_hp_loss":0.0,"gold_gain":0.0,"event_name":"Big Fish","player_choice":"Donut","floor":4.0,"gold_loss":0.0,"damage_taken":0.0},{"damage_healed":0.0,"max_hp_gain":0.0,"max_hp_loss":0.0,"gold_gain":0.0,"event_name":"Wheel of Change","player_choice":"Relic","floor":10.0,"gold_loss":0.0,"damage_taken":0.0},{"damage_healed":0.0,"max_hp_gain":0.0,"max_hp_loss":0.0,"gold_gain":0.0,"cards_transformed":["Defend_B"],"event_name":"Transmorgrifier","player_choice":"Transformed","floor":20.0,"gold_loss":0.0,"damage_taken":0.0,"cards_obtained":["FTL"]},{"cards_removed":["FTL"],"damage_healed":0,"gold_gain":0,"player_choice":"Removed Attack","damage_taken":0,"max_hp_gain":0,"max_hp_loss":0,"event_name":"Falling","floor":37,"gold_loss":0}],"is_beta":false,"boss_relics":[{"not_picked":["Black Star","Nuclear Battery"],"picked":"Astrolabe"},{"not_picked":["Calling Bell","Pandora\u0027s Box"],"picked":"Empty Cage"}],"items_purged_floors":[],"is_endless":false,"potions_floor_spawned":[1,3,7,14,16,18,19,23,33,35],"killed_by":"Transient","ascension_level":3}}