{"host":"xpzu3ao9bvbn9hmu","time":1610797309,"event":{"mods":["100% Spire Juice","ATMod(阿瑾Mod)","Alarm Clock","Arknights The Spire","BaseMod","Colored Powertips","Decade(王小明)","Dota2Spire","GifTheSpireLib","KinomotoSakuraMod(木之本樱)","Lobotomy","LobotomyExtend","Luminous","Marisa（F雨　魔理沙）","Minty Spire (QoL Compilation)","MostiFishMod","Reimu（博丽灵梦）","Relic Stats","Remilia（蕾米莉亚）","Replay The Spire","Spicy Shops","StSLib","The Gatherer","The Runesmith","The Servant 0.9.4","Waifu the Spire","WarShipGirlsR/战舰少女R mod","Yakumo Yukari mod","Youmu（魂魄妖梦）","[IsaacMod]以撒尖塔","残留之物"],"gold_per_floor":[114,207,227,247,72,72,102,102,102,146,180,193,193,222,222,80,80,80,80],"floor_reached":18,"language":"ZHS","playtime":1075,"items_purged":[],"score":193,"play_id":"1ca98b5d-284c-4c52-9fd1-d213e0b01f8c","local_time":"20210116194149","is_ascension_mode":false,"campfire_choices":[{"data":"Moonworks:AngelHand","floor":6,"key":"SMITH"},{"data":"Moonworks:SakisCookie","floor":8,"key":"SMITH"},{"data":"Moonworks:LulusLuckyEgg","floor":13,"key":"SMITH"},{"data":"Moonworks:LongDistanceShot","floor":15,"key":"SMITH"}],"circlet_count":0,"master_deck":["Moonworks:Strike","Moonworks:Strike","Moonworks:Strike","Moonworks:Strike","Moonworks:Defend","Moonworks:Defend","Moonworks:Defend","Moonworks:Defend+1","Moonworks:Ambush+1","Moonworks:LongDistanceShot+1","Moonworks:SakisCookie+1","Moonworks:StiffCrystal","Moonworks:Dinner+1","Moonworks:Dash","Moonworks:AngelHand","Moonworks:IndiscriminateFireSupport","Moonworks:AngelHand+1","Moonworks:Bloodlust","Moonworks:LulusLuckyEgg+1","Moonworks:Assault","Moonworks:MetallicMonocoque","Moonworks:Gamble"],"relics":["Moonworks:BrokenBomb","Moonworks:Homemark","AT_ATBox","DaveBox","HushsDoor","PillsDrop","LetterFromLob","Snack Pack","War Paint","Iron Hammer","RhineSuit"],"acts_visited":["Exordium","TheCity"],"potions_floor_usage":[16],"damage_taken":[{"damage":1,"enemies":"2 Louse","floor":1,"turns":3},{"damage":0,"enemies":"Cultist","floor":3,"turns":5},{"damage":0,"enemies":"Jaw Worm","floor":4,"turns":3},{"damage":0,"enemies":"Gremlin Nob","floor":11,"turns":4},{"damage":0,"enemies":"2 Fungi Beasts","floor":12,"turns":1},{"damage":29,"enemies":"Lagavulin","floor":14,"turns":8},{"damage":65,"enemies":"Slime Boss","floor":16,"turns":16},{"damage":1005,"enemies":"Spheric Guardian","floor":18,"turns":3}],"seed_played":"-7606106385532422130","potions_obtained":[{"floor":1,"key":"GamblersBrew"},{"floor":3,"key":"Milkshake"}],"is_trial":false,"path_per_floor":["M","?","M","M","$","R","?","R","T","?","E","M","R","E","R","B",null,"M"],"character_chosen":"THE_STARBREAKER","items_purchased":["Moonworks:AngelHand","Moonworks:Gamble"],"campfire_rested":0,"item_purchase_floors":[5,17],"current_hp_per_floor":[59,35,43,46,46,46,46,46,46,31,36,39,39,39,39,11,52,0,0],"gold":80,"neow_bonus":"RANDOM_EVENT","is_daily":false,"chose_seed":false,"campfire_upgraded":4,"win_rate":0.0,"timestamp":1610797309,"path_taken":["M","?","M","M","$","R","?","R","T","?","E","M","R","E","R","BOSS","M"],"items_purchased_type":["Card","Card"],"build_version":"2020-12-22","purchased_purges":0,"victory":false,"max_hp_per_floor":[60,60,55,55,55,55,55,55,55,55,55,55,55,55,55,55,52,52,52],"relic_stats":{"counters":[8,43],"War Paint":["Moonworks:Defend","Moonworks:Dinner"],"obtain_stats":[{"KeepersGift":0,"AT_ATBox":0,"DaveBox":0,"Moonworks:Homemark":0,"PillsDrop":0,"RhineSuit":17,"Iron Hammer":14,"LetterFromLob":1,"Snack Pack":9,"War Paint":11,"HushsDoor":0,"Moonworks:BrokenBomb":0},{"KeepersGift":0,"AT_ATBox":0,"DaveBox":0,"Moonworks:Homemark":0,"PillsDrop":0,"RhineSuit":7,"Iron Hammer":6,"LetterFromLob":1,"Snack Pack":3,"War Paint":4,"HushsDoor":0,"Moonworks:BrokenBomb":0},{"KeepersGift":0,"AT_ATBox":0,"DaveBox":0,"Moonworks:Homemark":0,"PillsDrop":0,"RhineSuit":40,"Iron Hammer":24,"LetterFromLob":3,"Snack Pack":11,"War Paint":15,"HushsDoor":0,"Moonworks:BrokenBomb":0}]},"card_choices":[{"not_picked":["Moonworks:Heat300Percent","Moonworks:BigMagnum"],"picked":"Moonworks:SakisCookie","floor":1},{"not_picked":["Moonworks:BigMagnum","Moonworks:NicePresent"],"picked":"Moonworks:StiffCrystal","floor":2},{"not_picked":["Moonworks:TacticalRetreat","Moonworks:CloudOfSeagulls"],"picked":"Moonworks:Dinner","floor":2},{"not_picked":["Moonworks:ScrambledEve","Moonworks:UnpaidWork"],"picked":"Moonworks:Dash","floor":2},{"not_picked":["Moonworks:TacticalRetreat","Moonworks:Accelerator"],"picked":"Moonworks:AngelHand","floor":3},{"not_picked":["Moonworks:CloudOfSeagulls","Moonworks:WindyEnchantment"],"picked":"Moonworks:IndiscriminateFireSupport","floor":4},{"not_picked":["Moonworks:IndiscriminateFireSupport","Moonworks:UnpaidWork"],"picked":"Moonworks:Bloodlust","floor":11},{"not_picked":["Bomb","Moonworks:SubspaceTunnel"],"picked":"Moonworks:LulusLuckyEgg","floor":12},{"not_picked":["Moonworks:BindingChains","Moonworks:SelfDestruct"],"picked":"Moonworks:Assault","floor":14},{"not_picked":["Moonworks:Blazing","Moonworks:MeltingMemories"],"picked":"Moonworks:MetallicMonocoque","floor":16}],"player_experience":60355,"relics_obtained":[{"floor":1,"key":"LetterFromLob"},{"floor":9,"key":"Snack Pack"},{"floor":11,"key":"War Paint"},{"floor":14,"key":"Iron Hammer"}],"event_choices":[{"damage_healed":0,"gold_gain":0,"player_choice":"Grow","damage_taken":0,"max_hp_gain":0,"max_hp_loss":0,"event_name":"Living Wall","floor":0,"gold_loss":0,"cards_upgraded":["Moonworks:Ambush"]},{"damage_healed":0,"gold_gain":30,"player_choice":"Searched \u00271\u0027 times","damage_taken":0,"max_hp_gain":0,"max_hp_loss":0,"event_name":"Dead Adventurer","floor":7,"gold_loss":0}],"is_beta":false,"boss_relics":[{"not_picked":["Ring of Chaos","ChewingGum"],"picked":"RhineSuit"},{"not_picked":[]}],"items_purged_floors":[],"is_endless":false,"potions_floor_spawned":[1,3,16],"killed_by":"Spheric Guardian","ascension_level":0}}