{"host":"2tgyrzvaa7l04o2e","time":1610826139,"event":{"mods":["BaseMod","Highlight Path","Minty Spire (QoL Compilation)","Permanent Neow","Relic Stats"],"gold_per_floor":[114,114,38,58,76,96,96,125,125,154,174,174,185,210,210,306,306,326,425,439,439,439,439],"floor_reached":22,"language":"ENG","playtime":839,"items_purged":[],"score":410,"play_id":"ee076786-3c85-433e-aad5-804f7b79a03a","local_time":"20210116204219","is_ascension_mode":true,"campfire_choices":[{"floor":7,"key":"REST"},{"floor":12,"key":"REST"},{"data":"Sunder","floor":15,"key":"SMITH"}],"circlet_count":0,"master_deck":["AscendersBane","Zap","Dualcast","Streamline","Sunder+1","Sweeping Beam","Doom and Gloom","Darkness","Hologram","BootSequence","Hologram","Multi-Cast","Skim","Leap","Compile Driver","Genetic Algorithm","Ball Lightning","Darkness","Cold Snap","White Noise","Coolheaded"],"relics":["SlaversCollar","Omamori","Anchor","The Courier","Eternal Feather","Pandora\u0027s Box","MutagenicStrength"],"acts_visited":["Exordium","TheCity"],"potions_floor_usage":[6,14,14,22],"damage_taken":[{"damage":9,"enemies":"2 Louse","floor":1,"turns":3},{"damage":11,"enemies":"Small Slimes","floor":4,"turns":3},{"damage":9,"enemies":"Jaw Worm","floor":5,"turns":4},{"damage":4,"enemies":"2 Fungi Beasts","floor":6,"turns":3},{"damage":26,"enemies":"Gremlin Nob","floor":8,"turns":4},{"damage":25,"enemies":"3 Sentries","floor":10,"turns":4},{"damage":6,"enemies":"Looter","floor":11,"turns":3},{"damage":5,"enemies":"3 Louse","floor":13,"turns":2},{"damage":15,"enemies":"Lagavulin","floor":14,"turns":3},{"damage":0,"enemies":"Slime Boss","floor":16,"turns":7},{"damage":13,"enemies":"2 Thieves","floor":18,"turns":4},{"damage":20,"enemies":"Spheric Guardian","floor":20,"turns":5},{"damage":31,"enemies":"3 Cultists","floor":22,"turns":3}],"seed_played":"-4044790525089611135","potions_obtained":[{"floor":4,"key":"BlessingOfTheForge"},{"floor":8,"key":"FairyPotion"},{"floor":11,"key":"FearPotion"},{"floor":13,"key":"PowerPotion"},{"floor":14,"key":"LiquidBronze"},{"floor":16,"key":"Ancient Potion"},{"floor":20,"key":"SkillPotion"}],"is_trial":false,"path_per_floor":["M","?","$","M","M","M","R","E","T","E","M","R","M","E","R","B",null,"M","?","M","?","M"],"character_chosen":"DEFECT","items_purchased":["Sunder"],"campfire_rested":2,"item_purchase_floors":[3],"current_hp_per_floor":[59,44,44,33,24,20,42,16,16,22,16,38,33,18,27,27,63,50,50,30,30,0,0],"gold":439,"neow_bonus":"BOSS_RELIC","is_daily":false,"chose_seed":false,"campfire_upgraded":1,"win_rate":0.0,"timestamp":1610826139,"path_taken":["M","?","$","M","M","M","R","E","T","E","M","R","M","E","R","BOSS","M","?","M","?","M"],"items_purchased_type":["Card"],"build_version":"2020-12-22","purchased_purges":0,"victory":false,"max_hp_per_floor":[75,75,75,75,75,75,75,75,75,75,75,75,75,75,75,75,75,75,75,75,75,75,75],"relic_stats":{"counters":[13,48],"Eternal Feather":9,"Pandora\u0027s Box":["Skim","Leap","Compile Driver","Genetic Algorithm","Ball Lightning","Darkness","Cold Snap","White Noise"],"obtain_stats":[{"SlaversCollar":0,"Anchor":9,"MutagenicStrength":21,"Eternal Feather":14,"Pandora\u0027s Box":17,"The Courier":10,"Omamori":8,"Cracked Core":0},{"SlaversCollar":0,"Anchor":5,"MutagenicStrength":12,"Eternal Feather":9,"Pandora\u0027s Box":10,"The Courier":6,"Omamori":5,"Cracked Core":0},{"SlaversCollar":0,"Anchor":17,"MutagenicStrength":45,"Eternal Feather":29,"Pandora\u0027s Box":36,"The Courier":21,"Omamori":17,"Cracked Core":0}]},"card_choices":[{"not_picked":["Barrage","Beam Cell"],"picked":"Streamline","floor":1},{"not_picked":["Leap","Sunder"],"picked":"Sweeping Beam","floor":4},{"not_picked":["Storm","Streamline"],"picked":"Doom and Gloom","floor":5},{"not_picked":["Steam","Redo"],"picked":"Darkness","floor":6},{"not_picked":["Rip and Tear","Leap","Beam Cell"],"picked":"SKIP","floor":8},{"not_picked":["Barrage","Lockon","Gash"],"picked":"SKIP","floor":10},{"not_picked":["Doom and Gloom","Redo"],"picked":"Hologram","floor":11},{"not_picked":["Consume","Blizzard"],"picked":"BootSequence","floor":13},{"not_picked":["Rebound","Machine Learning"],"picked":"Hologram","floor":14},{"not_picked":["Rainbow","Machine Learning"],"picked":"Multi-Cast","floor":16},{"not_picked":["Turbo","Beam Cell"],"picked":"Coolheaded","floor":18},{"not_picked":["Barrage","Stack","Rip and Tear+1"],"picked":"SKIP","floor":20}],"player_experience":615694,"relics_obtained":[{"floor":8,"key":"Omamori"},{"floor":9,"key":"Anchor"},{"floor":10,"key":"The Courier"},{"floor":14,"key":"Eternal Feather"}],"event_choices":[{"damage_healed":0,"gold_gain":0,"player_choice":"Entered Light","damage_taken":15,"max_hp_gain":0,"max_hp_loss":0,"event_name":"Shining Light","floor":2,"gold_loss":0,"cards_upgraded":["Strike_B","Strike_B"]},{"damage_healed":0,"gold_gain":99,"player_choice":"Stole From Cult","damage_taken":0,"max_hp_gain":0,"max_hp_loss":0,"event_name":"Nest","floor":19,"gold_loss":0},{"damage_healed":0,"gold_gain":0,"player_choice":"Inject Mutagens","damage_taken":0,"relics_obtained":["MutagenicStrength"],"max_hp_gain":0,"max_hp_loss":0,"event_name":"Drug Dealer","floor":21,"gold_loss":0}],"is_beta":false,"boss_relics":[{"not_picked":["Empty Cage","Philosopher\u0027s Stone"],"picked":"Pandora\u0027s Box"}],"items_purged_floors":[],"is_endless":false,"potions_floor_spawned":[4,8,11,13,14,16,20],"killed_by":"3 Cultists","ascension_level":12}}