{"host":"pgqkv8mh62pnrbci","time":1610781142,"event":{"mods":["2.2 Compatiblity","AchievementEnabler","BaseMod","Custom Start","DeckTracker","Minty Spire (QoL Compilation)","Replay The Spire","StSLib","SuperFastMode","¡¼?Úª?ø«¡½REMEMod"],"gold_per_floor":[116,131,131,142,142,142,158,175,201,201,124,124,143,155,155,155,155],"floor_reached":16,"language":"KOR","playtime":484,"items_purged":[],"score":183,"play_id":"17db1f09-432c-4111-9057-fd448186e815","local_time":"20210116161222","is_ascension_mode":true,"campfire_choices":[{"data":"Cloak And Dagger","floor":6.0,"key":"SMITH"},{"data":"Neutralize","floor":10.0,"key":"SMITH"},{"data":"Noxious Fumes","floor":15,"key":"SMITH"}],"circlet_count":0,"master_deck":["AscendersBane","Strike_G","Strike_G+1","Strike_G","Strike_G+1","Defend_G","Defend_G","Defend_G","Defend_G","Defend_G","Survivor","Neutralize+1","Hemokinesis","Dagger Spray","Cloak And Dagger+1","Blade Dance","Masterful Stab","Reflex","Noxious Fumes+1","Night Terror","REME_ShadowStrike"],"relics":["Ring of the Snake","REME_ComplimentaryCards","NeowsBlessing","Nunchaku","Simple Rune","Girya"],"acts_visited":["Exordium"],"potions_floor_usage":[14,14],"damage_taken":[{"damage":0.0,"enemies":"Small Slimes","floor":1.0,"turns":1.0},{"damage":0.0,"enemies":"Cultist","floor":2.0,"turns":1.0},{"damage":0.0,"enemies":"Jaw Worm","floor":4.0,"turns":1.0},{"damage":0.0,"enemies":"Lots of Slimes","floor":7.0,"turns":2.0},{"damage":21.0,"enemies":"Exordium Thugs","floor":8.0,"turns":5.0},{"damage":1.0,"enemies":"Looter","floor":13.0,"turns":2.0},{"damage":8,"enemies":"Large Slime","floor":14,"turns":3},{"damage":30,"enemies":"Hexaghost","floor":16,"turns":9}],"seed_played":"6091818442877504078","potions_obtained":[{"floor":1.0,"key":"Explosive Potion"},{"floor":7.0,"key":"ColorlessPotion"},{"floor":8.0,"key":"ColorlessPotion"},{"floor":14,"key":"EssenceOfSteel"}],"is_trial":false,"path_per_floor":["M","M","?","M","?","R","M","M","T","R","$","T","M","M","R","B"],"character_chosen":"THE_SILENT","items_purchased":["Noxious Fumes"],"campfire_rested":0,"item_purchase_floors":[11],"current_hp_per_floor":[59,59,59,59,59,59,59,38,38,38,38,38,37,29,29,0,0],"gold":155,"neow_bonus":"THREE_ENEMY_KILL","is_daily":false,"chose_seed":false,"campfire_upgraded":3,"win_rate":0.0,"timestamp":1610781142,"path_taken":["M","M","?","?","?","R","?","M","T","R","?","?","M","M","R","BOSS"],"items_purchased_type":["Card"],"build_version":"2020-12-22","purchased_purges":0,"victory":false,"max_hp_per_floor":[66,66,66,66,66,66,66,66,66,66,66,66,66,66,66,66,66],"card_choices":[{"not_picked":["Prepared","Flying Knee"],"picked":"Dagger Spray","floor":1.0},{"not_picked":["Sucker Punch","Acrobatics"],"picked":"Cloak And Dagger","floor":2.0},{"not_picked":["Slice","ReplayTheSpireMod:Shiv Toss"],"picked":"Blade Dance","floor":4.0},{"not_picked":["Concentrate","Draining Mist"],"picked":"Masterful Stab","floor":7.0},{"not_picked":["Dodge and Roll","Outmaneuver"],"picked":"Reflex","floor":8.0},{"not_picked":["Cloak And Dagger","Reflex"],"picked":"Night Terror","floor":13.0},{"not_picked":["Underhanded Strike","Flying Knee"],"picked":"REME_ShadowStrike","floor":14}],"player_experience":636992,"relics_obtained":[{"floor":9.0,"key":"Simple Rune"},{"floor":12.0,"key":"Girya"}],"event_choices":[{"damage_healed":0.0,"max_hp_gain":0.0,"max_hp_loss":0.0,"gold_gain":0.0,"event_name":"WeMeetAgain","player_choice":"Gave Potion","floor":3.0,"gold_loss":0.0,"damage_taken":0.0,"relics_obtained":["Nunchaku"]},{"cards_removed":["Strike_G"],"damage_healed":0.0,"max_hp_gain":0.0,"max_hp_loss":0.0,"gold_gain":0.0,"event_name":"Bonfire Elementals","player_choice":"Offered Basic","floor":5.0,"gold_loss":0.0,"damage_taken":0.0}],"is_beta":false,"boss_relics":[],"items_purged_floors":[],"is_endless":false,"potions_floor_spawned":[1,7,8,14],"killed_by":"Hexaghost","ascension_level":19}}