{"host":"8f5cu9y0fpol72qs","time":1610765934,"event":{"mods":["AlwaysNeverKeys","BaseMod","Colored Map","Colored Powertips","Curses Come First","Highlight Path","Key Reminder","Minty Spire (QoL Compilation)","StSLib"],"gold_per_floor":[119,119,138,138,156,156,183,183,207,220,230,249,249,284,284,361,361,381,381,394,319,332,366,366,401,428,428,478,478,490,249,249,325,325,339,359,77,88,104,129,129,161,240,267,285,295,295,295,295,295,295,295,5,30,30,30],"floor_reached":55,"language":"ENG","playtime":11063,"items_purged":["Defend_P","Strike_P+1"],"score":1575,"play_id":"b7151c95-06a6-4d97-95dc-f16d3c5fdc5a","local_time":"20210115185854","is_ascension_mode":true,"campfire_choices":[{"data":"WheelKick","floor":6.0,"key":"SMITH"},{"floor":8.0,"key":"REST"},{"floor":13.0,"key":"REST"},{"data":"Worship","floor":15.0,"key":"SMITH"},{"floor":27.0,"key":"REST"},{"floor":29.0,"key":"REST"},{"data":"Establishment","floor":32.0,"key":"SMITH"},{"floor":41.0,"key":"REST"},{"floor":49.0,"key":"RECALL"},{"data":"Protect","floor":52.0,"key":"SMITH"}],"circlet_count":0,"master_deck":["AscendersBane","Strike_P+1","Strike_P+1","Defend_P+1","Eruption+1","Vigilance+1","WheelKick+1","Vault+1","LessonLearned+1","Protect+1","CutThroughFate+1","Meditate+1","Worship+1","SpiritShield+1","Conclude+1","Protect+1","ReachHeaven+1","Establishment+1","DevaForm+1","Ragnarok+1","WindmillStrike+1","Protect+1","WheelKick+1","Wallop+1","Thinking Ahead"],"relics":["HolyWater","Blood Vial","Sundial","Turnip","Toy Ornithopter","Tiny Chest","Black Star","Oddly Smooth Stone","Boot","FossilizedHelix","Nunchaku","Yang","Blue Candle","Damaru","Orichalcum","Pear","Pen Nib","CaptainsWheel"],"acts_visited":["Exordium","TheCity","TheBeyond","TheEnding"],"potions_floor_usage":[55],"damage_taken":[{"damage":0.0,"enemies":"Cultist","floor":1.0,"turns":3.0},{"damage":0.0,"enemies":"2 Louse","floor":3.0,"turns":3.0},{"damage":0.0,"enemies":"Small Slimes","floor":5.0,"turns":3.0},{"damage":12.0,"enemies":"3 Sentries","floor":7.0,"turns":6.0},{"damage":10.0,"enemies":"Exordium Thugs","floor":10.0,"turns":6.0},{"damage":0.0,"enemies":"Blue Slaver","floor":11.0,"turns":3.0},{"damage":16.0,"enemies":"3 Louse","floor":12.0,"turns":6.0},{"damage":0.0,"enemies":"Gremlin Nob","floor":14.0,"turns":3.0},{"damage":11.0,"enemies":"Slime Boss","floor":16.0,"turns":7.0},{"damage":0.0,"enemies":"Spheric Guardian","floor":18.0,"turns":4.0},{"damage":0.0,"enemies":"Shell Parasite","floor":20.0,"turns":4.0},{"damage":6.0,"enemies":"Snecko","floor":22.0,"turns":8.0},{"damage":19.0,"enemies":"Slavers","floor":23.0,"turns":5.0},{"damage":37.0,"enemies":"Book of Stabbing","floor":25.0,"turns":8.0},{"damage":0.0,"enemies":"Centurion and Healer","floor":30.0,"turns":3.0},{"damage":18.0,"enemies":"Collector","floor":33.0,"turns":10.0},{"damage":0.0,"enemies":"3 Shapes","floor":35.0,"turns":6.0},{"damage":0.0,"enemies":"3 Darklings","floor":36.0,"turns":5.0},{"damage":0.0,"enemies":"Maw","floor":38.0,"turns":8.0},{"damage":28.0,"enemies":"Spire Growth","floor":39.0,"turns":6.0},{"damage":0.0,"enemies":"Giant Head","floor":40.0,"turns":7.0},{"damage":0.0,"enemies":"Nemesis","floor":42.0,"turns":6.0},{"damage":0.0,"enemies":"Giant Head","floor":44.0,"turns":8.0},{"damage":27.0,"enemies":"Sphere and 2 Shapes","floor":45.0,"turns":8.0},{"damage":0.0,"enemies":"Maw","floor":46.0,"turns":6.0},{"damage":0.0,"enemies":"Reptomancer","floor":47.0,"turns":2.0},{"damage":34.0,"enemies":"Time Eater","floor":50.0,"turns":13.0},{"damage":19.0,"enemies":"Shield and Spear","floor":54.0,"turns":7.0},{"damage":76,"enemies":"The Heart","floor":55,"turns":9}],"seed_played":"-4867325519314899594","potions_obtained":[{"floor":7.0,"key":"Swift Potion"},{"floor":12.0,"key":"Weak Potion"},{"floor":16.0,"key":"Energy Potion"},{"floor":18.0,"key":"Fruit Juice"},{"floor":20.0,"key":"PowerPotion"},{"floor":25.0,"key":"SkillPotion"},{"floor":30.0,"key":"Dexterity Potion"},{"floor":38.0,"key":"SpeedPotion"},{"floor":39.0,"key":"Weak Potion"},{"floor":45.0,"key":"PowerPotion"},{"floor":46.0,"key":"SmokeBomb"}],"is_trial":false,"path_per_floor":["M","?","M","?","M","R","E","R","T","M","M","M","R","E","R","B",null,"M","?","M","$","M","E","?","E","T","R","?","R","M","$","R","B",null,"M","M","$","M","M","E","R","E","T","E","M","M","E","?","R","B",null,"R","$","E","B"],"character_chosen":"WATCHER","items_purchased":["Establishment","Oddly Smooth Stone","Ragnarok","Pear","SkillPotion"],"campfire_rested":5,"item_purchase_floors":[31,37,37,53,53],"current_hp_per_floor":[43,43,43,43,43,43,31,51,51,43,45,31,51,53,53,44,62,69,69,71,71,67,50,37,2,2,25,25,48,50,50,50,39,68,70,72,72,74,48,50,73,75,75,77,56,63,70,65,65,33,67,67,77,65,0,0],"gold":30,"neow_bonus":"REMOVE_TWO","is_daily":false,"chose_seed":false,"campfire_upgraded":4,"win_rate":0.0,"timestamp":1610765934,"path_taken":["M","?","M","?","?","R","E","R","T","?","M","M","R","E","R","BOSS","M","?","M","?","?","E","?","E","T","R","?","R","M","$","R","BOSS","M","M","$","M","M","E","R","E","T","E","?","M","E","?","R","BOSS","R","$","E","BOSS"],"items_purchased_type":["Card","Relic","Card","Relic","Potion"],"build_version":"2020-12-22","purchased_purges":2,"victory":false,"max_hp_per_floor":[68,68,68,68,68,68,68,68,68,68,68,68,68,68,68,68,68,73,73,73,73,73,73,78,78,78,78,78,78,78,78,78,78,78,78,78,78,78,78,78,78,78,78,78,78,78,78,78,78,78,78,78,88,88,88,88],"card_choices":[{"not_picked":["JustLucky","Halt"],"picked":"WheelKick","floor":1.0},{"not_picked":["EmptyFist","Protect"],"picked":"Vault","floor":3.0},{"not_picked":["ForeignInfluence","EmptyBody","Study"],"picked":"SKIP","floor":5.0},{"not_picked":["CutThroughFate","WreathOfFlame"],"picked":"LessonLearned","floor":7.0},{"not_picked":["Meditate","Prostrate"],"picked":"Protect","floor":10.0},{"not_picked":["WaveOfTheHand","SandsOfTime"],"picked":"CutThroughFate","floor":11.0},{"not_picked":["EmptyBody","Crescendo"],"picked":"Meditate","floor":12.0},{"not_picked":["ThirdEye","DeusExMachina"],"picked":"Worship","floor":14.0},{"not_picked":["Ragnarok","ConjureBlade"],"picked":"SpiritShield","floor":16.0},{"not_picked":["WindmillStrike","PathToVictory"],"picked":"Conclude","floor":18.0},{"not_picked":["Consecrate","Weave"],"picked":"Protect","floor":20.0},{"not_picked":["Evaluate+1","EmptyBody"],"picked":"ReachHeaven+1","floor":22.0},{"not_picked":["Meditate","Protect","CrushJoints"],"picked":"SKIP","floor":23.0},{"not_picked":["Vengeance","ThirdEye","SashWhip"],"picked":"SKIP","floor":25.0},{"not_picked":["Worship","WindmillStrike","Halt"],"picked":"SKIP","floor":30.0},{"not_picked":["Omniscience","Scrawl"],"picked":"DevaForm","floor":33.0},{"not_picked":["EmptyFist+1","ThirdEye","JustLucky"],"picked":"SKIP","floor":35.0},{"not_picked":["Halt","WindmillStrike","FlurryOfBlows"],"picked":"SKIP","floor":36.0},{"not_picked":["PathToVictory","ReachHeaven"],"picked":"WindmillStrike","floor":38.0},{"not_picked":["Nirvana","Indignation+1"],"picked":"Protect","floor":39.0},{"not_picked":["Vengeance","BowlingBash+1"],"picked":"WheelKick+1","floor":40.0},{"not_picked":["CrushJoints","Collect","JustLucky"],"picked":"SKIP","floor":42.0},{"not_picked":["Fasting2+1","Halt"],"picked":"Wallop+1","floor":44.0},{"not_picked":["Protect+1","ClearTheMind","Perseverance"],"picked":"SKIP","floor":45.0},{"not_picked":["FollowUp+1","Nirvana","Fasting2"],"picked":"SKIP","floor":46.0},{"not_picked":["Dramatic Entrance","Mind Blast"],"picked":"Thinking Ahead","floor":48.0},{"not_picked":["ClearTheMind","CutThroughFate","PathToVictory"],"picked":"SKIP","floor":54.0}],"player_experience":821435,"relics_obtained":[{"floor":7.0,"key":"Blood Vial"},{"floor":14.0,"key":"Sundial"},{"floor":23.0,"key":"Turnip"},{"floor":25.0,"key":"Toy Ornithopter"},{"floor":26.0,"key":"Tiny Chest"},{"floor":40.0,"key":"Boot"},{"floor":40.0,"key":"FossilizedHelix"},{"floor":42.0,"key":"Nunchaku"},{"floor":42.0,"key":"Yang"},{"floor":43.0,"key":"Blue Candle"},{"floor":44.0,"key":"Damaru"},{"floor":44.0,"key":"Orichalcum"},{"floor":54.0,"key":"Pen Nib"},{"floor":54.0,"key":"CaptainsWheel"}],"event_choices":[{"damage_healed":0.0,"max_hp_gain":0.0,"max_hp_loss":0.0,"gold_gain":0.0,"event_name":"Liars Game","player_choice":"Ignored","floor":2.0,"gold_loss":0.0,"damage_taken":0.0},{"damage_healed":0.0,"max_hp_gain":0.0,"max_hp_loss":0.0,"gold_gain":0.0,"event_name":"Upgrade Shrine","player_choice":"Upgraded","floor":4.0,"gold_loss":0.0,"damage_taken":0.0,"cards_upgraded":["Vault"]},{"cards_removed":["Defend_P"],"damage_healed":0.0,"max_hp_gain":0.0,"max_hp_loss":0.0,"gold_gain":0.0,"event_name":"Purifier","player_choice":"Purged","floor":19.0,"gold_loss":0.0,"damage_taken":0.0},{"damage_healed":0.0,"max_hp_gain":5.0,"max_hp_loss":0.0,"gold_gain":0.0,"event_name":"Forgotten Altar","player_choice":"Shed Blood","floor":24.0,"gold_loss":0.0,"damage_taken":18.0},{"damage_healed":0.0,"max_hp_gain":0.0,"max_hp_loss":0.0,"gold_gain":100.0,"event_name":"The Joust","player_choice":"Bet on Murderer","floor":28.0,"gold_loss":50.0,"damage_taken":0.0},{"damage_healed":0.0,"max_hp_gain":0.0,"max_hp_loss":0.0,"gold_gain":0.0,"event_name":"SensoryStone","player_choice":"Memory 2","floor":48.0,"gold_loss":0.0,"damage_taken":5.0}],"is_beta":false,"boss_relics":[{"not_picked":["Busted Crown","VioletLotus"],"picked":"HolyWater"},{"not_picked":["Velvet Choker","Pandora\u0027s Box"],"picked":"Black Star"}],"items_purged_floors":[21,31],"is_endless":false,"potions_floor_spawned":[7,12,16,18,20,25,30,38,39,45,46,47],"killed_by":"The Heart","ascension_level":14}}