{"host":"kgfs5ebhusfk1t4t","time":1610806740,"event":{"mods":["BaseMod","Colored Map","DeckTracker","Highlight Path","KOR Keyword Fix","Keyboard Shortcuts","Minty Spire (QoL Compilation)","Permanent Neow","Quick Restart","StSLib","SuperFastMode","everything is the same but u backflip on backflip"],"gold_per_floor":[116,17,32,52,52,86,86,116,116,116,459,459,475,516,516,612,612,633,211,226,22,37,37,72,97,97,372,392,392,427,446,446,539,539,555,569,585,385,408,449,114,132,186,220,220,220,96,121,121,121,121,121,34,72,72,72],"floor_reached":55,"language":"KOR","playtime":3624,"items_purged":["Normality","Strike_R","Strike_R","Strike_R","Strike_R","Strike_R"],"score":1498,"play_id":"c38a3574-198e-42b2-8402-ac29bc673ae8","local_time":"20210116231900","is_ascension_mode":true,"campfire_choices":[{"floor":7.0,"key":"REST"},{"floor":12.0,"key":"REST"},{"data":"True Grit","floor":15.0,"key":"SMITH"},{"data":"Barricade","floor":23.0,"key":"SMITH"},{"data":"Offering","floor":29.0,"key":"SMITH"},{"data":"Body Slam","floor":32.0,"key":"SMITH"},{"floor":46.0,"key":"RECALL"},{"data":"Offering","floor":49.0,"key":"SMITH"},{"data":"Burning Pact","floor":52.0,"key":"SMITH"}],"circlet_count":0,"master_deck":["AscendersBane","Defend_R","Defend_R","Defend_R","Defend_R","Bash","Shrug It Off","True Grit+1","Carnage","Inflame","Rupture","Blood for Blood","Injury","Offering+1","Power Through","Battle Trance","Reaper","Heavy Blade","Barricade+1","Bandage Up","Disarm","Inflame+1","Limit Break","Rupture+1","True Grit","Sword Boomerang","Regret","Brutality+1","Berserk+1","Body Slam+1","Offering+1","Warcry+1","Inflame+1","Seeing Red","Bandage Up","Seeing Red","Spot Weakness","Combust+1","Burning Pact+1","Pain","Madness","Madness","Inflame+1","True Grit","Warcry","Entrench","Evolve+1"],"relics":["Burning Blood","Magic Flower","Mango","Bottled Lightning","Bag of Preparation","Eternal Feather","Golden Idol","Old Coin","Smiling Mask","Coffee Dripper","Membership Card","Kunai","Frozen Egg 2","Red Skull","Turnip","CaptainsWheel","Cursed Key","Nunchaku","Calipers","Oddly Smooth Stone","Vajra","Boot"],"acts_visited":["Exordium","TheCity","TheBeyond","TheEnding"],"potions_floor_usage":[],"damage_taken":[{"damage":7.0,"enemies":"Small Slimes","floor":1.0,"turns":4.0},{"damage":11.0,"enemies":"Jaw Worm","floor":3.0,"turns":7.0},{"damage":10.0,"enemies":"Cultist","floor":4.0,"turns":4.0},{"damage":30.0,"enemies":"3 Sentries","floor":6.0,"turns":12.0},{"damage":47.0,"enemies":"Lagavulin","floor":8.0,"turns":9.0},{"damage":26.0,"enemies":"3 Sentries","floor":11.0,"turns":9.0},{"damage":9.0,"enemies":"2 Fungi Beasts","floor":13.0,"turns":4.0},{"damage":16.0,"enemies":"Gremlin Nob","floor":14.0,"turns":4.0},{"damage":50.0,"enemies":"Slime Boss","floor":16.0,"turns":12.0},{"damage":10.0,"enemies":"3 Byrds","floor":18.0,"turns":5.0},{"damage":8.0,"enemies":"Spheric Guardian","floor":20.0,"turns":5.0},{"damage":25.0,"enemies":"Shelled Parasite and Fungi","floor":22.0,"turns":6.0},{"damage":67.0,"enemies":"Book of Stabbing","floor":24.0,"turns":7.0},{"damage":38.0,"enemies":"Centurion and Healer","floor":25.0,"turns":5.0},{"damage":30.0,"enemies":"Snecko","floor":28.0,"turns":4.0},{"damage":62.0,"enemies":"Gremlin Leader","floor":30.0,"turns":6.0},{"damage":12.0,"enemies":"Shelled Parasite and Fungi","floor":31.0,"turns":3.0},{"damage":15.0,"enemies":"Champ","floor":33.0,"turns":7.0},{"damage":13.0,"enemies":"3 Shapes","floor":35.0,"turns":5.0},{"damage":29.0,"enemies":"3 Darklings","floor":36.0,"turns":5.0},{"damage":20.0,"enemies":"Maw","floor":37.0,"turns":5.0},{"damage":39.0,"enemies":"Writhing Mass","floor":39.0,"turns":4.0},{"damage":75.0,"enemies":"Nemesis","floor":40.0,"turns":7.0},{"damage":39.0,"enemies":"4 Shapes","floor":42.0,"turns":4.0},{"damage":26.0,"enemies":"Giant Head","floor":44.0,"turns":5.0},{"damage":79.0,"enemies":"Transient","floor":48.0,"turns":5.0},{"damage":66.0,"enemies":"Donu and Deca","floor":50.0,"turns":4.0},{"damage":109.0,"enemies":"Shield and Spear","floor":54.0,"turns":6.0},{"damage":179,"enemies":"The Heart","floor":55,"turns":8}],"seed_played":"-5580886107078117448","potions_obtained":[{"floor":4.0,"key":"SteroidPotion"},{"floor":11.0,"key":"Weak Potion"},{"floor":13.0,"key":"Energy Potion"},{"floor":18.0,"key":"DuplicationPotion"},{"floor":24.0,"key":"AttackPotion"},{"floor":25.0,"key":"LiquidMemories"},{"floor":31.0,"key":"Block Potion"},{"floor":36.0,"key":"LiquidMemories"},{"floor":39.0,"key":"BloodPotion"},{"floor":44.0,"key":"FairyPotion"}],"is_trial":false,"path_per_floor":["M","$","M","M","?","E","R","E","T","?","E","R","M","E","R","B",null,"M","$","M","$","M","R","E","M","T","?","M","R","E","M","R","B",null,"M","M","M","$","M","E","$","M","T","E","?","R","$","M","R","B",null,"R","$","E","B"],"character_chosen":"IRONCLAD","items_purchased":["True Grit","Membership Card","Barricade","Bandage Up","Kunai","Frozen Egg 2","Inflame+1","Limit Break","Inflame+1","Seeing Red","Bandage Up","Fruit Juice","Calipers","Oddly Smooth Stone","Energy Potion","Combust+1","Inflame+1","True Grit","Warcry","Evolve+1"],"campfire_rested":2,"item_purchase_floors":[2,19,19,19,19,21,21,21,38,38,38,38,41,41,41,41,47,47,47,53],"current_hp_per_floor":[74,74,72,71,78,57,85,47,47,47,30,67,67,60,72,31,78,86,86,93,93,92,94,63,40,40,40,40,58,29,32,50,92,94,94,94,89,94,99,75,75,86,86,99,87,99,99,67,94,49,87,99,99,99,0,0],"gold":72,"neow_bonus":"ONE_RARE_RELIC","is_daily":false,"chose_seed":false,"campfire_upgraded":6,"win_rate":0.0,"timestamp":1610806740,"path_taken":["M","$","M","M","?","E","R","E","T","?","E","R","M","E","R","BOSS","M","$","M","$","M","R","E","M","T","?","M","R","E","?","R","BOSS","M","M","M","$","M","E","$","M","T","E","?","R","$","M","R","BOSS","R","$","E","BOSS"],"items_purchased_type":["Card","Relic","Card","Card","Relic","Relic","Card","Card","Card","Card","Card","Potion","Relic","Relic","Potion","Card","Card","Card","Card","Card"],"build_version":"2020-12-22","purchased_purges":6,"victory":false,"max_hp_per_floor":[80,80,80,80,94,94,94,94,94,94,94,94,94,94,94,94,94,94,94,94,94,94,94,94,94,94,94,94,94,94,94,94,94,94,94,94,94,99,99,99,99,99,99,99,99,99,99,99,99,99,99,99,99,99,99,99],"card_choices":[{"not_picked":["Pommel Strike","Warcry"],"picked":"Shrug It Off","floor":1.0},{"not_picked":["Flex","Metallicize"],"picked":"Carnage","floor":3.0},{"not_picked":["Dropkick","Perfected Strike"],"picked":"Inflame","floor":4.0},{"not_picked":["Anger","Twin Strike"],"picked":"Rupture","floor":6.0},{"not_picked":["Rupture","Feel No Pain"],"picked":"Blood for Blood","floor":8.0},{"not_picked":["Havoc","Seeing Red"],"picked":"Offering","floor":11.0},{"not_picked":["Body Slam","Pummel"],"picked":"Power Through","floor":13.0},{"not_picked":["Headbutt","Perfected Strike"],"picked":"Battle Trance","floor":14.0},{"not_picked":["Berserk","Bludgeon"],"picked":"Reaper","floor":16.0},{"not_picked":["Thunderclap","Cleave"],"picked":"Heavy Blade","floor":18.0},{"not_picked":["Perfected Strike","Feel No Pain"],"picked":"Disarm","floor":20.0},{"not_picked":["Iron Wave","Cleave"],"picked":"Rupture+1","floor":22.0},{"not_picked":["Shrug It Off","Iron Wave"],"picked":"True Grit","floor":24.0},{"not_picked":["Twin Strike","Intimidate"],"picked":"Sword Boomerang","floor":25.0},{"not_picked":["Whirlwind","Ghostly Armor"],"picked":"Brutality+1","floor":28.0},{"not_picked":["Perfected Strike","Armaments"],"picked":"Berserk+1","floor":30.0},{"not_picked":["Pommel Strike","Clash"],"picked":"Body Slam","floor":31.0},{"not_picked":["Bludgeon","Demon Form+1"],"picked":"Offering","floor":33.0},{"not_picked":["Searing Blow","Anger","Shrug It Off"],"picked":"SKIP","floor":35.0},{"not_picked":["Power Through","Shockwave+1"],"picked":"Warcry+1","floor":36.0},{"not_picked":["Iron Wave","Clash","Shrug It Off"],"picked":"SKIP","floor":37.0},{"not_picked":["Heavy Blade","Twin Strike"],"picked":"Seeing Red","floor":39.0},{"not_picked":["Armaments+1","Pummel"],"picked":"Spot Weakness","floor":40.0},{"not_picked":["Warcry","Wild Strike+1"],"picked":"Burning Pact","floor":42.0},{"not_picked":["Thunderclap+1","Warcry","Flex+1"],"picked":"SKIP","floor":44.0},{"not_picked":["Searing Blow","Clothesline"],"picked":"Entrench","floor":48.0},{"not_picked":["Body Slam","Havoc","Shrug It Off"],"picked":"SKIP","floor":54.0}],"player_experience":514356,"relics_obtained":[{"floor":6.0,"key":"Bottled Lightning"},{"floor":8.0,"key":"Bag of Preparation"},{"floor":9.0,"key":"Eternal Feather"},{"floor":11.0,"key":"Old Coin"},{"floor":14.0,"key":"Smiling Mask"},{"floor":24.0,"key":"Red Skull"},{"floor":26.0,"key":"Turnip"},{"floor":30.0,"key":"CaptainsWheel"},{"floor":40.0,"key":"Nunchaku"},{"floor":44.0,"key":"Vajra"},{"floor":54.0,"key":"Boot"}],"event_choices":[{"damage_healed":0.0,"max_hp_gain":0.0,"max_hp_loss":0.0,"gold_gain":0.0,"event_name":"Scrap Ooze","player_choice":"Success","floor":5.0,"gold_loss":0.0,"damage_taken":7.0,"relics_obtained":["Mango"]},{"damage_healed":0.0,"max_hp_gain":0.0,"max_hp_loss":0.0,"gold_gain":0.0,"event_name":"Golden Idol","player_choice":"Take Wound","floor":10.0,"gold_loss":0.0,"damage_taken":0.0,"relics_obtained":["Golden Idol"],"cards_obtained":["Injury"]},{"damage_healed":0.0,"max_hp_gain":0.0,"max_hp_loss":0.0,"gold_gain":275.0,"event_name":"Golden Shrine","player_choice":"Desecrate","floor":27.0,"gold_loss":0.0,"damage_taken":0.0,"cards_obtained":["Regret"]},{"damage_healed":0.0,"max_hp_gain":0.0,"max_hp_loss":0.0,"gold_gain":0.0,"event_name":"Winding Halls","player_choice":"Embrace Madness","floor":45.0,"gold_loss":0.0,"damage_taken":12.0,"cards_obtained":["Madness","Madness"]}],"is_beta":false,"boss_relics":[{"not_picked":["Busted Crown","Astrolabe"],"picked":"Coffee Dripper"},{"not_picked":["SlaversCollar","Runic Dome"],"picked":"Cursed Key"}],"items_purged_floors":[2,19,38,41,47,53],"is_endless":false,"potions_floor_spawned":[4,11,13,18,24,25,31,36,39,42,44],"killed_by":"The Heart","ascension_level":13}}