{"host":"kg61lsvem4dxoat8","time":1610777445,"event":{"mods":["BaseMod","Colored Powertips","Minty Spire (QoL Compilation)","Quick Restart","Rare Cards Sparkle","Relic Stats","slay the spire mod where everything is the same but ironclad has a cowboy hat"],"gold_per_floor":[114,114,289,336,348,378,396,413,465,0,29,29,54,68,68,165,165,177,194,94,104,123,153,153,188,188,188,208,208,219,232,232,329,329,344,344,91,91,19,45,45,45,45,45,64,74,94,94,94,94,94,94,1,30,30],"floor_reached":56,"language":"ENG","playtime":3296,"items_purged":["Doubt","Strike_P","Strike_P","Defend_P"],"score":1337,"play_id":"966fb969-86dc-44b7-af3f-03831d11c5da","local_time":"20210116141045","is_ascension_mode":false,"campfire_choices":[{"data":"Eruption","floor":12,"key":"SMITH"},{"data":"FlurryOfBlows","floor":15,"key":"SMITH"},{"floor":27,"key":"REST"},{"data":"EmptyFist","floor":29,"key":"SMITH"},{"data":"FlurryOfBlows","floor":32,"key":"SMITH"},{"data":"Fasting2","floor":41,"key":"SMITH"},{"data":"TalkToTheHand","floor":44,"key":"SMITH"},{"floor":49,"key":"RECALL"},{"data":"MentalFortress","floor":52,"key":"SMITH"}],"circlet_count":0,"master_deck":["Defend_P","Defend_P","Defend_P","Eruption+1","Vigilance+1","FlurryOfBlows+1","FlurryOfBlows+1","EmptyFist+1","FlurryOfBlows","EmptyBody+1","MentalFortress+1","EmptyMind","Fasting2+1","Judgement","LikeWater","TalkToTheHand+1","FearNoEvil","EmptyMind","MentalFortress"],"relics":["PureWater","NeowsBlessing","Tiny Chest","Centennial Puzzle","Pen Nib","Yang","PreservedInsect","Anchor","HornCleat","Runic Pyramid","Pantograph","Lantern","Sozu","War Paint","Membership Card","Omamori","Art of War","Kunai","TungstenRod","Strawberry"],"acts_visited":["Exordium","TheCity","TheBeyond","TheEnding"],"potions_floor_usage":[21,22,33,33,55],"damage_taken":[{"damage":0,"enemies":"2 Louse","floor":1,"turns":1},{"damage":0,"enemies":"Jaw Worm","floor":5,"turns":1},{"damage":0,"enemies":"Lagavulin","floor":6,"turns":1},{"damage":0,"enemies":"Cultist","floor":7,"turns":3},{"damage":4,"enemies":"2 Fungi Beasts","floor":8,"turns":3},{"damage":0,"enemies":"Gremlin Nob","floor":11,"turns":3},{"damage":0,"enemies":"Lagavulin","floor":13,"turns":2},{"damage":0,"enemies":"Lots of Slimes","floor":14,"turns":4},{"damage":20,"enemies":"Hexaghost","floor":16,"turns":7},{"damage":3,"enemies":"2 Thieves","floor":18,"turns":3},{"damage":0,"enemies":"Chosen","floor":19,"turns":3},{"damage":14,"enemies":"Snecko","floor":21,"turns":6},{"damage":0,"enemies":"Snake Plant","floor":22,"turns":2},{"damage":16,"enemies":"Slavers","floor":23,"turns":5},{"damage":15,"enemies":"Gremlin Leader","floor":25,"turns":6},{"damage":8,"enemies":"Centurion and Healer","floor":28,"turns":5},{"damage":0,"enemies":"Snecko","floor":30,"turns":3},{"damage":0,"enemies":"Shelled Parasite and Fungi","floor":31,"turns":4},{"damage":24,"enemies":"Automaton","floor":33,"turns":8},{"damage":0,"enemies":"3 Darklings","floor":35,"turns":3},{"damage":0,"enemies":"Giant Head","floor":40,"turns":5},{"damage":0,"enemies":"Orb Walker","floor":45,"turns":2},{"damage":0,"enemies":"Sphere and 2 Shapes","floor":46,"turns":4},{"damage":1,"enemies":"Transient","floor":47,"turns":5},{"damage":0,"enemies":"Donu and Deca","floor":50,"turns":8},{"damage":18,"enemies":"Shield and Spear","floor":54,"turns":5},{"damage":38,"enemies":"The Heart","floor":55,"turns":8}],"seed_played":"-681772907443839262","potions_obtained":[{"floor":6,"key":"LiquidBronze"},{"floor":7,"key":"Dexterity Potion"},{"floor":8,"key":"Ancient Potion"},{"floor":22,"key":"Strength Potion"},{"floor":25,"key":"SteroidPotion"}],"is_trial":false,"path_per_floor":["M","?","?","T","M","E","M","M","T","$","E","R","E","M","R","B",null,"M","M","$","M","M","E","?","E","T","R","M","R","M","M","R","B",null,"M","T","$","?","$","E","R","?","T","R","M","M","M","T","R","B",null,"R","$","E","B",null],"character_chosen":"WATCHER","items_purchased":["Yang","PreservedInsect","Membership Card","FearNoEvil","Omamori","MentalFortress"],"campfire_rested":1,"item_purchase_floors":[10,10,37,37,39,53],"current_hp_per_floor":[72,77,77,77,77,77,77,73,73,73,73,73,73,73,73,53,77,74,74,74,60,60,44,44,29,29,52,44,44,44,44,44,45,77,77,77,77,77,77,77,77,77,77,77,77,77,76,76,76,77,77,77,77,66,46],"gold":30,"neow_bonus":"THREE_ENEMY_KILL","is_daily":false,"chose_seed":false,"campfire_upgraded":7,"win_rate":0.0,"timestamp":1610777445,"path_taken":["M","?","?","?","M","E","M","?","T","$","E","R","E","M","R","BOSS","M","M","$","M","M","E","?","E","T","R","M","R","?","M","R","BOSS","M","?","$","?","$","E","R","?","T","R","M","M","?","?","R","BOSS","R","$","E","BOSS"],"items_purchased_type":["Relic","Relic","Relic","Card","Relic","Card"],"build_version":"2020-12-22","purchased_purges":4,"victory":true,"max_hp_per_floor":[72,77,77,77,77,77,77,77,77,77,77,77,77,77,77,77,77,77,77,77,77,77,77,77,77,77,77,77,77,77,77,77,77,77,77,77,77,77,77,77,77,77,77,77,77,77,77,77,77,77,77,77,77,84,84],"relic_stats":{"counters":[27,110],"Yang":[396],"Pen Nib":[39],"PreservedInsect":324,"War Paint":["Vigilance","EmptyBody"],"Sozu":3,"Centennial Puzzle":[32],"Pantograph":44,"Tiny Chest":2,"Art of War":[0],"Kunai":[40],"obtain_stats":[{"Lantern":25,"NeowsBlessing":0,"Yang":10,"Pen Nib":9,"PreservedInsect":10,"Omamori":39,"War Paint":36,"Sozu":34,"Centennial Puzzle":6,"Anchor":11,"HornCleat":13,"Pantograph":23,"Strawberry":54,"Tiny Chest":4,"Art of War":40,"Membership Card":37,"Kunai":43,"PureWater":0,"TungstenRod":48,"Runic Pyramid":17},{"Lantern":15,"NeowsBlessing":0,"Yang":5,"Pen Nib":5,"PreservedInsect":5,"Omamori":20,"War Paint":20,"Sozu":19,"Centennial Puzzle":3,"Anchor":6,"HornCleat":7,"Pantograph":14,"Strawberry":26,"Tiny Chest":1,"Art of War":21,"Membership Card":20,"Kunai":21,"PureWater":0,"TungstenRod":24,"Runic Pyramid":9},{"Lantern":50,"NeowsBlessing":0,"Yang":9,"Pen Nib":9,"PreservedInsect":9,"Omamori":73,"War Paint":73,"Sozu":70,"Centennial Puzzle":3,"Anchor":12,"HornCleat":14,"Pantograph":44,"Strawberry":102,"Tiny Chest":1,"Art of War":78,"Membership Card":73,"Kunai":78,"PureWater":0,"TungstenRod":89,"Runic Pyramid":25}],"TungstenRod":10},"card_choices":[{"not_picked":["EmptyMind","CrushJoints"],"picked":"FlurryOfBlows","floor":1},{"not_picked":["FearNoEvil","Sanctity"],"picked":"FlurryOfBlows","floor":5},{"not_picked":["JustLucky","FearNoEvil"],"picked":"EmptyFist","floor":6},{"not_picked":["CrushJoints","FlyingSleeves"],"picked":"FlurryOfBlows","floor":7},{"not_picked":["EmptyMind","Prostrate"],"picked":"EmptyBody","floor":8},{"not_picked":["Halt","Collect"],"picked":"MentalFortress","floor":11},{"not_picked":["CrushJoints","FlurryOfBlows"],"picked":"EmptyMind","floor":13},{"not_picked":["Prostrate","Halt"],"picked":"Fasting2","floor":14},{"not_picked":["SpiritShield","Wish"],"picked":"Judgement","floor":16},{"not_picked":["SignatureMove","FlyingSleeves","SashWhip+1"],"picked":"SKIP","floor":18},{"not_picked":["ForeignInfluence","Sanctity","CarveReality+1"],"picked":"SKIP","floor":19},{"not_picked":["Wireheading","Prostrate","FollowUp"],"picked":"SKIP","floor":21},{"not_picked":["Vengeance","ForeignInfluence+1","Weave"],"picked":"SKIP","floor":22},{"not_picked":["Protect","Vengeance","CutThroughFate"],"picked":"SKIP","floor":23},{"not_picked":["Consecrate+1","Indignation","Collect"],"picked":"SKIP","floor":25},{"not_picked":["Crescendo+1","Collect","FollowUp"],"picked":"SKIP","floor":28},{"not_picked":["ForeignInfluence+1","EmptyFist","Protect"],"picked":"SKIP","floor":30},{"not_picked":["Devotion","Prostrate"],"picked":"TalkToTheHand","floor":31},{"not_picked":["MentalFortress","SashWhip","FollowUp+1"],"picked":"SKIP","floor":35},{"not_picked":["CrushJoints","Wireheading+1","SashWhip"],"picked":"SKIP","floor":40},{"not_picked":["Protect+1","DeceiveReality","Consecrate+1"],"picked":"SKIP","floor":45},{"not_picked":["Protect","Consecrate","MentalFortress"],"picked":"SKIP","floor":46},{"not_picked":["Meditate","Indignation","WindmillStrike+1"],"picked":"SKIP","floor":47},{"not_picked":["EmptyFist+1","Vengeance+1","Scrawl"],"picked":"SKIP","floor":54}],"player_experience":1345488,"relics_obtained":[{"floor":4,"key":"Tiny Chest"},{"floor":6,"key":"Centennial Puzzle"},{"floor":9,"key":"Pen Nib"},{"floor":11,"key":"Anchor"},{"floor":13,"key":"HornCleat"},{"floor":23,"key":"Pantograph"},{"floor":25,"key":"Lantern"},{"floor":36,"key":"War Paint"},{"floor":40,"key":"Art of War"},{"floor":43,"key":"Kunai"},{"floor":48,"key":"TungstenRod"},{"floor":54,"key":"Strawberry"}],"event_choices":[{"damage_healed":0,"gold_gain":0,"player_choice":"Donut","damage_taken":0,"max_hp_gain":5,"max_hp_loss":0,"event_name":"Big Fish","floor":2,"gold_loss":0},{"damage_healed":0,"gold_gain":175,"player_choice":"AGREE","damage_taken":0,"max_hp_gain":0,"max_hp_loss":0,"event_name":"Liars Game","floor":3,"gold_loss":0,"cards_obtained":["Doubt"]},{"damage_healed":0,"gold_gain":0,"cards_transformed":["Strike_P"],"player_choice":"Transformed","damage_taken":0,"max_hp_gain":0,"max_hp_loss":0,"event_name":"Transmorgrifier","floor":24,"gold_loss":0,"cards_obtained":["LikeWater"]},{"damage_healed":0,"gold_gain":0,"player_choice":"Memory 1","damage_taken":0,"max_hp_gain":0,"max_hp_loss":0,"event_name":"SensoryStone","floor":38,"gold_loss":0},{"damage_healed":0,"gold_gain":0,"cards_transformed":["Strike_P"],"player_choice":"Transformed","damage_taken":0,"max_hp_gain":0,"max_hp_loss":0,"event_name":"Transmorgrifier","floor":42,"gold_loss":0,"cards_obtained":["EmptyMind"]}],"is_beta":false,"boss_relics":[{"not_picked":["Calling Bell","Pandora\u0027s Box"],"picked":"Runic Pyramid"},{"not_picked":["VioletLotus","Black Star"],"picked":"Sozu"}],"items_purged_floors":[10,20,37,53],"is_endless":false,"potions_floor_spawned":[6,7,8,22,25,28,31,35,45,54],"ascension_level":0}}