{"host":"3oowddqpmj34xmzc","time":1610809900,"event":{"mods":["100% Spire Juice","2.2 Compatiblity","Act Like it!","Arknights The Spire","Aspiration","BaseMod","Better Third Choice","CapriCore","Conspire","Gensokyo","Gold Saver","Gremlin Mod","GungeonMod","Hallownest","Hermit","Koishi","Marisa£®ÏF”Í°°ƒß¿Ì…≥£©","Minty Spire (QoL Compilation)","Pale of the Ancients","Reimu£®≤©¿ˆ¡È√Œ£©","Relic Stats","Remilia£®¿Ÿ√◊¿Ú—«£©","Replay The Spire","Robot Space Explorer","Spicy Shops","StSLib","The Construct","The Gatherer","The Immortal","The Marked","The Poker Player","The Servant 0.9.4","The Vixen","WarShipGirlsR/’ΩΩ¢…Ÿ≈ÆR mod","Yakumo Yukari mod","Youmu£®ªÍ∆«—˝√Œ£©","Yuyuko","[GremlinLeader]The Maniac"],"gold_per_floor":[217,234,29,43,58,58,91,51,75,75,103,123,102,27,27,129,129,129,145,162,19,34,34,34,34,34,63,28,28,28],"floor_reached":29,"language":"ZHS","playtime":1442,"items_purged":["ats:Strike V"],"score":253,"play_id":"f04dd5dc-f106-4ef1-8d94-3e1ba0b0f026","local_time":"20210116231140","is_ascension_mode":false,"campfire_choices":[{"data":"ats:Consecutive Shot Auto","floor":6.0,"key":"SMITH"},{"data":"ats:Revitalization","floor":10.0,"key":"SMITH"},{"floor":15.0,"key":"REST"},{"data":"ats:Demon Strength","floor":23.0,"key":"SMITH"},{"data":"ats:Childhood Dance","floor":25.0,"key":"SMITH"}],"circlet_count":0,"master_deck":["ats:Strike C","ats:Strike G","ats:Strike S","ats:Armor Crushing Shot","ats:Defend+1","ats:Defend","ats:Defend+1","ats:Defend","ats:Emotion Absorption","ats:Revitalization+1","ats:Demon Strength+1","ats:Song Of Battle","ats:Song Of Battle","ats:Consecutive Shot Auto+1","ats:Spore Proliferation","ats:Ignite","ats:Childhood Dance+1","ats:Consecutive Shot Auto","ats:Shadow Assault","ats:Soul Rend","ats:Sunburst","ats:Neurotoxin","ats:Apocalypse+1","ats:Charging Defense"],"relics":["ats:Sanity","aspiration:Nostalgia","RobotSpaceExplorer:RoboCore","DemoMod:Metronome","ats:Originium","DemoMod:PinkGuonStone","Lantern","Blood Vial","construct:WeddingRing","Lee\u0027s Waffle","ReplayTheSpireMod:Ninjato","War Paint"],"acts_visited":["Exordium","TheCity"],"potions_floor_usage":[],"damage_taken":[{"damage":1.0,"enemies":"Cultist","floor":1.0,"turns":4.0},{"damage":6.0,"enemies":"Jaw Worm","floor":2.0,"turns":3.0},{"damage":0.0,"enemies":"Small Slimes","floor":4.0,"turns":4.0},{"damage":12.0,"enemies":"Red Slaver","floor":5.0,"turns":5.0},{"damage":11.0,"enemies":"Lagavulin","floor":7.0,"turns":5.0},{"damage":32.0,"enemies":"3 Sentries","floor":11.0,"turns":8.0},{"damage":0.0,"enemies":"3 Louse","floor":12.0,"turns":1.0},{"damage":31.0,"enemies":"Slime Boss","floor":16.0,"turns":11.0},{"damage":0.0,"enemies":"2 Thieves","floor":18.0,"turns":1.0},{"damage":11.0,"enemies":"Shell Parasite","floor":19.0,"turns":7.0},{"damage":60.0,"enemies":"Snecko","floor":20.0,"turns":7.0},{"damage":32.0,"enemies":"Chosen and Byrds","floor":22.0,"turns":7.0},{"damage":29,"enemies":"Slavers","floor":27,"turns":5},{"damage":37,"enemies":"Gremlin Leader","floor":29,"turns":3}],"seed_played":"6753140346547674215","potions_obtained":[{"floor":2.0,"key":"SkillPotion"},{"floor":4.0,"key":"ColorlessPotion"},{"floor":5.0,"key":"Elixir"},{"floor":27,"key":"SpeedPotion"}],"is_trial":false,"path_per_floor":["M","M","$","M","M","R","E","?","T","R","E","M","?","$","R","B",null,"M","M","M","$","M","R","?","R","T","E","$","E"],"character_chosen":"DOCTOR_CLASS","items_purchased":["ats:Song Of Battle","DemoMod:Metronome","Lee\u0027s Waffle","ats:Charging Defense"],"campfire_rested":1,"item_purchase_floors":[3,3,21,28],"current_hp_per_floor":[71,67,67,70,58,58,57,57,57,57,31,33,33,33,56,33,79,79,76,24,86,60,60,54,54,54,33,33,1,1],"gold":28,"neow_bonus":"NOSTALGIA","is_daily":false,"chose_seed":false,"campfire_upgraded":4,"win_rate":0.0,"timestamp":1610809900,"path_taken":["M","M","$","M","?","R","E","?","T","R","E","M","?","$","R","BOSS","M","M","M","$","M","R","?","R","T","E","$","E"],"items_purchased_type":["Card","Relic","Relic","Card"],"build_version":"2020-12-22","purchased_purges":1,"victory":false,"max_hp_per_floor":[72,72,72,72,72,72,79,79,79,79,79,79,79,79,79,79,79,79,79,79,86,86,86,86,86,86,86,86,86,86],"relic_stats":{"Blood Vial":10,"Lee\u0027s Waffle":62,"counters":[14,70],"War Paint":["ats:Defend","ats:Defend"],"obtain_stats":[{"Lantern":9,"Lee\u0027s Waffle":21,"construct:WeddingRing":17,"ReplayTheSpireMod:Ninjato":26,"aspiration:Nostalgia":0,"RobotSpaceExplorer:RoboCore":0,"DemoMod:GlassGuonStoneRelic":2,"DemoMod:PinkGuonStone":7,"War Paint":27,"Blood Vial":11,"ats:Originium":7,"DemoMod:Metronome":3,"ats:Sanity":0},{"Lantern":5,"Lee\u0027s Waffle":11,"construct:WeddingRing":8,"ReplayTheSpireMod:Ninjato":12,"aspiration:Nostalgia":0,"RobotSpaceExplorer:RoboCore":0,"DemoMod:GlassGuonStoneRelic":2,"DemoMod:PinkGuonStone":5,"War Paint":13,"Blood Vial":6,"ats:Originium":5,"DemoMod:Metronome":2,"ats:Sanity":0},{"Lantern":21,"Lee\u0027s Waffle":55,"construct:WeddingRing":41,"ReplayTheSpireMod:Ninjato":62,"aspiration:Nostalgia":0,"RobotSpaceExplorer:RoboCore":0,"DemoMod:GlassGuonStoneRelic":7,"DemoMod:PinkGuonStone":21,"War Paint":67,"Blood Vial":29,"ats:Originium":21,"DemoMod:Metronome":7,"ats:Sanity":0}]},"card_choices":[{"not_picked":["ats:Childhood Dance","ats:Encircling Forest"],"picked":"ats:Revitalization","floor":1.0},{"not_picked":["ats:Consecutive Shot Auto","ats:Flexible Camouflage"],"picked":"ats:Demon Strength","floor":2.0},{"not_picked":["ats:Leaping Hammer","ats:Encircling Forest"],"picked":"ats:Consecutive Shot Auto","floor":4.0},{"not_picked":["ats:Curse Doll","ats:Ignite","ats:Flame Of Heaven"],"picked":"SKIP","floor":5.0},{"not_picked":["ats:Curse Doll","ats:Ignite","ats:Flame Of Heaven"],"picked":"SKIP","floor":5.0},{"not_picked":["ats:Childhood Dance","ats:Leaping Hammer"],"picked":"ats:Spore Proliferation","floor":7.0},{"not_picked":[],"picked":"ats:Ignite","floor":8.0},{"not_picked":[],"picked":"ats:Childhood Dance","floor":8.0},{"not_picked":["ats:Beaten Up","ats:Leaping Hammer"],"picked":"ats:Consecutive Shot Auto","floor":11.0},{"not_picked":["ats:Shadow Raid","ats:Childhood Dance"],"picked":"ats:Shadow Assault","floor":12.0},{"not_picked":["ats:Fractured Body","ats:Durian"],"picked":"ats:Soul Rend","floor":16.0},{"not_picked":["ats:Explosion Area Strengthen+1","ats:Ignite"],"picked":"ats:Sunburst","floor":19.0},{"not_picked":["ats:Hammer On","ats:Consecutive Shot Auto"],"picked":"ats:Neurotoxin","floor":20.0},{"not_picked":["ats:Poison Spread","ats:Chain Hook","ats:Childhood Dance"],"picked":"SKIP","floor":22.0},{"not_picked":["ats:Composite Medical Shells","ats:Powerful Strike+1"],"picked":"ats:Apocalypse+1","floor":27}],"player_experience":228982,"relics_obtained":[{"floor":7.0,"key":"ats:Originium"},{"floor":7.0,"key":"DemoMod:PinkGuonStone"},{"floor":9.0,"key":"Lantern"},{"floor":11.0,"key":"ats:Originium"},{"floor":11.0,"key":"Blood Vial"},{"floor":26.0,"key":"ReplayTheSpireMod:Ninjato"},{"floor":27,"key":"ats:Originium"},{"floor":27,"key":"War Paint"}],"event_choices":[{"damage_healed":0.0,"max_hp_gain":0.0,"max_hp_loss":0.0,"gold_gain":0.0,"event_name":"betterThird:BetterGoop","player_choice":"Left","floor":13.0,"gold_loss":21.0,"damage_taken":0.0},{"damage_healed":0.0,"max_hp_gain":0.0,"max_hp_loss":0.0,"gold_gain":0.0,"event_name":"Knowing Skull","player_choice":"","floor":24.0,"potions_obtained":[],"gold_loss":0.0,"damage_taken":6.0,"cards_obtained":[]}],"is_beta":false,"boss_relics":[{"not_picked":["RedLine:ReiMu","Replay:Grab Bag"],"picked":"construct:WeddingRing"}],"items_purged_floors":[14],"is_endless":false,"potions_floor_spawned":[2,4,5,18,27],"killed_by":"Gremlin Leader","ascension_level":0}}