{"host":"6hzrz31j95f2y1pa","time":1610776479,"event":{"mods":["BaseMod","Colored Map","Downfall","Minty Spire (QoL Compilation)","StSLib"],"gold_per_floor":[0,18,35,46,65,90,90,102,129,156,59,59,72,129,143,246,246,246,259,89,89,25,55,105,105,120,21,34,69,69,95,112,216,216,116,130,149,166,181,231,231,279,308,139,151,163,197,97,116,116],"floor_reached":51,"language":"ENG","playtime":6667,"items_purged":["Guardian:Defend_Guardian","Guardian:Strike_Guardian"],"score":1064,"play_id":"864d998b-f2fd-4e47-bf17-88be92c5b712","local_time":"20210116005439","is_ascension_mode":true,"campfire_choices":[{"data":"Guardian:SphericShield","floor":1.0,"key":"SMITH"},{"data":"Guardian:Suspension","floor":12.0,"key":"SMITH"},{"data":"Guardian:SentryBeam","floor":18.0,"key":"SMITH"},{"data":"Guardian:StasisEngine","floor":30.0,"key":"SMITH"},{"data":"Guardian:BaubleBeam","floor":35.0,"key":"SMITH"},{"data":"Guardian:TimeCapacitor","floor":48,"key":"SMITH"}],"circlet_count":0,"master_deck":["Guardian:Strike_Guardian","Guardian:Defend_Guardian","Guardian:CurlUp","Guardian:TwinSlam","Guardian:BodySlam","Guardian:SphericShield+1","Guardian:PiercingHide","Guardian:SentryBeam+1","Guardian:RollAttack","Guardian:EvasiveProtocol","Guardian:BronzeOrb","Guardian:Suspension+1","Guardian:PrismaticBeam","Guardian:TemporalStrike","Guardian:WalkerClaw","Guardian:Reroute+1","Guardian:SphericShield+1","Guardian:ShieldSpikes+1","Guardian:CrystalBeam","Guardian:StasisEngine+1","Guardian:ShieldCharger+1","Secret Weapon+1","Guardian:TemporalShield+1","Guardian:PrismaticBarrier+1","Guardian:GemFinder","Guardian:BaubleBeam+1","Guardian:Repulse","Guardian:PrismaticBeam+1","Guardian:Emergency+1","Guardian:PrismaticBeam+1","Guardian:TimeCapacitor+1","Guardian:Planning+1"],"relics":["Guardian:ModeShifter","Ice Cream","Pantograph","Art of War","White Beast Statue","Toxic Egg 2","Cursed Key","Oddly Smooth Stone","Guardian:PocketSentry","Smiling Mask","Empty Cage","downfall:HeartBlessingBlue","hexamod:Sixitude","Bird Faced Urn","Molten Egg 2","Membership Card","Kunai","downfall:HeartBlessingGreen"],"acts_visited":["Exordium","TheCity","TheBeyond"],"potions_floor_usage":[42,47,50],"damage_taken":[{"damage":1.0,"enemies":"Cultist","floor":2.0,"turns":4.0},{"damage":0.0,"enemies":"Jaw Worm","floor":3.0,"turns":2.0},{"damage":0.0,"enemies":"2 Louse","floor":4.0,"turns":2.0},{"damage":2.0,"enemies":"Blue Slaver","floor":5.0,"turns":5.0},{"damage":10.0,"enemies":"3 Sentries","floor":6.0,"turns":7.0},{"damage":0.0,"enemies":"Red Slaver","floor":8.0,"turns":2.0},{"damage":3.0,"enemies":"Gremlin Nob","floor":10.0,"turns":5.0},{"damage":0.0,"enemies":"downfall:FleeingMerchant","floor":11.0,"turns":4.0},{"damage":0.0,"enemies":"2 Fungi Beasts","floor":13.0,"turns":3.0},{"damage":12.0,"enemies":"Lagavulin Event","floor":14.0,"turns":4.0},{"damage":9.0,"enemies":"3 Louse","floor":15.0,"turns":2.0},{"damage":33.0,"enemies":"DF_ARCHETYPE_STREAMLINE","floor":16.0,"turns":14.0},{"damage":0.0,"enemies":"Chosen","floor":19.0,"turns":3.0},{"damage":0.0,"enemies":"downfall:FleeingMerchant","floor":20.0,"turns":4.0},{"damage":10.0,"enemies":"downfall:FleeingMerchant","floor":22.0,"turns":4.0},{"damage":0.0,"enemies":"Slavers","floor":23.0,"turns":4.0},{"damage":0.0,"enemies":"Shell Parasite","floor":26.0,"turns":4.0},{"damage":0.0,"enemies":"downfall:FleeingMerchant","floor":27.0,"turns":1.0},{"damage":5.0,"enemies":"Sentry and Sphere","floor":28.0,"turns":6.0},{"damage":0.0,"enemies":"Gremlin Leader","floor":29.0,"turns":6.0},{"damage":9.0,"enemies":"Slavers","floor":31.0,"turns":4.0},{"damage":0.0,"enemies":"Snecko","floor":32.0,"turns":4.0},{"damage":11.0,"enemies":"WA_ARCHETYPE_CALM","floor":33.0,"turns":8.0},{"damage":10.0,"enemies":"3 Darklings","floor":36.0,"turns":4.0},{"damage":0.0,"enemies":"Orb Walker","floor":37.0,"turns":3.0},{"damage":9.0,"enemies":"3 Darklings","floor":38.0,"turns":4.0},{"damage":3.0,"enemies":"Sphere and 2 Shapes","floor":39.0,"turns":4.0},{"damage":5.0,"enemies":"Sphere and 2 Shapes","floor":40.0,"turns":6.0},{"damage":16,"enemies":"2 Orb Walkers","floor":42,"turns":5},{"damage":0,"enemies":"Giant Head","floor":43,"turns":8},{"damage":0,"enemies":"Transient","floor":45,"turns":5},{"damage":0,"enemies":"Writhing Mass","floor":46,"turns":7},{"damage":10,"enemies":"Reptomancer","floor":47,"turns":7},{"damage":0,"enemies":"4 Shapes","floor":49,"turns":4},{"damage":44,"enemies":"SI_POISON_ARCHETYPE","floor":50,"turns":8}],"seed_played":"-2070534413600925395","potions_obtained":[{"floor":3.0,"key":"Dexterity Potion"},{"floor":8.0,"key":"SteroidPotion"},{"floor":11.0,"key":"Ancient Potion"},{"floor":13.0,"key":"bronze:BurnAndBuffPotion"},{"floor":15.0,"key":"EssenceOfSteel"},{"floor":22.0,"key":"Ancient Potion"},{"floor":31.0,"key":"bronze:BurnAndBuffPotion"},{"floor":32.0,"key":"AttackPotion"},{"floor":38.0,"key":"Strength Potion"},{"floor":39.0,"key":"Swift Potion"},{"floor":42,"key":"SneckoOil"},{"floor":47,"key":"ColorlessPotion"}],"is_trial":false,"path_per_floor":["R","M","M","M","M","E","T","M","T","E","$","R","M","?","M","B",null,"R","M","$","?","$","E","T","?","M","$","M","E","R","E","M","B",null,"R","M","M","M","M","?","T","?","E","$","M","M","E","R","M","B",null],"character_chosen":"GUARDIAN","items_purchased":["Guardian:PrismaticBeam","Guardian:Gem_Crimson","Guardian:WalkerClaw","Guardian:CrystalBeam","Guardian:StasisEngine","Guardian:ShieldCharger+1","Secret Weapon+1","Membership Card","Guardian:TimeCapacitor"],"campfire_rested":0,"item_purchase_floors":[11,20,22,27,27,27,27,44,44],"current_hp_per_floor":[80,79,79,79,77,67,67,67,67,64,64,64,64,52,43,35,69,69,69,69,69,59,59,59,51,51,51,46,46,46,37,37,51,73,83,73,73,64,61,81,81,65,73,73,81,90,86,86,90,52],"gold":116,"neow_bonus":"TRANSFORM_TWO_CARDS","is_daily":false,"chose_seed":false,"campfire_upgraded":6,"win_rate":0.0,"timestamp":1610776479,"path_taken":["R","M","?","?","M","E","T","?","?","E","$","R","M","?","M","BOSS","R","M","$","?","$","E","T","?","M","$","?","E","R","E","M","BOSS","R","M","M","M","M","?","T","?","E","$","M","M","E","R","M","BOSS"],"items_purchased_type":["Card","Card","Card","Card","Card","Card","Card","Relic","Card"],"build_version":"2020-12-22","purchased_purges":2,"victory":true,"max_hp_per_floor":[80,80,80,80,80,80,80,80,80,80,80,80,80,80,80,80,80,80,80,80,80,80,80,80,80,80,80,80,80,80,80,80,80,80,90,90,90,90,90,90,90,90,90,90,90,90,90,90,90,90],"card_choices":[{"not_picked":["Guardian:VentSteam","Guardian:Reroute"],"picked":"Guardian:PiercingHide","floor":2.0},{"not_picked":["Guardian:Gem_Crimson","Guardian:Gem_Cyan"],"picked":"Guardian:SentryBeam","floor":3.0},{"not_picked":["Guardian:Gem_Yellow","Guardian:Gem_Crimson"],"picked":"Guardian:RollAttack","floor":4.0},{"not_picked":["Guardian:Gem_Cyan","Guardian:CrystalBeam"],"picked":"Guardian:EvasiveProtocol","floor":5.0},{"not_picked":["Guardian:PiercingHide","Guardian:MultiBeam"],"picked":"Guardian:BronzeOrb","floor":6.0},{"not_picked":["Guardian:BronzeOrb","Guardian:Planning"],"picked":"Guardian:Suspension","floor":8.0},{"not_picked":["Guardian:PiercingHide","Guardian:Emergency"],"picked":"Guardian:Gem_Red","floor":10.0},{"not_picked":["Guardian:FuturePlans","Guardian:BodySlam"],"picked":"Guardian:Gem_Fragmented","floor":11.0},{"not_picked":["Guardian:PrismaticBeam","Guardian:Repulse"],"picked":"Guardian:Gem_Cyan","floor":13.0},{"not_picked":["Guardian:Clone+1","Guardian:FloatingOrbs"],"picked":"Guardian:Gem_Fragmented","floor":14.0},{"not_picked":["Guardian:TemporalStrike","Guardian:SentryBeam","Guardian:PiercingHide+1"],"picked":"SKIP","floor":15.0},{"not_picked":["Guardian:SentryBeam","Guardian:PiercingHide+1"],"picked":"Guardian:TemporalStrike","floor":15.0},{"not_picked":["Guardian:FierceBash","Guardian:AncientConstruct"],"picked":"Guardian:Gem_Orange","floor":16.0},{"not_picked":["Guardian:CrystalBeam","Guardian:FloatingOrbs"],"picked":"Guardian:Gem_Lightblue","floor":19.0},{"not_picked":["Guardian:Recover+1","Guardian:PiercingHide+1","Guardian:RollAttack"],"picked":"SKIP","floor":20.0},{"not_picked":["Guardian:Gem_Yellow","Guardian:BodySlam+1"],"picked":"Guardian:Gem_Red","floor":22.0},{"not_picked":["Guardian:Recover+1","Guardian:PolyBeam"],"picked":"Guardian:Reroute","floor":23.0},{"not_picked":["Guardian:Suspension+1","Guardian:TemporalShield+1"],"picked":"Guardian:SphericShield+1","floor":26.0},{"not_picked":["Guardian:ChargeUp+1","Guardian:Incinerate"],"picked":"Guardian:ShieldSpikes+1","floor":27.0},{"not_picked":["Guardian:Gem_Lightblue","Guardian:Repulse"],"picked":"Guardian:TemporalShield+1","floor":28.0},{"not_picked":["Guardian:ChargeCore","Guardian:TimeBomb+1"],"picked":"Guardian:PrismaticBarrier+1","floor":29.0},{"not_picked":["Guardian:TemporalStrike","Guardian:Clone+1"],"picked":"Guardian:GemFinder","floor":31.0},{"not_picked":["Guardian:ChargeUp+1","Guardian:CrystalBeam"],"picked":"Guardian:BaubleBeam","floor":32.0},{"not_picked":["Guardian:Gem_Lightblue","Guardian:Gem_Green"],"picked":"Guardian:Gem_Cyan","floor":32.0},{"not_picked":["Guardian:Gem_Cyan","Guardian:Gem_Lightblue"],"picked":"Guardian:Gem_Green","floor":33.0},{"not_picked":["Guardian:Incinerate","Guardian:PrimingBeam"],"picked":"Guardian:Gem_White","floor":36.0},{"not_picked":["Guardian:Gem_Lightblue","Guardian:Gem_Green"],"picked":"Guardian:Gem_Red","floor":36.0},{"not_picked":["Guardian:Gem_Cyan","Guardian:Gem_Green"],"picked":"Guardian:Gem_Red","floor":37.0},{"not_picked":["Guardian:TimeBomb+1","Guardian:Emergency+1"],"picked":"Guardian:Repulse","floor":37.0},{"not_picked":["Guardian:Gem_Cyan","Guardian:Gem_Green"],"picked":"Guardian:Gem_Red","floor":38.0},{"not_picked":["Guardian:GuardianWhirl+1","Guardian:Gem_Lightblue"],"picked":"Guardian:PrismaticBeam+1","floor":38.0},{"not_picked":["Guardian:TemporalStrike+1","Guardian:BronzeOrb+1"],"picked":"Guardian:Emergency+1","floor":39.0},{"not_picked":["Guardian:CrystalBeam+1","Guardian:Incinerate+1"],"picked":"Guardian:PrismaticBeam+1","floor":43},{"not_picked":["Guardian:Gem_Lightblue","Guardian:Gem_Green"],"picked":"Guardian:Gem_Cyan","floor":43},{"not_picked":["Guardian:Gem_Lightblue","Guardian:Gem_Cyan"],"picked":"Guardian:Gem_Red","floor":45},{"not_picked":["Guardian:TimeCapacitor+1","Guardian:Gem_Red"],"picked":"Guardian:Gem_Purple","floor":45},{"not_picked":["Guardian:Gem_Lightblue","Guardian:Gem_Green"],"picked":"Guardian:Gem_Cyan","floor":46},{"not_picked":["Guardian:VentSteam+1","Guardian:TimeBomb+1"],"picked":"Guardian:Planning+1","floor":46},{"not_picked":["Guardian:Gem_Green","Guardian:Gem_Red"],"picked":"Guardian:Gem_Cyan","floor":47},{"not_picked":["Guardian:ShieldCharger+1","Guardian:Orbwalk"],"picked":"Guardian:Gem_Blue","floor":47},{"not_picked":["Guardian:Gem_Red","Guardian:WalkerClaw+1","Guardian:Gem_Lightblue"],"picked":"SKIP","floor":49}],"player_experience":1336625,"relics_obtained":[{"floor":6.0,"key":"Ice Cream"},{"floor":7.0,"key":"Pantograph"},{"floor":9.0,"key":"Art of War"},{"floor":10.0,"key":"White Beast Statue"},{"floor":14.0,"key":"Toxic Egg 2"},{"floor":23.0,"key":"Oddly Smooth Stone"},{"floor":29.0,"key":"Guardian:PocketSentry"},{"floor":31.0,"key":"Smiling Mask"},{"floor":40.0,"key":"hexamod:Sixitude"},{"floor":42,"key":"Bird Faced Urn"},{"floor":43,"key":"Molten Egg 2"},{"floor":47,"key":"Kunai"}],"event_choices":[{"damage_healed":0.0,"max_hp_gain":0.0,"max_hp_loss":0.0,"gold_gain":0.0,"event_name":"The Library","player_choice":"Read","floor":21.0,"gold_loss":0.0,"damage_taken":0.0,"cards_obtained":["Guardian:Gem_Cyan"]},{"damage_healed":0,"gold_gain":0,"player_choice":"Fight","damage_taken":0,"max_hp_gain":0,"max_hp_loss":0,"event_name":"Mysterious Sphere","floor":42,"gold_loss":0}],"is_beta":false,"boss_relics":[{"not_picked":["Busted Crown","Guardian:ModeShifterPlus"],"picked":"Cursed Key"},{"not_picked":["Snecko Eye","Tiny House"],"picked":"Empty Cage"}],"items_purged_floors":[20,27],"is_endless":false,"potions_floor_spawned":[3,8,11,13,14,15,16,19,20,22,23,26,27,28,29,31,32,33,36,37,38,39,40,42,43,45,46,47,49],"ascension_level":5}}