{"host":"cwd5s03r1oaxs6mx","time":1610806524,"event":{"mods":["Act Like it!","BaseMod","Better Third Choice","BetterRewards","CapriCore","Card Filter","Colored Map","Custom Start","DeckTracker","Friendly Minions","Hubris","Infinite Spire","Marisa£¨Ùöéë¡¡Øª×âÞÞ£©","Minty Spire (QoL Compilation)","Quick Restart","Relic Stats","Shop Mod","Spicy Shops","StSLib","SuperFastMode"],"gold_per_floor":[113,128,28,46,61,61,91,91,91,103,137,137,137,166,166,166,166],"floor_reached":16,"language":"KOR","playtime":598,"items_purged":["Strike_G","Strike_G"],"score":240,"play_id":"a7718f9c-0b88-4a12-803e-6b9ed8bbb977","local_time":"20210116231524","is_ascension_mode":true,"campfire_choices":[{"data":"The Bomb","floor":6,"key":"SMITH"},{"data":"Setup","floor":8,"key":"SMITH"},{"floor":15,"key":"REST"}],"circlet_count":0,"master_deck":["AscendersBane","Strike_G","Strike_G","Strike_G","Defend_G","Defend_G","Defend_G","Defend_G","Defend_G","Survivor","Neutralize","The Bomb+1","Blur+1","Impatience+1","Flechettes","Backflip","Glass Knife","Setup+1","Well Laid Plans","infinitespire:SevenWalls"],"relics":["Ring of the Snake","War Paint","Oddly Smooth Stone","Bottled Lightning","Pear","infinitespire:Joker Card","hubris:Towel","Bag of Preparation"],"acts_visited":["Exordium"],"potions_floor_usage":[14,16],"damage_taken":[{"damage":5,"enemies":"Cultist","floor":1,"turns":4},{"damage":0,"enemies":"Jaw Worm","floor":2,"turns":4},{"damage":0,"enemies":"2 Louse","floor":4,"turns":3},{"damage":0,"enemies":"2 Fungi Beasts","floor":5,"turns":5},{"damage":35,"enemies":"Gremlin Nob","floor":7,"turns":4},{"damage":0,"enemies":"Blue Slaver","floor":10,"turns":3},{"damage":5,"enemies":"Lagavulin","floor":11,"turns":7},{"damage":1,"enemies":"3 Sentries","floor":14,"turns":3},{"damage":31,"enemies":"The Guardian","floor":16,"turns":8}],"seed_played":"-5933266273816824025","potions_obtained":[{"floor":2,"key":"CunningPotion"},{"floor":5,"key":"GamblersBrew"}],"is_trial":false,"path_per_floor":["M","M","$","M","M","R","E","R","T","M","E","?","?","E","R","B"],"character_chosen":"THE_SILENT","items_purchased":["The Bomb","Blur","Impatience","War Paint","Oddly Smooth Stone","Flechettes"],"campfire_rested":1,"item_purchase_floors":[0,0,0,0,0,0],"current_hp_per_floor":[54,54,54,54,54,54,19,19,29,29,24,24,6,5,27,0,0],"gold":166,"neow_bonus":"","is_daily":false,"chose_seed":false,"campfire_upgraded":2,"win_rate":0.0,"timestamp":1610806524,"path_taken":["M","M","$","?","M","R","E","R","T","M","E","?","?","E","R","BOSS"],"items_purchased_type":["Card","Card","Card","Relic","Relic","Card"],"build_version":"2020-12-22","purchased_purges":2,"victory":false,"max_hp_per_floor":[66,66,66,66,66,66,66,66,76,76,76,76,76,76,76,76,76],"relic_stats":{"counters":[26,113],"Bag of Preparation":[2],"War Paint":["Impatience","Blur"],"obtain_stats":[{"Pear":9,"Singing Bowl":22,"Oddly Smooth Stone":0,"Thread and Needle":17,"Pen Nib":8,"infinitespire:Joker Card":11,"Bag of Preparation":14,"War Paint":0,"hubris:Towel":12,"Boot":22,"Question Card":27,"Calling Bell":17,"Sundial":17,"Strawberry":17,"Tiny Chest":6,"MealTicket":26,"Membership Card":0,"Bottled Lightning":7,"hubris:Potato":0,"Ring of the Snake":0},{"Pear":22,"Singing Bowl":13,"Oddly Smooth Stone":17,"Thread and Needle":10,"Pen Nib":5,"infinitespire:Joker Card":24,"Bag of Preparation":25,"War Paint":17,"hubris:Towel":24,"Boot":13,"Question Card":14,"Calling Bell":10,"Sundial":10,"Strawberry":10,"Tiny Chest":4,"MealTicket":14,"Membership Card":0,"Bottled Lightning":22,"hubris:Potato":0,"Ring of the Snake":0},{"Pear":92,"Singing Bowl":57,"Oddly Smooth Stone":72,"Thread and Needle":44,"Pen Nib":25,"infinitespire:Joker Card":102,"Bag of Preparation":105,"War Paint":72,"hubris:Towel":102,"Boot":57,"Question Card":61,"Calling Bell":44,"Sundial":44,"Strawberry":44,"Tiny Chest":17,"MealTicket":61,"Membership Card":0,"Bottled Lightning":92,"hubris:Potato":0,"Ring of the Snake":0}],"Ring of the Snake":[52]},"card_choices":[{"not_picked":["Outmaneuver","Deadly Poison","Infinite Blades"],"picked":"SKIP","floor":1},{"not_picked":["Acrobatics","PiercingWail"],"picked":"Backflip","floor":2},{"not_picked":["Masterful Stab","Dodge and Roll"],"picked":"Glass Knife","floor":4},{"not_picked":["Deadly Poison","Bane","PiercingWail"],"picked":"SKIP","floor":5},{"not_picked":["Dagger Throw","Tactician"],"picked":"Setup","floor":7},{"not_picked":["Riddle With Holes","Expertise"],"picked":"Well Laid Plans","floor":10},{"not_picked":["Dodge and Roll","Flying Knee","Well Laid Plans"],"picked":"SKIP","floor":11},{"not_picked":["Dodge and Roll","Flying Knee","Well Laid Plans"],"picked":"SKIP","floor":11},{"not_picked":["infinitespire:NeuralNetwork","hubris:Fate"],"picked":"infinitespire:SevenWalls","floor":13},{"not_picked":["Dagger Spray","Glass Knife","Calculated Gamble"],"picked":"SKIP","floor":14}],"player_experience":1039177,"relics_obtained":[{"floor":7,"key":"Bottled Lightning"},{"floor":9,"key":"Pear"},{"floor":11,"key":"infinitespire:Joker Card"},{"floor":14,"key":"Bag of Preparation"}],"event_choices":[],"is_beta":false,"boss_relics":[],"items_purged_floors":[0,3],"is_endless":false,"potions_floor_spawned":[2,5,7,10],"killed_by":"The Guardian","ascension_level":20}}