{"host":"l84l8xigz5v5foa2","time":1610776027,"event":{"mods":["2.2 Compatiblity","AchievementEnabler","BaseMod","Better Note","Better Vampires","Card Filter","Colored Map","DeckTracker","Downfall","Gremlin Skip","Highlight Path","Keyboard Shortcuts","Minty Spire (QoL Compilation)","Permanent Neow","Quick Restart","Relic Filter","Relic Stats","StSLib","SuperFastMode","Transform Curses","Unknown Chances"],"gold_per_floor":[99,113,113,113,132,165,165,165,6,6,106,140,140,170,182,286,286,286,298,298,314,399,499,499,399,419,419,419,437,451,61,77,178,178,178,192,192,192,209,240,240,140,155,55,68,79,95,95,106,106,106,137,8,8,8],"floor_reached":54,"language":"ENG","playtime":4591,"items_purged":["bronze:Strike","Panache","bronze:FunctionCard","bronze:Goto+1"],"score":977,"play_id":"614a44c7-6cf6-4041-9291-f8ede720010c","local_time":"20210116144707","is_ascension_mode":false,"campfire_choices":[{"data":"bronze:Goto","floor":1.0,"key":"SMITH"},{"data":"bronze:Mutator","floor":8.0,"key":"SMITH"},{"data":"bronze:FollowUp","floor":10.0,"key":"SMITH"},{"data":"bronze:FindAndReplace","floor":13.0,"key":"SMITH"},{"data":"bronze:HardenedForm","floor":18.0,"key":"SMITH"},{"data":"bronze:GetLatest","floor":25.0,"key":"SMITH"},{"data":"bronze:ItsAFeature","floor":27.0,"key":"SMITH"},{"data":"RitualDagger","floor":35.0,"key":"SMITH"},{"floor":42.0,"key":"RECALL"},{"data":"bronze:Verify","floor":44.0,"key":"SMITH"}],"circlet_count":0,"master_deck":["bronze:Defend","bronze:Defend","bronze:Defend","bronze:Defend","bronze:Replicate+1","bronze:Goto+1","Panache","bronze:BronzeOrb","bronze:Goto+1","bronze:FollowUp+1","bronze:Mutator+1","bronze:Repair","bronze:BronzeArmor","bronze:FindAndReplace+1","bronze:GetLatest+1","bronze:HardenedForm+1","bronze:Overload","bronze:BitShift+1","RitualDagger+1","bronze:Frontload+1","bronze:Deprecate+1","bronze:Safeguard+1","bronze:Verify+1","bronze:Virus","bronze:ForceShield","bronze:MaxOutput","bronze:Shell"],"relics":["bronze:BronzeCore","Guardian:PocketSentry","Bottled Flame","sneckomod:BlankCard","sneckomod:SneckoTalon","Bottled Lightning","downfall:HeartBlessingGreen","Philosopher\u0027s Stone","Pen Nib","Question Card","downfall:HeartBlessingBlue","downfall:HeartBlessingRed","Art of War"],"acts_visited":["Exordium","TheCity","TheBeyond","TheEnding"],"potions_floor_usage":[],"damage_taken":[{"damage":2.0,"enemies":"2 Louse","floor":2.0,"turns":3.0},{"damage":0.0,"enemies":"Small Slimes","floor":5.0,"turns":6.0},{"damage":21.0,"enemies":"Gremlin Nob","floor":6.0,"turns":4.0},{"damage":2.0,"enemies":"downfall:FleeingMerchant","floor":9.0,"turns":4.0},{"damage":11.0,"enemies":"downfall:Heads","floor":11.0,"turns":5.0},{"damage":0.0,"enemies":"3 Sentries","floor":12.0,"turns":5.0},{"damage":0.0,"enemies":"Cultist","floor":15.0,"turns":2.0},{"damage":0.0,"enemies":"WA_ARCHETYPE_RETAIN","floor":16.0,"turns":4.0},{"damage":0.0,"enemies":"3 Byrds","floor":19.0,"turns":3.0},{"damage":0.0,"enemies":"Spheric Guardian","floor":21.0,"turns":3.0},{"damage":14.0,"enemies":"Spheric Guardian","floor":23.0,"turns":3.0},{"damage":0.0,"enemies":"Shelled Parasite and Fungi","floor":26.0,"turns":4.0},{"damage":2.0,"enemies":"Sentry and Sphere","floor":29.0,"turns":4.0},{"damage":0.0,"enemies":"Centurion and Healer","floor":30.0,"turns":6.0},{"damage":0.0,"enemies":"downfall:FleeingMerchant","floor":31.0,"turns":4.0},{"damage":0.0,"enemies":"Snake Plant","floor":32.0,"turns":6.0},{"damage":0.0,"enemies":"DF_ARCHETYPE_CLAW","floor":33.0,"turns":8.0},{"damage":0.0,"enemies":"3 Darklings","floor":36.0,"turns":5.0},{"damage":2.0,"enemies":"Orb Walker","floor":39.0,"turns":3.0},{"damage":17.0,"enemies":"Reptomancer","floor":40.0,"turns":4.0},{"damage":30.0,"enemies":"Transient","floor":43.0,"turns":5.0},{"damage":0.0,"enemies":"4 Shapes","floor":45.0,"turns":4.0},{"damage":0.0,"enemies":"Maw","floor":46.0,"turns":5.0},{"damage":0.0,"enemies":"Writhing Mass","floor":47.0,"turns":6.0},{"damage":0.0,"enemies":"Spire Growth","floor":49.0,"turns":2.0},{"damage":37.0,"enemies":"IC_BLOCK_ARCHETYPE","floor":50.0,"turns":7.0},{"damage":4.0,"enemies":"downfall:CharBossMerchant","floor":52.0,"turns":10.0}],"seed_played":"-1845141219081133842","potions_obtained":[{"floor":5.0,"key":"champ:CounterPotion"},{"floor":12.0,"key":"Dexterity Potion"},{"floor":15.0,"key":"AttackPotion"},{"floor":16.0,"key":"Strength Potion"},{"floor":26.0,"key":"Energy Potion"},{"floor":29.0,"key":"SpeedPotion"},{"floor":33.0,"key":"Fire Potion"},{"floor":43.0,"key":"GamblersBrew"},{"floor":47.0,"key":"SmokeBomb"}],"is_trial":false,"path_per_floor":["R","M","?","?","M","E","T","R","$","R","?","E","R","?","M","B",null,"R","M","?","M","?","?","T","R","M","R","?","M","M","$","M","B",null,"R","M","?","?","M","E","T","R","M","R","M","M","M","?","M","B",null,"E","$","R"],"character_chosen":"THE_AUTOMATON","items_purchased":["bronze:Repair","bronze:Shell","Swift Potion"],"campfire_rested":0,"item_purchase_floors":[9,53,53],"current_hp_per_floor":[63,61,61,61,61,40,40,40,38,38,34,41,41,41,41,48,63,63,63,63,63,49,35,35,35,42,42,36,41,48,55,62,63,63,63,63,63,63,61,44,44,54,31,31,31,38,45,45,45,15,73,73,73,73,73],"gold":8,"neow_bonus":"RANDOM_COLORLESS_2","is_daily":false,"chose_seed":false,"campfire_upgraded":9,"win_rate":0.0,"timestamp":1610776027,"path_taken":["R","M","?","?","?","E","T","R","$","R","?","E","R","?","M","BOSS","R","M","?","M","?","?","T","R","?","R","?","M","M","$","M","BOSS","R","M","?","?","?","E","T","R","M","R","M","M","M","?","M","BOSS","E","$","R"],"items_purchased_type":["Card","Card","Potion"],"build_version":"2020-12-22","purchased_purges":4,"victory":false,"max_hp_per_floor":[63,63,63,63,63,63,63,63,63,63,63,63,63,63,63,63,63,63,63,63,63,63,63,63,63,63,63,63,63,63,63,63,63,63,63,63,63,63,63,63,63,73,73,73,73,73,73,73,73,73,73,73,73,73,73],"relic_stats":{"counters":[27,125],"Pen Nib":[11],"Art of War":[0],"Question Card":6,"obtain_stats":[{"bronze:BronzeCore":0,"downfall:HeartBlessingRed":44,"sneckomod:BlankCard":14,"downfall:HeartBlessingGreen":25,"Pen Nib":40,"Guardian:PocketSentry":6,"sneckomod:SneckoTalon":17,"Question Card":41,"Bottled Flame":12,"downfall:HeartBlessingBlue":42,"Philosopher\u0027s Stone":34,"Art of War":52,"Bottled Lightning":24},{"bronze:BronzeCore":0,"downfall:HeartBlessingRed":21,"sneckomod:BlankCard":6,"downfall:HeartBlessingGreen":11,"Pen Nib":20,"Guardian:PocketSentry":3,"sneckomod:SneckoTalon":8,"Question Card":20,"Bottled Flame":6,"downfall:HeartBlessingBlue":20,"Philosopher\u0027s Stone":17,"Art of War":27,"Bottled Lightning":11},{"bronze:BronzeCore":0,"downfall:HeartBlessingRed":91,"sneckomod:BlankCard":27,"downfall:HeartBlessingGreen":42,"Pen Nib":86,"Guardian:PocketSentry":13,"sneckomod:SneckoTalon":33,"Question Card":86,"Bottled Flame":27,"downfall:HeartBlessingBlue":86,"Philosopher\u0027s Stone":74,"Art of War":125,"Bottled Lightning":42}]},"card_choices":[{"not_picked":["Violence","Secret Weapon"],"picked":"Panache","floor":0.0},{"not_picked":["bronze:FineTuning","bronze:WildBeam"],"picked":"bronze:BronzeOrb","floor":2.0},{"not_picked":["bronze:Turbo","bronze:Overheat"],"picked":"bronze:FollowUp","floor":5.0},{"not_picked":["bronze:BugBarrage","bronze:Allocate"],"picked":"bronze:Mutator","floor":6.0},{"not_picked":["bronze:Shield","bronze:Iterate","bronze:Deprecate"],"picked":"SKIP","floor":9.0},{"not_picked":["bronze:Invalidate","bronze:DelayedGuard"],"picked":"bronze:FindAndReplace","floor":12.0},{"not_picked":["bronze:ChosenStrike","bronze:Deprecate"],"picked":"bronze:GetLatest","floor":15.0},{"not_picked":["bronze:CleanCode","bronze:Assembly"],"picked":"bronze:HardenedForm","floor":16.0},{"not_picked":["bronze:DigitalCarnage","bronze:Invalidate","bronze:Repair"],"picked":"SKIP","floor":19.0},{"not_picked":["bronze:DarkDash","bronze:Turbo"],"picked":"bronze:Overload","floor":21.0},{"not_picked":["bronze:Iterate","bronze:CloningBeam"],"picked":"bronze:BitShift+1","floor":23.0},{"not_picked":["bronze:OilSpill","bronze:BugBarrage"],"picked":"bronze:ItsAFeature","floor":26.0},{"not_picked":["bronze:Iterate","bronze:GetLatest"],"picked":"bronze:Frontload+1","floor":29.0},{"not_picked":["bronze:OilSpill","bronze:HyperBeam"],"picked":"bronze:Deprecate+1","floor":30.0},{"not_picked":["bronze:Frontload","bronze:Invalidate"],"picked":"bronze:Safeguard+1","floor":31.0},{"not_picked":["bronze:Turbo","bronze:Invalidate","bronze:Safeguard"],"picked":"SKIP","floor":32.0},{"not_picked":["bronze:SpaghettiCode","bronze:FindAndReplace"],"picked":"bronze:Verify","floor":33.0},{"not_picked":["bronze:DigitalCarnage","bronze:WhirlingStrike","bronze:ForLoop+1"],"picked":"SKIP","floor":36.0},{"not_picked":["bronze:BuggyMess","bronze:Safeguard","bronze:Shield+1"],"picked":"SKIP","floor":39.0},{"not_picked":["bronze:DelayedSlice+1","bronze:ChildClass+1","bronze:CloningBeam"],"picked":"SKIP","floor":40.0},{"not_picked":["bronze:DelayedSlice+1","bronze:Frontload","bronze:Branch+1","bronze:Invalidate"],"picked":"SKIP","floor":43.0},{"not_picked":["bronze:BugBarrage+1","bronze:BitShift","bronze:Deprecate+1"],"picked":"bronze:Virus","floor":45.0},{"not_picked":["bronze:BitShift","bronze:Branch","bronze:FineTuning+1","bronze:BugBarrage"],"picked":"SKIP","floor":46.0},{"not_picked":["bronze:Turbo+1","bronze:Safeguard+1","bronze:Allocate","bronze:Frontload+1"],"picked":"SKIP","floor":47.0},{"not_picked":["bronze:Optimize+1","bronze:WildBeam","bronze:Overload+1"],"picked":"bronze:ForceShield","floor":49.0},{"not_picked":["bronze:Overheat","bronze:ChildClass","bronze:Branch+1"],"picked":"bronze:MaxOutput","floor":52.0}],"player_experience":3254977,"relics_obtained":[{"floor":6.0,"key":"Guardian:PocketSentry"},{"floor":12.0,"key":"Bottled Flame"},{"floor":24.0,"key":"Bottled Lightning"},{"floor":40.0,"key":"Pen Nib"},{"floor":41.0,"key":"Question Card"},{"floor":52.0,"key":"Art of War"}],"event_choices":[{"damage_healed":0.0,"max_hp_gain":0.0,"max_hp_loss":0.0,"gold_gain":0.0,"event_name":"betterNote:BetterNote","player_choice":"Ignored","floor":20.0,"gold_loss":0.0,"damage_taken":0.0,"cards_obtained":["Night Terror"]},{"cards_removed":["bronze:ItsAFeature"],"damage_healed":0.0,"max_hp_gain":0.0,"max_hp_loss":0.0,"gold_gain":0.0,"event_name":"Falling","player_choice":"Removed Power","floor":48.0,"gold_loss":0.0,"damage_taken":0.0}],"is_beta":false,"boss_relics":[{"not_picked":["Sozu","Runic Pyramid"],"picked":"sneckomod:SneckoTalon"},{"not_picked":["SlaversCollar","bronze:PlatinumCore"],"picked":"Philosopher\u0027s Stone"}],"items_purged_floors":[9,31,31,31],"is_endless":false,"potions_floor_spawned":[5,12,15,16,26,29,32,33,36,39,43,47],"ascension_level":0}}