{"host":"4rvakrj1idbgia3f","time":1610815637,"event":{"mods":["BaseMod","Colored Map","Colored Powertips","DeckTracker","Highlight Path","Minty Spire (QoL Compilation)","Random Character Button","StSLib"],"gold_per_floor":[117,42,42,42,58,91,91,111,138,138,163,203,116,141,141,230,230,211,211,211,211,211],"floor_reached":21,"language":"JPN","playtime":616,"items_purged":[],"score":424,"play_id":"f66f373b-1ac7-494a-bdb7-0911fe7b69ee","local_time":"20210117014717","is_ascension_mode":true,"campfire_choices":[{"data":"Carnage","floor":7.0,"key":"SMITH"},{"data":"Wild Strike","floor":10.0,"key":"SMITH"},{"data":"Disarm","floor":15.0,"key":"SMITH"}],"circlet_count":0,"master_deck":["AscendersBane","Strike_R","Strike_R","Strike_R","Defend_R","Defend_R","Bash","Carnage+1","Wild Strike+1","Shockwave","Ghostly Armor","Rage","Disarm+1","Shrug It Off","Impervious","True Grit"],"relics":["Burning Blood","NeowsBlessing","Bloody Idol","Oddly Smooth Stone","StrikeDummy","Empty Cage"],"acts_visited":["Exordium","TheCity"],"potions_floor_usage":[21],"damage_taken":[{"damage":0.0,"enemies":"Jaw Worm","floor":1.0,"turns":1.0},{"damage":0.0,"enemies":"Small Slimes","floor":5.0,"turns":1.0},{"damage":0.0,"enemies":"3 Sentries","floor":6.0,"turns":2.0},{"damage":0.0,"enemies":"Cultist","floor":8.0,"turns":2.0},{"damage":8.0,"enemies":"Looter","floor":11.0,"turns":3.0},{"damage":18.0,"enemies":"Lagavulin","floor":12.0,"turns":6.0},{"damage":0.0,"enemies":"2 Fungi Beasts","floor":14.0,"turns":2.0},{"damage":28.0,"enemies":"The Guardian","floor":16.0,"turns":11.0},{"damage":18,"enemies":"2 Thieves","floor":18,"turns":4},{"damage":48,"enemies":"3 Byrds","floor":21,"turns":9}],"seed_played":"-6981234226083076535","potions_obtained":[{"floor":1.0,"key":"ElixirPotion"},{"floor":8.0,"key":"Weak Potion"},{"floor":11.0,"key":"BloodPotion"}],"is_trial":false,"path_per_floor":["M","?","?","?","M","E","R","M","T","R","M","E","$","M","R","B",null,"M","?","?","M"],"character_chosen":"IRONCLAD","items_purchased":["Disarm"],"campfire_rested":0,"item_purchase_floors":[13],"current_hp_per_floor":[74,74,48,48,54,60,60,66,66,66,64,52,52,58,58,36,65,53,53,53,5,5],"gold":211,"neow_bonus":"THREE_ENEMY_KILL","is_daily":false,"chose_seed":false,"campfire_upgraded":3,"win_rate":0.0,"timestamp":1610815637,"path_taken":["M","?","?","?","?","E","R","M","T","R","M","E","$","M","R","BOSS","M","?","?","M"],"items_purchased_type":["Card"],"build_version":"2020-12-22","purchased_purges":0,"victory":false,"max_hp_per_floor":[75,75,75,75,75,75,75,75,75,75,75,75,75,75,75,75,75,75,75,75,75,75],"card_choices":[{"not_picked":["Shockwave","Warcry"],"picked":"Carnage","floor":1.0},{"not_picked":["Iron Wave","Anger","Headbutt"],"picked":"SKIP","floor":5.0},{"not_picked":["Blood for Blood","Havoc"],"picked":"Wild Strike","floor":6.0},{"not_picked":["Armaments","Twin Strike"],"picked":"Shockwave","floor":8.0},{"not_picked":["Sword Boomerang","Anger"],"picked":"Ghostly Armor","floor":11.0},{"not_picked":["Dual Wield","Clash"],"picked":"Rage","floor":12.0},{"not_picked":["Fiend Fire","Heavy Blade"],"picked":"Shrug It Off","floor":14.0},{"not_picked":["Exhume","Barricade"],"picked":"Impervious","floor":16.0},{"not_picked":["Flex","Ghostly Armor"],"picked":"True Grit","floor":18}],"player_experience":2041013,"relics_obtained":[{"floor":6.0,"key":"Oddly Smooth Stone"},{"floor":12.0,"key":"StrikeDummy"}],"event_choices":[{"cards_removed":["Strike_R"],"damage_healed":0.0,"max_hp_gain":0.0,"max_hp_loss":0.0,"gold_gain":0.0,"event_name":"The Cleric","player_choice":"Card Removal","floor":2.0,"gold_loss":75.0,"damage_taken":0.0},{"damage_healed":0.0,"max_hp_gain":0.0,"max_hp_loss":0.0,"gold_gain":0.0,"event_name":"Golden Idol","player_choice":"Take Damage","floor":3.0,"gold_loss":0.0,"damage_taken":26.0,"relics_obtained":["Golden Idol"]},{"cards_removed":["Defend_R"],"damage_healed":0.0,"max_hp_gain":0.0,"max_hp_loss":0.0,"gold_gain":0.0,"event_name":"Wheel of Change","player_choice":"Card Removal","floor":4.0,"gold_loss":0.0,"damage_taken":0.0},{"damage_healed":0,"gold_gain":0,"player_choice":"Gave Idol","damage_taken":0,"relics_obtained":["Bloody Idol"],"max_hp_gain":0,"max_hp_loss":0,"event_name":"Forgotten Altar","floor":19,"relics_lost":["Golden Idol"],"gold_loss":0},{"damage_healed":0,"gold_gain":0,"player_choice":"Ignored","damage_taken":0,"max_hp_gain":0,"max_hp_loss":0,"event_name":"Vampires","floor":20,"gold_loss":0}],"is_beta":false,"boss_relics":[{"not_picked":["Runic Cube","Runic Dome"],"picked":"Empty Cage"}],"items_purged_floors":[],"is_endless":false,"potions_floor_spawned":[1,8,11],"killed_by":"3 Byrds","ascension_level":20}}