{"host":"yvs6unqb0m2j26b0","time":1610755499,"event":{"mods":["AchievementEnabler","BaseMod","Colored Map","Colored Powertips","Minty Spire (QoL Compilation)"],"gold_per_floor":[112,112,131,147,162,162,186,211,211,231,231,258,258,283,283,379,379,389,299,318,336,14,40,15,15,15,27,27],"floor_reached":27,"language":"ENG","playtime":2219,"items_purged":[],"score":326,"play_id":"1ec35273-cd72-40c2-a804-c5bd85b7b9d9","local_time":"20210115220459","is_ascension_mode":false,"campfire_choices":[{"data":"Crescendo","floor":6,"key":"SMITH"},{"data":"DevaForm","floor":11,"key":"SMITH"},{"data":"Eruption","floor":15,"key":"SMITH"}],"circlet_count":0,"master_deck":["Strike_P","Strike_P","Strike_P","Strike_P","Defend_P","Eruption+1","Vigilance","Crescendo+1","Protect","Conclude+1","LikeWater+1","Wallop","DevaForm+1","CrushJoints+1","CutThroughFate","LessonLearned+1","SashWhip+1","Scrawl","Meditate","Perseverance+1","ReachHeaven+1","ClearTheMind","WindmillStrike+1","Prostrate"],"relics":["PureWater","Odd Mushroom","WingedGreaves","Gambling Chip","Molten Egg 2","Boot","Pen Nib","SacredBark","Thread and Needle","Potion Belt","MawBank"],"acts_visited":["Exordium","TheCity"],"potions_floor_usage":[8,8,14,16,16,23,23],"damage_taken":[{"damage":1,"enemies":"Jaw Worm","floor":1,"turns":3},{"damage":0,"enemies":"2 Louse","floor":3,"turns":2},{"damage":8,"enemies":"Small Slimes","floor":4,"turns":2},{"damage":5,"enemies":"Exordium Wildlife","floor":5,"turns":4},{"damage":1,"enemies":"The Mushroom Lair","floor":7,"turns":2},{"damage":0,"enemies":"Gremlin Nob","floor":8,"turns":2},{"damage":8,"enemies":"Exordium Thugs","floor":10,"turns":5},{"damage":0,"enemies":"Lagavulin","floor":12,"turns":5},{"damage":4,"enemies":"3 Sentries","floor":14,"turns":11},{"damage":30,"enemies":"Hexaghost","floor":16,"turns":6},{"damage":15,"enemies":"Shell Parasite","floor":18,"turns":5},{"damage":5,"enemies":"Chosen","floor":20,"turns":4},{"damage":36,"enemies":"Snake Plant","floor":21,"turns":4},{"damage":15,"enemies":"Book of Stabbing","floor":23,"turns":4},{"damage":7,"enemies":"Centurion and Healer","floor":27,"turns":2}],"seed_played":"8117729689796056946","potions_obtained":[{"floor":4,"key":"SteroidPotion"},{"floor":5,"key":"FearPotion"},{"floor":8,"key":"SkillPotion"},{"floor":12,"key":"DuplicationPotion"},{"floor":14,"key":"ColorlessPotion"},{"floor":21,"key":"ColorlessPotion"},{"floor":23,"key":"Fruit Juice"}],"is_trial":false,"path_per_floor":["M","?","M","M","M","R","?","E","T","M","R","E","?","E","R","B",null,"M","?","M","M","$","E","$","?","T","M"],"character_chosen":"WATCHER","items_purchased":["ClearTheMind","Thread and Needle","Prostrate"],"campfire_rested":0,"item_purchase_floors":[22,22,24],"current_hp_per_floor":[78,78,78,70,65,65,64,64,64,56,56,56,53,49,49,19,79,64,64,59,23,23,18,18,18,18,11,11],"gold":27,"neow_bonus":"TEN_PERCENT_HP_BONUS","is_daily":false,"chose_seed":false,"campfire_upgraded":3,"win_rate":0.0,"timestamp":1610755499,"path_taken":["M","?","M","M","M","R","?","E","T","M","R","E","?","E","R","BOSS","M","?","M","M","$","E","?","?","T","M"],"items_purchased_type":["Card","Relic","Card"],"build_version":"2020-12-22","purchased_purges":0,"victory":false,"max_hp_per_floor":[79,79,79,79,79,79,79,79,79,79,79,79,79,79,79,79,79,79,79,79,79,79,89,89,89,89,89,89],"card_choices":[{"not_picked":["FearNoEvil","Collect"],"picked":"Crescendo","floor":1},{"not_picked":["SignatureMove","Pray"],"picked":"Conclude","floor":3},{"not_picked":["Prostrate","Consecrate"],"picked":"LikeWater","floor":4},{"not_picked":["FollowUp","Nirvana"],"picked":"Wallop","floor":5},{"not_picked":["Perseverance","JustLucky"],"picked":"DevaForm","floor":7},{"not_picked":["FlurryOfBlows","FearNoEvil"],"picked":"CrushJoints","floor":8},{"not_picked":["Halt","BowlingBash"],"picked":"CutThroughFate","floor":10},{"not_picked":["PathToVictory","Vengeance"],"picked":"LessonLearned+1","floor":12},{"not_picked":["Consecrate+1","Adaptation"],"picked":"SashWhip+1","floor":14},{"not_picked":["DevaForm","Brilliance+1"],"picked":"Scrawl","floor":16},{"not_picked":["Pray+1","Halt+1"],"picked":"Meditate","floor":18},{"not_picked":["Protect","Evaluate"],"picked":"Perseverance+1","floor":20},{"not_picked":["Halt","SashWhip+1"],"picked":"ReachHeaven+1","floor":21},{"not_picked":["JustLucky+1","PathToVictory"],"picked":"WindmillStrike+1","floor":23}],"player_experience":56551,"relics_obtained":[{"floor":7,"key":"Odd Mushroom"},{"floor":8,"key":"WingedGreaves"},{"floor":9,"key":"Gambling Chip"},{"floor":12,"key":"Molten Egg 2"},{"floor":14,"key":"Pen Nib"},{"floor":23,"key":"Potion Belt"},{"floor":26,"key":"MawBank"}],"event_choices":[{"damage_healed":0,"gold_gain":0,"cards_transformed":["Defend_P"],"player_choice":"Change","damage_taken":0,"max_hp_gain":0,"max_hp_loss":0,"event_name":"Living Wall","floor":2,"gold_loss":0,"cards_obtained":["Protect"]},{"damage_healed":0,"gold_gain":0,"player_choice":"Fought Mushrooms","damage_taken":0,"max_hp_gain":0,"max_hp_loss":0,"event_name":"Mushrooms","floor":7,"gold_loss":0},{"damage_healed":0,"gold_gain":0,"player_choice":"Success","damage_taken":3,"relics_obtained":["Boot"],"max_hp_gain":0,"max_hp_loss":0,"event_name":"Scrap Ooze","floor":13,"gold_loss":0},{"cards_removed":["Defend_P"],"damage_healed":0,"gold_gain":0,"player_choice":"Upgrade and Remove","damage_taken":0,"max_hp_gain":0,"max_hp_loss":0,"event_name":"Designer","floor":19,"gold_loss":90,"cards_upgraded":["LikeWater"]},{"cards_removed":["Defend_P"],"damage_healed":0,"gold_gain":0,"player_choice":"Offered Basic","damage_taken":0,"max_hp_gain":0,"max_hp_loss":0,"event_name":"Bonfire Elementals","floor":25,"gold_loss":0}],"is_beta":false,"boss_relics":[{"not_picked":["Sozu","Astrolabe"],"picked":"SacredBark"}],"items_purged_floors":[],"is_endless":false,"potions_floor_spawned":[4,5,8,12,14,21,23],"killed_by":"Centurion and Healer","ascension_level":0}}