{"host":"xbs6xfa3tvu21mfl","time":1610801913,"event":{"mods":["Arknights The Spire","BaseMod","Downfall","Minty Spire (QoL Compilation)","Quick Restart","StSLib"],"gold_per_floor":[99,116,216,230,241,255,255,290,304,404,304,323,323,355,369,472,472,472,484,45,64,164,183,183,183,183,215,231,244,244,244,258,258,258],"floor_reached":33,"language":"ZHS","playtime":1786,"items_purged":[],"score":281,"play_id":"948dc77b-0d3a-49da-a8ed-f76a179b118e","local_time":"20210116205833","is_ascension_mode":false,"campfire_choices":[{"floor":1.0,"key":"RECALL"},{"floor":11.0,"key":"REST"},{"floor":13.0,"key":"REST"},{"data":"bronze:Philosophize","floor":18.0,"key":"SMITH"},{"data":"bronze:FineTuning","floor":26.0,"key":"SMITH"},{"floor":30.0,"key":"REST"}],"circlet_count":0,"master_deck":["bronze:Strike+1","bronze:Strike+1","bronze:Defend","bronze:Defend","bronze:Defend","bronze:Replicate","bronze:Goto","bronze:Flail+1","bronze:Optimize","bronze:DelayedGuard","bronze:ChildClass","bronze:FollowUp","bronze:Deprecate","bronze:HyperBeam","bronze:CutThrough","bronze:FineTuning+1","bronze:Flail","bronze:Philosophize+1","bronze:HardenedForm+1","bronze:WhirlingStrike+1","bronze:Optimize+1","expansioncontent:StudyTheSpire+1","Finesse","bronze:GetLatest","bronze:WhirlingStrike","bronze:Invalidate+1","bronze:DelayedSlice","bronze:ChosenStrike","bronze:DelayedSlice"],"relics":["bronze:PlatinumCore","Mercury Hourglass","Frozen Egg 2","downfall:HeartBlessingRed","Omamori","Blue Candle","Du-Vu Doll","downfall:RedIOU"],"acts_visited":["Exordium","TheCity"],"potions_floor_usage":[33],"damage_taken":[{"damage":5.0,"enemies":"Jaw Worm","floor":2.0,"turns":5.0},{"damage":7.0,"enemies":"Small Slimes","floor":4.0,"turns":2.0},{"damage":0.0,"enemies":"2 Louse","floor":5.0,"turns":2.0},{"damage":0.0,"enemies":"2 Fungi Beasts","floor":6.0,"turns":3.0},{"damage":25.0,"enemies":"Lagavulin","floor":8.0,"turns":6.0},{"damage":1.0,"enemies":"3 Louse","floor":9.0,"turns":2.0},{"damage":14.0,"enemies":"downfall:Heads","floor":10.0,"turns":5.0},{"damage":0.0,"enemies":"Blue Slaver","floor":12.0,"turns":3.0},{"damage":5.0,"enemies":"3 Sentries","floor":14.0,"turns":2.0},{"damage":8.0,"enemies":"Red Slaver","floor":15.0,"turns":3.0},{"damage":38.0,"enemies":"DF_ARCHETYPE_STREAMLINE","floor":16.0,"turns":8.0},{"damage":12.0,"enemies":"Chosen","floor":19.0,"turns":4.0},{"damage":5.0,"enemies":"downfall:FleeingMerchant","floor":20.0,"turns":4.0},{"damage":2.0,"enemies":"Shell Parasite","floor":21.0,"turns":2.0},{"damage":0.0,"enemies":"Centurion and Healer","floor":23.0,"turns":5.0},{"damage":16.0,"enemies":"Slavers","floor":27.0,"turns":2.0},{"damage":3.0,"enemies":"Snecko","floor":28.0,"turns":3.0},{"damage":15.0,"enemies":"3 Cultists","floor":29.0,"turns":3.0},{"damage":10.0,"enemies":"Snake Plant","floor":32.0,"turns":2.0},{"damage":50,"enemies":"IC_MUSHROOM_ARCHETYPE","floor":33,"turns":4}],"seed_played":"7298357682617180636","potions_obtained":[{"floor":2.0,"key":"SmokeBomb"},{"floor":8.0,"key":"GamblersBrew"},{"floor":9.0,"key":"BlessingOfTheForge"},{"floor":10.0,"key":"bronze:FreeFunctionsPotion"},{"floor":15.0,"key":"Guardian:BlockOnCardUsePotion"},{"floor":19.0,"key":"SteroidPotion"},{"floor":21.0,"key":"AttackPotion"},{"floor":29.0,"key":"LiquidMemories"}],"is_trial":false,"path_per_floor":["R","M","?","M","M","M","T","E","M","?","R","M","R","E","M","B",null,"R","M","$","M","?","M","T","?","R","E","M","M","R","?","M","B"],"character_chosen":"THE_AUTOMATON","items_purchased":["expansioncontent:StudyTheSpire","Omamori","Finesse"],"campfire_rested":3,"item_purchase_floors":[20,20,20],"current_hp_per_floor":[77,72,72,65,65,65,65,40,39,25,48,48,71,66,58,20,77,77,65,60,58,58,58,58,58,58,42,39,24,47,47,37,0,0],"gold":258,"neow_bonus":"TEN_PERCENT_HP_BONUS","is_daily":false,"chose_seed":false,"campfire_upgraded":2,"win_rate":0.0,"timestamp":1610801913,"path_taken":["R","M","?","M","M","M","T","E","M","?","R","M","R","E","M","BOSS","R","M","$","M","?","M","T","?","R","E","M","M","R","?","M","BOSS"],"items_purchased_type":["Card","Relic","Card"],"build_version":"2020-12-22","purchased_purges":0,"victory":false,"max_hp_per_floor":[77,77,77,77,77,77,77,77,77,77,77,77,77,77,77,77,77,77,77,77,77,77,77,77,77,77,77,77,77,77,77,77,77,77],"card_choices":[{"not_picked":["bronze:CloningBeam","bronze:WildBeam"],"picked":"bronze:Flail","floor":2.0},{"not_picked":["bronze:Flail","bronze:Deprecate"],"picked":"bronze:Optimize","floor":4.0},{"not_picked":["bronze:ForLoop","bronze:Allocate"],"picked":"bronze:DelayedGuard","floor":5.0},{"not_picked":["bronze:Philosophize","bronze:Iterate"],"picked":"bronze:ChildClass","floor":6.0},{"not_picked":["bronze:Frontload","bronze:Optimize+1"],"picked":"bronze:FollowUp","floor":8.0},{"not_picked":["bronze:Shield","bronze:OilSpill"],"picked":"bronze:Deprecate","floor":9.0},{"not_picked":["bronze:BugBarrage","bronze:BronzeArmor"],"picked":"bronze:HyperBeam","floor":10.0},{"not_picked":["bronze:Frontload","bronze:Turbo"],"picked":"bronze:FineTuning","floor":12.0},{"not_picked":["bronze:Safeguard","bronze:DelayedSlice"],"picked":"bronze:Flail","floor":14.0},{"not_picked":["bronze:WildBeam","bronze:OilSpill"],"picked":"bronze:Philosophize","floor":15.0},{"not_picked":["bronze:Break","bronze:RecursiveStrike"],"picked":"bronze:HardenedForm+1","floor":16.0},{"not_picked":["bronze:Branch","bronze:ItsAFeature+1"],"picked":"bronze:WhirlingStrike+1","floor":19.0},{"not_picked":["bronze:DelayedGuard","bronze:BuggyMess"],"picked":"bronze:Optimize+1","floor":20.0},{"not_picked":["bronze:WildBeam","bronze:BugBarrage"],"picked":"bronze:GetLatest","floor":21.0},{"not_picked":["bronze:WildBeam+1","bronze:BuggyMess","bronze:CutThrough"],"picked":"SKIP","floor":23.0},{"not_picked":["bronze:ForLoop","bronze:Turbo"],"picked":"bronze:Invalidate+1","floor":27.0},{"not_picked":["bronze:ThunderWave","bronze:Branch"],"picked":"bronze:DelayedSlice","floor":28.0},{"not_picked":["bronze:Allocate+1","bronze:ForceShield+1"],"picked":"bronze:ChosenStrike","floor":29.0},{"not_picked":["bronze:Shield","bronze:Deprecate"],"picked":"bronze:DelayedSlice","floor":32.0}],"player_experience":132822,"relics_obtained":[{"floor":7.0,"key":"Mercury Hourglass"},{"floor":8.0,"key":"Frozen Egg 2"},{"floor":14.0,"key":"Whetstone"},{"floor":24.0,"key":"Blue Candle"},{"floor":27.0,"key":"Du-Vu Doll"}],"event_choices":[],"is_beta":false,"boss_relics":[{"not_picked":["Empty Cage","Calling Bell"],"picked":"bronze:PlatinumCore"}],"items_purged_floors":[],"is_endless":false,"potions_floor_spawned":[2,8,9,10,15,19,21,29],"killed_by":"IC_MUSHROOM_ARCHETYPE","ascension_level":0}}