{"host":"d61fcf2p3sjwe6yo","time":1610790849,"event":{"mods":["AchievementEnabler","BaseMod","Colored Map","Downfall","Minty Spire (QoL Compilation)","StSLib","SuperFastMode"],"gold_per_floor":[99,110,123,136,136,164,164,190,190,208,118,148,159,259,278,278,278],"floor_reached":16,"language":"ENG","playtime":1649,"items_purged":["Doubt"],"score":122,"play_id":"192ae7d7-7247-4efe-8506-1ca61f59c9d0","local_time":"20210116125409","is_ascension_mode":false,"campfire_choices":[{"floor":1,"key":"RECALL"}],"circlet_count":0,"master_deck":["bronze:Strike","bronze:Defend","bronze:Defend","bronze:Defend","bronze:Defend","bronze:Replicate","bronze:Goto","bronze:CutThrough","bronze:OilSpill","bronze:Format","bronze:ForLoop","bronze:Shell","bronze:BronzeOrb","bronze:Boost","bronze:Branch","bronze:BitShift","bronze:Frontload","bronze:CleanCode"],"relics":["bronze:BronzeCore","bronze:BottledCode","Ornamental Fan","Gremlin Horn","Matryoshka","HornCleat","downfall:CloakOfManyFaces","CultistMask","FaceOfCleric","NlothsMask","GremlinMask","SsserpentHead"],"acts_visited":["Exordium"],"potions_floor_usage":[14,16,16],"damage_taken":[{"damage":5,"enemies":"Small Slimes","floor":2,"turns":4},{"damage":1,"enemies":"Cultist","floor":3,"turns":3},{"damage":7,"enemies":"2 Louse","floor":4,"turns":4},{"damage":21,"enemies":"3 Sentries","floor":6,"turns":10},{"damage":8,"enemies":"Gremlin Nob","floor":8,"turns":3},{"damage":1,"enemies":"Lots of Slimes","floor":10,"turns":4},{"damage":0,"enemies":"downfall:FleeingMerchant","floor":11,"turns":4},{"damage":16,"enemies":"Lagavulin","floor":12,"turns":9},{"damage":0,"enemies":"Exordium Thugs","floor":13,"turns":5},{"damage":2,"enemies":"downfall:FaceTrader","floor":14,"turns":8},{"damage":0,"enemies":"Blue Slaver","floor":15,"turns":3},{"damage":86,"enemies":"DF_ARCHETYPE_STREAMLINE","floor":16,"turns":14}],"seed_played":"5329912459663738413","potions_obtained":[{"floor":6,"key":"Guardian:BlockOnCardUsePotion"},{"floor":10,"key":"bronze:FreeFunctionsPotion"},{"floor":12,"key":"Energy Potion"},{"floor":13,"key":"Regen Potion"},{"floor":14,"key":"FearPotion"}],"is_trial":false,"path_per_floor":["R","M","M","M","?","E","T","E","?","M","$","E","M","?","M","B"],"character_chosen":"THE_AUTOMATON","items_purchased":[],"campfire_rested":0,"item_purchase_floors":[],"current_hp_per_floor":[77,72,71,64,64,43,43,35,35,34,34,18,18,31,32,0,0],"gold":278,"neow_bonus":"TEN_PERCENT_HP_BONUS","is_daily":false,"chose_seed":false,"campfire_upgraded":0,"win_rate":0.0,"timestamp":1610790849,"path_taken":["R","M","M","M","?","E","T","E","?","?","$","E","M","?","M","BOSS"],"items_purchased_type":[],"build_version":"2020-12-22","purchased_purges":1,"victory":false,"max_hp_per_floor":[77,77,77,77,67,67,67,67,67,67,67,67,67,67,68,68,68],"card_choices":[{"not_picked":["bronze:FineTuning","bronze:BugBarrage"],"picked":"bronze:CutThrough","floor":2},{"not_picked":["bronze:Shield","bronze:BugBarrage"],"picked":"bronze:OilSpill","floor":3},{"not_picked":["bronze:BugBarrage","bronze:Deprecate"],"picked":"bronze:Format","floor":4},{"not_picked":["bronze:Iterate","bronze:CloningBeam"],"picked":"bronze:ForLoop","floor":6},{"not_picked":["bronze:FineTuning","bronze:DarkDash"],"picked":"bronze:Shell","floor":8},{"not_picked":["bronze:ChosenStrike","bronze:NullPointer"],"picked":"bronze:BronzeOrb","floor":10},{"not_picked":["bronze:Backtrace","bronze:Shield"],"picked":"bronze:Boost","floor":11},{"not_picked":["bronze:Repair","bronze:Invalidate"],"picked":"bronze:Branch","floor":12},{"not_picked":["bronze:Turbo","bronze:BuggyMess"],"picked":"bronze:BitShift","floor":13},{"not_picked":["bronze:BronzeOrb","bronze:Return"],"picked":"bronze:Frontload","floor":14},{"not_picked":["bronze:DelayedSlice","bronze:FineTuning"],"picked":"bronze:CleanCode","floor":15}],"player_experience":550130,"relics_obtained":[{"floor":6,"key":"Ornamental Fan"},{"floor":7,"key":"Gremlin Horn"},{"floor":8,"key":"Matryoshka"},{"floor":12,"key":"HornCleat"},{"floor":14,"key":"downfall:CloakOfManyFaces"}],"event_choices":[],"is_beta":false,"boss_relics":[],"items_purged_floors":[11],"is_endless":false,"potions_floor_spawned":[6,10,12,13,14],"killed_by":"DF_ARCHETYPE_STREAMLINE","ascension_level":0}}