{"host":"Ian","time":1610817287,"event":{"mods":["BaseMod","Bestiary","Block Reminder","Colored Map","Highlight Path","Key Reminder","Minty Spire (QoL Compilation)","Relic Stats"],"gold_per_floor":[113,128,128,128,428,455,472,492,519,539,539,553,563,593,593,670,670,689,22,37,57,1,1,29,49,127,153,168,168,179,212,212,287,287,307,307,307,324,343,368,380,425,437,429,441,472,494,506,518,530,542,542],"floor_reached":51,"language":"ENG","playtime":3381,"items_purged":["Searing Blow"],"score":1572,"play_id":"313e9d19-9705-4ceb-bf72-d57e4154fb85","local_time":"20210116171447","is_ascension_mode":true,"campfire_choices":[{"floor":11.0,"key":"REST"},{"data":"Feel No Pain","floor":15.0,"key":"SMITH"},{"data":"Armaments","floor":23.0,"key":"SMITH"},{"floor":29.0,"key":"REST"},{"floor":32.0,"key":"REST"},{"floor":41,"key":"REST"},{"floor":45,"key":"REST"},{"floor":49,"key":"RECALL"}],"circlet_count":0,"master_deck":["AscendersBane","Bash","Rage","Evolve","Reckless Charge","Feel No Pain+1","Headbutt","Pommel Strike","Armaments+1","Bloodletting","Anger","Juggernaut+1","Intimidate","Thunderclap","Brutality+1","Brutality+1","Hemokinesis","Flex","Second Wind","Blood for Blood","Reckless Charge","Feel No Pain+1","Jack Of All Trades","Fire Breathing+1","Power Through","Warcry","Battle Trance","Intimidate","Ghostly Armor","Power Through","Immolate","Madness","Madness","Thinking Ahead","Combust+1","Warcry+1","Shrug It Off","Body Slam+1","Ghostly Armor","Shockwave+1"],"relics":["Burning Blood","Charon\u0027s Ashes","Old Coin","Self Forming Clay","Regal Pillow","Frozen Egg 2","Pandora\u0027s Box","Nunchaku","Bronze Scales","Omamori","Sundial","Red Mask","Orichalcum","Runic Cube","MawBank","PreservedInsect","The Courier"],"acts_visited":["Exordium","TheCity","TheBeyond"],"potions_floor_usage":[50,50],"damage_taken":[{"damage":7.0,"enemies":"Small Slimes","floor":1.0,"turns":5.0},{"damage":9.0,"enemies":"Jaw Worm","floor":2.0,"turns":5.0},{"damage":41.0,"enemies":"Lagavulin","floor":6.0,"turns":6.0},{"damage":1.0,"enemies":"Cultist","floor":7.0,"turns":3.0},{"damage":20.0,"enemies":"Gremlin Gang","floor":8.0,"turns":5.0},{"damage":12.0,"enemies":"Lots of Slimes","floor":10.0,"turns":5.0},{"damage":1.0,"enemies":"2 Fungi Beasts","floor":12.0,"turns":3.0},{"damage":17.0,"enemies":"Exordium Wildlife","floor":13.0,"turns":4.0},{"damage":4.0,"enemies":"3 Sentries","floor":14.0,"turns":6.0},{"damage":33.0,"enemies":"Slime Boss","floor":16.0,"turns":10.0},{"damage":38.0,"enemies":"Shell Parasite","floor":18.0,"turns":4.0},{"damage":20.0,"enemies":"3 Byrds","floor":20.0,"turns":2.0},{"damage":18.0,"enemies":"Centurion and Healer","floor":21.0,"turns":4.0},{"damage":17.0,"enemies":"Gremlin Leader","floor":24.0,"turns":5.0},{"damage":12.0,"enemies":"Chosen and Byrds","floor":25.0,"turns":4.0},{"damage":21.0,"enemies":"Masked Bandits","floor":27.0,"turns":4.0},{"damage":15.0,"enemies":"3 Cultists","floor":28.0,"turns":4.0},{"damage":13.0,"enemies":"Centurion and Healer","floor":30.0,"turns":4.0},{"damage":33.0,"enemies":"Book of Stabbing","floor":31.0,"turns":5.0},{"damage":30.0,"enemies":"Champ","floor":33.0,"turns":6.0},{"damage":9.0,"enemies":"3 Shapes","floor":35.0,"turns":6.0},{"damage":6.0,"enemies":"Orb Walker","floor":38.0,"turns":4.0},{"damage":8.0,"enemies":"Sphere and 2 Shapes","floor":39.0,"turns":3.0},{"damage":29,"enemies":"Reptomancer","floor":40,"turns":5},{"damage":41,"enemies":"Giant Head","floor":42,"turns":6},{"damage":39,"enemies":"Maw","floor":46,"turns":6},{"damage":11,"enemies":"Jaw Worm Horde","floor":47,"turns":3},{"damage":12,"enemies":"Donu and Deca","floor":50,"turns":7},{"damage":16,"enemies":"Awakened One","floor":51,"turns":2}],"seed_played":"-2318885622584445349","potions_obtained":[{"floor":1.0,"key":"BlessingOfTheForge"},{"floor":7.0,"key":"FearPotion"},{"floor":10.0,"key":"Block Potion"},{"floor":12.0,"key":"Ancient Potion"},{"floor":14.0,"key":"FairyPotion"},{"floor":25.0,"key":"BloodPotion"},{"floor":27.0,"key":"HeartOfIron"},{"floor":28.0,"key":"SkillPotion"},{"floor":35.0,"key":"AttackPotion"},{"floor":39.0,"key":"Block Potion"},{"floor":44,"key":"ElixirPotion"},{"floor":47,"key":"DistilledChaos"}],"is_trial":false,"path_per_floor":["M","M","?","?","T","E","M","M","T","M","R","M","M","E","R","B",null,"M","$","M","M","$","R","E","M","T","?","M","R","M","E","R","B",null,"M","?","?","M","M","E","R","E","T","?","R","M","M","T","R","B","B"],"character_chosen":"IRONCLAD","items_purchased":["BloodPotion","Reckless Charge","Feel No Pain+1","Nunchaku","Bronze Scales","Jack Of All Trades","BloodPotion"],"campfire_rested":5,"item_purchase_floors":[19,19,19,19,19,19,22],"current_hp_per_floor":[67,64,57,57,57,22,27,13,13,7,42,47,36,38,38,11,54,22,22,8,17,17,17,19,13,13,11,15,50,43,16,51,27,58,55,43,43,43,41,18,53,18,18,18,53,20,15,15,15,9,0,0],"gold":542,"neow_bonus":"ONE_RARE_RELIC","is_daily":false,"chose_seed":false,"campfire_upgraded":2,"win_rate":0.0,"timestamp":1610817287,"path_taken":["M","M","?","?","?","E","M","M","T","M","R","M","?","E","R","BOSS","M","$","M","?","?","R","E","M","T","?","M","R","?","E","R","BOSS","M","?","?","M","M","E","R","E","T","?","R","?","M","?","R","BOSS","BOSS"],"items_purchased_type":["Potion","Card","Card","Relic","Relic","Card","Potion"],"build_version":"2020-12-18","purchased_purges":1,"victory":false,"max_hp_per_floor":[68,68,68,68,68,68,68,68,68,68,68,68,68,68,68,68,68,68,68,68,68,68,68,68,68,68,68,68,68,68,68,68,68,68,68,68,68,68,68,68,68,68,68,68,68,68,68,68,68,68,68,68],"relic_stats":{"Regal Pillow":75,"counters":[29,136],"Self Forming Clay":[357],"Charon\u0027s Ashes":[682],"PreservedInsect":0,"Orichalcum":[36],"MawBank":132,"Burning Blood":168,"Nunchaku":[13],"Sundial":[6],"Bronze Scales":[254],"Pandora\u0027s Box":["Intimidate","Thunderclap","Brutality","Brutality","Hemokinesis","Flex","Second Wind","Searing Blow"],"obtain_stats":[{"Regal Pillow":9,"Self Forming Clay":6,"Charon\u0027s Ashes":0,"PreservedInsect":42,"The Courier":48,"Omamori":24,"Frozen Egg 2":14,"Orichalcum":31,"MawBank":40,"Burning Blood":0,"Old Coin":5,"keyreminder:keyreminder":42,"Nunchaku":19,"Sundial":26,"Bronze Scales":19,"Pandora\u0027s Box":17,"Red Mask":27,"Runic Cube":34},{"Regal Pillow":5,"Self Forming Clay":3,"Charon\u0027s Ashes":0,"PreservedInsect":25,"The Courier":27,"Omamori":14,"Frozen Egg 2":9,"Orichalcum":19,"MawBank":24,"Burning Blood":0,"Old Coin":2,"keyreminder:keyreminder":25,"Nunchaku":11,"Sundial":15,"Bronze Scales":11,"Pandora\u0027s Box":10,"Red Mask":16,"Runic Cube":20},{"Regal Pillow":24,"Self Forming Clay":16,"Charon\u0027s Ashes":0,"PreservedInsect":118,"The Courier":127,"Omamori":67,"Frozen Egg 2":42,"Orichalcum":88,"MawBank":112,"Burning Blood":0,"Old Coin":10,"keyreminder:keyreminder":118,"Nunchaku":56,"Sundial":71,"Bronze Scales":56,"Pandora\u0027s Box":52,"Red Mask":75,"Runic Cube":94}],"Runic Cube":[45]},"card_choices":[{"not_picked":["Clothesline","Warcry"],"picked":"Rage","floor":1.0},{"not_picked":["Armaments","Iron Wave"],"picked":"Evolve","floor":2.0},{"not_picked":["Juggernaut","Sentinel"],"picked":"Reckless Charge","floor":6.0},{"not_picked":["Warcry","Clothesline"],"picked":"Feel No Pain","floor":7.0},{"not_picked":["Sword Boomerang","True Grit"],"picked":"Headbutt","floor":8.0},{"not_picked":["Whirlwind","Warcry"],"picked":"Pommel Strike","floor":10.0},{"not_picked":["Pommel Strike","Whirlwind"],"picked":"Armaments","floor":12.0},{"not_picked":["Berserk","Heavy Blade"],"picked":"Bloodletting","floor":13.0},{"not_picked":["Heavy Blade","Flex"],"picked":"Anger","floor":14.0},{"not_picked":["Reaper","Exhume"],"picked":"Juggernaut+1","floor":16.0},{"not_picked":["Feel No Pain+1","Anger"],"picked":"Blood for Blood","floor":18.0},{"not_picked":["Heavy Blade","Power Through"],"picked":"Fire Breathing+1","floor":20.0},{"not_picked":["Hemokinesis","Fire Breathing+1"],"picked":"Power Through","floor":21.0},{"not_picked":["Clash","Twin Strike"],"picked":"Warcry","floor":24.0},{"not_picked":["Sword Boomerang","Headbutt","Dual Wield"],"picked":"SKIP","floor":25.0},{"not_picked":["True Grit","Clash+1"],"picked":"Battle Trance","floor":27.0},{"not_picked":["True Grit","Heavy Blade"],"picked":"Intimidate","floor":28.0},{"not_picked":["Carnage","Thunderclap"],"picked":"Ghostly Armor","floor":30.0},{"not_picked":["Sword Boomerang","Burning Pact"],"picked":"Power Through","floor":31.0},{"not_picked":["Brutality+1","Exhume"],"picked":"Immolate","floor":33.0},{"not_picked":["Heavy Blade+1","Inflame+1","Headbutt"],"picked":"SKIP","floor":35.0},{"not_picked":["Deep Breath","Swift Strike"],"picked":"Thinking Ahead","floor":37.0},{"not_picked":["Perfected Strike","Warcry"],"picked":"Combust+1","floor":38.0},{"not_picked":["Flex+1","Anger"],"picked":"Warcry+1","floor":39.0},{"not_picked":["Clothesline","Body Slam"],"picked":"Shrug It Off","floor":40},{"not_picked":["Twin Strike","True Grit+1"],"picked":"Body Slam+1","floor":42},{"not_picked":["True Grit+1","Twin Strike+1"],"picked":"Ghostly Armor","floor":46},{"not_picked":["Pommel Strike","Anger"],"picked":"Shockwave+1","floor":47}],"player_experience":2695119,"relics_obtained":[{"floor":5.0,"key":"Old Coin"},{"floor":6.0,"key":"Self Forming Clay"},{"floor":9.0,"key":"Regal Pillow"},{"floor":14.0,"key":"Frozen Egg 2"},{"floor":24.0,"key":"Omamori"},{"floor":26.0,"key":"Sundial"},{"floor":27.0,"key":"Red Mask"},{"floor":31.0,"key":"Orichalcum"},{"floor":40,"key":"MawBank"},{"floor":42,"key":"PreservedInsect"},{"floor":48,"key":"The Courier"}],"event_choices":[{"cards_removed":["Defend_R"],"damage_healed":0.0,"max_hp_gain":0.0,"max_hp_loss":0.0,"gold_gain":0.0,"event_name":"Golden Wing","player_choice":"Card Removal","floor":3.0,"gold_loss":0.0,"damage_taken":7.0},{"damage_healed":0.0,"max_hp_gain":0.0,"max_hp_loss":0.0,"gold_gain":0.0,"event_name":"Liars Game","player_choice":"Ignored","floor":4.0,"gold_loss":0.0,"damage_taken":0.0},{"damage_healed":0.0,"max_hp_gain":0.0,"max_hp_loss":0.0,"gold_gain":0.0,"event_name":"Masked Bandits","player_choice":"Fought Bandits","floor":27.0,"gold_loss":0.0,"damage_taken":0.0},{"damage_healed":0.0,"max_hp_gain":0.0,"max_hp_loss":0.0,"gold_gain":0.0,"event_name":"Winding Halls","player_choice":"Embrace Madness","floor":36.0,"gold_loss":0.0,"damage_taken":12.0,"cards_obtained":["Madness","Madness"]},{"damage_healed":0.0,"max_hp_gain":0.0,"max_hp_loss":0.0,"gold_gain":0.0,"event_name":"SensoryStone","player_choice":"Memory 1","floor":37.0,"gold_loss":0.0,"damage_taken":0.0},{"damage_healed":0,"gold_gain":0,"player_choice":"Bought 1 Potion","damage_taken":0,"max_hp_gain":0,"max_hp_loss":0,"event_name":"The Woman in Blue","floor":44,"gold_loss":0}],"is_beta":true,"boss_relics":[{"not_picked":["Runic Pyramid","Busted Crown"],"picked":"Pandora\u0027s Box"},{"not_picked":["Velvet Choker","Black Star"],"picked":"Runic Cube"}],"items_purged_floors":[19],"is_endless":false,"potions_floor_spawned":[1,7,10,12,14,25,27,28,35,39,47],"killed_by":"Awakened One","ascension_level":20}}