{"host":"ormi09wwzv7sq47a","time":1610825420,"event":{"mods":["2.2 Compatiblity","AchievementEnabler","Act Like it!","BaseMod","Bestiary","Better Altar","Better Note","Better Sensory Stone","Better Silent Start","Better Skull","Better Third Choice","Better Vampires","BetterRewards","Block Reminder","Card Forge","Colored Map","Colored Powertips","Curses Come First","DeckTracker","Downfall","Highlight Path","Minty Spire (QoL Compilation)","Permanent Neow","Quick Restart","Rare Cards Sparkle","Relic Stats","Shop Mod","StSLib","The Jungle"],"gold_per_floor":[113,188,188,138,138,138,63,63,63,63,92,103,103,121,121,121,121,121],"floor_reached":16,"language":"ENG","playtime":633,"items_purged":["champ:Strike"],"score":161,"play_id":"a9dfc099-5863-48c0-90e5-5ad4c0562eab","local_time":"20210116173020","is_ascension_mode":true,"campfire_choices":[{"data":"champ:Taunt","floor":6,"key":"SMITH"},{"data":"champ:Defend","floor":8,"key":"PURGE"},{"data":"champ:Strike","floor":10,"key":"PURGE"},{"data":"champ:Strike","floor":13,"key":"PURGE"},{"data":"champ:Execute","floor":15,"key":"PURGE"}],"circlet_count":0,"master_deck":["champ:Defend","champ:Defend","champ:Taunt+1","champ:CalledShot","champ:RecklessLeap","champ:HeartStrike","champ:StanceDance"],"relics":["champ:ChampionCrown","Hammer of Thor","Seething Fire","Anvil of the Gods","Peace Pipe","InkBottle","Pocketwatch"],"acts_visited":["Exordium"],"potions_floor_usage":[16],"damage_taken":[{"damage":12,"enemies":"2 Louse","floor":1,"turns":3},{"damage":89,"enemies":"Lagavulin","floor":11,"turns":8},{"damage":24,"enemies":"Small Slimes","floor":12,"turns":3},{"damage":25,"enemies":"Cultist","floor":14,"turns":3},{"damage":118,"enemies":"Hexaghost","floor":16,"turns":9}],"seed_played":"-674510065418060225","potions_obtained":[{"floor":14,"key":"champ:TechniquePotion"}],"is_trial":false,"path_per_floor":["M","?","?","?","?","R","$","R","T","R","E","M","R","M","R","B"],"character_chosen":"THE_CHAMP","items_purchased":["Peace Pipe"],"campfire_rested":0,"item_purchase_floors":[0],"current_hp_per_floor":[88,77,77,77,70,70,70,70,70,70,36,32,32,32,32,0,0,0],"gold":121,"neow_bonus":"","is_daily":false,"chose_seed":false,"campfire_upgraded":1,"win_rate":0.0,"timestamp":1610825420,"path_taken":["M","?","?","?","?","R","?","R","T","R","E","?","R","M","R","BOSS"],"items_purchased_type":["Relic"],"build_version":"2020-12-22","purchased_purges":1,"victory":false,"max_hp_per_floor":[90,90,90,90,90,90,90,90,90,90,90,90,90,90,90,90,90,90],"relic_stats":{"Peace Pipe":5,"counters":[30,144],"obtain_stats":[{"Singing Bowl":13,"champ:ChampionCrown":0,"Hammer of Thor":0,"Whetstone":9,"Smiling Mask":7,"Boot":9,"Sozu":34,"Centennial Puzzle":20,"Dream Catcher":27,"downfall:BrokenWingStatue":3,"Matryoshka":7,"DollysMirror":20,"Pantograph":6,"Tiny Chest":9,"Kunai":26,"InkBottle":9,"Velvet Choker":17,"PreservedInsect":26,"Seething Fire":0,"Peace Pipe":0,"Anvil of the Gods":0,"champ:LiftRelic":14,"Bronze Scales":37,"Meat on the Bone":30,"Pocketwatch":11},{"Singing Bowl":5,"champ:ChampionCrown":0,"Hammer of Thor":0,"Whetstone":3,"Smiling Mask":2,"Boot":11,"Sozu":23,"Centennial Puzzle":17,"Dream Catcher":20,"downfall:BrokenWingStatue":0,"Matryoshka":11,"DollysMirror":17,"Pantograph":2,"Tiny Chest":11,"Kunai":19,"InkBottle":26,"Velvet Choker":16,"PreservedInsect":19,"Seething Fire":0,"Peace Pipe":25,"Anvil of the Gods":0,"champ:LiftRelic":5,"Bronze Scales":24,"Meat on the Bone":21,"Pocketwatch":27},{"Singing Bowl":19,"champ:ChampionCrown":0,"Hammer of Thor":0,"Whetstone":12,"Smiling Mask":8,"Boot":44,"Sozu":109,"Centennial Puzzle":75,"Dream Catcher":87,"downfall:BrokenWingStatue":0,"Matryoshka":44,"DollysMirror":75,"Pantograph":8,"Tiny Chest":44,"Kunai":83,"InkBottle":121,"Velvet Choker":70,"PreservedInsect":83,"Seething Fire":0,"Peace Pipe":118,"Anvil of the Gods":0,"champ:LiftRelic":19,"Bronze Scales":113,"Meat on the Bone":91,"Pocketwatch":129}],"InkBottle":[8],"Pocketwatch":[10]},"card_choices":[{"not_picked":["champ:ArenaPreparation","champ:FlashCut"],"picked":"champ:CalledShot","floor":1},{"not_picked":["champ:BladeFlurry","champ:DeathBlow"],"picked":"champ:RecklessLeap","floor":11},{"not_picked":["champ:BerserkerStyle","champ:BringItOn"],"picked":"champ:HeartStrike","floor":12},{"not_picked":["champ:FalseCounter","champ:Circumvent"],"picked":"champ:StanceDance","floor":14}],"player_experience":972489,"relics_obtained":[{"floor":9,"key":"InkBottle"},{"floor":11,"key":"Pocketwatch"}],"event_choices":[{"damage_healed":0,"gold_gain":75,"player_choice":"Gold","damage_taken":11,"max_hp_gain":0,"max_hp_loss":0,"event_name":"betterThird:BetterGoop","floor":2,"gold_loss":0},{"damage_healed":0,"gold_gain":0,"player_choice":"Ignored","damage_taken":188,"max_hp_gain":0,"max_hp_loss":0,"event_name":"betterThird:BetterSerpent","floor":3,"gold_loss":0},{"cards_removed":["champ:Strike"],"damage_healed":0,"gold_gain":0,"player_choice":"Card Removal","damage_taken":0,"max_hp_gain":0,"max_hp_loss":0,"event_name":"The Cleric","floor":4,"gold_loss":50},{"cards_removed":["champ:Defend"],"damage_healed":0,"gold_gain":0,"player_choice":"Card Removal","damage_taken":7,"max_hp_gain":0,"max_hp_loss":0,"event_name":"Golden Wing","floor":5,"gold_loss":0}],"is_beta":false,"boss_relics":[],"items_purged_floors":[7],"is_endless":false,"potions_floor_spawned":[14],"killed_by":"Hexaghost","ascension_level":2}}