{"host":"ju66gn9zov5ov15o","time":1610822087,"event":{"mods":["2.2 Compatiblity","Act Like it!","Arknights The Spire","Aspiration","BaseMod","Downfall","GifTheSpireLib","Lobotomy","LobotomyExtend","Marisa????????","Minty Spire (QoL Compilation)","Pale of the Ancients","Rare Cards Sparkle","Relic Stats","StSLib","The Alterego","The Animator"],"gold_per_floor":[99,112,127,137,19,19,45,62,47,47,47,47,47,65,81,81,81],"floor_reached":16,"language":"ENG","playtime":774,"items_purged":[],"score":92,"play_id":"a82bc926-30c3-414f-9e5a-87680f805b5d","local_time":"20210116193447","is_ascension_mode":false,"campfire_choices":[{"data":"bronze:Goto","floor":1,"key":"SMITH"},{"floor":10,"key":"RECALL"},{"data":"bronze:DelayedSlice","floor":13,"key":"SMITH"}],"circlet_count":0,"master_deck":["bronze:Strike+1","bronze:Strike+1","bronze:Strike+1","bronze:Strike","bronze:Defend","bronze:Defend","bronze:Defend+1","bronze:Defend","bronze:Replicate","bronze:Goto+1","bronze:DelayedSlice+1","bronze:ClassDefault","bronze:DelayedGuard","bronze:Optimize","bronze:WhirlingStrike+1","bronze:BitShift","bronze:Return","bronze:Allocate","bronze:CutThrough","bronze:ForLoop","bronze:MaxOutput","bronze:ChosenStrike","downfall:Malfunctioning","bronze:Backtrace","bronze:Shell"],"relics":["bronze:BronzeCore","Whetstone"],"acts_visited":["Exordium"],"potions_floor_usage":[15,15,15,15,15,15,15,16],"damage_taken":[{"damage":6,"enemies":"Jaw Worm","floor":2,"turns":4},{"damage":0,"enemies":"Small Slimes","floor":3,"turns":2},{"damage":2,"enemies":"2 Louse","floor":4,"turns":3},{"damage":10,"enemies":"downfall:FleeingMerchant","floor":5,"turns":4},{"damage":22,"enemies":"Exordium Thugs","floor":8,"turns":4},{"damage":15,"enemies":"downfall:FleeingMerchant","floor":9,"turns":4},{"damage":4,"enemies":"2 Fungi Beasts","floor":14,"turns":2},{"damage":16,"enemies":"Large Slime","floor":15,"turns":3},{"damage":3,"enemies":"SI_SHIV_ARCHETYPE","floor":16,"turns":1}],"seed_played":"-5105888943267193532","potions_obtained":[{"floor":8,"key":"bronze:FreeFunctionsPotion"},{"floor":12,"key":"EntropicBrew"},{"floor":12,"key":"sneckomod:MuddlingPotion"},{"floor":14,"key":"EntropicBrew"},{"floor":15,"key":"DistilledChaos"}],"is_trial":false,"path_per_floor":["R","M","M","M","$","?","T","M","$","R","?","?","R","M","M","B"],"character_chosen":"THE_AUTOMATON","items_purchased":["bronze:WhirlingStrike","bronze:BitShift"],"campfire_rested":0,"item_purchase_floors":[5,5],"current_hp_per_floor":[77,71,71,69,59,59,59,37,22,22,22,22,22,18,2,0,0],"gold":81,"neow_bonus":"TEN_PERCENT_HP_BONUS","is_daily":false,"chose_seed":false,"campfire_upgraded":2,"win_rate":0.0,"timestamp":1610822087,"path_taken":["R","M","M","M","$","?","T","M","$","R","?","?","R","?","M","BOSS"],"items_purchased_type":["Card","Card"],"build_version":"2020-12-22","purchased_purges":0,"victory":false,"max_hp_per_floor":[77,77,77,77,77,77,77,77,77,77,77,77,77,77,77,77,77],"relic_stats":{"counters":[9,27],"Whetstone":["bronze:Strike","bronze:Strike"],"obtain_stats":[{"bronze:BronzeCore":0,"Whetstone":7},{"bronze:BronzeCore":0,"Whetstone":4},{"bronze:BronzeCore":0,"Whetstone":13}]},"card_choices":[{"not_picked":["bronze:WhirlingStrike","bronze:Return"],"picked":"bronze:DelayedSlice","floor":2},{"not_picked":["bronze:BronzeOrb","bronze:CutThrough"],"picked":"bronze:ClassDefault","floor":3},{"not_picked":["bronze:Invalidate","bronze:Turbo"],"picked":"bronze:DelayedGuard","floor":4},{"not_picked":["bronze:CutThrough","bronze:SpaghettiCode"],"picked":"bronze:Optimize","floor":5},{"not_picked":["bronze:MaxOutput","bronze:ForceShield"],"picked":"bronze:ChosenStrike","floor":8},{"not_picked":["bronze:WhirlingStrike","bronze:BugBarrage","bronze:BuggyMess"],"picked":"SKIP","floor":9},{"not_picked":["bronze:Overheat","bronze:CutThrough"],"picked":"bronze:Backtrace","floor":14},{"not_picked":["bronze:ClassDefault","bronze:BitShift"],"picked":"bronze:Shell","floor":15}],"player_experience":457255,"relics_obtained":[{"floor":7,"key":"Whetstone"}],"event_choices":[{"damage_healed":0,"gold_gain":0,"player_choice":"Got Potions","damage_taken":0,"max_hp_gain":0,"max_hp_loss":0,"event_name":"Lab","floor":12,"gold_loss":0}],"is_beta":false,"boss_relics":[],"items_purged_floors":[],"is_endless":false,"potions_floor_spawned":[8,14,15],"killed_by":"SI_SHIV_ARCHETYPE","ascension_level":0}}