{"host":"hf8yoqke32w15p1q","time":1610816811,"event":{"mods":["Aspiration","BaseMod","BetterRewards","Colored Powertips","Conspire","Downfall","Hermit","Hubris","Infinite Spire","Minty Spire (QoL Compilation)","Shop Mod","StSLib","The Animator"],"gold_per_floor":[99,110,120,120,136,154,232,267,299,299,299,8,8,18,30,30,30,30],"floor_reached":16,"language":"ENG","playtime":1256,"items_purged":[],"score":102,"play_id":"9b4cd517-51ec-4bfb-9396-c40ea4d18a01","local_time":"20210116120651","is_ascension_mode":false,"campfire_choices":[{"data":"Slimebound:Split","floor":1,"key":"SMITH"},{"data":"Slimebound:SplitLeeching","floor":11,"key":"SMITH"},{"data":"Slimebound:RejuvenatingLick","floor":13,"key":"SMITH"}],"circlet_count":0,"master_deck":["Slimebound:Strike_Slimebound","Slimebound:Strike_Slimebound","Slimebound:Strike_Slimebound","Slimebound:Tackle","Slimebound:Defend_Slimebound","Slimebound:Defend_Slimebound","Slimebound:Defend_Slimebound","Slimebound:Defend_Slimebound","Slimebound:Split+1","Slimebound:CorrosiveSpit","Slimebound:WasteNot","Slimebound:RejuvenatingLick+1","Slimebound:AcidTongue","Slimebound:AcidTongue","Slimebound:SplitLeeching+1","Slimebound:Nibble","Slimebound:Schlurp","Slimebound:ItLooksTasty","Slimebound:SplitBruiser","Slimebound:SlimeSlap","Slimebound:LivingWall"],"relics":["Slimebound:AbsorbEndCombat","Gremlin Horn","Mummified Hand","Slimebound:AggressiveSlimeRelic","Membership Card","aspiration:HummingbirdHeart"],"acts_visited":["Exordium"],"potions_floor_usage":[16],"damage_taken":[{"damage":0,"enemies":"conspire:RoseBush","floor":2,"turns":3},{"damage":14,"enemies":"Jaw Worm","floor":3,"turns":4},{"damage":9,"enemies":"2 Louse","floor":5,"turns":2},{"damage":7,"enemies":"conspire:2 RoseBushes","floor":6,"turns":4},{"damage":20,"enemies":"conspire:MimicChest","floor":8,"turns":7},{"damage":2,"enemies":"Lagavulin","floor":9,"turns":5},{"damage":7,"enemies":"downfall:FleeingMerchant","floor":12,"turns":4},{"damage":6,"enemies":"Large Slime","floor":14,"turns":3},{"damage":3,"enemies":"Exordium Wildlife","floor":15,"turns":3},{"damage":26,"enemies":"WA_ARCHETYPE_RETAIN","floor":16,"turns":6}],"seed_played":"3332680849092717918","potions_obtained":[{"floor":2,"key":"Dexterity Potion"},{"floor":6,"key":"Energy Potion"},{"floor":14,"key":"PowerPotion"}],"is_trial":false,"path_per_floor":["R","M","M","?","M","M","T","?","E","?","R","$","R","M","M","B"],"character_chosen":"SLIMEBOUND","items_purchased":["Membership Card","aspiration:HummingbirdHeart"],"campfire_rested":0,"item_purchase_floors":[12,12],"current_hp_per_floor":[65,65,53,53,45,40,40,23,23,28,28,23,23,20,19,0,0,0],"gold":30,"neow_bonus":"ONE_RANDOM_RARE_CARD","is_daily":false,"chose_seed":false,"campfire_upgraded":3,"win_rate":0.0,"timestamp":1610816811,"path_taken":["R","M","M","?","M","M","T","?","E","?","R","$","R","M","M","BOSS"],"items_purchased_type":["Relic","Relic"],"build_version":"2020-12-22","purchased_purges":0,"victory":false,"max_hp_per_floor":[65,65,65,65,65,65,65,65,65,70,70,70,70,70,70,70,70,70],"card_choices":[{"not_picked":["Slimebound:Gluttony","Slimebound:PressTheAttack"],"picked":"Slimebound:RejuvenatingLick","floor":2},{"not_picked":["Slimebound:ComboTackle","Slimebound:SlimeSpikes"],"picked":"Slimebound:AcidTongue","floor":3},{"not_picked":["Slimebound:PressTheAttack","Slimebound:Equalize"],"picked":"Slimebound:SplitLeeching","floor":5},{"not_picked":["Slimebound:BestDefense","Slimebound:LeechingTouch"],"picked":"Slimebound:Nibble","floor":6},{"not_picked":["Slimebound:FormOfPuddle","Slimebound:SplitLeeching"],"picked":"Slimebound:Schlurp","floor":8},{"not_picked":["Slimebound:ProtectTheBoss","Slimebound:Chomp"],"picked":"Slimebound:ItLooksTasty","floor":9},{"not_picked":["Slimebound:SplitLeeching","Slimebound:RollThrough"],"picked":"Slimebound:SplitBruiser","floor":12},{"not_picked":["Slimebound:RollThrough","Slimebound:Dissolve"],"picked":"Slimebound:SlimeSlap","floor":14},{"not_picked":["Slimebound:RollThrough","Slimebound:GoopTackle"],"picked":"Slimebound:LivingWall","floor":15}],"player_experience":427836,"relics_obtained":[{"floor":7,"key":"Gremlin Horn"},{"floor":8,"key":"Mummified Hand"},{"floor":9,"key":"Slimebound:AggressiveSlimeRelic"}],"event_choices":[{"damage_healed":0,"gold_gain":0,"player_choice":"Donut","damage_taken":0,"max_hp_gain":5,"max_hp_loss":0,"event_name":"Big Fish","floor":10,"gold_loss":0}],"is_beta":false,"boss_relics":[],"items_purged_floors":[],"is_endless":false,"potions_floor_spawned":[2,6,14],"killed_by":"WA_ARCHETYPE_RETAIN","ascension_level":0}}