{"host":"Simon","time":1610824464,"event":{"mods":["BaseMod","BetterRewards","Colored Map","Colored Powertips","Filter the Spire","Highlight Path","Minty Spire (QoL Compilation)"],"gold_per_floor":[118,18,18,30,41,41,41,53,76,90,90,105,5,40,40,144,144,160,177,52,70,70],"floor_reached":21,"language":"ENG","playtime":1302,"items_purged":["Defend_R","Strike_R","Defend_R"],"score":233,"play_id":"a3296ca1-02d4-447e-80cf-3de6fdadf0e6","local_time":"20210116191424","is_ascension_mode":false,"campfire_choices":[{"data":"Uppercut","floor":6,"key":"SMITH"},{"data":"Twin Strike","floor":15,"key":"SMITH"}],"circlet_count":0,"master_deck":["Strike_R","Strike_R","Strike_R+1","Defend_R","Defend_R","Bash+1","Uppercut+1","Shrug It Off","Twin Strike+1","Heavy Blade","Heavy Blade","Impervious","Headbutt+1"],"relics":["Snecko Eye","Whetstone","Strawberry"],"acts_visited":["Exordium","TheCity"],"potions_floor_usage":[8,14],"damage_taken":[{"damage":0,"enemies":"Small Slimes","floor":1,"turns":3},{"damage":0,"enemies":"Cultist","floor":4,"turns":2},{"damage":0,"enemies":"2 Louse","floor":5,"turns":2},{"damage":12,"enemies":"Exordium Wildlife","floor":8,"turns":3},{"damage":0,"enemies":"Gremlin Gang","floor":10,"turns":4},{"damage":0,"enemies":"3 Louse","floor":12,"turns":2},{"damage":17,"enemies":"3 Sentries","floor":14,"turns":6},{"damage":0,"enemies":"Slime Boss","floor":16,"turns":5},{"damage":8,"enemies":"Shell Parasite","floor":18,"turns":3},{"damage":15,"enemies":"3 Byrds","floor":19,"turns":6},{"damage":19,"enemies":"Cultist and Chosen","floor":21,"turns":6}],"seed_played":"-8902407373181384358","potions_obtained":[{"floor":1,"key":"SkillPotion"},{"floor":10,"key":"AttackPotion"},{"floor":16,"key":"SpeedPotion"},{"floor":18,"key":"FearPotion"}],"is_trial":false,"path_per_floor":["M","$","?","M","M","R","?","M","T","M","$","M","$","E","R","B",null,"M","M","$","M"],"character_chosen":"IRONCLAD","items_purchased":["Shrug It Off"],"campfire_rested":0,"item_purchase_floors":[2],"current_hp_per_floor":[80,80,80,80,80,80,80,68,68,68,68,68,68,58,58,58,87,79,64,64,45,45],"gold":70,"neow_bonus":"BOSS_RELIC","is_daily":false,"chose_seed":false,"campfire_upgraded":2,"win_rate":0.0,"timestamp":1610824464,"path_taken":["M","$","?","?","M","R","?","M","T","M","?","M","$","E","R","BOSS","M","?","$","M"],"items_purchased_type":["Card"],"build_version":"2020-12-18","purchased_purges":3,"victory":false,"max_hp_per_floor":[80,80,80,80,80,80,80,80,80,80,80,80,80,87,87,87,87,87,87,87,87,87],"card_choices":[{"not_picked":["Seeing Red","Havoc"],"picked":"Uppercut","floor":1},{"not_picked":["Wild Strike","Second Wind"],"picked":"Heavy Blade","floor":4},{"not_picked":["Anger","True Grit","Armaments"],"picked":"SKIP","floor":5},{"not_picked":["Pummel","Twin Strike","Anger"],"picked":"SKIP","floor":8},{"not_picked":["Havoc","Flex","Clash"],"picked":"SKIP","floor":10},{"not_picked":["Havoc","Flex","Clash"],"picked":"SKIP","floor":10},{"not_picked":["Sword Boomerang","Whirlwind","Shrug It Off"],"picked":"SKIP","floor":12},{"not_picked":["Inflame","Pummel"],"picked":"Heavy Blade","floor":14},{"not_picked":["Double Tap","Barricade"],"picked":"Impervious","floor":16},{"not_picked":["Evolve","Pommel Strike","Wild Strike"],"picked":"SKIP","floor":18},{"not_picked":["Sentinel","Cleave"],"picked":"Headbutt+1","floor":19}],"player_experience":160717,"relics_obtained":[{"floor":9,"key":"Whetstone"},{"floor":14,"key":"Strawberry"}],"event_choices":[{"damage_healed":0,"gold_gain":0,"cards_transformed":["Strike_R"],"player_choice":"Transformed","damage_taken":0,"max_hp_gain":0,"max_hp_loss":0,"event_name":"Transmorgrifier","floor":3,"gold_loss":0,"cards_obtained":["Twin Strike"]},{"damage_healed":0,"gold_gain":0,"player_choice":"Leave","damage_taken":0,"max_hp_gain":0,"max_hp_loss":0,"event_name":"The Cleric","floor":7,"gold_loss":0}],"is_beta":true,"boss_relics":[{"not_picked":["Ectoplasm","Runic Dome","Fusion Hammer"]}],"items_purged_floors":[2,13,20],"is_endless":false,"potions_floor_spawned":[1,10,16,18],"killed_by":"Cultist and Chosen","ascension_level":0}}