{"host":"6ku2x95nvqi5d9hv","time":1610758154,"event":{"mods":["Act Like it!","BaseMod","Better-Laid Plans","Colored Map","Colored Powertips","Lobotomy","Minty Spire (QoL Compilation)","Shop Mod","StSLib","TestMod","[IsaacMod]以撒尖塔","【功能Mod】混沌之环修复补丁","篝火指南"],"gold_per_floor":[113,3,23,37,112,112,141,141,195,9,39,89,89,89],"floor_reached":13,"language":"ZHS","playtime":441,"items_purged":["Strike_R"],"score":116,"play_id":"94f6eed1-1176-4aa7-bebb-7cae6d903c22","local_time":"20210116084914","is_ascension_mode":false,"campfire_choices":[{"data":"Body Slam","floor":6.0,"key":"SMITH"},{"data":"Burning Pact","floor":8.0,"key":"SMITH"}],"circlet_count":0,"master_deck":["Strike_R","Strike_R","Strike_R","Strike_R","Defend_R","Defend_R","Defend_R","Defend_R","Bash","True Grit","Scorched","Shrug It Off","Feel No Pain","Body Slam+1","Power Through","OldLady","MeatLantern","Burning Pact+1","FairyFestival","Armaments","Evolve","Rudolta","Sentinel","MHz"],"relics":["Burning Blood","HushsDoor","testmod-TestBox","SteamSale","testmod-ObsoleteBoomerang","CogitoBucket","Anchor","White Beast Statue","Pear","Happy Flower"],"acts_visited":["Exordium"],"potions_floor_usage":[12,12],"damage_taken":[{"damage":0.0,"enemies":"Small Slimes","floor":1.0,"turns":3.0},{"damage":8.0,"enemies":"2 Louse","floor":3.0,"turns":2.0},{"damage":0.0,"enemies":"Cultist","floor":4.0,"turns":3.0},{"damage":0.0,"enemies":"Lagavulin","floor":7.0,"turns":5.0},{"damage":29,"enemies":"Gremlin Nob","floor":11,"turns":4},{"damage":33,"enemies":"Hiden Room Battle","floor":12,"turns":4},{"damage":65,"enemies":"3 Sentries","floor":13,"turns":3}],"seed_played":"4911917582164089340","potions_obtained":[{"floor":3.0,"key":"Block Potion"},{"floor":7.0,"key":"GamblersBrew"},{"floor":11,"key":"testmod-TestPotion"},{"floor":12,"key":"Weak Potion"}],"is_trial":false,"path_per_floor":["M","$","M","M","?","R","E","R","T","$","E","?","E"],"character_chosen":"IRONCLAD","items_purchased":["Shrug It Off","Feel No Pain","Body Slam","White Beast Statue","Armaments","Evolve"],"campfire_rested":0,"item_purchase_floors":[2,2,2,10,10,10],"current_hp_per_floor":[80,80,78,80,69,69,75,75,75,75,54,38,0,0],"gold":89,"neow_bonus":"","is_daily":false,"chose_seed":false,"campfire_upgraded":2,"win_rate":0.0,"timestamp":1610758154,"path_taken":["M","$","M","M","?","R","E","R","T","$","E","?","E"],"items_purchased_type":["Card","Card","Card","Relic","Card","Card"],"build_version":"2020-12-22","purchased_purges":1,"victory":false,"max_hp_per_floor":[80,80,80,80,80,80,80,80,80,80,80,90,90,90],"card_choices":[{"not_picked":[],"picked":"Bomb","floor":0.0},{"not_picked":["Bomb","Heavy Blade"],"picked":"True Grit","floor":1.0},{"not_picked":["CherryBlossoms","BigBird"],"picked":"Scorched","floor":1.0},{"not_picked":["Clash","Dark Embrace"],"picked":"Power Through","floor":3.0},{"not_picked":["BeautyBeast","ShyLook"],"picked":"OldLady","floor":3.0},{"not_picked":["CrumblingArmor","Yin"],"picked":"MeatLantern","floor":4.0},{"not_picked":["Pommel Strike","Iron Wave","Clash"],"picked":"SKIP","floor":4.0},{"not_picked":["Pommel Strike","Iron Wave","Clash"],"picked":"SKIP","floor":4.0},{"not_picked":["Fiend Fire","Perfected Strike"],"picked":"Burning Pact","floor":7.0},{"not_picked":["Murderer","HappyTeddy"],"picked":"FairyFestival","floor":7.0},{"not_picked":["Alriune","SpiderBud"],"picked":"Rudolta","floor":11},{"not_picked":["Warcry","Sword Boomerang","Perfected Strike"],"picked":"SKIP","floor":11},{"not_picked":["Warcry","Sword Boomerang","Perfected Strike"],"picked":"SKIP","floor":11},{"not_picked":["Uppercut","Corruption"],"picked":"Sentinel","floor":12},{"not_picked":["UniverseFragment","Scarecrow","LittleHelper"],"picked":"Singing Bowl","floor":12},{"not_picked":["OSAHOGD","HappyTeddy"],"picked":"MHz","floor":12}],"player_experience":376263,"relics_obtained":[{"floor":7.0,"key":"Anchor"},{"floor":12,"key":"Pear"},{"floor":12,"key":"Happy Flower"}],"event_choices":[{"damage_healed":0.0,"max_hp_gain":0.0,"max_hp_loss":0.0,"gold_gain":75.0,"event_name":"World of Goop","player_choice":"Gather Gold","floor":5.0,"gold_loss":0.0,"damage_taken":11.0},{"damage_healed":0,"gold_gain":0,"player_choice":"Fight","damage_taken":0,"max_hp_gain":0,"max_hp_loss":0,"event_name":"HidenRoomEvent","floor":12,"gold_loss":0}],"is_beta":false,"boss_relics":[],"items_purged_floors":[2],"is_endless":false,"potions_floor_spawned":[3,7,11,12],"killed_by":"3 Sentries","ascension_level":0}}