{"host":"i0xrm7p89v8es8ob","time":1610801410,"event":{"mods":["ATMod(°¢èªMod)","Act Like it!","Aspiration","BaseMod","Conspire","Dota2Spire","Minty Spire (QoL Compilation)","Pale of the Ancients","Permanent Neow","Quick Restart","Relic Stats","Replay The Spire","Spicy Shops","StSLib","The Dragon Tamer","The IronCluck","The Servant 0.9.4","vexMod","¡¾ÒÅÎï¿¨ÅÆ¡¿REMEMod"],"gold_per_floor":[119,119,119,133,133,164,164,207,207,64,88,119,139,139,139,258,258,277,277,277,318,40,40,61,61,139,158,158,182,182,182,182,182,182],"floor_reached":33,"language":"ZHS","playtime":1773,"items_purged":[],"score":311,"play_id":"eca84b9c-878d-49aa-98d6-d122f92c6493","local_time":"20210116205010","is_ascension_mode":false,"campfire_choices":[{"data":"AT_DivineConfetti","floor":7.0,"key":"SMITH"},{"floor":15.0,"key":"DIG"},{"data":"TheWorld","floor":23.0,"key":"SMITH"},{"data":"RitualDagger","floor":25.0,"key":"SMITH"},{"data":"SilverBlades","floor":32.0,"key":"SMITH"}],"circlet_count":0,"master_deck":["Strike_S+1","Strike_S+1","Strike_S","Strike_S","Defend_S","Defend_S+1","Defend_S","KidneyShot","Exchange","vexMod:StairwayStrike+1","AT_DivineConfetti+1","Desolation","Starlight","Inflame+1","Rearm","Defy","ReplayTheSpireMod:Muscle Training","TheWorld+1","Moonlight","LightFlow","Replace","RitualDagger+1","Ricochet","Ricochet","Night Terror+1","SilverBlades+1"],"relics":["Uniform","REME_ComplimentaryCards","AT_ATBox","aspiration:Nostalgia","m_ScarletBlood","Golden Idol","Dota2Spire:ShivaGuard","Whetstone","WingedGreaves","Red Skull","Simple Rune","Gambling Chip","Runic Pyramid","PrismaticShard","Dota2Spire:BladeMail","AT_ImmortalShieldbow","Toxic Egg 2","Replay:Bottled Snecko"],"acts_visited":["Exordium","TheCity"],"potions_floor_usage":[33,33],"damage_taken":[{"damage":5.0,"enemies":"Jaw Worm","floor":1.0,"turns":4.0},{"damage":0.0,"enemies":"2 Louse","floor":4.0,"turns":1.0},{"damage":6.0,"enemies":"Lagavulin","floor":6.0,"turns":3.0},{"damage":17.0,"enemies":"3 Sentries","floor":8.0,"turns":4.0},{"damage":0.0,"enemies":"Small Slimes","floor":11.0,"turns":2.0},{"damage":10.0,"enemies":"Replay:BlueRogue","floor":12.0,"turns":3.0},{"damage":0.0,"enemies":"Exordium Thugs","floor":13.0,"turns":2.0},{"damage":1.0,"enemies":"Slime Boss","floor":16.0,"turns":2.0},{"damage":11.0,"enemies":"Spheric Guardian","floor":18.0,"turns":3.0},{"damage":19.0,"enemies":"conspire:MimicChest","floor":21.0,"turns":5.0},{"damage":16.0,"enemies":"2 Thieves","floor":24.0,"turns":2.0},{"damage":4.0,"enemies":"Snake Plant","floor":27.0,"turns":2.0},{"damage":1.0,"enemies":"3 Cultists","floor":29.0,"turns":2.0},{"damage":69,"enemies":"Automaton","floor":33,"turns":6}],"seed_played":"-7095376736885091650","potions_obtained":[{"floor":1.0,"key":"AttackPotion"},{"floor":6.0,"key":"Fruit Juice"},{"floor":8.0,"key":"Toxic Potion"},{"floor":12.0,"key":"Dexterity Potion"},{"floor":13.0,"key":"LiquidBronze"},{"floor":18.0,"key":"Cursed Concoction"},{"floor":27.0,"key":"REME_GoldPotion"},{"floor":29.0,"key":"Fire Potion"}],"is_trial":false,"path_per_floor":["M","?","?","M","?","E","R","E","T","$","M","E","M","?","R","B",null,"M","?","?","?","$","R","M","R","T","M","T","M","?","?","R","B"],"character_chosen":"THE_SERVANT","items_purchased":["Red Skull","AT_ImmortalShieldbow","Ricochet"],"campfire_rested":0,"item_purchase_floors":[10,22,22],"current_hp_per_floor":[60,60,65,65,65,64,64,47,47,47,47,37,37,37,37,36,75,64,56,50,31,31,31,38,38,38,34,34,33,33,33,33,0,0],"gold":182,"neow_bonus":"NOSTALGIA","is_daily":false,"chose_seed":false,"campfire_upgraded":4,"win_rate":0.0,"timestamp":1610801410,"path_taken":["M","?","?","M","?","E","R","E","T","?","M","E","M","?","R","BOSS","M","?","?","?","$","R","M","R","T","?","?","M","?","?","R","BOSS"],"items_purchased_type":["Relic","Relic","Card"],"build_version":"2020-12-22","purchased_purges":0,"victory":false,"max_hp_per_floor":[65,65,70,70,70,75,75,75,75,75,75,75,75,75,75,75,75,75,75,75,75,75,75,75,75,75,75,75,75,75,75,75,75,75],"relic_stats":{"counters":[14,41],"Golden Idol":82,"Gambling Chip":[10],"Whetstone":["Strike_S","vexMod:StairwayStrike"],"obtain_stats":[{"AT_ATBox":0,"aspiration:Nostalgia":0,"Golden Idol":2,"Dota2Spire:ShivaGuard":6,"Uniform":0,"Whetstone":8,"PrismaticShard":19,"AT_ImmortalShieldbow":22,"m_ScarletBlood":0,"Gambling Chip":15,"Dota2Spire:BladeMail":21,"Simple Rune":12,"WingedGreaves":9,"Replay:Bottled Snecko":28,"Toxic Egg 2":26,"Red Skull":10,"REME_ComplimentaryCards":0,"Runic Pyramid":17},{"AT_ATBox":0,"aspiration:Nostalgia":0,"Golden Idol":1,"Dota2Spire:ShivaGuard":3,"Uniform":0,"Whetstone":4,"PrismaticShard":9,"AT_ImmortalShieldbow":10,"m_ScarletBlood":0,"Gambling Chip":7,"Dota2Spire:BladeMail":10,"Simple Rune":6,"WingedGreaves":4,"Replay:Bottled Snecko":12,"Toxic Egg 2":11,"Red Skull":4,"REME_ComplimentaryCards":0,"Runic Pyramid":8},{"AT_ATBox":0,"aspiration:Nostalgia":0,"Golden Idol":4,"Dota2Spire:ShivaGuard":8,"Uniform":0,"Whetstone":12,"PrismaticShard":24,"AT_ImmortalShieldbow":29,"m_ScarletBlood":0,"Gambling Chip":19,"Dota2Spire:BladeMail":29,"Simple Rune":17,"WingedGreaves":12,"Replay:Bottled Snecko":33,"Toxic Egg 2":31,"Red Skull":12,"REME_ComplimentaryCards":0,"Runic Pyramid":21}]},"card_choices":[{"not_picked":["StarChef","TimeWarp"],"picked":"Desolation","floor":1.0},{"not_picked":["Rewind","FastForward"],"picked":"Starlight","floor":4.0},{"not_picked":["Revamp","Solidify"],"picked":"Rearm","floor":6.0},{"not_picked":["ShatteredReality","Heavy Blade"],"picked":"Defy","floor":8.0},{"not_picked":["Contraction","Flex"],"picked":"ReplayTheSpireMod:Muscle Training","floor":11.0},{"not_picked":["Potential","Moonlight"],"picked":"TheWorld","floor":12.0},{"not_picked":["Desolation","TimeWarp"],"picked":"Moonlight","floor":13.0},{"not_picked":["Initiator","Duplication"],"picked":"LightFlow","floor":16.0},{"not_picked":["Potential+1","Desolation"],"picked":"Replace","floor":18.0},{"not_picked":["ThirdEye","Sword Boomerang","Alleviate"],"picked":"SKIP","floor":24.0},{"not_picked":["TimeWarp","Replay:Battleflow+1","Static Discharge"],"picked":"SKIP","floor":27.0},{"not_picked":["ClearTheMind+1","Battle Trance+1"],"picked":"Night Terror+1","floor":29.0}],"player_experience":66085,"relics_obtained":[{"floor":6.0,"key":"Dota2Spire:ShivaGuard"},{"floor":8.0,"key":"Whetstone"},{"floor":9.0,"key":"WingedGreaves"},{"floor":12.0,"key":"Simple Rune"},{"floor":15.0,"key":"Gambling Chip"},{"floor":19.0,"key":"PrismaticShard"},{"floor":21.0,"key":"Dota2Spire:BladeMail"},{"floor":26.0,"key":"Toxic Egg 2"},{"floor":28.0,"key":"Replay:Bottled Snecko"}],"event_choices":[{"damage_healed":0.0,"max_hp_gain":0.0,"max_hp_loss":0.0,"gold_gain":0.0,"event_name":"Golden Idol","player_choice":"Take Wound","floor":2.0,"gold_loss":0.0,"damage_taken":0.0,"relics_obtained":["Golden Idol"],"cards_obtained":["Injury"]},{"damage_healed":0.0,"max_hp_gain":5.0,"max_hp_loss":0.0,"gold_gain":0.0,"event_name":"Big Fish","player_choice":"Donut","floor":3.0,"gold_loss":0.0,"damage_taken":0.0},{"cards_removed":["Injury"],"damage_healed":0.0,"max_hp_gain":0.0,"max_hp_loss":0.0,"gold_gain":0.0,"event_name":"Fountain of Cleansing","player_choice":"Removed Curses","floor":14.0,"gold_loss":0.0,"damage_taken":0.0},{"damage_healed":0.0,"max_hp_gain":0.0,"max_hp_loss":0.0,"gold_gain":0.0,"event_name":"Nest","player_choice":"Joined the Cult","floor":20.0,"gold_loss":0.0,"damage_taken":6.0,"cards_obtained":["RitualDagger"]},{"damage_healed":0.0,"max_hp_gain":0.0,"max_hp_loss":0.0,"gold_gain":0.0,"event_name":"The Library","player_choice":"Read","floor":30.0,"gold_loss":0.0,"damage_taken":0.0,"cards_obtained":["SilverBlades"]}],"is_beta":false,"boss_relics":[{"not_picked":["ReplayTheSpireMod:DimensionalGlitch","vexMod:NewClearReactor"],"picked":"Runic Pyramid"}],"items_purged_floors":[],"is_endless":false,"potions_floor_spawned":[1,6,8,12,13,18,27,29],"killed_by":"Automaton","ascension_level":0}}