{"host":"CK","time":1610821892,"event":{"mods":["2.2 Compatiblity","BaseMod","Bestiary","Block Reminder","Colored Powertips","DeckTracker","Displayed Cursed Tome","Minty Spire (QoL Compilation)","Permanent Neow","Unknown Chances"],"gold_per_floor":[111,122,122,122,138,138,164,63,113,188,44,44,76,41,41,118,118,131,143,143,143],"floor_reached":20,"language":"ENG","playtime":2518,"items_purged":["Strike_B","Defend_B"],"score":333,"play_id":"5fe1d969-3854-4b8f-8b35-295626c06ec2","local_time":"20210116103132","is_ascension_mode":true,"campfire_choices":[{"data":"Go for the Eyes","floor":6.0,"key":"SMITH"},{"data":"Sweeping Beam","floor":12.0,"key":"SMITH"},{"data":"Auto Shields","floor":15.0,"key":"SMITH"}],"circlet_count":0,"master_deck":["AscendersBane","Strike_B","Strike_B","Strike_B","Defend_B","Defend_B","Defend_B","Zap+1","Dualcast","Go for the Eyes+1","Cold Snap","Auto Shields+1","Sweeping Beam+1","Glacier","Undo","Creative AI","Compile Driver"],"relics":["SacredBark","Omamori","Art of War","The Courier","SlaversCollar"],"acts_visited":["Exordium","TheCity"],"potions_floor_usage":[18],"damage_taken":[{"damage":11.0,"enemies":"Jaw Worm","floor":1.0,"turns":4.0},{"damage":0.0,"enemies":"Small Slimes","floor":2.0,"turns":5.0},{"damage":4.0,"enemies":"2 Louse","floor":5.0,"turns":3.0},{"damage":31.0,"enemies":"Lagavulin","floor":7.0,"turns":9.0},{"damage":12.0,"enemies":"Gremlin Nob","floor":13.0,"turns":4.0},{"damage":1.0,"enemies":"The Guardian","floor":16.0,"turns":15.0},{"damage":9,"enemies":"Shell Parasite","floor":18,"turns":11},{"damage":14,"enemies":"Spheric Guardian","floor":19,"turns":12},{"damage":10,"enemies":"Chosen and Byrds","floor":20,"turns":3}],"seed_played":"5773658682414969170","potions_obtained":[{"floor":5.0,"key":"Fire Potion"},{"floor":13.0,"key":"LiquidMemories"},{"floor":16.0,"key":"SteroidPotion"},{"floor":19,"key":"DuplicationPotion"}],"is_trial":false,"path_per_floor":["M","M","?","?","M","R","E","$","T","?","$","R","E","?","R","B",null,"M","M","M"],"character_chosen":"DEFECT","items_purchased":["Sweeping Beam","Glacier"],"campfire_rested":0,"item_purchase_floors":[8,11],"current_hp_per_floor":[53,53,53,71,67,67,36,36,36,25,25,25,13,30,30,29,61,52,38,28,28],"gold":143,"neow_bonus":"BOSS_RELIC","is_daily":false,"chose_seed":false,"campfire_upgraded":3,"win_rate":0.0,"timestamp":1610821892,"path_taken":["M","M","?","?","M","R","E","$","T","?","$","R","E","?","R","BOSS","M","M","M"],"items_purchased_type":["Card","Card"],"build_version":"2020-12-18","purchased_purges":2,"victory":false,"max_hp_per_floor":[71,71,71,71,71,71,71,71,71,71,71,71,71,71,71,71,71,71,71,71,71],"card_choices":[{"not_picked":["Turbo","Beam Cell"],"picked":"Go for the Eyes","floor":1.0},{"not_picked":["Steam","Stack"],"picked":"Cold Snap","floor":2.0},{"not_picked":["Go for the Eyes","Consume","Storm"],"picked":"SKIP","floor":5.0},{"not_picked":["Go for the Eyes","Consume","Storm"],"picked":"SKIP","floor":5.0},{"not_picked":["Recycle","Static Discharge"],"picked":"Auto Shields","floor":7.0},{"not_picked":["Stack","Coolheaded"],"picked":"Undo","floor":13.0},{"not_picked":["Multi-Cast","Meteor Strike"],"picked":"Creative AI","floor":16.0},{"not_picked":["Beam Cell","Skim","Stack"],"picked":"SKIP","floor":18},{"not_picked":["Barrage","Hologram"],"picked":"Compile Driver","floor":19}],"player_experience":1137329,"relics_obtained":[{"floor":7.0,"key":"Omamori"},{"floor":9.0,"key":"Art of War"},{"floor":13.0,"key":"The Courier"}],"event_choices":[{"damage_healed":0.0,"max_hp_gain":0.0,"max_hp_loss":0.0,"gold_gain":0.0,"event_name":"Living Wall","player_choice":"Grow","floor":3.0,"gold_loss":0.0,"damage_taken":0.0,"cards_upgraded":["Zap"]},{"damage_healed":23.0,"max_hp_gain":0.0,"max_hp_loss":0.0,"gold_gain":0.0,"event_name":"Big Fish","player_choice":"Banana","floor":4.0,"gold_loss":0.0,"damage_taken":0.0},{"damage_healed":0.0,"max_hp_gain":0.0,"max_hp_loss":0.0,"gold_gain":75.0,"event_name":"World of Goop","player_choice":"Gather Gold","floor":10.0,"gold_loss":0.0,"damage_taken":11.0},{"damage_healed":17.0,"max_hp_gain":0.0,"max_hp_loss":0.0,"gold_gain":0.0,"event_name":"The Cleric","player_choice":"Healed","floor":14.0,"gold_loss":35.0,"damage_taken":0.0}],"is_beta":true,"boss_relics":[{"not_picked":["Philosopher\u0027s Stone","Ectoplasm"],"picked":"SlaversCollar"}],"items_purged_floors":[8,11],"is_endless":false,"potions_floor_spawned":[5,13,16,19],"killed_by":"Chosen and Byrds","ascension_level":17}}