{"host":"6h0diz2ap0m56grs","time":1610777382,"event":{"mods":["2.2 Compatiblity","BaseMod","Colored Map","Marisa????????","Minty Spire (QoL Compilation)","Quick Restart","Replay The Spire","Shop Mod","StSLib","The Servant 0.9.4"],"gold_per_floor":[119,131,131,181,109,142,176,201,254,313,362,447,508,539,539,559,559],"floor_reached":16,"language":"ENG","playtime":600,"items_purged":[],"score":258,"play_id":"58cb6b74-bab9-43ff-a450-a29f42cc2023","local_time":"20210116000942","daily_mods":["SealedDeck","Heirloom","Time Dilation","Flight"],"is_ascension_mode":true,"campfire_choices":[{"data":"SilverBlades","floor":15,"key":"SMITH"}],"circlet_count":0,"master_deck":["Moondial","Defy","Snipe","ReturningBlade","Defy","Desolation","TimeTheft","Ricochet","SilverBlades+1","InstantArmor","Ricochet","SoulSculpture","DancingSilver","Orbit","DancingSilver","Misdirection","SurpressingFire","SurpressingFire+1"],"relics":["Uniform","replay:Trail_Library","Gambling Chip","StrikeDummy","Gremlin Food","Bottled Lightning","Replay:Bandana","Dream Catcher","Replay:Mystery Machine","Letter Opener","Frozen Egg 2","Replay:Baseball"],"acts_visited":["Exordium"],"potions_floor_usage":[16],"damage_taken":[{"damage":5,"enemies":"Jaw Worm","floor":1,"turns":1},{"damage":0,"enemies":"2 Louse","floor":2,"turns":1},{"damage":0,"enemies":"Lagavulin","floor":6,"turns":2},{"damage":6,"enemies":"3 Sentries","floor":7,"turns":4},{"damage":0,"enemies":"Lagavulin","floor":8,"turns":3},{"damage":0,"enemies":"3 Sentries","floor":10,"turns":4},{"damage":2,"enemies":"Lagavulin","floor":11,"turns":4},{"damage":0,"enemies":"3 Sentries","floor":12,"turns":3},{"damage":0,"enemies":"3 Sentries","floor":13,"turns":3},{"damage":0,"enemies":"Small Slimes","floor":14,"turns":2},{"damage":0,"enemies":"Fading Forest","floor":16,"turns":4}],"seed_played":"-7799905083219285981","potions_obtained":[{"floor":1,"key":"Dexterity Potion"},{"floor":10,"key":"SteroidPotion"},{"floor":11,"key":"Reflective Coating"},{"floor":13,"key":"PowerPotion"}],"is_trial":true,"path_per_floor":["M","M","?","?","$","E","E","E","T","E","E","?","E","M","R","B"],"character_chosen":"THE_SERVANT","items_purchased":["SoulSculpture"],"campfire_rested":0,"item_purchase_floors":[5],"current_hp_per_floor":[60,60,53,53,53,53,47,47,47,47,45,45,45,45,45,45,45],"gold":559,"neow_bonus":"","is_daily":false,"chose_seed":false,"campfire_upgraded":1,"win_rate":0.0,"timestamp":1610777382,"path_taken":["M","M","?","?","$","E","E","E","T","E","E","?","E","?","R","BOSS"],"items_purchased_type":["Card"],"build_version":"2020-12-22","purchased_purges":0,"victory":false,"max_hp_per_floor":[65,65,65,65,65,65,65,65,65,65,65,65,65,65,65,65,65],"card_choices":[{"not_picked":["Replace","Rearm"],"picked":"Ricochet","floor":1},{"not_picked":["FastForward","SpecialFormula","Comet"],"picked":"SKIP","floor":2},{"not_picked":["Revamp","Read"],"picked":"DancingSilver","floor":6},{"not_picked":["Moonlight","DualDimension"],"picked":"Orbit","floor":7},{"not_picked":["ShatteredReality","ShiftingGears","BottledTime"],"picked":"SKIP","floor":8},{"not_picked":["Ricochet","Initiator"],"picked":"DancingSilver","floor":10},{"not_picked":["Unruled","FloweringNight"],"picked":"Misdirection","floor":11},{"not_picked":["BottledTime","Rewind"],"picked":"SurpressingFire+1","floor":12},{"not_picked":["PendulumOfEternity","Defy","DualDimension"],"picked":"SKIP","floor":13},{"not_picked":["Contraction","Alleviate","Revamp"],"picked":"SKIP","floor":14}],"player_experience":186961,"relics_obtained":[{"floor":6,"key":"Gremlin Food"},{"floor":7,"key":"Bottled Lightning"},{"floor":8,"key":"Replay:Bandana"},{"floor":9,"key":"Dream Catcher"},{"floor":10,"key":"Replay:Mystery Machine"},{"floor":11,"key":"Letter Opener"},{"floor":12,"key":"Frozen Egg 2"},{"floor":13,"key":"Replay:Baseball"}],"event_choices":[{"damage_healed":0,"gold_gain":0,"player_choice":"Success","damage_taken":7,"relics_obtained":["StrikeDummy"],"max_hp_gain":0,"max_hp_loss":0,"event_name":"Scrap Ooze","floor":3,"gold_loss":0},{"damage_healed":0,"gold_gain":50,"player_choice":"Gained Gold","damage_taken":0,"max_hp_gain":0,"max_hp_loss":0,"event_name":"Golden Wing","floor":4,"gold_loss":0},{"damage_healed":0,"gold_gain":30,"player_choice":"Searched \u00273\u0027 times","damage_taken":0,"max_hp_gain":0,"max_hp_loss":0,"event_name":"Dead Adventurer","floor":12,"gold_loss":0}],"is_beta":false,"boss_relics":[],"items_purged_floors":[],"is_endless":false,"potions_floor_spawned":[1,10,11,12,13],"killed_by":"Fading Forest","ascension_level":1}}