{"host":"i0avyit1s6jb1siw","time":1610795425,"event":{"mods":["BaseMod","DeckTracker","Dota2Spire","Highlight Path","Minty Spire (QoL Compilation)","Quick Restart","StSLib","SuperFastMode"],"gold_per_floor":[117,133,40,53,73,73,84,117,141,169,169,189,239,256,256,329,329,339,350,350,350,350],"floor_reached":21,"language":"ENG","playtime":395,"items_purged":[],"score":436,"play_id":"70c4c8f4-5921-42dc-aedf-c4069be04e98","local_time":"20210116121025","is_ascension_mode":true,"campfire_choices":[{"data":"Eviscerate","floor":6,"key":"SMITH"},{"data":"Calculated Gamble","floor":11,"key":"SMITH"},{"floor":15,"key":"REST"}],"circlet_count":0,"master_deck":["AscendersBane","Strike_G","Strike_G","Strike_G","Strike_G","Defend_G","Defend_G","Defend_G","Defend_G","Defend_G","Survivor","Neutralize","Eviscerate+1","Dagger Spray","Calculated Gamble+1","Bouncing Flask","Noxious Fumes","Dagger Throw","Footwork","Footwork"],"relics":["Velvet Choker","CaptainsWheel","Dota2Spire:BladeMail","PreservedInsect","Oddly Smooth Stone","SacredBark"],"acts_visited":["Exordium","TheCity"],"potions_floor_usage":[8,19],"damage_taken":[{"damage":3,"enemies":"2 Louse","floor":1,"turns":3},{"damage":1,"enemies":"Cultist","floor":2,"turns":5},{"damage":1,"enemies":"Small Slimes","floor":4,"turns":3},{"damage":10,"enemies":"Blue Slaver","floor":5,"turns":5},{"damage":8,"enemies":"3 Louse","floor":7,"turns":3},{"damage":0,"enemies":"Lagavulin","floor":8,"turns":6},{"damage":17,"enemies":"3 Sentries","floor":10,"turns":5},{"damage":10,"enemies":"Red Slaver","floor":12,"turns":3},{"damage":6,"enemies":"Exordium Thugs","floor":14,"turns":4},{"damage":9,"enemies":"Hexaghost","floor":16,"turns":9},{"damage":21,"enemies":"Spheric Guardian","floor":18,"turns":6},{"damage":21,"enemies":"Shell Parasite","floor":19,"turns":5},{"damage":14,"enemies":"Centurion and Healer","floor":21,"turns":2}],"seed_played":"-762056593564991292","potions_obtained":[{"floor":2,"key":"Poison Potion"},{"floor":5,"key":"ColorlessPotion"},{"floor":10,"key":"SmokeBomb"},{"floor":16,"key":"DuplicationPotion"},{"floor":18,"key":"PowerPotion"}],"is_trial":false,"path_per_floor":["M","M","?","M","M","R","M","E","T","E","R","M","?","M","R","B",null,"M","M","?","M"],"character_chosen":"THE_SILENT","items_purchased":[],"campfire_rested":1,"item_purchase_floors":[],"current_hp_per_floor":[56,55,55,54,44,44,36,36,36,19,19,9,9,3,22,13,53,32,11,11,0,0],"gold":350,"neow_bonus":"BOSS_RELIC","is_daily":false,"chose_seed":false,"campfire_upgraded":2,"win_rate":0.0,"timestamp":1610795425,"path_taken":["M","M","?","M","?","R","M","E","T","E","R","M","?","?","R","BOSS","M","M","?","?"],"items_purchased_type":[],"build_version":"2020-12-22","purchased_purges":0,"victory":false,"max_hp_per_floor":[66,66,66,66,66,66,66,66,66,66,66,66,66,66,66,66,66,66,66,66,66,66],"card_choices":[{"not_picked":["Bane","Slice"],"picked":"Eviscerate","floor":1},{"not_picked":["Bane","PiercingWail"],"picked":"Dagger Spray","floor":2},{"not_picked":["Riddle With Holes","Acrobatics"],"picked":"Calculated Gamble","floor":4},{"not_picked":["Concentrate","Cloak And Dagger"],"picked":"Bouncing Flask","floor":5},{"not_picked":["Flying Knee","Slice","Blade Dance"],"picked":"SKIP","floor":7},{"not_picked":["Dagger Spray","Quick Slash"],"picked":"Noxious Fumes","floor":8},{"not_picked":["Phantasmal Killer","Caltrops"],"picked":"Dagger Throw","floor":10},{"not_picked":["Deadly Poison","Dodge and Roll","Riddle With Holes"],"picked":"SKIP","floor":12},{"not_picked":["Skewer","Cloak And Dagger"],"picked":"Footwork","floor":14},{"not_picked":["Dagger Throw","Bane"],"picked":"Footwork","floor":18},{"not_picked":["Footwork","Heel Hook","Dagger Throw"],"picked":"SKIP","floor":19}],"player_experience":2257752,"relics_obtained":[{"floor":8,"key":"Dota2Spire:BladeMail"},{"floor":9,"key":"PreservedInsect"},{"floor":10,"key":"Oddly Smooth Stone"}],"event_choices":[{"damage_healed":0,"gold_gain":0,"player_choice":"Paid Gold","damage_taken":0,"relics_obtained":["CaptainsWheel"],"max_hp_gain":0,"max_hp_loss":0,"event_name":"WeMeetAgain","floor":3,"gold_loss":93},{"damage_healed":0,"gold_gain":50,"player_choice":"Pray","damage_taken":0,"max_hp_gain":0,"max_hp_loss":0,"event_name":"Golden Shrine","floor":13,"gold_loss":0},{"cards_removed":["Strike_G"],"damage_healed":0,"gold_gain":0,"player_choice":"Purged","damage_taken":0,"max_hp_gain":0,"max_hp_loss":0,"event_name":"Purifier","floor":20,"gold_loss":0}],"is_beta":false,"boss_relics":[{"not_picked":["Runic Pyramid","Coffee Dripper"],"picked":"SacredBark"}],"items_purged_floors":[],"is_endless":false,"potions_floor_spawned":[2,5,10,12,14,16,18],"killed_by":"Centurion and Healer","ascension_level":20}}