{"host":"sjlkb5ptl81h8grp","time":1610790393,"event":{"mods":["BaseMod","Colored Powertips","Minty Spire (QoL Compilation)","StSLib"],"gold_per_floor":[114,131,150,159,9,45,60,72,144,144,161,190,474,491,491,605,605,621,634,10,10,10,20,30,43,43,52,92,101,110,126,135,248,248,266,235,244,325,20,20,20,20,20,20,242,260,260,271,271,379,379,395,407,330,330,347,347,347,347,347,391,391,452,66,106,106,214,223,236,141,475,375,425,458,517,482,517,567,262,312,312,323,335,451,463,463],"floor_reached":85,"language":"ZHS","playtime":17154,"items_purged":["Regret","Regret"],"score":1929,"play_id":"68561d3e-5a2c-4284-9224-97aa1d13c21c","local_time":"20210116174633","daily_mods":["SealedDeck","Vintage","Green Cards","Heirloom","Time Dilation","Flight"],"is_ascension_mode":false,"campfire_choices":[{"data":"Tactician","floor":15.0,"key":"SMITH"},{"floor":27.0,"key":"REST"},{"floor":30.0,"key":"REST"},{"floor":32.0,"key":"REST"},{"floor":40.0,"key":"DIG"},{"data":"1","floor":41.0,"key":"LIFT"},{"data":"2","floor":42.0,"key":"LIFT"},{"data":"3","floor":44.0,"key":"LIFT"},{"floor":47.0,"key":"DIG"},{"floor":49.0,"key":"DIG"},{"floor":57.0,"key":"DIG"},{"data":"Envenom","floor":58.0,"key":"SMITH"},{"floor":59.0,"key":"DIG"},{"data":"Calculated Gamble","floor":66.0,"key":"SMITH"},{"data":"Adrenaline","floor":81.0,"key":"SMITH"},{"floor":83.0,"key":"DIG"}],"circlet_count":0,"master_deck":["Eviscerate+1","Flying Knee+1","Calculated Gamble+1","Tactician+1","Outmaneuver","PiercingWail","Deadly Poison","Choke","Prepared","Expertise+1","Underhanded Strike","Phantasmal Killer","Dagger Throw","Poisoned Stab+1","Prepared+1","PiercingWail+1","Acrobatics+1","Envenom+1","Backstab","HandOfGreed","Underhanded Strike","Madness","Madness","After Image+1","Impatience","Tools of the Trade+1","Adrenaline+1","CurseOfTheBell","RitualDagger+1","Die Die Die+1","Corpse Explosion"],"relics":["Ring of the Snake","Bird Faced Urn","Boot","TungstenRod","CeramicFish","TwistedFunnel","Whetstone","Akabeko","Dream Catcher","Bottled Flame","Calipers","Odd Mushroom","Mercury Hourglass","SlaversCollar","Snake Skull","Pantograph","Sling","Pear","Regal Pillow","Matryoshka","MealTicket","Lantern","Bag of Marbles","Bag of Preparation","Blue Candle","Red Mask","Bottled Lightning","Runic Pyramid","Girya","Shovel","PreservedInsect","HandDrill","Happy Flower","White Beast Statue","Blood Vial","Frozen Egg 2","StrikeDummy","Sundial","Philosopher\u0027s Stone","Toy Ornithopter","Bronze Scales","Pen Nib","Oddly Smooth Stone","Art of War","Vajra","SsserpentHead","Juzu Bracelet","Mummified Hand","Strange Spoon","Ice Cream","Calling Bell","Orichalcum","Molten Egg 2","Thread and Needle","Ancient Tea Set","War Paint","MutagenicStrength","Turnip","Lee\u0027s Waffle","Omamori","MawBank","Potion Belt"],"acts_visited":[],"potions_floor_usage":[],"damage_taken":[{"damage":11.0,"enemies":"Jaw Worm","floor":1.0,"turns":2.0},{"damage":0.0,"enemies":"Cultist","floor":2.0,"turns":1.0},{"damage":0.0,"enemies":"2 Louse","floor":3.0,"turns":1.0},{"damage":0.0,"enemies":"Lagavulin","floor":6.0,"turns":2.0},{"damage":3.0,"enemies":"Gremlin Gang","floor":7.0,"turns":2.0},{"damage":5.0,"enemies":"Blue Slaver","floor":8.0,"turns":2.0},{"damage":0.0,"enemies":"2 Fungi Beasts","floor":11.0,"turns":1.0},{"damage":0.0,"enemies":"The Mushroom Lair","floor":12.0,"turns":1.0},{"damage":3.0,"enemies":"Exordium Thugs","floor":14.0,"turns":2.0},{"damage":16.0,"enemies":"Hexaghost","floor":16.0,"turns":5.0},{"damage":0.0,"enemies":"3 Byrds","floor":18.0,"turns":3.0},{"damage":2.0,"enemies":"Shell Parasite","floor":19.0,"turns":2.0},{"damage":7.0,"enemies":"Centurion and Healer","floor":23.0,"turns":3.0},{"damage":0.0,"enemies":"Snake Plant","floor":24.0,"turns":2.0},{"damage":12.0,"enemies":"Shelled Parasite and Fungi","floor":25.0,"turns":2.0},{"damage":0.0,"enemies":"Masked Bandits","floor":28.0,"turns":1.0},{"damage":0.0,"enemies":"Centurion and Healer","floor":31.0,"turns":2.0},{"damage":20.0,"enemies":"Collector","floor":33.0,"turns":4.0},{"damage":6.0,"enemies":"3 Shapes","floor":35.0,"turns":1.0},{"damage":7.0,"enemies":"2 Orb Walkers","floor":38.0,"turns":3.0},{"damage":0.0,"enemies":"Orb Walker","floor":48.0,"turns":1.0},{"damage":44.0,"enemies":"Awakened One","floor":50.0,"turns":5.0},{"damage":0.0,"enemies":"Jaw Worm","floor":52.0,"turns":1.0},{"damage":0.0,"enemies":"Cultist","floor":53.0,"turns":1.0},{"damage":0.0,"enemies":"Small Slimes","floor":56.0,"turns":1.0},{"damage":0.0,"enemies":"Lagavulin","floor":61.0,"turns":1.0},{"damage":0.0,"enemies":"Exordium Wildlife","floor":63.0,"turns":1.0},{"damage":0.0,"enemies":"3 Louse","floor":65.0,"turns":1.0},{"damage":0.0,"enemies":"Slime Boss","floor":67.0,"turns":2.0},{"damage":0.0,"enemies":"Chosen","floor":69.0,"turns":1.0},{"damage":0.0,"enemies":"Gremlin Leader","floor":74.0,"turns":1.0},{"damage":0.0,"enemies":"Slavers","floor":77.0,"turns":1.0},{"damage":0.0,"enemies":"2 Thieves","floor":82.0,"turns":1.0},{"damage":34.0,"enemies":"Automaton","floor":84.0,"turns":3.0}],"seed_played":"-8454952042987951477","potions_obtained":[{"floor":6.0,"key":"LiquidBronze"},{"floor":7.0,"key":"Block Potion"},{"floor":8.0,"key":"AttackPotion"},{"floor":11.0,"key":"EntropicBrew"},{"floor":24.0,"key":"Weak Potion"},{"floor":38.0,"key":"LiquidMemories"},{"floor":50.0,"key":"Energy Potion"},{"floor":52.0,"key":"Energy Potion"},{"floor":53.0,"key":"Fire Potion"}],"is_trial":true,"path_per_floor":["M","M","M","?","$","E","M","M","T","?","M","?","?","M","R","B",null,"M","M","$","?","T","M","M","M","T","R","?","?","R","M","R","B",null,"M","$","?","?","$","R","R","R","T","R","?","?","R","M","R","B",null,"M","M","$","?","M","R","R","R","T","E","?","M","$","M","R","B",null,"M","$","?","$","?","E","?","?","E","?","$","?","R","M","R","B",null],"character_chosen":"THE_SILENT","items_purchased":["TwistedFunnel","Sling","Pear","Regal Pillow","Backstab","PreservedInsect","HandDrill","Impatience","Mummified Hand","Strange Spoon","War Paint","Lee\u0027s Waffle","Omamori"],"campfire_rested":3,"item_purchase_floors":[5,20,20,20,36,39,39,54,64,64,70,79,79],"current_hp_per_floor":[59,59,59,59,59,59,56,51,51,51,51,51,51,48,48,32,70,70,68,78,78,78,71,71,59,59,80,80,80,80,80,80,60,80,74,80,80,73,80,80,80,80,80,80,80,71,71,73,73,36,80,80,80,80,80,80,80,80,80,80,80,80,80,80,80,80,80,80,80,80,80,80,80,80,75,75,79,65,92,92,92,92,92,60,60,60],"gold":463,"neow_bonus":"","is_daily":false,"chose_seed":false,"campfire_upgraded":4,"win_rate":0.0,"timestamp":1610790393,"path_taken":["M","M","M","?","$","E","?","M","T","?","?","?","?","M","R","BOSS","M","M","$","?","?","M","?","M","T","R","?","?","R","?","R","BOSS","M","$","?","?","?","R","R","R","T","R","?","?","R","?","R","BOSS","M","?","$","?","?","R","R","R","T","E","?","?","$","M","R","BOSS","M","?","?","$","?","E","?","?","E","?","$","?","R","M","R","BOSS"],"items_purchased_type":["Relic","Relic","Relic","Relic","Card","Relic","Relic","Card","Relic","Relic","Relic","Relic","Relic"],"build_version":"2020-12-22","purchased_purges":2,"victory":false,"max_hp_per_floor":[70,70,70,70,70,70,70,70,70,70,70,70,70,70,70,70,70,70,70,80,80,80,80,80,80,80,80,80,80,80,80,80,80,80,80,80,80,80,80,80,80,80,80,80,80,80,80,80,80,80,80,80,80,80,80,80,80,80,80,80,80,80,80,80,80,80,80,80,80,80,80,80,80,80,80,80,80,85,92,92,92,92,92,92,92,92],"card_choices":[{"not_picked":["Slice","Dodge and Roll"],"picked":"Deadly Poison","floor":6.0},{"not_picked":["Escape Plan","Infinite Blades"],"picked":"Underhanded Strike","floor":12.0},{"not_picked":["After Image","Unload"],"picked":"Phantasmal Killer","floor":16.0},{"not_picked":["Sucker Punch+1","Outmaneuver"],"picked":"Dagger Throw","floor":27.0},{"not_picked":["Riddle With Holes","Dodge and Roll"],"picked":"Poisoned Stab+1","floor":28.0},{"not_picked":["Sucker Punch","Cloak And Dagger"],"picked":"PiercingWail+1","floor":30.0},{"not_picked":["PiercingWail+1","Tactician"],"picked":"Acrobatics+1","floor":32.0},{"not_picked":["After Image","Malaise"],"picked":"Envenom","floor":33.0},{"not_picked":["Sadistic Nature","Dark Shackles"],"picked":"HandOfGreed","floor":37.0},{"not_picked":["Riddle With Holes+1","Deflect+1"],"picked":"Underhanded Strike","floor":38.0},{"not_picked":["Wraith Form v2+1","Envenom+1"],"picked":"After Image+1","floor":50.0},{"not_picked":["Deadly Poison","Underhanded Strike"],"picked":"Tools of the Trade+1","floor":61.0},{"not_picked":["After Image+1","Phantasmal Killer"],"picked":"Adrenaline","floor":67.0},{"not_picked":["Dagger Spray+1","PiercingWail","Endless Agony+1"],"picked":"SKIP","floor":74.0},{"not_picked":["Setup","Outmaneuver"],"picked":"Die Die Die+1","floor":77.0},{"not_picked":["Unload+1","Malaise"],"picked":"Corpse Explosion","floor":84.0}],"player_experience":290856,"relics_obtained":[{"floor":1.0,"key":"Boot"},{"floor":2.0,"key":"TungstenRod"},{"floor":3.0,"key":"CeramicFish"},{"floor":6.0,"key":"Whetstone"},{"floor":7.0,"key":"Akabeko"},{"floor":8.0,"key":"Dream Catcher"},{"floor":9.0,"key":"Bottled Flame"},{"floor":11.0,"key":"Calipers"},{"floor":12.0,"key":"Odd Mushroom"},{"floor":14.0,"key":"Mercury Hourglass"},{"floor":18.0,"key":"Snake Skull"},{"floor":19.0,"key":"Pantograph"},{"floor":22.0,"key":"Matryoshka"},{"floor":23.0,"key":"MealTicket"},{"floor":24.0,"key":"Lantern"},{"floor":25.0,"key":"Bag of Marbles"},{"floor":26.0,"key":"Bag of Preparation"},{"floor":26.0,"key":"Blue Candle"},{"floor":28.0,"key":"Red Mask"},{"floor":31.0,"key":"Bottled Lightning"},{"floor":35.0,"key":"Girya"},{"floor":38.0,"key":"Shovel"},{"floor":40.0,"key":"Happy Flower"},{"floor":43.0,"key":"White Beast Statue"},{"floor":43.0,"key":"Blood Vial"},{"floor":47.0,"key":"Frozen Egg 2"},{"floor":48.0,"key":"StrikeDummy"},{"floor":49.0,"key":"Sundial"},{"floor":52.0,"key":"Toy Ornithopter"},{"floor":53.0,"key":"Bronze Scales"},{"floor":56.0,"key":"Pen Nib"},{"floor":57.0,"key":"Oddly Smooth Stone"},{"floor":59.0,"key":"Art of War"},{"floor":60.0,"key":"Vajra"},{"floor":63.0,"key":"Juzu Bracelet"},{"floor":65.0,"key":"Ice Cream"},{"floor":68.0,"key":"Orichalcum"},{"floor":68.0,"key":"Molten Egg 2"},{"floor":68.0,"key":"Thread and Needle"},{"floor":69.0,"key":"Ancient Tea Set"},{"floor":82.0,"key":"MawBank"},{"floor":83.0,"key":"Potion Belt"}],"event_choices":[{"damage_healed":0.0,"max_hp_gain":0.0,"max_hp_loss":0.0,"gold_gain":0.0,"cards_transformed":["PiercingWail"],"event_name":"Transmorgrifier","player_choice":"Transformed","floor":4.0,"gold_loss":0.0,"damage_taken":0.0,"cards_obtained":["Expertise"]},{"cards_removed":["Deadly Poison"],"damage_healed":0.0,"max_hp_gain":0.0,"max_hp_loss":0.0,"gold_gain":0.0,"event_name":"Purifier","player_choice":"Purged","floor":10.0,"gold_loss":0.0,"damage_taken":0.0},{"damage_healed":0.0,"max_hp_gain":0.0,"max_hp_loss":0.0,"gold_gain":0.0,"event_name":"Mushrooms","player_choice":"Fought Mushrooms","floor":12.0,"gold_loss":0.0,"damage_taken":0.0},{"damage_healed":0.0,"max_hp_gain":0.0,"max_hp_loss":0.0,"gold_gain":275.0,"event_name":"Golden Shrine","player_choice":"Desecrate","floor":13.0,"gold_loss":0.0,"damage_taken":0.0,"cards_obtained":["Regret"]},{"damage_healed":0.0,"max_hp_gain":0.0,"max_hp_loss":0.0,"gold_gain":0.0,"event_name":"Back to Basics","player_choice":"Simplicity","floor":21.0,"gold_loss":0.0,"damage_taken":0.0,"cards_upgraded":[]},{"damage_healed":0.0,"max_hp_gain":0.0,"max_hp_loss":0.0,"gold_gain":0.0,"event_name":"Masked Bandits","player_choice":"Fought Bandits","floor":28.0,"gold_loss":0.0,"damage_taken":0.0},{"damage_healed":0.0,"max_hp_gain":0.0,"max_hp_loss":0.0,"gold_gain":0.0,"event_name":"Duplicator","player_choice":"Copied","floor":29.0,"gold_loss":0.0,"damage_taken":0.0,"cards_obtained":["Prepared"]},{"damage_healed":0.0,"max_hp_gain":0.0,"max_hp_loss":0.0,"gold_gain":0.0,"event_name":"SensoryStone","player_choice":"Memory 1","floor":37.0,"gold_loss":0.0,"damage_taken":0.0},{"damage_healed":0.0,"max_hp_gain":0.0,"max_hp_loss":0.0,"gold_gain":0.0,"event_name":"Mysterious Sphere","player_choice":"Fight","floor":38.0,"gold_loss":0.0,"damage_taken":0.0},{"damage_healed":0.0,"max_hp_gain":0.0,"max_hp_loss":0.0,"gold_gain":222.0,"event_name":"Tomb of Lord Red Mask","player_choice":"Wore Mask","floor":45.0,"gold_loss":0.0,"damage_taken":0.0},{"damage_healed":0.0,"max_hp_gain":0.0,"max_hp_loss":0.0,"gold_gain":0.0,"event_name":"Winding Halls","player_choice":"Embrace Madness","floor":46.0,"gold_loss":0.0,"damage_taken":10.0,"cards_obtained":["Madness","Madness"]},{"damage_healed":0.0,"max_hp_gain":0.0,"max_hp_loss":0.0,"gold_gain":0.0,"event_name":"The Woman in Blue","player_choice":"Bought 0 Potions","floor":55.0,"gold_loss":0.0,"damage_taken":0.0},{"damage_healed":0.0,"max_hp_gain":0.0,"max_hp_loss":0.0,"gold_gain":0.0,"event_name":"FaceTrader","player_choice":"Trade","floor":62.0,"gold_loss":0.0,"damage_taken":0.0,"relics_obtained":["SsserpentHead"]},{"damage_healed":0.0,"max_hp_gain":0.0,"max_hp_loss":0.0,"gold_gain":275.0,"event_name":"Golden Shrine","player_choice":"Desecrate","floor":71.0,"gold_loss":0.0,"damage_taken":0.0,"cards_obtained":["Regret"]},{"damage_healed":0.0,"max_hp_gain":0.0,"max_hp_loss":0.0,"gold_gain":0.0,"event_name":"Drug Dealer","player_choice":"Inject Mutagens","floor":73.0,"gold_loss":0.0,"damage_taken":0.0,"relics_obtained":["MutagenicStrength"]},{"damage_healed":0.0,"max_hp_gain":0.0,"max_hp_loss":0.0,"gold_gain":0.0,"event_name":"Nest","player_choice":"Joined the Cult","floor":75.0,"gold_loss":0.0,"damage_taken":6.0,"cards_obtained":["RitualDagger"]},{"damage_healed":0.0,"max_hp_gain":0.0,"max_hp_loss":0.0,"gold_gain":0.0,"event_name":"Addict","player_choice":"Obtained Relic","floor":76.0,"gold_loss":85.0,"damage_taken":0.0,"relics_obtained":["Turnip"]},{"damage_healed":0.0,"max_hp_gain":5.0,"max_hp_loss":0.0,"gold_gain":0.0,"event_name":"Forgotten Altar","player_choice":"Shed Blood","floor":78.0,"gold_loss":0.0,"damage_taken":20.0},{"damage_healed":0.0,"max_hp_gain":0.0,"max_hp_loss":0.0,"gold_gain":0.0,"event_name":"Vampires","player_choice":"Ignored","floor":80.0,"gold_loss":0.0,"damage_taken":0.0}],"is_beta":false,"boss_relics":[{"not_picked":["Ring of the Serpent","HoveringKite"],"picked":"SlaversCollar"},{"not_picked":["Runic Dome","Fusion Hammer"],"picked":"Runic Pyramid"},{"not_picked":["Sozu","Astrolabe"],"picked":"Philosopher\u0027s Stone"},{"not_picked":["Black Star","Snecko Eye"],"picked":"Calling Bell"}],"items_purged_floors":[20,72],"is_endless":true,"potions_floor_spawned":[6,7,8,11,14,24,28,33,38,48,50,52,53,56,61,63,65,67,69,74,77,82,84],"ascension_level":0}}