{"host":"i0avyit1s6jb1siw","time":1610794278,"event":{"mods":["BaseMod","DeckTracker","Dota2Spire","Highlight Path","Minty Spire (QoL Compilation)","Quick Restart","StSLib","SuperFastMode"],"gold_per_floor":[119,44,44,59,4,4,33,33,83,83,142,169,169,187,187,258,258,271,271,321,321,366,366,386,386,435,495,495,512,642,567,567,668,668,711,711,731,631,673,736,736,761,807,807,849,849,868,868,868],"floor_reached":48,"language":"ENG","playtime":1031,"items_purged":["Strike_P","Defend_P"],"score":1253,"play_id":"80189be4-aebd-4217-a1f1-45fb24a51712","local_time":"20210116115118","is_ascension_mode":true,"campfire_choices":[{"data":"Eruption","floor":6.0,"key":"SMITH"},{"data":"Adaptation","floor":8.0,"key":"SMITH"},{"data":"EmptyFist","floor":10.0,"key":"SMITH"},{"floor":15.0,"key":"REST"},{"floor":23.0,"key":"REST"},{"data":"MentalFortress","floor":25.0,"key":"SMITH"},{"floor":28.0,"key":"REST"},{"floor":32.0,"key":"REST"},{"floor":41,"key":"RECALL"}],"circlet_count":0,"master_deck":["AscendersBane","Defend_P","Eruption+1","Vigilance","Adaptation+1","EmptyFist+1","InnerPeace","DeusExMachina","MentalFortress+1","Sanctity+1","MentalFortress+1","Devotion+1"],"relics":["PureWater","Boot","Dota2Spire:BattleFury","Pen Nib","Tiny Chest","Dota2Spire:Desolator","VioletLotus","Dota2Spire:HandOfMidas","Regal Pillow","PreservedInsect","CaptainsWheel","Dota2Spire:MantaStyle","Astrolabe","Smiling Mask","Dota2Spire:CrimsonGuard","Dota2Spire:BladeMail"],"acts_visited":["Exordium","TheCity","TheBeyond"],"potions_floor_usage":[40,47],"damage_taken":[{"damage":2.0,"enemies":"Jaw Worm","floor":1.0,"turns":3.0},{"damage":7.0,"enemies":"2 Louse","floor":4.0,"turns":3.0},{"damage":8.0,"enemies":"Gremlin Nob","floor":7.0,"turns":3.0},{"damage":34.0,"enemies":"Lagavulin Event","floor":11.0,"turns":4.0},{"damage":0.0,"enemies":"3 Sentries","floor":12.0,"turns":3.0},{"damage":0.0,"enemies":"Small Slimes","floor":14.0,"turns":1.0},{"damage":20.0,"enemies":"The Guardian","floor":16.0,"turns":8.0},{"damage":6.0,"enemies":"3 Byrds","floor":18.0,"turns":4.0},{"damage":25.0,"enemies":"2 Thieves","floor":22.0,"turns":3.0},{"damage":11.0,"enemies":"Snecko","floor":24.0,"turns":4.0},{"damage":19.0,"enemies":"Book of Stabbing","floor":27.0,"turns":5.0},{"damage":13.0,"enemies":"Snake Plant","floor":29.0,"turns":3.0},{"damage":8.0,"enemies":"Colosseum Slavers","floor":30.0,"turns":4.0},{"damage":0.0,"enemies":"Colosseum Nobs","floor":30.0,"turns":2.0},{"damage":5.0,"enemies":"Champ","floor":33.0,"turns":4.0},{"damage":8.0,"enemies":"3 Shapes","floor":35.0,"turns":5.0},{"damage":1.0,"enemies":"3 Darklings","floor":37.0,"turns":3.0},{"damage":0.0,"enemies":"4 Shapes","floor":39.0,"turns":3.0},{"damage":0,"enemies":"Nemesis","floor":40,"turns":5},{"damage":0,"enemies":"Giant Head","floor":42,"turns":3},{"damage":10,"enemies":"Spire Growth","floor":45,"turns":3},{"damage":22,"enemies":"3 Darklings","floor":47,"turns":3},{"damage":42,"enemies":"Nemesis","floor":48,"turns":8}],"seed_played":"7767971872462501123","potions_obtained":[{"floor":1.0,"key":"PowerPotion"},{"floor":7.0,"key":"GamblersBrew"},{"floor":16.0,"key":"SkillPotion"},{"floor":30.0,"key":"FearPotion"},{"floor":37.0,"key":"DuplicationPotion"},{"floor":44,"key":"Strength Potion"},{"floor":45,"key":"Fruit Juice"}],"is_trial":false,"path_per_floor":["M","?","?","M","$","R","E","R","T","R","?","E","?","M","R","B",null,"M","?","?","T","M","R","M","R","T","E","R","M","?","$","R","B",null,"M","?","M","$","M","E","R","E","T","?","M","T","M","E"],"character_chosen":"WATCHER","items_purchased":["EmptyFist"],"campfire_rested":4,"item_purchase_floors":[5],"current_hp_per_floor":[59,59,64,57,57,57,49,49,49,49,15,15,15,15,36,16,59,53,53,53,53,28,49,38,38,38,19,55,42,34,34,70,65,71,63,63,62,62,62,62,62,62,62,62,52,52,35,0,0],"gold":868,"neow_bonus":"RANDOM_COMMON_RELIC","is_daily":false,"chose_seed":false,"campfire_upgraded":4,"win_rate":0.0,"timestamp":1610794278,"path_taken":["M","?","?","M","$","R","E","R","T","R","?","E","?","M","R","BOSS","M","?","?","?","M","R","M","R","T","E","R","M","?","$","R","BOSS","M","?","M","$","M","E","R","E","T","?","M","?","M","E"],"items_purchased_type":["Card"],"build_version":"2020-12-22","purchased_purges":2,"victory":false,"max_hp_per_floor":[68,68,73,73,73,73,73,73,73,73,73,73,73,73,73,73,73,73,73,73,73,73,73,73,73,73,73,73,73,73,73,73,73,73,73,73,73,73,73,73,73,73,73,73,73,73,78,78,78],"card_choices":[{"not_picked":["Pray","Swivel"],"picked":"Adaptation","floor":1.0},{"not_picked":["JustLucky","Consecrate"],"picked":"FearNoEvil","floor":4.0},{"not_picked":["Prostrate","WreathOfFlame"],"picked":"InnerPeace","floor":7.0},{"not_picked":["Devotion","BowlingBash","Vengeance"],"picked":"SKIP","floor":12.0},{"not_picked":["CarveReality","EmptyBody","Pray"],"picked":"SKIP","floor":14.0},{"not_picked":["Brilliance","Establishment"],"picked":"DeusExMachina","floor":16.0},{"not_picked":["CutThroughFate","Consecrate","PathToVictory"],"picked":"SKIP","floor":18.0},{"not_picked":["BowlingBash","EmptyBody","Halt"],"picked":"SKIP","floor":22.0},{"not_picked":["Devotion","Prostrate","JustLucky"],"picked":"SKIP","floor":24.0},{"not_picked":["CrushJoints","TalkToTheHand","PathToVictory"],"picked":"SKIP","floor":27.0},{"not_picked":["JustLucky","CutThroughFate","SashWhip"],"picked":"SKIP","floor":29.0},{"not_picked":["JustLucky","EmptyBody","EmptyFist"],"picked":"SKIP","floor":35.0},{"not_picked":["CarveReality+1","BowlingBash+1","Weave"],"picked":"SKIP","floor":37.0},{"not_picked":["Consecrate+1","CutThroughFate","ClearTheMind+1"],"picked":"SKIP","floor":39.0},{"not_picked":["Judgement","Halt","Prostrate+1"],"picked":"SKIP","floor":40},{"not_picked":["FollowUp","JustLucky","Perseverance"],"picked":"SKIP","floor":42},{"not_picked":["Consecrate","CrushJoints","FlurryOfBlows"],"picked":"SKIP","floor":45},{"not_picked":["CutThroughFate","CrushJoints","Collect+1"],"picked":"SKIP","floor":47}],"player_experience":2255612,"relics_obtained":[{"floor":7.0,"key":"Dota2Spire:BattleFury"},{"floor":9.0,"key":"Pen Nib"},{"floor":11.0,"key":"Tiny Chest"},{"floor":12.0,"key":"Dota2Spire:Desolator"},{"floor":21.0,"key":"Dota2Spire:HandOfMidas"},{"floor":26.0,"key":"Regal Pillow"},{"floor":27.0,"key":"PreservedInsect"},{"floor":30.0,"key":"CaptainsWheel"},{"floor":30.0,"key":"Dota2Spire:MantaStyle"},{"floor":40,"key":"Smiling Mask"},{"floor":42,"key":"Dota2Spire:CrimsonGuard"},{"floor":46,"key":"Dota2Spire:BladeMail"}],"event_choices":[{"cards_removed":["Defend_P"],"damage_healed":0.0,"max_hp_gain":0.0,"max_hp_loss":0.0,"gold_gain":0.0,"event_name":"The Cleric","player_choice":"Card Removal","floor":2.0,"gold_loss":75.0,"damage_taken":0.0},{"damage_healed":0.0,"max_hp_gain":5.0,"max_hp_loss":0.0,"gold_gain":0.0,"event_name":"Big Fish","player_choice":"Donut","floor":3.0,"gold_loss":0.0,"damage_taken":0.0},{"damage_healed":0.0,"max_hp_gain":0.0,"max_hp_loss":0.0,"gold_gain":30.0,"event_name":"Dead Adventurer","player_choice":"Searched \u00273\u0027 times","floor":11.0,"gold_loss":0.0,"damage_taken":0.0},{"cards_removed":["Strike_P"],"damage_healed":0.0,"max_hp_gain":0.0,"max_hp_loss":0.0,"gold_gain":0.0,"event_name":"Living Wall","player_choice":"Forget","floor":13.0,"gold_loss":0.0,"damage_taken":0.0},{"damage_healed":0.0,"max_hp_gain":0.0,"max_hp_loss":0.0,"gold_gain":0.0,"event_name":"The Library","player_choice":"Read","floor":19.0,"gold_loss":0.0,"damage_taken":0.0,"cards_obtained":["MentalFortress"]},{"damage_healed":0.0,"max_hp_gain":0.0,"max_hp_loss":0.0,"gold_gain":50.0,"event_name":"Nest","player_choice":"Stole From Cult","floor":20.0,"gold_loss":0.0,"damage_taken":0.0},{"damage_healed":0.0,"max_hp_gain":0.0,"max_hp_loss":0.0,"gold_gain":0.0,"event_name":"Colosseum","player_choice":"Fight","floor":30.0,"gold_loss":0.0,"damage_taken":0.0},{"damage_healed":0.0,"max_hp_gain":0.0,"max_hp_loss":0.0,"gold_gain":0.0,"event_name":"Colosseum","player_choice":"Fought Nobs","floor":30.0,"gold_loss":0.0,"damage_taken":0.0},{"cards_removed":["FearNoEvil"],"damage_healed":0.0,"max_hp_gain":0.0,"max_hp_loss":0.0,"gold_gain":0.0,"event_name":"Falling","player_choice":"Removed Attack","floor":36.0,"gold_loss":0.0,"damage_taken":0.0},{"damage_healed":0,"gold_gain":0,"player_choice":"Got Potions","damage_taken":0,"max_hp_gain":0,"max_hp_loss":0,"event_name":"Lab","floor":44,"gold_loss":0}],"is_beta":false,"boss_relics":[{"not_picked":["Busted Crown","Fusion Hammer"],"picked":"VioletLotus"},{"not_picked":["Calling Bell","Snecko Eye"],"picked":"Astrolabe"}],"items_purged_floors":[31,38],"is_endless":false,"potions_floor_spawned":[1,7,12,14,16,18,30,30,37,39,45],"killed_by":"Nemesis","ascension_level":20}}