{"host":"w8hyb6r2p1qw4rwx","time":1610757534,"event":{"mods":["Act Like it!","AlwaysNeverKeys","Ascension Reborn","Ascension Unlocker","Aspiration","BaseMod","Better Altar","Better Silent Start","Better Third Choice","Better-Laid Plans","BetterRewards","Block Reminder","Colored Map","Colored Powertips","Conspire","Dark Map","Defuse TimeMaze Blight","Disable Question Mark Monsters","Displayed Cursed Tome","Dota2Spire","Elementarium","Energized Spire","Evolution","Fox Events","GifTheSpireLib","Googly Eyes","Halation","HexUI Lib","Highlight Path","Hubris","Humility","Hyrulean Relics","Infinite Spire","Minty Spire (QoL Compilation)","Permanent Neow","RRrroohrrRGHHhhh!!","Random Character Button","Rare Cards Sparkle","Replay The Spire","Reworked Bosses","SacredBarkPlus","Shop Mod","Small Relic Pack","Spicy Shops","Spikes Relics","StSLib","Stuff the Spire","SuperFastMode","Uncapped","UnlockEverythingMod","slay the spire mod where everything is the same but ironclad has a cowboy hat"],"gold_per_floor":[117,137,137,137,137,166,166,177,177,207,224,244,256,274,274,377,377,394,409,427,443,456,456,474,492,516,516,12,24,54,54,54,189,189,207,237,237],"floor_reached":36,"language":"ENG","playtime":1631,"items_purged":["Sweeping Beam"],"score":402,"play_id":"c080e032-085b-4e14-b271-cbd7b15f15d4","local_time":"20210115163854","is_ascension_mode":false,"campfire_choices":[{"data":"Time Bomb","floor":7,"key":"PURGE"},{"data":"Capacitor","floor":23,"key":"SMITH"},{"data":"Static Discharge","floor":32,"key":"SMITH"}],"circlet_count":0,"master_deck":["Strike_B","Strike_B","Strike_B","Strike_B","Defend_B","Defend_B","Defend_B","Defend_B","Zap","Zap","Ball Lightning","rorgmod:Antivirus","rorgmod:Storm+1","Capacitor+1","Capacitor","Static Discharge+1","Capacitor+1"],"relics":["Cracked Core","EVO:Axolotl","Replay:Multitool","hubris:BallOfYels","Painkiller Herb","Gremlin Food","halation:PinkSoulGem","MerchantsRug","Medical Kit","Dota2Spire:MagicBottle","Dota2Spire:HandOfMidas","SlaversCollar"],"acts_visited":["Exordium","TheCity","TheBeyond"],"potions_floor_usage":[10,16,16,16,21,25,30],"damage_taken":[{"damage":16,"enemies":"Jaw Worm","floor":1,"turns":5},{"damage":2,"enemies":"Small Slimes","floor":2,"turns":3},{"damage":135,"enemies":"3 Sentries","floor":6,"turns":13},{"damage":1,"enemies":"Cultist","floor":8,"turns":3},{"damage":101,"enemies":"Gremlin Nob","floor":10,"turns":6},{"damage":1,"enemies":"3 Louse","floor":11,"turns":2},{"damage":7,"enemies":"Blue Slaver","floor":12,"turns":2},{"damage":9,"enemies":"conspire:2 RoseBushes","floor":13,"turns":4},{"damage":26,"enemies":"Gremlin Gang","floor":14,"turns":4},{"damage":85,"enemies":"Slime Boss","floor":16,"turns":16},{"damage":19,"enemies":"conspire:FuzzyDice","floor":18,"turns":5},{"damage":7,"enemies":"3 Byrds","floor":19,"turns":4},{"damage":48,"enemies":"Centurion and Healer","floor":20,"turns":6},{"damage":30,"enemies":"3 Cultists","floor":21,"turns":5},{"damage":40,"enemies":"Snake Plant","floor":22,"turns":5},{"damage":32,"enemies":"Cultist and Chosen","floor":24,"turns":5},{"damage":45,"enemies":"Shelled Parasite and Fungi","floor":25,"turns":6},{"damage":35,"enemies":"Centurion and Healer","floor":29,"turns":6},{"damage":19,"enemies":"conspire:Head Lice","floor":30,"turns":7},{"damage":62,"enemies":"bossMod:newChamp","floor":33,"turns":9},{"damage":24,"enemies":"Orb Walker","floor":35,"turns":4},{"damage":64,"enemies":"3 Shapes","floor":36,"turns":3}],"seed_played":"708481113167040837","potions_obtained":[{"floor":8,"key":"Regen Potion"},{"floor":12,"key":"LiquidBronze"},{"floor":13,"key":"Languid Potion"},{"floor":14,"key":"DistilledChaos"},{"floor":16,"key":"Elixir"},{"floor":20,"key":"EssenceOfSteel"},{"floor":24,"key":"LifebloodPotion"},{"floor":29,"key":"AttackPotion"},{"floor":35,"key":"PotionOfCapacity"}],"is_trial":false,"path_per_floor":["M","M","?","?","?","E","R","M","T","E","M","M","M","M","R","B",null,"?","?","?","?","?","T","?","?","T","?","T","?","E","?","T","B",null,"?","?"],"character_chosen":"DEFECT","items_purchased":["Static Discharge","MerchantsRug","Medical Kit","Dota2Spire:MagicBottle"],"campfire_rested":0,"item_purchase_floors":[28,28,28,28],"current_hp_per_floor":[38,36,36,36,36,31,31,30,35,80,79,72,63,37,37,70,80,61,54,6,50,10,10,53,8,8,8,8,54,44,44,44,24,80,56,0,0],"gold":237,"neow_bonus":"ONE_RARE_RELIC","is_daily":false,"chose_seed":false,"campfire_upgraded":2,"win_rate":0.0,"timestamp":1610757534,"path_taken":["M","M","?","?","?","E","R","M","T","E","M","M","M","M","R","BOSS","?","?","?","?","?","T","?","?","T","?","T","?","E","?","T","BOSS","?","?"],"items_purchased_type":["Card","Relic","Relic","Relic"],"build_version":"2020-12-22","purchased_purges":1,"victory":false,"max_hp_per_floor":[75,75,75,75,75,75,75,75,80,80,80,80,80,80,80,80,80,80,80,80,80,80,80,80,80,80,80,80,80,80,80,80,80,80,80,80,80],"card_choices":[{"not_picked":["rorgmod:Overcurrent","StuffTheSpire:LoadUp","ReplaySort"],"picked":"SKIP","floor":1},{"not_picked":["Streamline","Conserve Battery","rorgmod:Ventilation Error"],"picked":"SKIP","floor":2},{"not_picked":["BasicCrystalCard","Barrage"],"picked":"Heatsinks","floor":6},{"not_picked":["rorgmod:Refrigerate","StuffTheSpire:LoadUp","rorgmod:Fuse Blower"],"picked":"SKIP","floor":8},{"not_picked":["Genetic Algorithm","rorgmod:Fragmentation"],"picked":"Sweeping Beam","floor":10},{"not_picked":["BasicCrystalCard","Redo"],"picked":"Ball Lightning","floor":11},{"not_picked":["Buffer","rorgmod:Overcurrent"],"picked":"rorgmod:Antivirus","floor":12},{"not_picked":["Coolheaded","StuffTheSpire:Coldhearted","BootSequence"],"picked":"SKIP","floor":13},{"not_picked":["Crystallizer","Skim","BasicCrystalCard"],"picked":"SKIP","floor":14},{"not_picked":["Streamline","Panic Button","rorgmod:Refrigerate"],"picked":"SKIP","floor":18},{"not_picked":["Streamline","White Noise"],"picked":"rorgmod:Storm+1","floor":19},{"not_picked":["Sunder","Compile Driver","Panic Button"],"picked":"SKIP","floor":20},{"not_picked":["Meteor Strike","Hologram+1"],"picked":"Capacitor","floor":21},{"not_picked":["Force Field+1","rorgmod:Leap+1","ReplayTheSpireMod:GoodbyeWorld+1"],"picked":"SKIP","floor":22},{"not_picked":["Double Energy","rorgmod:Fusion+1","rorgmod:Steady Aim"],"picked":"SKIP","floor":24},{"not_picked":["rorgmod:Refrigerate","Rebound+1"],"picked":"Capacitor","floor":25},{"not_picked":["StuffTheSpire:Purify","Consume"],"picked":"Capacitor+1","floor":29},{"not_picked":["Capacitor","rorgmod:Overcurrent+1","rorgmod:LRU Cache"],"picked":"SKIP","floor":30},{"not_picked":["hubris:PowerSurge+1","Sweeping Beam+1","Conserve Battery+1"],"picked":"SKIP","floor":35}],"player_experience":54597,"relics_obtained":[{"floor":6,"key":"hubris:BallOfYels"},{"floor":9,"key":"StuffTheSpire:Rhapsscallions"},{"floor":26,"key":"Gremlin Food"},{"floor":30,"key":"Dota2Spire:HandOfMidas"}],"event_choices":[{"damage_healed":0,"gold_gain":0,"player_choice":"Disagree","damage_taken":0,"max_hp_gain":0,"max_hp_loss":0,"event_name":"conspire:LoneGhost","floor":3,"gold_loss":0},{"damage_healed":0,"gold_gain":0,"player_choice":"2 cards matched","damage_taken":0,"max_hp_gain":0,"max_hp_loss":0,"event_name":"Match and Keep!","floor":5,"gold_loss":0,"cards_obtained":["Zap","Time Bomb"]},{"damage_healed":0,"gold_gain":0,"player_choice":"2 cards matched","damage_taken":0,"max_hp_gain":0,"max_hp_loss":0,"event_name":"Match and Keep!","floor":5,"gold_loss":0,"cards_obtained":["Zap","Time Bomb"]},{"damage_healed":0,"gold_gain":0,"player_choice":"Ignored","damage_taken":0,"max_hp_gain":0,"max_hp_loss":0,"event_name":"Golden Shrine","floor":15,"gold_loss":0},{"cards_removed":["Dualcast"],"damage_healed":0,"gold_gain":0,"player_choice":"Purged","damage_taken":0,"max_hp_gain":0,"max_hp_loss":0,"event_name":"Purifier","floor":31,"gold_loss":0}],"is_beta":false,"boss_relics":[{"not_picked":["aspiration:RitualDagger","hubris:RunicObelisk"],"picked":"Painkiller Herb"},{"not_picked":["StuffTheSpire:Kangaroo","hubris:BlackHole"],"picked":"SlaversCollar"}],"items_purged_floors":[28],"is_endless":false,"potions_floor_spawned":[8,12,13,14,16,20,24,29,35],"killed_by":"3 Shapes","ascension_level":0}}