{"host":"pgqkv8mh62pnrbci","time":1610797302,"event":{"mods":["2.2 Compatiblity","AchievementEnabler","BaseMod","Custom Start","DeckTracker","Minty Spire (QoL Compilation)","Replay The Spire","StSLib","SuperFastMode","¡¼?Úª?ø«¡½REMEMod"],"gold_per_floor":[113,125,142,158,158,158,158,189,189,239,249,249,265,285,285,285,285],"floor_reached":16,"language":"KOR","playtime":524,"items_purged":[],"score":203,"play_id":"fba85b60-18ed-429b-8ae9-d7ac4d565669","local_time":"20210116204142","is_ascension_mode":true,"campfire_choices":[{"data":"Cloak And Dagger","floor":6.0,"key":"SMITH"},{"data":"Neutralize","floor":12,"key":"SMITH"},{"data":"Calculated Gamble","floor":15,"key":"SMITH"}],"circlet_count":0,"master_deck":["AscendersBane","Strike_G","Strike_G","Strike_G","Strike_G","Strike_G","Defend_G","Defend_G","Defend_G","Defend_G","Defend_G","Survivor","Neutralize+1","White Noise+1","Cloak And Dagger+1","Blade Dance","Sneak Up","Blade Dance","ReplayTheSpireMod:The Works","Calculated Gamble+1"],"relics":["Ring of the Snake","REME_ComplimentaryCards","Quantum Egg","Question Card","Replay:Bottled Steam"],"acts_visited":["Exordium"],"potions_floor_usage":[16],"damage_taken":[{"damage":1.0,"enemies":"Small Slimes","floor":1.0,"turns":4.0},{"damage":0.0,"enemies":"Cultist","floor":2.0,"turns":4.0},{"damage":2.0,"enemies":"2 Louse","floor":3.0,"turns":3.0},{"damage":7.0,"enemies":"Exordium Wildlife","floor":4.0,"turns":5.0},{"damage":12.0,"enemies":"Lagavulin","floor":8.0,"turns":5.0},{"damage":0,"enemies":"Blue Slaver","floor":11,"turns":4},{"damage":0,"enemies":"3 Louse","floor":13,"turns":2},{"damage":1,"enemies":"Large Slime","floor":14,"turns":3},{"damage":30,"enemies":"Slime Boss","floor":16,"turns":6}],"seed_played":"-4728137903344344952","potions_obtained":[{"floor":1.0,"key":"SteroidPotion"},{"floor":3.0,"key":"EssenceOfSteel"},{"floor":13,"key":"Languid Potion"},{"floor":14,"key":"LiquidMemories"}],"is_trial":true,"path_per_floor":["M","M","M","M","?","R","?","E","T","?","M","R","M","M","R","B"],"character_chosen":"THE_SILENT","items_purchased":[],"campfire_rested":0,"item_purchase_floors":[],"current_hp_per_floor":[58,58,56,49,49,49,49,37,37,31,31,31,31,30,30,0,0],"gold":285,"neow_bonus":"","is_daily":false,"chose_seed":false,"campfire_upgraded":3,"win_rate":0.0,"timestamp":1610797302,"path_taken":["M","M","M","M","?","R","?","E","T","?","?","R","M","M","R","BOSS"],"items_purchased_type":[],"build_version":"2020-12-22","purchased_purges":0,"victory":false,"max_hp_per_floor":[66,66,66,66,66,66,66,66,66,66,66,66,66,66,66,66,66],"card_choices":[{"not_picked":["Terror","Blur"],"picked":"Cloak And Dagger","floor":1.0},{"not_picked":["Distraction","REME_GreenPollution"],"picked":"Blade Dance","floor":2.0},{"not_picked":["Poisoned Stab","Quick Slash","Flying Knee"],"picked":"SKIP","floor":3.0},{"not_picked":["Draining Mist","Slice","Sucker Punch"],"picked":"SKIP","floor":4.0},{"not_picked":["Draining Mist","Slice","Sucker Punch"],"picked":"SKIP","floor":4.0},{"not_picked":["Toxin Wave","Backflip"],"picked":"Sneak Up","floor":8.0},{"not_picked":["Deflect","Dagger Spray","ReplayTheSpireMod:Exploit Weakness"],"picked":"Blade Dance","floor":11},{"not_picked":["Prepared","Backflip","Setup"],"picked":"ReplayTheSpireMod:The Works","floor":13},{"not_picked":["Skewer","Slice","Reflex"],"picked":"Calculated Gamble","floor":14}],"player_experience":639351,"relics_obtained":[{"floor":8.0,"key":"Question Card"},{"floor":9.0,"key":"Replay:Bottled Steam"}],"event_choices":[{"damage_healed":0.0,"max_hp_gain":0.0,"max_hp_loss":0.0,"gold_gain":0.0,"event_name":"Liars Game","player_choice":"Ignored","floor":7.0,"gold_loss":0.0,"damage_taken":0.0},{"damage_healed":0,"gold_gain":50,"player_choice":"Touch","damage_taken":6,"max_hp_gain":0,"max_hp_loss":0,"event_name":"FaceTrader","floor":10,"gold_loss":0}],"is_beta":false,"boss_relics":[],"items_purged_floors":[],"is_endless":false,"potions_floor_spawned":[1,3,13,14],"killed_by":"Slime Boss","ascension_level":19}}