{"host":"8dhn6p16jorj0i1s","time":1610806956,"event":{"mods":["BaseMod","Colored Map","DeckTracker","Minty Spire (QoL Compilation)","Permanent Neow","Quick Restart"],"gold_per_floor":[114,129,54,69,84,84,99,99,124,154,184,184,184,214,214,314,314,329,344,359,9,24,54,96,138,200,212,224,236,263,290,302,414,426,453,480,507,534,561,603,615,657,719,731,342,342,239,239,239,239],"floor_reached":51,"language":"ENG","playtime":5511,"items_purged":["Strike_G","Strike_G","Strike_G","Defend_G"],"score":787,"play_id":"ebd62112-396c-4782-bc32-97d62afb161f","local_time":"20210116152236","daily_mods":["Allstar","Flight","Night Terrors"],"is_ascension_mode":false,"campfire_choices":[{"data":"Mayhem","floor":6.0,"key":"SMITH"},{"data":"Impatience","floor":8.0,"key":"SMITH"},{"data":"Concentrate","floor":12.0,"key":"SMITH"},{"data":"Noxious Fumes","floor":13.0,"key":"SMITH"},{"data":"Neutralize","floor":15.0,"key":"SMITH"},{"data":"Crippling Poison","floor":27.0,"key":"SMITH"},{"data":"Envenom","floor":28.0,"key":"SMITH"},{"data":"Dark Shackles","floor":29.0,"key":"SMITH"},{"floor":32.0,"key":"REST"},{"data":"Adrenaline","floor":41,"key":"SMITH"},{"data":"PiercingWail","floor":44,"key":"SMITH"},{"data":"Blade Dance","floor":49,"key":"SMITH"}],"circlet_count":0,"master_deck":["Strike_G","Strike_G","Defend_G","Defend_G","Defend_G","Defend_G","Survivor","Neutralize+1","Impatience+1","Dark Shackles+1","Panacea","Mayhem+1","PanicButton","Noxious Fumes+1","Concentrate+1","Dagger Throw","Expertise","Reflex+1","Underhanded Strike+1","Footwork+1","Envenom+1","Crippling Poison+1","Underhanded Strike+1","Adrenaline+1","PiercingWail+1","Acrobatics+1","Footwork+1","Reflex+1","Blade Dance+1","Cloak And Dagger"],"relics":["Ring of the Snake","PreservedInsect","Orichalcum","HornCleat","Blood Vial","Philosopher\u0027s Stone","Molten Egg 2","MawBank","Letter Opener","Bottled Lightning","Smiling Mask","Busted Crown","Bottled Tornado","Oddly Smooth Stone","Potion Belt","TungstenRod"],"acts_visited":["Exordium","TheCity","TheBeyond"],"potions_floor_usage":[50],"damage_taken":[{"damage":1.0,"enemies":"2 Louse","floor":1.0,"turns":4.0},{"damage":0.0,"enemies":"Small Slimes","floor":2.0,"turns":4.0},{"damage":5.0,"enemies":"Jaw Worm","floor":4.0,"turns":6.0},{"damage":12.0,"enemies":"Large Slime","floor":5.0,"turns":8.0},{"damage":10.0,"enemies":"Exordium Thugs","floor":7.0,"turns":5.0},{"damage":7.0,"enemies":"Gremlin Nob","floor":10.0,"turns":4.0},{"damage":1.0,"enemies":"Lagavulin","floor":11.0,"turns":6.0},{"damage":1.0,"enemies":"3 Sentries","floor":14.0,"turns":6.0},{"damage":14.0,"enemies":"Slime Boss","floor":16.0,"turns":9.0},{"damage":13.0,"enemies":"2 Thieves","floor":18.0,"turns":4.0},{"damage":6.0,"enemies":"Spheric Guardian","floor":19.0,"turns":4.0},{"damage":3.0,"enemies":"3 Cultists","floor":20.0,"turns":6.0},{"damage":13.0,"enemies":"Cultist and Chosen","floor":22.0,"turns":7.0},{"damage":0.0,"enemies":"Gremlin Leader","floor":23.0,"turns":4.0},{"damage":7.0,"enemies":"Book of Stabbing","floor":24.0,"turns":5.0},{"damage":16.0,"enemies":"Gremlin Leader","floor":25.0,"turns":7.0},{"damage":0.0,"enemies":"Centurion and Healer","floor":30.0,"turns":7.0},{"damage":0.0,"enemies":"Snake Plant","floor":31.0,"turns":4.0},{"damage":11.0,"enemies":"Collector","floor":33.0,"turns":7.0},{"damage":6.0,"enemies":"3 Darklings","floor":35.0,"turns":4.0},{"damage":0.0,"enemies":"Orb Walker","floor":36.0,"turns":2.0},{"damage":0,"enemies":"Jaw Worm Horde","floor":37,"turns":3},{"damage":0,"enemies":"Maw","floor":38,"turns":6},{"damage":7,"enemies":"4 Shapes","floor":39,"turns":4},{"damage":1,"enemies":"Reptomancer","floor":40,"turns":4},{"damage":5,"enemies":"Giant Head","floor":42,"turns":7},{"damage":25,"enemies":"Time Eater","floor":50,"turns":13}],"seed_played":"2700428786693623746","potions_obtained":[{"floor":2.0,"key":"Strength Potion"},{"floor":5.0,"key":"Strength Potion"},{"floor":14.0,"key":"DistilledChaos"},{"floor":16.0,"key":"LiquidMemories"},{"floor":22.0,"key":"Strength Potion"},{"floor":23.0,"key":"Poison Potion"},{"floor":25.0,"key":"Poison Potion"},{"floor":30.0,"key":"BlessingOfTheForge"},{"floor":33.0,"key":"AttackPotion"},{"floor":35.0,"key":"Regen Potion"},{"floor":39,"key":"Fire Potion"}],"is_trial":false,"path_per_floor":["M","M","$","M","M","R","M","R","T","E","E","R","R","E","R","B",null,"M","M","M","$","M","E","E","E","T","R","R","R","M","M","R","B",null,"M","M","M","M","M","E","R","E","T","R","$","?","$","?","R","B",null],"character_chosen":"THE_SILENT","items_purchased":["Molten Egg 2","TungstenRod","Blade Dance","Cloak And Dagger"],"campfire_rested":1,"item_purchase_floors":[21,45,45,47],"current_hp_per_floor":[69,69,69,64,52,52,42,42,42,35,34,34,34,33,33,21,70,57,53,52,52,41,43,38,24,24,24,24,24,26,28,65,54,65,59,61,63,65,58,59,59,56,56,56,56,56,56,56,56,33],"gold":239,"neow_bonus":"","is_daily":true,"chose_seed":false,"campfire_upgraded":11,"win_rate":0.0,"timestamp":1610806956,"path_taken":["M","M","$","M","M","R","M","R","T","E","E","R","R","E","R","BOSS","M","M","M","$","M","E","E","E","T","R","R","R","M","M","R","BOSS","M","M","M","M","M","E","R","E","T","R","$","?","$","?","R","BOSS"],"items_purchased_type":["Relic","Relic","Card","Card"],"build_version":"2020-12-22","purchased_purges":4,"victory":true,"max_hp_per_floor":[70,70,70,70,70,70,70,70,70,70,70,70,70,70,70,70,70,70,70,70,70,70,70,70,70,70,70,70,70,70,70,65,65,65,65,65,65,65,65,65,65,65,65,65,65,65,65,65,65,65],"card_choices":[{"not_picked":["Deadly Poison","Blade Dance"],"picked":"Noxious Fumes","floor":1.0},{"not_picked":["Eviscerate","Flying Knee"],"picked":"Concentrate","floor":2.0},{"not_picked":["Dodge and Roll","Outmaneuver","Poisoned Stab"],"picked":"SKIP","floor":4.0},{"not_picked":["Reflex","Dodge and Roll","Caltrops"],"picked":"SKIP","floor":5.0},{"not_picked":["Footwork","Eviscerate"],"picked":"Dagger Throw","floor":7.0},{"not_picked":["Prepared","Infinite Blades"],"picked":"Expertise","floor":10.0},{"not_picked":["Backstab","Outmaneuver"],"picked":"Poisoned Stab","floor":11.0},{"not_picked":["All Out Attack","Glass Knife","Dash"],"picked":"SKIP","floor":14.0},{"not_picked":["Dagger Spray","Slice+1","Riddle With Holes"],"picked":"SKIP","floor":18.0},{"not_picked":["Flying Knee","Dagger Throw","Infinite Blades"],"picked":"SKIP","floor":19.0},{"not_picked":["Dagger Throw","Prepared"],"picked":"Reflex+1","floor":20.0},{"not_picked":["Deflect","Concentrate"],"picked":"Underhanded Strike+1","floor":22.0},{"not_picked":["Masterful Stab+1","Blade Dance"],"picked":"Footwork+1","floor":23.0},{"not_picked":["Eviscerate+1","Blade Dance"],"picked":"Envenom","floor":24.0},{"not_picked":["Reflex","Bane+1"],"picked":"Crippling Poison","floor":25.0},{"not_picked":["Quick Slash+1","Caltrops"],"picked":"Underhanded Strike+1","floor":30.0},{"not_picked":["Choke+1","Flechettes+1","Backflip"],"picked":"SKIP","floor":31.0},{"not_picked":["Storm of Steel","Malaise"],"picked":"Adrenaline","floor":33.0},{"not_picked":[],"picked":"PiercingWail","floor":35.0},{"not_picked":[],"picked":"Acrobatics+1","floor":36.0},{"not_picked":[],"picked":"Footwork+1","floor":37},{"not_picked":[],"picked":"Reflex+1","floor":38},{"not_picked":["Flying Knee+1"],"picked":"SKIP","floor":39},{"not_picked":["Choke+1"],"picked":"SKIP","floor":40},{"not_picked":["Choke+1"],"picked":"SKIP","floor":40},{"not_picked":["Quick Slash+1"],"picked":"SKIP","floor":42}],"player_experience":398932,"relics_obtained":[{"floor":9.0,"key":"PreservedInsect"},{"floor":10.0,"key":"Orichalcum"},{"floor":11.0,"key":"HornCleat"},{"floor":14.0,"key":"Blood Vial"},{"floor":23.0,"key":"MawBank"},{"floor":24.0,"key":"Letter Opener"},{"floor":25.0,"key":"Bottled Lightning"},{"floor":26.0,"key":"Smiling Mask"},{"floor":40,"key":"Bottled Tornado"},{"floor":42,"key":"Oddly Smooth Stone"},{"floor":43,"key":"Potion Belt"}],"event_choices":[{"damage_healed":0,"gold_gain":0,"player_choice":"Ignored","damage_taken":0,"max_hp_gain":0,"max_hp_loss":0,"event_name":"Tomb of Lord Red Mask","floor":46,"gold_loss":0},{"cards_removed":["Poisoned Stab"],"damage_healed":0,"gold_gain":0,"player_choice":"Removed Attack","damage_taken":0,"max_hp_gain":0,"max_hp_loss":0,"event_name":"Falling","floor":48,"gold_loss":0}],"is_beta":false,"boss_relics":[{"not_picked":["Runic Dome","Fusion Hammer"],"picked":"Philosopher\u0027s Stone"},{"not_picked":["SlaversCollar","Runic Pyramid"],"picked":"Busted Crown"}],"items_purged_floors":[3,21,45,47],"is_endless":false,"potions_floor_spawned":[2,5,14,16,22,23,25,30,33,35,39,40],"ascension_level":0}}