{"host":"cjhtzh7tp54jdfyv","time":1610821965,"event":{"mods":["AchievementEnabler","BaseMod","Colored Map","Colored Powertips","Curses Come First","DeckTracker","Filter the Spire","Minty Spire (QoL Compilation)","RNG Fix","Relic Sorter","Relic Stats","StSLib","UnlockEverythingMod","ojb\u0027s Better Paths Mod","ojb\u0027s Info Mod"],"gold_per_floor":[119,135,153,153,171,202,213,233,256,281,281,281,298,328,328,407,407,419,444,461,1,19,19,52,52,77,95,67,96,96,114,114,190,190,206,231,250,270,281,313,328,362,388,388,388,420,436,436,436,436,436,436,436,1,28,28,28],"floor_reached":56,"language":"ENG","playtime":8552,"items_purged":["Bane"],"score":2127,"play_id":"22b1f5bf-b35c-4216-a391-4b4ba769e7fe","local_time":"20210116133245","is_ascension_mode":true,"campfire_choices":[{"data":"Riddle With Holes","floor":11.0,"key":"SMITH"},{"floor":15.0,"key":"REST"},{"data":"Calculated Gamble","floor":23.0,"key":"SMITH"},{"data":"Phantasmal Killer","floor":25.0,"key":"SMITH"},{"data":"Tactician","floor":32.0,"key":"SMITH"},{"floor":44.0,"key":"RECALL"},{"data":"Calculated Gamble","floor":49.0,"key":"SMITH"},{"data":"After Image","floor":53.0,"key":"SMITH"}],"circlet_count":0,"master_deck":["AscendersBane","Survivor","Neutralize","Dagger Throw","Underhanded Strike","Dagger Spray","Venomology","Riddle With Holes+1","Backflip","Tools of the Trade","Calculated Gamble+1","PiercingWail+1","Deflect","Night Terror","Escape Plan","Tactician+1","Phantasmal Killer+1","Poisoned Stab","Cloak And Dagger","Reflex","Blade Dance","Calculated Gamble+1","Cloak And Dagger+1","Backflip","Cloak And Dagger","Sucker Punch+1","Reflex","Calculated Gamble","Acrobatics","Decay","Acrobatics","After Image+1","Heel Hook+1","Backflip","Blade Dance","Acrobatics","PiercingWail","Blade Dance","Well Laid Plans+1","Outmaneuver+1","Outmaneuver+1","Madness","Madness","Blur","Phantasmal Killer"],"relics":["Runic Dome","Strawberry","Toy Ornithopter","Ancient Tea Set","Du-Vu Doll","Ornamental Fan","Pandora\u0027s Box","Red Mask","Orrery","HornCleat","CaptainsWheel","War Paint","Bottled Lightning","Black Star","Lizard Tail","Akabeko","Darkstone Periapt","Question Card","StoneCalendar","White Beast Statue","Pear","OrangePellets","Happy Flower","Vajra"],"acts_visited":["Exordium","TheCity","TheBeyond","TheEnding"],"potions_floor_usage":[55,55,56,56],"damage_taken":[{"damage":0.0,"enemies":"Small Slimes","floor":1.0,"turns":4.0},{"damage":6.0,"enemies":"Cultist","floor":2.0,"turns":3.0},{"damage":0.0,"enemies":"2 Louse","floor":3.0,"turns":2.0},{"damage":3.0,"enemies":"Looter","floor":5.0,"turns":3.0},{"damage":20.0,"enemies":"Lagavulin","floor":6.0,"turns":7.0},{"damage":0.0,"enemies":"2 Fungi Beasts","floor":7.0,"turns":2.0},{"damage":2.0,"enemies":"3 Louse","floor":8.0,"turns":3.0},{"damage":3.0,"enemies":"Gremlin Nob","floor":10.0,"turns":3.0},{"damage":5.0,"enemies":"Blue Slaver","floor":13.0,"turns":3.0},{"damage":18.0,"enemies":"Lagavulin","floor":14.0,"turns":7.0},{"damage":30.0,"enemies":"Slime Boss","floor":16.0,"turns":12.0},{"damage":3.0,"enemies":"Spheric Guardian","floor":18.0,"turns":3.0},{"damage":4.0,"enemies":"Masked Bandits","floor":19.0,"turns":4.0},{"damage":8.0,"enemies":"3 Byrds","floor":20.0,"turns":5.0},{"damage":0.0,"enemies":"Centurion and Healer","floor":22.0,"turns":4.0},{"damage":7.0,"enemies":"Slavers","floor":24.0,"turns":3.0},{"damage":5.0,"enemies":"Snake Plant","floor":27.0,"turns":3.0},{"damage":0.0,"enemies":"Gremlin Leader","floor":29.0,"turns":4.0},{"damage":0.0,"enemies":"Snecko","floor":31.0,"turns":2.0},{"damage":6.0,"enemies":"Automaton","floor":33.0,"turns":6.0},{"damage":1.0,"enemies":"3 Shapes","floor":35.0,"turns":5.0},{"damage":0.0,"enemies":"Mind Bloom Boss Battle","floor":36.0,"turns":6.0},{"damage":2.0,"enemies":"3 Darklings","floor":37.0,"turns":5.0},{"damage":29.0,"enemies":"4 Shapes","floor":38.0,"turns":3.0},{"damage":6.0,"enemies":"Transient","floor":39.0,"turns":6.0},{"damage":14.0,"enemies":"Nemesis","floor":40.0,"turns":7.0},{"damage":0.0,"enemies":"Spire Growth","floor":41.0,"turns":4.0},{"damage":2.0,"enemies":"Giant Head","floor":42.0,"turns":7.0},{"damage":0.0,"enemies":"Nemesis","floor":46.0,"turns":5.0},{"damage":6.0,"enemies":"Maw","floor":47.0,"turns":7.0},{"damage":102.0,"enemies":"Time Eater","floor":50.0,"turns":11.0},{"damage":21.0,"enemies":"Awakened One","floor":51.0,"turns":19.0},{"damage":62,"enemies":"Shield and Spear","floor":55,"turns":14},{"damage":65,"enemies":"The Heart","floor":56,"turns":6}],"seed_played":"-6366397604683141246","potions_obtained":[{"floor":3.0,"key":"Poison Potion"},{"floor":8.0,"key":"Strength Potion"},{"floor":10.0,"key":"SmokeBomb"},{"floor":22.0,"key":"Swift Potion"},{"floor":41.0,"key":"Ancient Potion"},{"floor":47.0,"key":"Block Potion"},{"floor":55,"key":"Explosive Potion"}],"is_trial":false,"path_per_floor":["M","M","M","?","M","E","M","M","T","E","R","?","M","E","R","B",null,"M","?","M","$","M","R","E","R","T","M","$","E","?","M","R","B",null,"M","?","M","M","M","E","M","E","T","R","?","E","M","?","R","B","B",null,"R","$","E","B"],"character_chosen":"THE_SILENT","items_purchased":["Orrery","HornCleat","Cloak And Dagger","Acrobatics","OrangePellets","Blur","Block Potion","Dexterity Potion"],"campfire_rested":1,"item_purchase_floors":[21,21,21,28,54,54,54,54],"current_hp_per_floor":[59,53,53,46,43,30,30,28,28,35,35,17,12,9,30,5,56,53,59,51,51,51,51,49,49,49,49,49,54,54,54,54,53,68,67,67,65,41,40,36,41,44,44,44,44,64,63,48,48,18,2,63,63,63,11,0,0],"gold":28,"neow_bonus":"BOSS_RELIC","is_daily":false,"chose_seed":false,"campfire_upgraded":6,"win_rate":0.0,"timestamp":1610821965,"path_taken":["M","M","M","?","?","E","M","M","T","E","R","?","M","E","R","BOSS","M","?","M","$","M","R","E","R","T","M","?","E","?","?","R","BOSS","M","?","?","M","M","E","M","E","T","R","?","E","M","?","R","BOSS","BOSS","R","$","E","BOSS"],"items_purchased_type":["Relic","Relic","Card","Card","Relic","Card","Potion","Potion"],"build_version":"2020-12-22","purchased_purges":1,"victory":false,"max_hp_per_floor":[66,66,66,66,66,73,73,73,73,73,73,73,73,73,73,73,73,73,73,73,73,73,73,73,73,73,73,73,73,73,73,73,73,73,73,73,73,73,73,73,73,73,73,73,73,83,83,83,83,83,83,83,83,83,83,83,83],"relic_stats":{"Darkstone Periapt":0,"Happy Flower":[2],"counters":[34,188],"StoneCalendar":[143],"War Paint":["PiercingWail","Cloak And Dagger"],"Question Card":3,"OrangePellets":[0],"Lizard Tail":41,"Ornamental Fan":[592],"Pandora\u0027s Box":["Calculated Gamble","PiercingWail","Bane","Deflect","Night Terror","Escape Plan","Tactician","Phantasmal Killer","Poisoned Stab"],"Black Star":4,"obtain_stats":[{"Darkstone Periapt":40,"Vajra":55,"StoneCalendar":42,"Ancient Tea Set":10,"Lizard Tail":36,"HornCleat":21,"Strawberry":6,"Red Mask":19,"Ring of the Snake":0,"Pear":46,"Happy Flower":55,"War Paint":26,"Question Card":42,"Akabeko":40,"White Beast Statue":46,"Du-Vu Doll":12,"Runic Dome":0,"OrangePellets":54,"CaptainsWheel":24,"Ornamental Fan":14,"Orrery":21,"Pandora\u0027s Box":17,"Black Star":34,"Bottled Lightning":29,"Toy Ornithopter":9},{"Darkstone Periapt":26,"Vajra":33,"StoneCalendar":28,"Ancient Tea Set":8,"Lizard Tail":22,"HornCleat":14,"Strawberry":5,"Red Mask":13,"Ring of the Snake":0,"Pear":29,"Happy Flower":33,"War Paint":16,"Question Card":28,"Akabeko":26,"White Beast Statue":29,"Du-Vu Doll":8,"Runic Dome":0,"OrangePellets":32,"CaptainsWheel":16,"Ornamental Fan":10,"Orrery":14,"Pandora\u0027s Box":11,"Black Star":20,"Bottled Lightning":18,"Toy Ornithopter":7},{"Darkstone Periapt":115,"Vajra":182,"StoneCalendar":126,"Ancient Tea Set":27,"Lizard Tail":94,"HornCleat":61,"Strawberry":19,"Red Mask":56,"Ring of the Snake":0,"Pear":131,"Happy Flower":182,"War Paint":68,"Question Card":126,"Akabeko":115,"White Beast Statue":131,"Du-Vu Doll":27,"Runic Dome":0,"OrangePellets":168,"CaptainsWheel":68,"Ornamental Fan":37,"Orrery":61,"Pandora\u0027s Box":49,"Black Star":83,"Bottled Lightning":75,"Toy Ornithopter":24}],"Toy Ornithopter":145},"card_choices":[{"not_picked":["Dagger Spray","Outmaneuver"],"picked":"Dagger Throw","floor":1.0},{"not_picked":["Outmaneuver","Deadly Poison"],"picked":"Underhanded Strike","floor":2.0},{"not_picked":["Cloak And Dagger","Caltrops","Concentrate"],"picked":"SKIP","floor":3.0},{"not_picked":["Slice","Endless Agony"],"picked":"Dagger Spray","floor":5.0},{"not_picked":["Acrobatics","Sucker Punch"],"picked":"Venomology","floor":6.0},{"not_picked":["Sucker Punch","Cloak And Dagger","Outmaneuver"],"picked":"SKIP","floor":7.0},{"not_picked":["PiercingWail","Accuracy"],"picked":"Riddle With Holes","floor":8.0},{"not_picked":["Caltrops","Sucker Punch"],"picked":"Backflip","floor":10.0},{"not_picked":["Flying Knee","Deadly Poison","Cloak And Dagger"],"picked":"SKIP","floor":13.0},{"not_picked":["Deadly Poison","Sucker Punch","Bane"],"picked":"SKIP","floor":14.0},{"not_picked":["Storm of Steel","Grand Finale"],"picked":"Tools of the Trade","floor":16.0},{"not_picked":["Concentrate","Underhanded Strike"],"picked":"Cloak And Dagger","floor":18.0},{"not_picked":["Sucker Punch","Bane","Flying Knee"],"picked":"SKIP","floor":20.0},{"not_picked":["Riddle With Holes","Grand Finale"],"picked":"Reflex","floor":21.0},{"not_picked":["Noxious Fumes","Flying Knee"],"picked":"Blade Dance","floor":21.0},{"not_picked":["Predator","PiercingWail"],"picked":"Calculated Gamble","floor":21.0},{"not_picked":["Calculated Gamble","Crippling Poison"],"picked":"Cloak And Dagger","floor":21.0},{"not_picked":["Corpse Explosion","Escape Plan"],"picked":"Backflip","floor":21.0},{"not_picked":["PiercingWail","Deflect"],"picked":"Sucker Punch+1","floor":22.0},{"not_picked":["A Thousand Cuts","Dash"],"picked":"Reflex","floor":24.0},{"not_picked":["Slice","Catalyst"],"picked":"Calculated Gamble","floor":27.0},{"not_picked":["Poisoned Stab","Finisher","Riddle With Holes"],"picked":"SKIP","floor":29.0},{"not_picked":["Catalyst","Prepared"],"picked":"Acrobatics","floor":31.0},{"not_picked":["Malaise","Grand Finale"],"picked":"After Image","floor":33.0},{"not_picked":["Dagger Spray","Bane+1"],"picked":"Heel Hook+1","floor":35.0},{"not_picked":["Well Laid Plans","Distraction"],"picked":"Backflip","floor":37.0},{"not_picked":["Predator","Finisher"],"picked":"Blade Dance","floor":38.0},{"not_picked":["Blade Dance","Escape Plan+1"],"picked":"Acrobatics","floor":39.0},{"not_picked":["Envenom","Well Laid Plans"],"picked":"PiercingWail","floor":40.0},{"not_picked":["Backstab","Cloak And Dagger"],"picked":"Blade Dance","floor":41.0},{"not_picked":["Sucker Punch","Backflip+1"],"picked":"Well Laid Plans+1","floor":42.0},{"not_picked":["Masterful Stab+1","Riddle With Holes","Dagger Spray"],"picked":"Outmaneuver+1","floor":46.0},{"not_picked":["Calculated Gamble","Poisoned Stab+1","Slice"],"picked":"Outmaneuver+1","floor":47.0},{"not_picked":["All Out Attack","Sucker Punch","Deadly Poison"],"picked":"Phantasmal Killer","floor":55}],"player_experience":4383599,"relics_obtained":[{"floor":6.0,"key":"Strawberry"},{"floor":9.0,"key":"Toy Ornithopter"},{"floor":10.0,"key":"Ancient Tea Set"},{"floor":14.0,"key":"Ornamental Fan"},{"floor":19.0,"key":"Red Mask"},{"floor":24.0,"key":"CaptainsWheel"},{"floor":26.0,"key":"War Paint"},{"floor":29.0,"key":"Bottled Lightning"},{"floor":36.0,"key":"Lizard Tail"},{"floor":40.0,"key":"Akabeko"},{"floor":40.0,"key":"Darkstone Periapt"},{"floor":42.0,"key":"Question Card"},{"floor":42.0,"key":"StoneCalendar"},{"floor":46.0,"key":"White Beast Statue"},{"floor":46.0,"key":"Pear"},{"floor":55,"key":"Happy Flower"},{"floor":55,"key":"Vajra"}],"event_choices":[{"cards_removed":["Strike_G"],"damage_healed":0.0,"max_hp_gain":0.0,"max_hp_loss":0.0,"gold_gain":0.0,"event_name":"Golden Wing","player_choice":"Card Removal","floor":4.0,"gold_loss":0.0,"damage_taken":7.0},{"damage_healed":0.0,"max_hp_gain":0.0,"max_hp_loss":0.0,"gold_gain":0.0,"event_name":"Scrap Ooze","player_choice":"Success","floor":12.0,"gold_loss":0.0,"damage_taken":18.0,"relics_obtained":["Du-Vu Doll"]},{"damage_healed":0.0,"max_hp_gain":0.0,"max_hp_loss":0.0,"gold_gain":0.0,"event_name":"Masked Bandits","player_choice":"Fought Bandits","floor":19.0,"gold_loss":0.0,"damage_taken":0.0},{"damage_healed":0.0,"max_hp_gain":0.0,"max_hp_loss":0.0,"gold_gain":0.0,"event_name":"Forgotten Altar","player_choice":"Smashed Altar","floor":30.0,"gold_loss":0.0,"damage_taken":0.0,"cards_obtained":["Decay"]},{"damage_healed":0.0,"max_hp_gain":0.0,"max_hp_loss":0.0,"gold_gain":0.0,"event_name":"MindBloom","player_choice":"Fight","floor":36.0,"gold_loss":0.0,"damage_taken":0.0},{"damage_healed":0.0,"max_hp_gain":0.0,"max_hp_loss":0.0,"gold_gain":0.0,"event_name":"Fountain of Cleansing","player_choice":"Ignored","floor":45.0,"gold_loss":0.0,"damage_taken":0.0},{"damage_healed":0.0,"max_hp_gain":0.0,"max_hp_loss":0.0,"gold_gain":0.0,"event_name":"Winding Halls","player_choice":"Embrace Madness","floor":48.0,"gold_loss":0.0,"damage_taken":15.0,"cards_obtained":["Madness","Madness"]}],"is_beta":false,"boss_relics":[{"not_picked":["Sozu","Coffee Dripper"],"picked":"Pandora\u0027s Box"},{"not_picked":["Tiny House","Astrolabe"],"picked":"Black Star"}],"items_purged_floors":[54],"is_endless":false,"potions_floor_spawned":[3,8,10,13,22,29,31,35,41,42,47,55],"killed_by":"The Heart","ascension_level":20}}