{"host":"4kbqeuw4a1wt9r2z","time":1610805174,"event":{"mods":["Act Like it!","BaseMod","Downfall","GifTheSpireLib","Googly Eyes","Minty Spire (QoL Compilation)","StSLib"],"gold_per_floor":[99,111,111,122,122,122,170,195,211,227,244,262,262,321,341,446,446,446,456,476,476,476,63,63,73,101,86,114,114,99,109,119,215,215,215,226,245,245,130,144,167,167,198,213,213,213,60,90,102,102,102],"floor_reached":50,"language":"ENG","playtime":3342,"items_purged":[],"score":619,"play_id":"01e9a7ee-4ad2-46f6-bfe9-ef80efbfb675","local_time":"20210116165254","is_ascension_mode":false,"campfire_choices":[{"data":"bronze:Goto","floor":1,"key":"SMITH"},{"data":"bronze:ChildClass","floor":6,"key":"SMITH"},{"data":"bronze:Return","floor":13,"key":"SMITH"},{"data":"bronze:AlphaBuild","floor":18,"key":"SMITH"},{"floor":29,"key":"REST"},{"data":"bronze:RecursiveStrike","floor":35,"key":"SMITH"}],"circlet_count":0,"master_deck":["bronze:Strike","bronze:Strike","bronze:Strike","bronze:Strike","bronze:Defend","bronze:Defend","bronze:Defend","bronze:Defend","bronze:Replicate","bronze:Goto+1","bronze:Backtrace","bronze:ChildClass+1","bronze:WhirlingStrike+1","bronze:CloningBeam","bronze:Format","bronze:ChosenStrike+1","bronze:BronzeOrb","bronze:Return+1","bronze:Flail+1","bronze:Repair","bronze:AlphaBuild+1","bronze:ClassDefault","bronze:Allocate","bronze:Branch","bronze:ItsAFeature","bronze:ForceShield","bronze:ItsAFeature+1","bronze:BugBarrage","bronze:DelayedSlice+1","bronze:RecursiveStrike+1","bronze:WildBeam+1","bronze:Mutator","expansioncontent:DashGenerateEvil+1","bronze:Boost+1","bronze:Iterate+1","expansioncontent:YouAreMine","bronze:ForceShield+1"],"relics":["bronze:BronzeCore","Oddly Smooth Stone","Bag of Marbles","InkBottle","bronze:MakeshiftBattery","Kunai","Centennial Puzzle","Sundial","Bronze Scales","Coffee Dripper","Chemical X","Anchor","Strawberry","Art of War","Lee\u0027s Waffle","Bag of Preparation"],"acts_visited":["Exordium","TheCity","TheBeyond"],"potions_floor_usage":[8,16,20,28,30,30,33,48,50],"damage_taken":[{"damage":2,"enemies":"2 Louse","floor":2,"turns":3},{"damage":6,"enemies":"Jaw Worm","floor":4,"turns":2},{"damage":0,"enemies":"Cultist","floor":5,"turns":1},{"damage":6,"enemies":"3 Sentries","floor":8,"turns":5},{"damage":8,"enemies":"3 Louse","floor":9,"turns":2},{"damage":4,"enemies":"Large Slime","floor":10,"turns":5},{"damage":4,"enemies":"Exordium Thugs","floor":11,"turns":2},{"damage":0,"enemies":"Gremlin Gang","floor":12,"turns":1},{"damage":2,"enemies":"3 Sentries","floor":14,"turns":5},{"damage":0,"enemies":"Large Slime","floor":15,"turns":1},{"damage":24,"enemies":"SI_SHIV_ARCHETYPE","floor":16,"turns":8},{"damage":0,"enemies":"3 Byrds","floor":19,"turns":3},{"damage":0,"enemies":"Spheric Guardian","floor":20,"turns":2},{"damage":0,"enemies":"downfall:FleeingMerchant","floor":23,"turns":4},{"damage":0,"enemies":"Centurion and Healer","floor":25,"turns":2},{"damage":24,"enemies":"Book of Stabbing","floor":26,"turns":5},{"damage":1,"enemies":"downfall:FleeingMerchant","floor":27,"turns":4},{"damage":31,"enemies":"Slavers","floor":28,"turns":3},{"damage":10,"enemies":"downfall:FleeingMerchant","floor":30,"turns":4},{"damage":3,"enemies":"Chosen and Byrds","floor":31,"turns":3},{"damage":1,"enemies":"Snecko","floor":32,"turns":4},{"damage":10,"enemies":"WA_ARCHETYPE_CALM","floor":33,"turns":11},{"damage":2,"enemies":"3 Shapes","floor":36,"turns":2},{"damage":4,"enemies":"3 Darklings","floor":37,"turns":2},{"damage":0,"enemies":"downfall:FleeingMerchant","floor":39,"turns":1},{"damage":11,"enemies":"Maw","floor":40,"turns":7},{"damage":38,"enemies":"Nemesis","floor":43,"turns":4},{"damage":0,"enemies":"4 Shapes","floor":44,"turns":3},{"damage":33,"enemies":"Giant Head","floor":48,"turns":7},{"damage":0,"enemies":"Jaw Worm Horde","floor":49,"turns":4},{"damage":88,"enemies":"DF_ARCHETYPE_ORBS","floor":50,"turns":10}],"seed_played":"-5574363280224760823","potions_obtained":[{"floor":2,"key":"DistilledChaos"},{"floor":4,"key":"CultistPotion"},{"floor":9,"key":"Explosive Potion"},{"floor":11,"key":"SteroidPotion"},{"floor":20,"key":"Explosive Potion"},{"floor":25,"key":"Explosive Potion"},{"floor":26,"key":"Dexterity Potion"},{"floor":28,"key":"hexamod:SoulburnPotion"},{"floor":32,"key":"Block Potion"},{"floor":33,"key":"Swift Potion"},{"floor":40,"key":"Explosive Potion"},{"floor":44,"key":"bronze:BuildAFunctionPotion"}],"is_trial":false,"path_per_floor":["R","M","?","M","M","R","T","E","M","M","M","M","R","?","M","B",null,"R","M","M","?","?","$","T","M","E","$","E","R","$","M","M","B",null,"R","M","M","?","$","M","T","?","E","M","?","?","$","E","M","B"],"character_chosen":"THE_AUTOMATON","items_purchased":["bronze:ItsAFeature","Kunai","bronze:ForceShield","expansioncontent:DashGenerateEvil","Chemical X","Anchor","Lee\u0027s Waffle"],"campfire_rested":1,"item_purchase_floors":[23,23,23,39,39,39,47],"current_hp_per_floor":[77,75,75,69,69,69,69,63,55,51,47,47,47,45,45,28,77,77,77,77,77,63,70,70,70,53,59,35,59,49,53,52,49,82,82,80,76,76,76,72,79,79,55,55,55,55,96,70,77,0,0],"gold":102,"neow_bonus":"TEN_PERCENT_HP_BONUS","is_daily":false,"chose_seed":false,"campfire_upgraded":5,"win_rate":0.0,"timestamp":1610805174,"path_taken":["R","M","?","M","M","R","T","E","M","M","M","M","R","?","M","BOSS","R","M","M","?","?","$","T","M","E","$","E","R","?","M","M","BOSS","R","M","M","?","$","?","T","?","E","M","?","?","$","E","M","BOSS"],"items_purchased_type":["Card","Relic","Card","Card","Relic","Relic","Relic"],"build_version":"2020-12-22","purchased_purges":0,"victory":false,"max_hp_per_floor":[77,77,77,77,77,77,77,77,77,77,77,77,77,77,77,77,77,77,77,77,77,82,82,82,82,82,82,82,82,82,82,82,82,82,82,82,82,82,82,82,89,89,89,89,89,89,96,96,96,96,96],"card_choices":[{"not_picked":["bronze:DelayedSlice","bronze:WhirlingStrike"],"picked":"bronze:Backtrace","floor":2},{"not_picked":["bronze:MaxOutput","bronze:DelayedSlice"],"picked":"bronze:ChildClass","floor":4},{"not_picked":["bronze:BugBarrage","bronze:CutThrough"],"picked":"bronze:WhirlingStrike","floor":5},{"not_picked":["bronze:Overheat","bronze:CutThrough"],"picked":"bronze:CloningBeam","floor":8},{"not_picked":["bronze:ChildClass","bronze:Invalidate"],"picked":"bronze:Format","floor":9},{"not_picked":["bronze:GetLatest","bronze:BitShift"],"picked":"bronze:ChosenStrike","floor":10},{"not_picked":["bronze:BugBarrage","bronze:Safeguard"],"picked":"bronze:BronzeOrb","floor":11},{"not_picked":["bronze:BitShift","bronze:NullPointer"],"picked":"bronze:Return","floor":12},{"not_picked":["bronze:Shell","bronze:BitShift"],"picked":"bronze:Flail","floor":14},{"not_picked":["bronze:CutThrough","bronze:WhirlingStrike"],"picked":"bronze:Repair","floor":15},{"not_picked":["bronze:RecursiveStrike","bronze:Verify"],"picked":"bronze:AlphaBuild","floor":16},{"not_picked":["bronze:DelayedGuard","bronze:BitShift","bronze:Invalidate+1"],"picked":"SKIP","floor":19},{"not_picked":["bronze:BitShift","bronze:Shield"],"picked":"bronze:ClassDefault","floor":20},{"not_picked":["bronze:CutThrough","bronze:Frontload"],"picked":"bronze:Branch","floor":23},{"not_picked":["bronze:NullPointer","bronze:DelayedGuard","bronze:Turbo"],"picked":"SKIP","floor":25},{"not_picked":["bronze:Invalidate","bronze:Overheat","bronze:CloningBeam"],"picked":"SKIP","floor":26},{"not_picked":["bronze:Return","bronze:Overheat"],"picked":"bronze:ItsAFeature+1","floor":27},{"not_picked":["bronze:CleanCode","bronze:BitShift"],"picked":"bronze:BugBarrage","floor":28},{"not_picked":["bronze:OilSpill","bronze:FineTuning","bronze:BugBarrage"],"picked":"SKIP","floor":30},{"not_picked":["bronze:CloningBeam","bronze:Turbo","bronze:OilSpill+1"],"picked":"SKIP","floor":31},{"not_picked":["bronze:Overheat+1","bronze:Return"],"picked":"bronze:DelayedSlice+1","floor":32},{"not_picked":["bronze:Break","bronze:Verify"],"picked":"bronze:RecursiveStrike","floor":33},{"not_picked":["bronze:Allocate","bronze:Deprecate+1"],"picked":"bronze:WildBeam+1","floor":36},{"not_picked":["bronze:BitShift+1","bronze:DelayedGuard","bronze:Invalidate+1"],"picked":"SKIP","floor":37},{"not_picked":["bronze:Assembly","bronze:OilSpill+1"],"picked":"bronze:Mutator","floor":39},{"not_picked":["bronze:CutThrough","bronze:DelayedGuard+1"],"picked":"bronze:Boost+1","floor":40},{"not_picked":["bronze:FineTuning","bronze:WildBeam","bronze:Turbo+1"],"picked":"SKIP","floor":43},{"not_picked":["bronze:WhirlingStrike","bronze:FineTuning+1"],"picked":"bronze:Iterate+1","floor":44},{"not_picked":["expansioncontent:Hexaburn","expansioncontent:PolyBeam"],"picked":"expansioncontent:YouAreMine","floor":45},{"not_picked":["bronze:Allocate","bronze:Backtrace+1"],"picked":"bronze:ForceShield+1","floor":48},{"not_picked":["bronze:Branch","bronze:Repair","bronze:BuggyMess+1"],"picked":"SKIP","floor":49}],"player_experience":497175,"relics_obtained":[{"floor":7,"key":"Oddly Smooth Stone"},{"floor":8,"key":"Bag of Marbles"},{"floor":14,"key":"InkBottle"},{"floor":24,"key":"Centennial Puzzle"},{"floor":26,"key":"Sundial"},{"floor":28,"key":"Bronze Scales"},{"floor":41,"key":"Strawberry"},{"floor":43,"key":"Art of War"},{"floor":48,"key":"Bag of Preparation"}],"event_choices":[{"damage_healed":0,"gold_gain":0,"player_choice":"Read","damage_taken":0,"max_hp_gain":0,"max_hp_loss":0,"event_name":"The Library","floor":21,"gold_loss":0,"cards_obtained":["bronze:Allocate"]}],"is_beta":false,"boss_relics":[{"not_picked":["Fusion Hammer","SlaversCollar"],"picked":"bronze:MakeshiftBattery"},{"not_picked":["Astrolabe","Snecko Eye"],"picked":"Coffee Dripper"}],"items_purged_floors":[],"is_endless":false,"potions_floor_spawned":[2,4,9,11,20,25,26,28,32,33,40,44],"killed_by":"DF_ARCHETYPE_ORBS","ascension_level":0}}