{"host":"4id8injl4bo2b6ih","time":1610829882,"event":{"mods":["Act Like it!","BaseMod","Better Third Choice","Colored Map","Downfall","Friendly Minions","Hermit","Highlight Path","Ironclad Rager","Minty Spire (QoL Compilation)","Relic Stats","Robot Space Explorer","Shop Mod","Spicy Shops","StSLib"],"gold_per_floor":[99,111,128,128,128,28,28,48,48,33,62,73,88,104,114,213,213,113,126,136,151,151,151,151,170,170,170,6,6,6,33,46,143,143,143,162,162,180,180,180,180,190,190,203,203,219,219,248,264,264],"floor_reached":51,"language":"ENG","playtime":3679,"items_purged":["Normality"],"score":936,"play_id":"5dcdc0ad-9cd5-43df-b661-4c9c7a524ea8","local_time":"20210116214442","is_ascension_mode":true,"campfire_choices":[{"floor":1.0,"key":"RECALL"},{"data":"sneckomod:Unknown","floor":6.0,"key":"SMITH"},{"data":"sneckomod:UnknownDexterity","floor":18.0,"key":"SMITH"},{"data":"sneckomod:UnlimitedRolls","floor":23.0,"key":"SMITH"},{"data":"sneckomod:WideSting","floor":27.0,"key":"SMITH"},{"floor":29.0,"key":"REST"},{"data":"Slimebound:DuplicatedForm","floor":40.0,"key":"SMITH"},{"data":"expansioncontent:LastStand","floor":43.0,"key":"SMITH"},{"floor":45.0,"key":"REST"}],"circlet_count":0,"master_deck":["sneckomod:Strike","sneckomod:Strike+1","sneckomod:Strike","sneckomod:Defend","sneckomod:Defend","sneckomod:Defend","sneckomod:TailWhip+1","sneckomod:SnekBite","sneckomod:Unknown+1","sneckomod:ImprovisedGuard","sneckomod:SoulRoll","downfall:Malfunctioning","sneckomod:QuickMove","FTL+1","sneckomod:DiceBlock","sneckomod:SoulCleanse","sneckomod:UnknownUncommonSkill","sneckomod:UnlimitedRolls+1","sneckomod:SerpentIdol","sneckomod:WideSting+1","Slimebound:Grow","sneckomod:UnknownUncommonAttack","downfall:Bewildered","sneckomod:UnendingSupply","sneckomod:UnknownColorless","sneckomod:ImprovisedAttack+1","sneckomod:UnknownRareSkill","Slimebound:DuplicatedForm+1","sneckomod:UnknownWeak+1","sneckomod:QuickBite+1","expansioncontent:YouAreMine","expansioncontent:LastStand+1","expansioncontent:Hexaburn","Writhe","sneckomod:UnknownBlock+1","sneckomod:DefensiveFlair+1","sneckomod:UnknownUncommonAttack+1","White Noise","sneckomod:MorePower","sneckomod:UnknownUncommonPower+1","sneckomod:ImprovisedGuard+1"],"relics":["sneckomod:SneckoSoul","TungstenRod","downfall:HeartBlessingRed","sneckomod:SneckoCommon","Centennial Puzzle","Cursed Key","downfall:HeartBlessingGreen","MutagenicStrength","Lizard Tail","sneckomod:BabySnecko","Blood Vial","sneckomod:SneckoTalon","Ice Cream","Vajra"],"acts_visited":["Exordium","TheCity","TheBeyond"],"potions_floor_usage":[50,50],"damage_taken":[{"damage":11.0,"enemies":"Small Slimes","floor":2.0,"turns":3.0},{"damage":0.0,"enemies":"Cultist","floor":3.0,"turns":3.0},{"damage":0.0,"enemies":"2 Louse","floor":8.0,"turns":2.0},{"damage":0.0,"enemies":"downfall:FleeingMerchant","floor":10.0,"turns":4.0},{"damage":6.0,"enemies":"3 Sentries","floor":11.0,"turns":5.0},{"damage":0.0,"enemies":"Exordium Wildlife","floor":12.0,"turns":5.0},{"damage":0.0,"enemies":"2 Fungi Beasts","floor":13.0,"turns":3.0},{"damage":1.0,"enemies":"Large Slime","floor":14.0,"turns":6.0},{"damage":4.0,"enemies":"3 Louse","floor":15.0,"turns":4.0},{"damage":22.0,"enemies":"WA_ARCHETYPE_RETAIN","floor":16.0,"turns":5.0},{"damage":4.0,"enemies":"Chosen","floor":19.0,"turns":5.0},{"damage":2.0,"enemies":"Shell Parasite","floor":20.0,"turns":11.0},{"damage":7.0,"enemies":"Shelled Parasite and Fungi","floor":21.0,"turns":4.0},{"damage":10.0,"enemies":"Snecko","floor":25.0,"turns":5.0},{"damage":0.0,"enemies":"downfall:FleeingMerchant","floor":28.0,"turns":4.0},{"damage":27.0,"enemies":"Book of Stabbing","floor":31.0,"turns":7.0},{"damage":0.0,"enemies":"3 Cultists","floor":32.0,"turns":3.0},{"damage":29.0,"enemies":"DF_ARCHETYPE_CLAW","floor":33.0,"turns":6.0},{"damage":4.0,"enemies":"Orb Walker","floor":36.0,"turns":4.0},{"damage":15.0,"enemies":"3 Shapes","floor":38.0,"turns":8.0},{"damage":19.0,"enemies":"Spire Growth","floor":42.0,"turns":5.0},{"damage":19.0,"enemies":"Maw","floor":44.0,"turns":5.0},{"damage":36.0,"enemies":"Writhing Mass","floor":46.0,"turns":4.0},{"damage":48,"enemies":"Nemesis","floor":48,"turns":5},{"damage":26,"enemies":"4 Shapes","floor":49,"turns":4},{"damage":101,"enemies":"SI_POISON_ARCHETYPE","floor":50,"turns":10}],"seed_played":"801968486092276789","potions_obtained":[{"floor":3.0,"key":"Energy Potion"},{"floor":5.0,"key":"downfall:CursedFountainPotion"},{"floor":8.0,"key":"Swift Potion"},{"floor":16.0,"key":"BlessingOfTheForge"},{"floor":20.0,"key":"Fire Potion"},{"floor":30.0,"key":"CultistPotion"},{"floor":33.0,"key":"GamblersBrew"},{"floor":46.0,"key":"Explosive Potion"},{"floor":48,"key":"Explosive Potion"},{"floor":49,"key":"Regen Potion"}],"is_trial":false,"path_per_floor":["R","M","M","?","?","R","T","M","R","$","E","M","M","M","M","B",null,"R","M","M","M","?","R","T","M","?","R","$","R","?","E","M","B",null,"R","M","?","M","?","R","T","M","R","M","R","M","R","E","M","B",null],"character_chosen":"THE_SNECKO","items_purchased":["sneckomod:UnendingSupply"],"campfire_rested":2,"item_purchase_floors":[28],"current_hp_per_floor":[81,70,70,70,70,70,70,70,70,70,64,64,64,63,59,37,70,70,66,64,57,57,57,57,47,47,47,47,71,71,44,48,21,66,66,64,64,66,57,57,57,40,40,38,62,53,53,32,23,12],"gold":264,"neow_bonus":"ONE_RARE_RELIC","is_daily":false,"chose_seed":false,"campfire_upgraded":6,"win_rate":0.0,"timestamp":1610829882,"path_taken":["R","M","M","?","?","R","T","M","R","$","E","M","?","M","M","BOSS","R","M","M","M","?","R","T","M","?","R","$","R","?","E","M","BOSS","R","M","?","M","?","R","T","M","R","M","R","M","R","E","M","BOSS"],"items_purchased_type":["Card"],"build_version":"2020-12-22","purchased_purges":1,"victory":true,"max_hp_per_floor":[81,81,81,81,81,81,81,81,81,81,81,81,81,81,81,81,81,81,81,81,81,81,81,81,81,81,81,81,81,81,81,81,81,81,81,81,81,81,81,81,81,81,81,81,81,81,81,81,81,81],"relic_stats":{"Blood Vial":20,"Centennial Puzzle":[51],"Lizard Tail":40,"counters":[26,130],"Cursed Key":2,"obtain_stats":[{"Ice Cream":41,"sneckomod:SneckoCommon":7,"downfall:HeartBlessingRed":6,"Vajra":48,"downfall:HeartBlessingGreen":18,"sneckomod:SneckoSoul":0,"Cursed Key":17,"sneckomod:SneckoTalon":34,"Blood Vial":31,"sneckomod:BabySnecko":26,"Centennial Puzzle":11,"Lizard Tail":24,"MutagenicStrength":22,"TungstenRod":0},{"Ice Cream":20,"sneckomod:SneckoCommon":2,"downfall:HeartBlessingRed":2,"Vajra":24,"downfall:HeartBlessingGreen":10,"sneckomod:SneckoSoul":0,"Cursed Key":10,"sneckomod:SneckoTalon":18,"Blood Vial":16,"sneckomod:BabySnecko":14,"Centennial Puzzle":5,"Lizard Tail":13,"MutagenicStrength":13,"TungstenRod":0},{"Ice Cream":97,"sneckomod:SneckoCommon":6,"downfall:HeartBlessingRed":6,"Vajra":116,"downfall:HeartBlessingGreen":40,"sneckomod:SneckoSoul":0,"Cursed Key":40,"sneckomod:SneckoTalon":85,"Blood Vial":76,"sneckomod:BabySnecko":65,"Centennial Puzzle":17,"Lizard Tail":60,"MutagenicStrength":60,"TungstenRod":0}],"TungstenRod":63},"card_choices":[{"not_picked":["sneckomod:MasterEye","sneckomod:MixItUp"],"picked":"sneckomod:ImprovisedGuard","floor":2.0},{"not_picked":["sneckomod:UnknownCommonSkill","sneckomod:UnknownDraw"],"picked":"sneckomod:SoulRoll","floor":3.0},{"not_picked":["sneckomod:WideSting","sneckomod:UnknownDraw"],"picked":"sneckomod:QuickMove","floor":8.0},{"not_picked":["sneckomod:MixItUp","sneckomod:UnknownX"],"picked":"sneckomod:DiceBlock","floor":10.0},{"not_picked":["sneckomod:UnknownDraw","sneckomod:SoulDraw"],"picked":"sneckomod:DiceBlock","floor":11.0},{"not_picked":["sneckomod:SoulRoll","sneckomod:UnknownBlock"],"picked":"sneckomod:UnknownDexterity","floor":12.0},{"not_picked":["sneckomod:QuickBite","sneckomod:WideSting"],"picked":"sneckomod:SoulCleanse","floor":13.0},{"not_picked":["sneckomod:RainOfDice","sneckomod:DiceCrush"],"picked":"sneckomod:UnknownUncommonSkill","floor":14.0},{"not_picked":["sneckomod:QuickBite","sneckomod:Unknown1Cost","sneckomod:Cheat"],"picked":"SKIP","floor":15.0},{"not_picked":["sneckomod:UnknownRareSkill","sneckomod:SerpentMind"],"picked":"sneckomod:UnlimitedRolls","floor":16.0},{"not_picked":["sneckomod:RainOfDice","sneckomod:UnknownClassBLUE"],"picked":"sneckomod:SerpentIdol","floor":19.0},{"not_picked":["sneckomod:SoulDraw","sneckomod:UnknownCommonSkill"],"picked":"sneckomod:WideSting","floor":20.0},{"not_picked":["sneckomod:UnknownBlock+1","sneckomod:RainOfDice"],"picked":"sneckomod:Memorize","floor":21.0},{"not_picked":["sneckomod:UnknownCommonAttack","sneckomod:UnknownCommonSkill"],"picked":"sneckomod:UnknownUncommonAttack","floor":25.0},{"not_picked":["sneckomod:UnknownUncommonAttack","sneckomod:Unknown2Cost"],"picked":"sneckomod:Unknown3Cost","floor":28.0},{"not_picked":["sneckomod:SoulRoll+1","sneckomod:Unknown0Cost"],"picked":"sneckomod:UnknownColorless","floor":31.0},{"not_picked":["sneckomod:UnknownCommonAttack+1","sneckomod:SoulRoll"],"picked":"sneckomod:ImprovisedAttack+1","floor":32.0},{"not_picked":["sneckomod:Restock","sneckomod:DangerNoodle"],"picked":"sneckomod:UnknownRareSkill","floor":33.0},{"not_picked":["sneckomod:UnknownUncommonSkill","sneckomod:IronFang"],"picked":"sneckomod:UnknownWeak+1","floor":36.0},{"not_picked":["sneckomod:SoulRoll+1","sneckomod:UnknownX+1"],"picked":"sneckomod:QuickBite+1","floor":38.0},{"not_picked":["expansioncontent:GuardianWhirl","expansioncontent:AwakenDeath"],"picked":"expansioncontent:YouAreMine","floor":39.0},{"not_picked":["expansioncontent:HyperBeam","expansioncontent:AwakenDeath"],"picked":"expansioncontent:LastStand","floor":39.0},{"not_picked":["expansioncontent:LastStand","expansioncontent:AwakenDeath"],"picked":"expansioncontent:Hexaburn","floor":39.0},{"not_picked":["sneckomod:SoulRoll+1","sneckomod:UnknownClassBLUE+1"],"picked":"sneckomod:UnknownBlock+1","floor":42.0},{"not_picked":["sneckomod:SoulRoll","sneckomod:SoulCleanse"],"picked":"sneckomod:DefensiveFlair+1","floor":44.0},{"not_picked":["sneckomod:DiceCrush+1","sneckomod:UnknownCommonSkill+1"],"picked":"sneckomod:UnknownUncommonAttack+1","floor":46.0},{"not_picked":["sneckomod:Restock","sneckomod:SoulDraw+1"],"picked":"sneckomod:MorePower","floor":48},{"not_picked":["sneckomod:UnknownClassBLUE+1","sneckomod:UnknownClassHEXA_GHOST_PURPLE+1"],"picked":"sneckomod:UnknownUncommonPower+1","floor":49},{"not_picked":["sneckomod:RainOfDice+1","sneckomod:Nope"],"picked":"sneckomod:ImprovisedGuard+1","floor":49}],"player_experience":445314,"relics_obtained":[{"floor":7.0,"key":"sneckomod:SneckoCommon"},{"floor":11.0,"key":"Centennial Puzzle"},{"floor":24.0,"key":"Lizard Tail"},{"floor":31.0,"key":"Blood Vial"},{"floor":41.0,"key":"Ice Cream"},{"floor":48,"key":"Vajra"}],"event_choices":[{"damage_healed":0.0,"max_hp_gain":0.0,"max_hp_loss":0.0,"gold_gain":0.0,"event_name":"Drug Dealer","player_choice":"Inject Mutagens","floor":22.0,"gold_loss":0.0,"damage_taken":0.0,"relics_obtained":["MutagenicStrength"]},{"cards_removed":["sneckomod:DiceBlock"],"damage_healed":0.0,"max_hp_gain":0.0,"max_hp_loss":0.0,"gold_gain":0.0,"event_name":"Falling","player_choice":"Removed Skill","floor":37.0,"gold_loss":0.0,"damage_taken":0.0}],"is_beta":false,"boss_relics":[{"not_picked":["Coffee Dripper","Velvet Choker"],"picked":"Cursed Key"},{"not_picked":["Runic Dome","Snecko Eye"],"picked":"sneckomod:SneckoTalon"}],"items_purged_floors":[28],"is_endless":false,"potions_floor_spawned":[3,8,13,14,16,20,21,31,33,46,48,49],"ascension_level":8}}