{"host":"8u7tvcybuv0u72fd","time":1610768657,"event":{"mods":["BaseMod","BetterRewards","Colored Map","Colored Powertips","Minty Spire (QoL Compilation)","Quick Restart","Shop Mod"],"gold_per_floor":[110,110,122,139,139,139,164,181,181,181,181,199,24,65,65,189,189,202,223,266,266,279,279,298,298,298,130,180,199,222,243,243,364,364,378,441,441,296,314,314,72,72,72,86,86,308,2,28,28,28,28,28,3,30,30,30],"floor_reached":55,"language":"ENG","playtime":2954,"items_purged":["Strike_R","Injury"],"score":955,"play_id":"fa2c456a-1182-4d22-904c-c7249b492b10","local_time":"20210115224417","is_ascension_mode":false,"campfire_choices":[{"data":"Body Slam","floor":6.0,"key":"SMITH"},{"data":"Shrug It Off","floor":11.0,"key":"SMITH"},{"data":"Bash","floor":15.0,"key":"SMITH"},{"data":"Rage","floor":23.0,"key":"SMITH"},{"data":"Double Tap","floor":25.0,"key":"SMITH"},{"data":"Apotheosis","floor":32.0,"key":"SMITH"},{"data":"Juggernaut","floor":40.0,"key":"SMITH"},{"data":"Defend_R","floor":42.0,"key":"SMITH"},{"floor":49.0,"key":"RECALL"},{"data":"Defend_R","floor":52.0,"key":"SMITH"}],"circlet_count":0,"master_deck":["Strike_R+1","Strike_R","Defend_R","Defend_R+1","Defend_R+1","Bash+1","Shrug It Off+1","Body Slam+1","Juggernaut+1","Rampage+1","Rage+1","Headbutt","Double Tap+1","Iron Wave+1","Apotheosis+1","Feed","Barricade","Iron Wave+1"],"relics":["Burning Blood","Ginger","Torii","Potion Belt","Pantograph","Ice Cream","Red Mask","MutagenicStrength","PreservedInsect","Velvet Choker","Charon\u0027s Ashes","Toy Ornithopter","Bottled Tornado","Letter Opener","MerchantsRug","TungstenRod","Bronze Scales","Unceasing Top"],"acts_visited":["TheCity","TheBeyond","TheEnding"],"potions_floor_usage":[54,55,55],"damage_taken":[{"damage":0.0,"enemies":"2 Louse","floor":1.0,"turns":2.0},{"damage":1.0,"enemies":"Cultist","floor":3.0,"turns":4.0},{"damage":2.0,"enemies":"Jaw Worm","floor":4.0,"turns":4.0},{"damage":23.0,"enemies":"Gremlin Nob","floor":7.0,"turns":5.0},{"damage":0.0,"enemies":"2 Fungi Beasts","floor":8.0,"turns":4.0},{"damage":1.0,"enemies":"Looter","floor":12.0,"turns":3.0},{"damage":14.0,"enemies":"Lagavulin","floor":14.0,"turns":6.0},{"damage":51.0,"enemies":"Slime Boss","floor":16.0,"turns":8.0},{"damage":18.0,"enemies":"Shell Parasite","floor":18.0,"turns":5.0},{"damage":11.0,"enemies":"Spheric Guardian","floor":19.0,"turns":4.0},{"damage":19.0,"enemies":"Masked Bandits","floor":20.0,"turns":5.0},{"damage":9.0,"enemies":"Snake Plant","floor":22.0,"turns":4.0},{"damage":27.0,"enemies":"Centurion and Healer","floor":24.0,"turns":4.0},{"damage":0.0,"enemies":"Snecko","floor":29.0,"turns":4.0},{"damage":15.0,"enemies":"Snake Plant","floor":30.0,"turns":4.0},{"damage":7.0,"enemies":"Centurion and Healer","floor":31.0,"turns":8.0},{"damage":46.0,"enemies":"Champ","floor":33.0,"turns":8.0},{"damage":11.0,"enemies":"3 Darklings","floor":35.0,"turns":5.0},{"damage":31.0,"enemies":"Mind Bloom Boss Battle","floor":36.0,"turns":5.0},{"damage":3.0,"enemies":"3 Shapes","floor":39.0,"turns":5.0},{"damage":11.0,"enemies":"Jaw Worm Horde","floor":44.0,"turns":4.0},{"damage":8.0,"enemies":"Giant Head","floor":48.0,"turns":5.0},{"damage":76.0,"enemies":"Awakened One","floor":50.0,"turns":13.0},{"damage":96,"enemies":"Shield and Spear","floor":54,"turns":8},{"damage":71,"enemies":"The Heart","floor":55,"turns":5}],"seed_played":"238585018242699556","potions_obtained":[{"floor":7.0,"key":"Ancient Potion"},{"floor":8.0,"key":"FearPotion"},{"floor":12.0,"key":"BloodPotion"},{"floor":20.0,"key":"GamblersBrew"},{"floor":29.0,"key":"SteroidPotion"},{"floor":30.0,"key":"Energy Potion"},{"floor":31.0,"key":"CultistPotion"},{"floor":35.0,"key":"AttackPotion"},{"floor":44.0,"key":"PowerPotion"},{"floor":48.0,"key":"AttackPotion"}],"is_trial":false,"path_per_floor":["M","?","M","M","?","R","E","M","T","?","R","M","$","E","R","B",null,"M","M","?","?","M","R","M","R","T","$","?","M","M","M","R","B",null,"M","?","?","$","M","R","$","R","T","M","T","?","$","E","R","B",null,"R","$","E","B"],"character_chosen":"IRONCLAD","items_purchased":["Ginger","Torii","Shrug It Off","Rage","Apotheosis","Toy Ornithopter","Bottled Tornado","Membership Card","MerchantsRug","TungstenRod","Barricade"],"campfire_rested":0,"item_purchase_floors":[0,0,0,13,27,38,41,47,47,47,53],"current_hp_per_floor":[55,55,60,64,48,48,31,37,37,37,37,42,42,34,34,14,80,68,63,50,50,47,47,26,26,26,26,26,32,27,47,47,36,92,87,67,102,102,106,106,106,106,106,105,105,105,105,108,108,44,114,114,114,24,0,0],"gold":30,"neow_bonus":"","is_daily":false,"chose_seed":false,"campfire_upgraded":9,"win_rate":0.0,"timestamp":1610768657,"path_taken":["M","?","M","?","?","R","E","M","T","?","R","M","$","E","R","BOSS","M","M","?","?","M","R","M","R","T","$","?","?","?","M","R","BOSS","M","?","?","$","?","R","?","R","T","M","?","?","$","E","R","BOSS","R","$","E","BOSS"],"items_purchased_type":["Relic","Relic","Card","Card","Card","Relic","Relic","Relic","Relic","Relic","Card"],"build_version":"2020-12-22","purchased_purges":2,"victory":false,"max_hp_per_floor":[80,80,80,80,80,80,80,80,80,80,80,80,80,80,80,80,80,80,80,80,80,80,80,80,80,80,80,80,80,84,88,88,92,92,92,92,102,102,106,106,106,106,106,110,110,110,110,110,110,114,114,114,114,114,114,114],"card_choices":[{"not_picked":["Shrug It Off","Havoc"],"picked":"Body Slam","floor":1.0},{"not_picked":["Anger","Thunderclap","Havoc"],"picked":"SKIP","floor":3.0},{"not_picked":["Body Slam","Spot Weakness"],"picked":"Rampage","floor":4.0},{"not_picked":["Fire Breathing","Hemokinesis","Twin Strike"],"picked":"SKIP","floor":7.0},{"not_picked":["Twin Strike","Havoc","Whirlwind"],"picked":"SKIP","floor":8.0},{"not_picked":["Havoc","Combust","Fiend Fire"],"picked":"SKIP","floor":12.0},{"not_picked":["Power Through","Clash"],"picked":"Headbutt","floor":14.0},{"not_picked":["Immolate","Corruption"],"picked":"Double Tap","floor":16.0},{"not_picked":["Perfected Strike+1","Power Through","Body Slam"],"picked":"SKIP","floor":18.0},{"not_picked":["Twin Strike","Clash","Armaments"],"picked":"SKIP","floor":19.0},{"not_picked":["Shrug It Off","Dropkick+1"],"picked":"Iron Wave+1","floor":20.0},{"not_picked":["Flex","Infernal Blade","Anger"],"picked":"SKIP","floor":22.0},{"not_picked":["Inflame","Warcry","Flame Barrier"],"picked":"SKIP","floor":24.0},{"not_picked":["Body Slam+1","Havoc"],"picked":"Feed","floor":29.0},{"not_picked":["Pummel","Fire Breathing+1","Burning Pact"],"picked":"SKIP","floor":30.0},{"not_picked":["Evolve","Clothesline+1","Twin Strike"],"picked":"SKIP","floor":31.0},{"not_picked":["Corruption","Fiend Fire"],"picked":"Impervious","floor":33.0},{"not_picked":["Rupture+1","Pommel Strike","Power Through"],"picked":"SKIP","floor":35.0},{"not_picked":["Shrug It Off","Spot Weakness+1","Clothesline+1"],"picked":"SKIP","floor":39.0},{"not_picked":["Shockwave+1","Sword Boomerang+1","Sentinel"],"picked":"SKIP","floor":44.0},{"not_picked":["Combust","Anger+1","Shrug It Off"],"picked":"SKIP","floor":48.0},{"not_picked":["Rupture","Hemokinesis"],"picked":"Iron Wave+1","floor":54}],"player_experience":1326565,"relics_obtained":[{"floor":7.0,"key":"Potion Belt"},{"floor":9.0,"key":"Pantograph"},{"floor":14.0,"key":"Ice Cream"},{"floor":20.0,"key":"Red Mask"},{"floor":26.0,"key":"PreservedInsect"},{"floor":36.0,"key":"Charon\u0027s Ashes"},{"floor":45.0,"key":"Letter Opener"},{"floor":48.0,"key":"Bronze Scales"},{"floor":54,"key":"Unceasing Top"}],"event_choices":[{"damage_healed":0.0,"max_hp_gain":0.0,"max_hp_loss":0.0,"gold_gain":0.0,"cards_transformed":["Strike_R"],"event_name":"Transmorgrifier","player_choice":"Transformed","floor":2.0,"gold_loss":0.0,"damage_taken":0.0,"cards_obtained":["Juggernaut"]},{"damage_healed":0.0,"max_hp_gain":0.0,"max_hp_loss":0.0,"gold_gain":0.0,"event_name":"Shining Light","player_choice":"Entered Light","floor":5.0,"gold_loss":0.0,"damage_taken":16.0,"cards_upgraded":["Rampage","Strike_R"]},{"damage_healed":0.0,"max_hp_gain":0.0,"max_hp_loss":0.0,"gold_gain":0.0,"event_name":"Golden Idol","player_choice":"Take Wound","floor":10.0,"gold_loss":0.0,"damage_taken":0.0,"relics_obtained":["Golden Idol"],"cards_obtained":["Injury"]},{"damage_healed":0.0,"max_hp_gain":0.0,"max_hp_loss":0.0,"gold_gain":0.0,"event_name":"Masked Bandits","player_choice":"Fought Bandits","floor":20.0,"gold_loss":0.0,"damage_taken":0.0},{"damage_healed":0.0,"max_hp_gain":0.0,"max_hp_loss":0.0,"gold_gain":0.0,"event_name":"Drug Dealer","player_choice":"Inject Mutagens","floor":21.0,"gold_loss":0.0,"damage_taken":0.0,"relics_obtained":["MutagenicStrength"]},{"damage_healed":0.0,"max_hp_gain":0.0,"max_hp_loss":0.0,"gold_gain":100.0,"event_name":"The Joust","player_choice":"Bet on Murderer","floor":28.0,"gold_loss":50.0,"damage_taken":0.0},{"damage_healed":0.0,"max_hp_gain":0.0,"max_hp_loss":0.0,"gold_gain":0.0,"event_name":"MindBloom","player_choice":"Fight","floor":36.0,"gold_loss":0.0,"damage_taken":0.0},{"cards_removed":["Impervious"],"damage_healed":25.0,"max_hp_gain":10.0,"max_hp_loss":0.0,"gold_gain":0.0,"event_name":"Bonfire Elementals","player_choice":"Offered Rare","floor":37.0,"gold_loss":0.0,"damage_taken":0.0},{"damage_healed":0.0,"max_hp_gain":0.0,"max_hp_loss":0.0,"gold_gain":222.0,"event_name":"Tomb of Lord Red Mask","player_choice":"Wore Mask","floor":46.0,"gold_loss":0.0,"damage_taken":0.0}],"is_beta":false,"boss_relics":[{"not_picked":["Fusion Hammer","Pandora\u0027s Box"],"picked":"Empty Cage"},{"not_picked":["SlaversCollar","Tiny House"],"picked":"Velvet Choker"}],"items_purged_floors":[0,13],"is_endless":false,"potions_floor_spawned":[7,8,12,20,29,30,31,33,35,44,48],"killed_by":"The Heart","ascension_level":0}}