{"host":"bxd97rc2ofc6op20","time":1610768213,"event":{"mods":["BaseMod","Googly Eyes","Minty Spire (QoL Compilation)"],"gold_per_floor":[112,132,147,160,179,210,226,81,132,164,175,188,221,238,238,342,342,329,341,353,363,363,363,392,392,392,408,433,433,445,445,445,541,541,558,575,575,575,595,595,595],"floor_reached":40,"language":"ENG","playtime":5729,"items_purged":["Clumsy"],"score":578,"play_id":"1a32f083-4f79-485a-9386-6a09a7560123","local_time":"20210115193653","is_ascension_mode":true,"campfire_choices":[{"data":"Hemokinesis","floor":15.0,"key":"SMITH"},{"data":"Uppercut","floor":23.0,"key":"SMITH"},{"floor":25.0,"key":"REST"},{"data":"Shrug It Off","floor":29.0,"key":"SMITH"},{"data":"Feel No Pain","floor":32.0,"key":"SMITH"}],"circlet_count":0,"master_deck":["Strike_R","Strike_R","Strike_R","Strike_R","Strike_R","Defend_R","Defend_R","Defend_R","Defend_R","Bash","Shrug It Off+1","Inflame","Hemokinesis+1","Spot Weakness","Combust","Sword Boomerang","Uppercut+1","Rupture","Combust","Metallicize","Armaments","Shockwave","Impervious","Heavy Blade","Iron Wave","Hemokinesis","Pummel+1","Writhe","Flame Barrier","Second Wind","Feel No Pain+1","Decay","Demon Form","Flame Barrier+1","Madness","Madness","Metallicize+1"],"relics":["Burning Blood","TungstenRod","Dream Catcher","Bird Faced Urn","StrikeDummy","Runic Cube","Red Skull","Orichalcum","HornCleat","Calipers","SlaversCollar"],"acts_visited":["Exordium","TheCity","TheBeyond"],"potions_floor_usage":[40],"damage_taken":[{"damage":0.0,"enemies":"Cultist","floor":1.0,"turns":3.0},{"damage":0.0,"enemies":"Small Slimes","floor":2.0,"turns":4.0},{"damage":5.0,"enemies":"2 Louse","floor":3.0,"turns":3.0},{"damage":3.0,"enemies":"Red Slaver","floor":4.0,"turns":5.0},{"damage":4.0,"enemies":"Blue Slaver","floor":5.0,"turns":3.0},{"damage":13.0,"enemies":"Lagavulin","floor":6.0,"turns":7.0},{"damage":16.0,"enemies":"Looter","floor":7.0,"turns":3.0},{"damage":6.0,"enemies":"3 Sentries","floor":10.0,"turns":4.0},{"damage":1.0,"enemies":"2 Fungi Beasts","floor":11.0,"turns":2.0},{"damage":9.0,"enemies":"Gremlin Gang","floor":12.0,"turns":4.0},{"damage":28.0,"enemies":"Gremlin Nob","floor":13.0,"turns":5.0},{"damage":13.0,"enemies":"Lots of Slimes","floor":14.0,"turns":3.0},{"damage":25.0,"enemies":"The Guardian","floor":16.0,"turns":9.0},{"damage":14.0,"enemies":"2 Thieves","floor":18.0,"turns":4.0},{"damage":17.0,"enemies":"Shell Parasite","floor":19.0,"turns":5.0},{"damage":32.0,"enemies":"Centurion and Healer","floor":20.0,"turns":5.0},{"damage":8.0,"enemies":"Snecko","floor":21.0,"turns":6.0},{"damage":43.0,"enemies":"Gremlin Leader","floor":24.0,"turns":5.0},{"damage":12.0,"enemies":"Snake Plant","floor":27.0,"turns":3.0},{"damage":25.0,"enemies":"Slavers","floor":28.0,"turns":5.0},{"damage":12.0,"enemies":"Centurion and Healer","floor":30.0,"turns":5.0},{"damage":26.0,"enemies":"Champ","floor":33.0,"turns":13.0},{"damage":55.0,"enemies":"3 Darklings","floor":35.0,"turns":7.0},{"damage":4.0,"enemies":"Orb Walker","floor":36.0,"turns":4.0},{"damage":29.0,"enemies":"Maw","floor":39.0,"turns":9.0},{"damage":96,"enemies":"Giant Head","floor":40,"turns":8}],"seed_played":"4581780638651533519","potions_obtained":[{"floor":1.0,"key":"DistilledChaos"},{"floor":5.0,"key":"Fire Potion"},{"floor":7.0,"key":"Fire Potion"},{"floor":10.0,"key":"PowerPotion"},{"floor":11.0,"key":"SneckoOil"},{"floor":14.0,"key":"Swift Potion"},{"floor":18.0,"key":"Explosive Potion"},{"floor":27.0,"key":"Ancient Potion"},{"floor":30.0,"key":"ElixirPotion"},{"floor":33.0,"key":"Energy Potion"},{"floor":39.0,"key":"SkillPotion"}],"is_trial":false,"path_per_floor":["M","M","M","M","M","E","M","$","T","E","M","M","E","M","R","B",null,"M","M","M","M","?","R","E","R","T","M","E","R","M","?","R","B",null,"M","M","?","?","M","E"],"character_chosen":"IRONCLAD","items_purchased":["Uppercut"],"campfire_rested":1,"item_purchase_floors":[8],"current_hp_per_floor":[80,80,80,80,80,73,63,63,63,63,70,73,59,58,58,49,80,79,71,47,51,51,51,22,46,46,42,25,25,23,23,23,13,80,35,41,32,90,71,0,0],"gold":595,"neow_bonus":"ONE_RARE_RELIC","is_daily":false,"chose_seed":false,"campfire_upgraded":4,"win_rate":0.0,"timestamp":1610768213,"path_taken":["M","M","M","M","M","E","M","$","T","E","M","M","E","M","R","BOSS","M","M","M","M","?","R","E","R","T","M","E","R","M","?","R","BOSS","M","M","?","?","?","E"],"items_purchased_type":["Card"],"build_version":"2020-12-22","purchased_purges":1,"victory":false,"max_hp_per_floor":[80,80,80,80,80,80,80,80,80,80,80,80,80,80,80,80,80,80,80,80,80,80,80,80,80,80,80,80,80,80,80,80,80,80,80,80,80,90,90,90,90],"card_choices":[{"not_picked":["Pommel Strike","Headbutt","Clothesline"],"picked":"SKIP","floor":1.0},{"not_picked":["Battle Trance","Twin Strike"],"picked":"Shrug It Off","floor":2.0},{"not_picked":["Wild Strike","Flex"],"picked":"Inflame","floor":3.0},{"not_picked":["Havoc","Clothesline"],"picked":"Hemokinesis","floor":4.0},{"not_picked":["Armaments","Warcry"],"picked":"Spot Weakness","floor":5.0},{"not_picked":["Blood for Blood","Dark Embrace"],"picked":"Combust","floor":6.0},{"not_picked":["Cleave","Havoc"],"picked":"Sword Boomerang","floor":7.0},{"not_picked":["Body Slam","Shrug It Off"],"picked":"Rupture","floor":10.0},{"not_picked":["Headbutt","Immolate"],"picked":"Combust","floor":11.0},{"not_picked":["Sentinel","Uppercut"],"picked":"Metallicize","floor":12.0},{"not_picked":["Clash","Clothesline"],"picked":"Armaments","floor":13.0},{"not_picked":["Disarm","Perfected Strike"],"picked":"Shockwave","floor":14.0},{"not_picked":["Bludgeon","Reaper"],"picked":"Impervious","floor":16.0},{"not_picked":["Rampage","True Grit"],"picked":"Heavy Blade","floor":18.0},{"not_picked":["Havoc+1","Twin Strike"],"picked":"Iron Wave","floor":19.0},{"not_picked":["Anger","Body Slam+1"],"picked":"Hemokinesis","floor":20.0},{"not_picked":["Uppercut+1","Fire Breathing"],"picked":"Pummel+1","floor":21.0},{"not_picked":["True Grit+1","Armaments+1"],"picked":"Flame Barrier","floor":24.0},{"not_picked":["Inflame","Heavy Blade"],"picked":"Second Wind","floor":25.0},{"not_picked":["Havoc","True Grit","Headbutt"],"picked":"SKIP","floor":27.0},{"not_picked":["Flex","Whirlwind"],"picked":"Feel No Pain","floor":28.0},{"not_picked":["Whirlwind+1","Power Through"],"picked":"Fiend Fire","floor":30.0},{"not_picked":["Exhume","Double Tap"],"picked":"Demon Form","floor":33.0},{"not_picked":["Fire Breathing","Inflame","Clothesline+1"],"picked":"SKIP","floor":35.0},{"not_picked":["Clash+1","Blood for Blood+1"],"picked":"Flame Barrier+1","floor":36.0},{"not_picked":["Flame Barrier","Rage"],"picked":"Metallicize+1","floor":39.0}],"player_experience":284940,"relics_obtained":[{"floor":6.0,"key":"Dream Catcher"},{"floor":10.0,"key":"Bird Faced Urn"},{"floor":13.0,"key":"StrikeDummy"},{"floor":24.0,"key":"Orichalcum"},{"floor":26.0,"key":"HornCleat"},{"floor":28.0,"key":"Calipers"}],"event_choices":[{"damage_healed":0.0,"max_hp_gain":0.0,"max_hp_loss":0.0,"gold_gain":0.0,"event_name":"The Mausoleum","player_choice":"Opened","floor":22.0,"gold_loss":0.0,"damage_taken":0.0,"relics_obtained":["Red Skull"],"cards_obtained":["Writhe"]},{"damage_healed":0.0,"max_hp_gain":0.0,"max_hp_loss":0.0,"gold_gain":0.0,"event_name":"Wheel of Change","player_choice":"Cursed","floor":31.0,"gold_loss":0.0,"damage_taken":0.0,"cards_obtained":["Decay"]},{"damage_healed":0.0,"max_hp_gain":0.0,"max_hp_loss":0.0,"gold_gain":0.0,"event_name":"Winding Halls","player_choice":"Embrace Madness","floor":37.0,"gold_loss":0.0,"damage_taken":10.0,"cards_obtained":["Madness","Madness"]},{"cards_removed":["Fiend Fire"],"damage_healed":48.0,"max_hp_gain":10.0,"max_hp_loss":0.0,"gold_gain":0.0,"event_name":"Bonfire Elementals","player_choice":"Offered Rare","floor":38.0,"gold_loss":0.0,"damage_taken":0.0}],"is_beta":false,"boss_relics":[{"not_picked":["Snecko Eye","Pandora\u0027s Box"],"picked":"Runic Cube"},{"not_picked":["Cursed Key","Tiny House"],"picked":"SlaversCollar"}],"items_purged_floors":[8],"is_endless":false,"potions_floor_spawned":[1,5,7,10,11,14,18,27,30,33,39],"killed_by":"Giant Head","ascension_level":3}}