{"host":"bpjv6cqpnmybtr57","time":1610755362,"event":{"mods":["BaseMod","Bestiary","Minty Spire (QoL Compilation)","Relic Stats"],"gold_per_floor":[109,23,35,49,68,96,108,108,188,188,222,222,233,258,270,282,282],"floor_reached":16,"language":"ENG","playtime":1680,"items_purged":[],"score":263,"play_id":"58f7661d-3d39-43b9-9aae-6f1b24a5e478","local_time":"20210115160242","is_ascension_mode":true,"campfire_choices":[{"floor":8,"key":"REST"},{"data":"Predator","floor":10,"key":"SMITH"},{"floor":15,"key":"REST"}],"circlet_count":0,"master_deck":["AscendersBane","Strike_G","Strike_G","Strike_G","Strike_G","Defend_G","Defend_G","Defend_G","Defend_G","Defend_G","Survivor","Neutralize","Endless Agony","Predator+1","Flying Knee","Footwork","Phantasmal Killer","Blur","Footwork+1","Dodge and Roll","Deflect"],"relics":["Ring of the Snake","Happy Flower","Frozen Egg 2","Mango","MawBank"],"acts_visited":["Exordium"],"potions_floor_usage":[7,11,11,14,16],"damage_taken":[{"damage":3,"enemies":"Cultist","floor":1,"turns":5},{"damage":2,"enemies":"2 Louse","floor":3,"turns":3},{"damage":2,"enemies":"Jaw Worm","floor":4,"turns":3},{"damage":3,"enemies":"3 Louse","floor":5,"turns":4},{"damage":22,"enemies":"3 Sentries","floor":6,"turns":9},{"damage":30,"enemies":"Exordium Wildlife","floor":7,"turns":8},{"damage":13,"enemies":"Lagavulin","floor":11,"turns":6},{"damage":0,"enemies":"Looter","floor":13,"turns":2},{"damage":32,"enemies":"Gremlin Nob","floor":14,"turns":5},{"damage":40,"enemies":"Slime Boss","floor":16,"turns":9}],"seed_played":"-5324779199407188745","potions_obtained":[{"floor":1,"key":"GhostInAJar"},{"floor":3,"key":"GamblersBrew"},{"floor":7,"key":"EntropicBrew"},{"floor":11,"key":"Regen Potion"}],"is_trial":false,"path_per_floor":["M","$","M","M","M","E","M","R","T","R","E","?","M","E","R","B"],"character_chosen":"THE_SILENT","items_purchased":["Predator"],"campfire_rested":2,"item_purchase_floors":[2],"current_hp_per_floor":[62,62,60,58,55,33,3,24,24,24,25,25,25,7,32,0,0],"gold":282,"neow_bonus":"TEN_PERCENT_HP_BONUS","is_daily":false,"chose_seed":false,"campfire_upgraded":1,"win_rate":0.0,"timestamp":1610755362,"path_taken":["M","$","M","M","?","E","M","R","T","R","E","?","M","E","R","BOSS"],"items_purchased_type":["Card"],"build_version":"2020-12-22","purchased_purges":0,"victory":false,"max_hp_per_floor":[72,72,72,72,72,72,72,72,72,72,86,86,86,86,86,86,86],"relic_stats":{"Happy Flower":[10],"counters":[10,54],"MawBank":24,"obtain_stats":[{"Happy Flower":6,"Mango":11,"Frozen Egg 2":9,"MawBank":14,"Ring of the Snake":0},{"Happy Flower":5,"Mango":7,"Frozen Egg 2":6,"MawBank":9,"Ring of the Snake":0},{"Happy Flower":24,"Mango":38,"Frozen Egg 2":32,"MawBank":45,"Ring of the Snake":0}],"Ring of the Snake":[22]},"card_choices":[{"not_picked":["Catalyst","Deflect"],"picked":"Endless Agony","floor":1},{"not_picked":["Predator","Bane"],"picked":"Flying Knee","floor":3},{"not_picked":["Deflect","Choke","Skewer"],"picked":"SKIP","floor":4},{"not_picked":["Acrobatics","Deadly Poison"],"picked":"Footwork","floor":5},{"not_picked":["Deflect","Night Terror"],"picked":"Phantasmal Killer","floor":6},{"not_picked":["Masterful Stab","Sucker Punch"],"picked":"Blur","floor":7},{"not_picked":["Distraction","Acrobatics"],"picked":"Footwork+1","floor":11},{"not_picked":["Leg Sweep","Heel Hook"],"picked":"Dodge and Roll","floor":13},{"not_picked":["Prepared","Setup"],"picked":"Deflect","floor":14}],"player_experience":63252,"relics_obtained":[{"floor":6,"key":"Happy Flower"},{"floor":9,"key":"Frozen Egg 2"},{"floor":11,"key":"Mango"},{"floor":14,"key":"MawBank"}],"event_choices":[{"cards_removed":["Strike_G"],"damage_healed":0,"gold_gain":0,"player_choice":"Purged","damage_taken":0,"max_hp_gain":0,"max_hp_loss":0,"event_name":"Purifier","floor":12,"gold_loss":0}],"is_beta":false,"boss_relics":[],"items_purged_floors":[],"is_endless":false,"potions_floor_spawned":[1,3,7,11],"killed_by":"Slime Boss","ascension_level":19}}