{"host":"aq6j0shg22k0vr7s","time":1610767657,"event":{"mods":["2.2 Compatiblity","AchievementEnabler","BaseMod","Better Note","Colored Map","Downfall","Duelist Mod","GifTheSpireLib","Hermit","Marisa????????","Minty Spire (QoL Compilation)","Quick Restart","StSLib","Td1madao Mod","The Bug Knight","The Cursed"],"gold_per_floor":[114,127,94,110,10,40,40,115,115,115,125,145,0,275,275,374,374,389,406,423,71,71,71],"floor_reached":22,"language":"ENG","playtime":959,"items_purged":["hermit:Strike_Hermit","hermit:Strike_Hermit"],"score":186,"play_id":"c8090ef1-299b-4888-ab61-5dc3e3349eb7","local_time":"20210115192737","is_ascension_mode":false,"campfire_choices":[{"data":"hermit:ShadowCloak","floor":7,"key":"SMITH"},{"floor":10,"key":"REST"},{"data":"hermit:FatalDesire","floor":15,"key":"SMITH"}],"circlet_count":0,"master_deck":["hermit:Strike_Hermit","hermit:Strike_Hermit","hermit:Defend_Hermit","hermit:Defend_Hermit","hermit:Defend_Hermit","hermit:Defend_Hermit","hermit:Snapshot","hermit:Covet","hermit:Quickdraw","hermit:Feint","hermit:ShadowCloak+1","hermit:HighCaliber","hermit:Ricochet","hermit:HoleUp","hermit:Headshot","hermit:FatalDesire+1","hermit:TrackingShot","hermit:Feint","Regret","hermit:RoundhouseKick","hermit:Ricochet","hermit:Snipe","hermit:TrackingShot+1"],"relics":["hermit:Momento","NeowsBlessing","Bottled Flame","Mercury Hourglass","bronze:MakeshiftBattery","HornCleat"],"acts_visited":["Exordium","TheCity"],"potions_floor_usage":[6,6,16,20,22],"damage_taken":[{"damage":0,"enemies":"Cultist","floor":1,"turns":1},{"damage":0,"enemies":"Small Slimes","floor":2,"turns":1},{"damage":0,"enemies":"Jaw Worm","floor":4,"turns":1},{"damage":33,"enemies":"Gremlin Nob","floor":6,"turns":5},{"damage":0,"enemies":"Large Slime","floor":11,"turns":4},{"damage":0,"enemies":"3 Louse","floor":12,"turns":2},{"damage":4,"enemies":"The Guardian","floor":16,"turns":13},{"damage":7,"enemies":"Chosen","floor":18,"turns":5},{"damage":17,"enemies":"Snecko","floor":19,"turns":5},{"damage":7,"enemies":"Centurion and Healer","floor":20,"turns":4},{"damage":45,"enemies":"Cultist and Chosen","floor":22,"turns":6}],"seed_played":"-2688064937561505038","potions_obtained":[{"floor":2,"key":"CultistPotion"},{"floor":4,"key":"Strength Potion"},{"floor":12,"key":"LiquidBronze"},{"floor":19,"key":"hermit:Tonic"},{"floor":20,"key":"Strength Potion"}],"is_trial":false,"path_per_floor":["M","M","$","M","$","E","R","?","T","R","M","M","$","?","R","B",null,"M","M","M","$","M"],"character_chosen":"HERMIT","items_purchased":["hermit:ShadowCloak","hermit:Ricochet","hermit:HoleUp","hermit:TrackingShot","hermit:Feint","HornCleat"],"campfire_rested":1,"item_purchase_floors":[3,5,5,13,13,21],"current_hp_per_floor":[75,75,75,75,75,42,42,31,31,53,53,53,53,53,53,49,75,68,51,44,44,0,0],"gold":71,"neow_bonus":"THREE_ENEMY_KILL","is_daily":false,"chose_seed":false,"campfire_upgraded":2,"win_rate":0.0,"timestamp":1610767657,"path_taken":["M","M","$","M","?","E","R","?","T","R","M","M","$","?","R","BOSS","M","M","?","$","?"],"items_purchased_type":["Card","Card","Card","Card","Card","Relic"],"build_version":"2020-12-22","purchased_purges":2,"victory":false,"max_hp_per_floor":[75,75,75,75,75,75,75,75,75,75,75,75,75,75,75,75,75,75,75,75,75,75,75],"card_choices":[{"not_picked":["hermit:Misfire","hermit:Snipe"],"picked":"hermit:Quickdraw","floor":1},{"not_picked":["hermit:Gestalt","hermit:LuckOfTheDraw"],"picked":"hermit:Feint","floor":2},{"not_picked":["hermit:HoleUp","hermit:Virtue"],"picked":"hermit:HighCaliber","floor":4},{"not_picked":["hermit:Brawl","hermit:WideOpen","hermit:Midnight"],"picked":"SKIP","floor":6},{"not_picked":["hermit:Quickdraw","hermit:Roulette"],"picked":"hermit:Headshot","floor":11},{"not_picked":["hermit:Brawl","hermit:ShadowCloak"],"picked":"hermit:FatalDesire","floor":12},{"not_picked":["hermit:HighNoon","hermit:Gambit"],"picked":"hermit:RoundhouseKick","floor":16},{"not_picked":["hermit:TakeCover","hermit:Enervate"],"picked":"hermit:Ricochet","floor":18},{"not_picked":["hermit:LowProfile","hermit:Quickdraw"],"picked":"hermit:Snipe","floor":19},{"not_picked":["hermit:Glare","hermit:ItchyTrigger"],"picked":"hermit:TrackingShot+1","floor":20}],"player_experience":80284,"relics_obtained":[{"floor":6,"key":"Bottled Flame"},{"floor":9,"key":"Mercury Hourglass"}],"event_choices":[{"damage_healed":0,"gold_gain":75,"player_choice":"Gather Gold","damage_taken":11,"max_hp_gain":0,"max_hp_loss":0,"event_name":"World of Goop","floor":8,"gold_loss":0},{"damage_healed":0,"gold_gain":275,"player_choice":"Desecrate","damage_taken":0,"max_hp_gain":0,"max_hp_loss":0,"event_name":"Golden Shrine","floor":14,"gold_loss":0,"cards_obtained":["Regret"]}],"is_beta":false,"boss_relics":[{"not_picked":["Tiny House","Cursed Key"],"picked":"bronze:MakeshiftBattery"}],"items_purged_floors":[13,21],"is_endless":false,"potions_floor_spawned":[2,4,12,19,20],"killed_by":"Cultist and Chosen","ascension_level":0}}