{"host":"ydg0vn0pu4pubmdt","time":1610786738,"event":{"mods":["AchievementEnabler","BaseMod","Colored Map","Gold Saver","Minty Spire (QoL Compilation)","Quick Restart","SuperFastMode"],"gold_per_floor":[114,125,136,148,166,194,194,219,243,243,254,254,274,274,274,377,377,388,388,85,105,123,123,23,23,23,23,23,39,39,59,59,59,59],"floor_reached":33,"language":"KOR","playtime":7525,"items_purged":["Strike_B","Strike_B"],"score":337,"play_id":"c7f6a6c6-884d-4736-b2d4-331781e7afec","local_time":"20210116174538","is_ascension_mode":true,"campfire_choices":[{"data":"Zap","floor":7.0,"key":"SMITH"},{"floor":10.0,"key":"REST"},{"data":"Fusion","floor":12.0,"key":"SMITH"},{"data":"Secret Technique","floor":15.0,"key":"SMITH"},{"data":"Turbo","floor":23,"key":"SMITH"},{"data":"Seek","floor":25,"key":"SMITH"},{"data":"Dualcast","floor":27,"key":"SMITH"},{"data":"Reboot","floor":30,"key":"SMITH"},{"data":"Streamline","floor":32,"key":"SMITH"}],"circlet_count":0,"master_deck":["Strike_B","Strike_B","Defend_B","Defend_B","Defend_B","Defend_B","Zap+1","Dualcast+1","Secret Technique+1","Doom and Gloom","Streamline+1","FTL","Sweeping Beam","Reboot+1","Conserve Battery","Fusion+1","Undo","Core Surge","Coolheaded+1","Core Surge","Seek+1","Turbo+1","White Noise+1","Seek+1","Reinforced Body+1"],"relics":["Cracked Core","Boot","TungstenRod","Bronze Scales","Potion Belt","Nuclear Battery","Ancient Tea Set","Toxic Egg 2"],"acts_visited":["Exordium","TheCity"],"potions_floor_usage":[33],"damage_taken":[{"damage":1.0,"enemies":"Cultist","floor":1.0,"turns":3.0},{"damage":7.0,"enemies":"Jaw Worm","floor":2.0,"turns":3.0},{"damage":3.0,"enemies":"Small Slimes","floor":3.0,"turns":3.0},{"damage":1.0,"enemies":"Exordium Thugs","floor":4.0,"turns":4.0},{"damage":0.0,"enemies":"2 Fungi Beasts","floor":5.0,"turns":2.0},{"damage":35.0,"enemies":"Lagavulin","floor":6.0,"turns":7.0},{"damage":25.0,"enemies":"3 Sentries","floor":8.0,"turns":5.0},{"damage":7.0,"enemies":"Exordium Wildlife","floor":11.0,"turns":3.0},{"damage":0.0,"enemies":"Large Slime","floor":13.0,"turns":3.0},{"damage":8,"enemies":"Hexaghost","floor":16,"turns":7},{"damage":0,"enemies":"3 Byrds","floor":18,"turns":2},{"damage":5,"enemies":"Chosen","floor":21,"turns":3},{"damage":16,"enemies":"Centurion and Healer","floor":22,"turns":7},{"damage":7,"enemies":"Snecko","floor":29,"turns":3},{"damage":2,"enemies":"Sentry and Sphere","floor":31,"turns":3},{"damage":27,"enemies":"Champ","floor":33,"turns":9}],"seed_played":"-1071160386629662481","potions_obtained":[{"floor":1.0,"key":"AttackPotion"},{"floor":4.0,"key":"Regen Potion"},{"floor":5.0,"key":"GamblersBrew"},{"floor":11.0,"key":"Ancient Potion"},{"floor":18,"key":"Dexterity Potion"},{"floor":29,"key":"EssenceOfSteel"},{"floor":31,"key":"FocusPotion"}],"is_trial":false,"path_per_floor":["M","M","M","M","M","E","R","E","T","R","M","R","M","?","R","B",null,"M","?","$","M","M","R","$","R","T","R","$","M","R","M","R","B"],"character_chosen":"DEFECT","items_purchased":["Seek","Ancient Tea Set"],"campfire_rested":1,"item_purchase_floors":[20,20],"current_hp_per_floor":[67,60,57,56,56,34,34,9,9,29,22,22,22,22,22,14,55,55,55,55,50,34,34,34,34,34,34,34,27,27,25,25,0,0],"gold":59,"neow_bonus":"RANDOM_COLORLESS_2","is_daily":false,"chose_seed":false,"campfire_upgraded":8,"win_rate":0.0,"timestamp":1610786738,"path_taken":["M","M","M","M","?","E","R","E","T","R","M","R","M","?","R","BOSS","M","?","$","M","M","R","$","R","T","R","?","?","R","M","R","BOSS"],"items_purchased_type":["Card","Relic"],"build_version":"2020-12-22","purchased_purges":2,"victory":false,"max_hp_per_floor":[68,68,68,68,68,68,68,68,68,68,68,68,68,68,68,68,68,68,68,68,68,68,68,68,68,68,68,68,68,68,68,68,68,68],"card_choices":[{"not_picked":["Magnetism","Panache"],"picked":"Secret Technique","floor":0.0},{"not_picked":["Stack","Reprogram"],"picked":"Doom and Gloom","floor":1.0},{"not_picked":["Doom and Gloom","Redo"],"picked":"Streamline","floor":2.0},{"not_picked":["Scrape","Aggregate","Beam Cell"],"picked":"SKIP","floor":3.0},{"not_picked":["Conserve Battery","Self Repair"],"picked":"FTL","floor":4.0},{"not_picked":["Leap","Gash"],"picked":"Sweeping Beam","floor":5.0},{"not_picked":["Defragment","Static Discharge"],"picked":"Reboot","floor":6.0},{"not_picked":["Sunder","Sweeping Beam"],"picked":"Conserve Battery","floor":8.0},{"not_picked":["Reinforced Body","Streamline"],"picked":"Fusion","floor":11.0},{"not_picked":["Storm","Melter"],"picked":"Undo","floor":13.0},{"not_picked":["Machine Learning","Hyperbeam"],"picked":"Core Surge","floor":16},{"not_picked":["Hologram","Cold Snap"],"picked":"Coolheaded+1","floor":18},{"not_picked":["BootSequence+1","Hologram"],"picked":"Turbo","floor":21},{"not_picked":["Coolheaded","Ball Lightning"],"picked":"White Noise+1","floor":22},{"not_picked":["Gash+1","Barrage"],"picked":"Seek+1","floor":29},{"not_picked":["Conserve Battery+1","Recycle+1"],"picked":"Reinforced Body+1","floor":31}],"player_experience":383094,"relics_obtained":[{"floor":6.0,"key":"Boot"},{"floor":8.0,"key":"TungstenRod"},{"floor":9.0,"key":"Bronze Scales"},{"floor":26,"key":"Toxic Egg 2"}],"event_choices":[{"damage_healed":0.0,"max_hp_gain":0.0,"max_hp_loss":0.0,"gold_gain":0.0,"event_name":"Dead Adventurer","player_choice":"Searched \u00271\u0027 times","floor":14.0,"gold_loss":0.0,"damage_taken":0.0,"relics_obtained":["Potion Belt"]},{"damage_healed":0,"gold_gain":0,"player_choice":"Copied","damage_taken":0,"max_hp_gain":0,"max_hp_loss":0,"event_name":"Duplicator","floor":19,"gold_loss":0,"cards_obtained":["Core Surge"]}],"is_beta":false,"boss_relics":[{"not_picked":["Runic Pyramid","Snecko Eye"],"picked":"Nuclear Battery"}],"items_purged_floors":[20,24],"is_endless":false,"potions_floor_spawned":[1,4,5,11,18,29,31],"killed_by":"Champ","ascension_level":6}}