{"host":"2pmmafybkq7zb6na","time":1610778271,"event":{"mods":["AchievementEnabler","BaseMod","Colored Map","Highlight Path","Minty Spire (QoL Compilation)","Quick Restart","StSLib","SuperFastMode"],"gold_per_floor":[118,131,25,100,100,100,129,129,129,129,129,129,149,161,161,259,259,271,196,210,230,246,246,261,261,261,261,278,278,313,313,313],"floor_reached":31,"language":"KOR","playtime":1600,"items_purged":["Endless Agony"],"score":235,"play_id":"c3353c13-d34d-4308-8284-1f48e6774d59","local_time":"20210116152431","is_ascension_mode":false,"campfire_choices":[{"floor":6,"key":"REST"},{"data":"Bouncing Flask","floor":8,"key":"SMITH"},{"data":"Neutralize","floor":10,"key":"SMITH"},{"floor":15,"key":"REST"},{"data":"Outmaneuver","floor":23,"key":"SMITH"},{"floor":27,"key":"REST"}],"circlet_count":0,"master_deck":["Strike_G","Defend_G+1","Defend_G+1","Defend_G","Survivor","Neutralize+1","Reflex","Bouncing Flask+1","Well Laid Plans","Infinite Blades","Poisoned Stab","Burst","Prepared","Outmaneuver+1","Corpse Explosion","Crippling Poison+1","Deadly Poison","Acrobatics+1","Bouncing Flask","Decay","Noxious Fumes"],"relics":["Ring of the Snake","Lantern","War Paint","Empty Cage","Pantograph","Red Mask"],"acts_visited":["Exordium","TheCity"],"potions_floor_usage":[7,22,30,30],"damage_taken":[{"damage":0,"enemies":"2 Louse","floor":1,"turns":5},{"damage":0,"enemies":"Small Slimes","floor":2,"turns":6},{"damage":23,"enemies":"3 Sentries","floor":7,"turns":10},{"damage":0,"enemies":"Cultist","floor":13,"turns":3},{"damage":18,"enemies":"Gremlin Gang","floor":14,"turns":5},{"damage":7,"enemies":"The Guardian","floor":16,"turns":7},{"damage":0,"enemies":"3 Byrds","floor":18,"turns":2},{"damage":7,"enemies":"Spheric Guardian","floor":20,"turns":4},{"damage":24,"enemies":"Snake Plant","floor":21,"turns":6},{"damage":12,"enemies":"Snecko","floor":22,"turns":6},{"damage":22,"enemies":"Shelled Parasite and Fungi","floor":24,"turns":4},{"damage":15,"enemies":"Snake Plant","floor":28,"turns":3},{"damage":11,"enemies":"Masked Bandits","floor":30,"turns":3},{"damage":0,"enemies":"Centurion and Healer","floor":31,"turns":3}],"seed_played":"-6584750254415840482","potions_obtained":[{"floor":1,"key":"Dexterity Potion"},{"floor":16,"key":"SteroidPotion"},{"floor":22,"key":"LiquidBronze"},{"floor":24,"key":"Dexterity Potion"},{"floor":28,"key":"Swift Potion"}],"is_trial":false,"path_per_floor":["M","M","$","?","?","R","E","R","T","R","?","?","M","M","R","B",null,"M","$","M","M","M","R","M","?","T","R","M","?","?","M"],"character_chosen":"THE_SILENT","items_purchased":["Bouncing Flask","Well Laid Plans"],"campfire_rested":3,"item_purchase_floors":[3,3],"current_hp_per_floor":[49,49,49,38,38,59,36,36,36,36,41,41,41,23,45,38,75,75,75,68,44,32,32,10,10,10,32,17,17,6,6,6],"gold":313,"neow_bonus":"REMOVE_TWO","is_daily":false,"chose_seed":false,"campfire_upgraded":3,"win_rate":0.0,"timestamp":1610778271,"path_taken":["M","M","$","?","?","R","E","R","T","R","?","?","?","M","R","BOSS","M","$","M","M","?","R","M","?","T","R","M","?","?","?"],"items_purchased_type":["Card","Card"],"build_version":"2020-12-22","purchased_purges":1,"victory":false,"max_hp_per_floor":[70,70,70,70,70,70,70,70,70,70,75,75,75,75,75,75,75,75,75,75,75,75,75,75,75,75,75,75,75,75,75,75],"card_choices":[{"not_picked":["Expertise","Sucker Punch"],"picked":"Reflex","floor":1},{"not_picked":["Calculated Gamble","Dodge and Roll"],"picked":"Endless Agony","floor":2},{"not_picked":["Adrenaline","PiercingWail"],"picked":"Poisoned Stab","floor":7},{"not_picked":["Dash","Underhanded Strike"],"picked":"Prepared","floor":13},{"not_picked":["Deflect","Acrobatics"],"picked":"Outmaneuver","floor":14},{"not_picked":["Tools of the Trade","A Thousand Cuts"],"picked":"Corpse Explosion","floor":16},{"not_picked":["Poisoned Stab","Caltrops"],"picked":"Crippling Poison+1","floor":18},{"not_picked":["Dagger Throw","Acrobatics+1","Endless Agony+1"],"picked":"SKIP","floor":20},{"not_picked":["Riddle With Holes","Blade Dance"],"picked":"Deadly Poison","floor":21},{"not_picked":["Backflip","Dodge and Roll"],"picked":"Acrobatics+1","floor":22},{"not_picked":["Endless Agony","Backstab+1"],"picked":"Bouncing Flask","floor":24},{"not_picked":["Quick Slash+1","Deadly Poison"],"picked":"Noxious Fumes","floor":28}],"player_experience":42585,"relics_obtained":[{"floor":7,"key":"Lantern"},{"floor":9,"key":"War Paint"},{"floor":26,"key":"Pantograph"},{"floor":30,"key":"Red Mask"}],"event_choices":[{"damage_healed":0,"gold_gain":75,"player_choice":"Gather Gold","damage_taken":11,"max_hp_gain":0,"max_hp_loss":0,"event_name":"World of Goop","floor":4,"gold_loss":0},{"damage_healed":0,"gold_gain":0,"cards_transformed":["Strike_G"],"player_choice":"Change","damage_taken":0,"max_hp_gain":0,"max_hp_loss":0,"event_name":"Living Wall","floor":5,"gold_loss":0,"cards_obtained":["Infinite Blades"]},{"damage_healed":0,"gold_gain":0,"player_choice":"Donut","damage_taken":0,"max_hp_gain":5,"max_hp_loss":0,"event_name":"Big Fish","floor":11,"gold_loss":0},{"damage_healed":0,"gold_gain":0,"cards_transformed":["Defend_G"],"player_choice":"Transformed","damage_taken":0,"max_hp_gain":0,"max_hp_loss":0,"event_name":"Transmorgrifier","floor":12,"gold_loss":0,"cards_obtained":["Burst"]},{"damage_healed":0,"gold_gain":0,"player_choice":"Smashed Altar","damage_taken":0,"max_hp_gain":0,"max_hp_loss":0,"event_name":"Forgotten Altar","floor":25,"gold_loss":0,"cards_obtained":["Decay"]},{"damage_healed":0,"gold_gain":0,"player_choice":"Ignored","damage_taken":0,"max_hp_gain":0,"max_hp_loss":0,"event_name":"Cursed Tome","floor":29,"gold_loss":0},{"damage_healed":0,"gold_gain":0,"player_choice":"Fought Bandits","damage_taken":0,"max_hp_gain":0,"max_hp_loss":0,"event_name":"Masked Bandits","floor":30,"gold_loss":0}],"is_beta":false,"boss_relics":[{"not_picked":["Ring of the Serpent","Busted Crown"],"picked":"Empty Cage"}],"items_purged_floors":[19],"is_endless":false,"potions_floor_spawned":[1,16,22,24,28],"killed_by":"Centurion and Healer","ascension_level":0}}