{"host":"trl0voo1ezac24er","time":1610829932,"event":{"mods":["BaseMod","Minty Spire (QoL Compilation)","StSLib","The Marked"],"gold_per_floor":[114,114,126,136,136,170,170,170,170,170,198,229,246,272,272,376,376,392,392,176,275,275,275,275,275,275,275,275,303,320,72,72,175,175,189,189,64,64,109,109,109,109,133,165,165,190,190,216,216,216],"floor_reached":51,"language":"ENG","playtime":1198,"items_purged":["theMarked:BanishingStrike","theMarked:Frustration","theMarked:Frustration"],"score":1044,"play_id":"b37e722f-701a-4e53-8232-388e04bcea6e","local_time":"20210116154532","daily_mods":["SealedDeck","Heirloom","Time Dilation","Flight","Elite Swarm"],"is_ascension_mode":false,"campfire_choices":[{"data":"theMarked:Panic","floor":7,"key":"SMITH"},{"data":"theMarked:BanishingStrike","floor":8,"key":"SMITH"},{"data":"theMarked:BanishingWave","floor":10,"key":"SMITH"},{"data":"theMarked:Abjuration","floor":15,"key":"SMITH"},{"data":"theMarked:Vacuum","floor":23,"key":"SMITH"},{"data":"theMarked:ComboAttacks","floor":24,"key":"SMITH"},{"data":"theMarked:MysticalArsenal","floor":25,"key":"SMITH"},{"data":"theMarked:ResourceFulStrike","floor":27,"key":"SMITH"},{"data":"theMarked:Panic","floor":28,"key":"SMITH"},{"data":"theMarked:BanishingStrike","floor":32,"key":"SMITH"},{"data":"theMarked:BanishingStrike","floor":40,"key":"SMITH"},{"data":"theMarked:TwofoldDefense","floor":41,"key":"SMITH"},{"data":"theMarked:TwofoldDefense","floor":42,"key":"SMITH"},{"data":"Madness","floor":45,"key":"SMITH"},{"data":"Madness","floor":49,"key":"SMITH"}],"circlet_count":0,"master_deck":["theMarked:TwofoldDefense+1","theMarked:Panic+1","theMarked:ResourceFulStrike+1","theMarked:BanishingStrike+1","theMarked:BanishingStrike+1","theMarked:BanishingStrike+1","theMarked:BanishingWave+1","theMarked:Abjuration+1","theMarked:ComboAttacks+1","theMarked:Vacuum+1","theMarked:Panic+1","theMarked:MysticalArsenal+1","Madness+1","Madness+1","Flash of Steel"],"relics":["theMarked:ArtifactOfAir","Girya","Nunchaku","Meat on the Bone","Lantern","Bag of Preparation","Unceasing Top","Coffee Dripper","Nilry\u0027s Codex","theMarked:NailFile","Potion Belt","Ancient Tea Set","Sozu","Thread and Needle","Centennial Puzzle","Strawberry","Toy Ornithopter","Gambling Chip"],"acts_visited":["Exordium","TheCity","TheBeyond"],"potions_floor_usage":[16,29],"damage_taken":[{"damage":5,"enemies":"Small Slimes","floor":1,"turns":2},{"damage":0,"enemies":"Cultist","floor":3,"turns":2},{"damage":0,"enemies":"Jaw Worm","floor":4,"turns":2},{"damage":4,"enemies":"Lagavulin","floor":6,"turns":3},{"damage":0,"enemies":"3 Sentries","floor":11,"turns":2},{"damage":0,"enemies":"Gremlin Nob","floor":12,"turns":1},{"damage":0,"enemies":"Lots of Slimes","floor":13,"turns":1},{"damage":0,"enemies":"3 Sentries","floor":14,"turns":2},{"damage":0,"enemies":"Hexaghost","floor":16,"turns":2},{"damage":0,"enemies":"Spheric Guardian","floor":18,"turns":1},{"damage":0,"enemies":"Slavers","floor":29,"turns":1},{"damage":0,"enemies":"2 Thieves","floor":30,"turns":1},{"damage":0,"enemies":"Collector","floor":33,"turns":1},{"damage":0,"enemies":"3 Darklings","floor":35,"turns":1},{"damage":0,"enemies":"2 Orb Walkers","floor":39,"turns":1},{"damage":0,"enemies":"Reptomancer","floor":44,"turns":1},{"damage":0,"enemies":"Giant Head","floor":46,"turns":2},{"damage":0,"enemies":"Nemesis","floor":48,"turns":1},{"damage":5,"enemies":"Time Eater","floor":50,"turns":2}],"seed_played":"3652461688969136997","potions_obtained":[{"floor":1,"key":"Regen Potion"},{"floor":4,"key":"FearPotion"},{"floor":6,"key":"Strength Potion"},{"floor":16,"key":"Strength Potion"}],"is_trial":true,"path_per_floor":["M","?","M","M","?","E","R","R","T","R","E","E","M","E","R","B",null,"M","?","$","?","?","R","R","R","T","R","R","E","M","$","R","B",null,"M","?","$","?","?","R","R","R","T","E","R","E","?","E","R","B",null],"character_chosen":"THE_DEFAULT","items_purchased":["theMarked:Panic","theMarked:MysticalArsenal","Ancient Tea Set"],"campfire_rested":0,"item_purchase_floors":[20,20,31],"current_hp_per_floor":[65,65,65,65,65,61,61,61,61,61,61,61,61,61,61,61,70,70,54,54,54,54,54,54,54,54,54,54,70,70,70,70,70,70,70,61,61,61,70,70,70,70,70,77,77,77,77,77,77,72],"gold":216,"neow_bonus":"","is_daily":false,"chose_seed":false,"campfire_upgraded":15,"win_rate":0.0,"timestamp":1610829932,"path_taken":["M","?","?","?","?","E","R","R","T","R","E","E","?","E","R","BOSS","M","?","$","?","?","R","R","R","T","R","R","E","?","$","R","BOSS","M","?","$","?","?","R","R","R","T","E","R","E","?","E","R","BOSS"],"items_purchased_type":["Card","Card","Relic"],"build_version":"2020-12-22","purchased_purges":3,"victory":true,"max_hp_per_floor":[70,70,70,70,70,70,70,70,70,70,70,70,70,70,70,70,70,70,70,70,70,70,70,70,70,70,70,70,70,70,70,70,70,70,70,70,70,70,70,70,70,70,70,77,77,77,77,77,77,77],"card_choices":[{"not_picked":["theMarked:SwordAndMagic","theMarked:ChainLightning","theMarked:Improvise"],"picked":"SKIP","floor":1},{"not_picked":["theMarked:Panic","theMarked:Parkour"],"picked":"theMarked:BanishingWave","floor":3},{"not_picked":["theMarked:ChainLightning","theMarked:RepellingDischarge","theMarked:Parry"],"picked":"SKIP","floor":4},{"not_picked":["theMarked:TakeOffHeels","theMarked:Challenge","theMarked:MagicAdept"],"picked":"SKIP","floor":6},{"not_picked":["theMarked:SummonStrength","theMarked:ThrowWeapon"],"picked":"theMarked:Abjuration","floor":11},{"not_picked":["theMarked:MuscleMemory","theMarked:FavorableWinds","theMarked:Defy"],"picked":"SKIP","floor":12},{"not_picked":["theMarked:EmpowerWeapon","theMarked:WastefulDefense"],"picked":"theMarked:ComboAttacks","floor":13},{"not_picked":["theMarked:TakeOffHeels","theMarked:Defy","theMarked:EternalStudent"],"picked":"SKIP","floor":14},{"not_picked":["theMarked:Snap","theMarked:Levitate"],"picked":"theMarked:Vacuum","floor":16},{"not_picked":["theMarked:Aftermath","theMarked:Indomitable","theMarked:ParalyzingBlade"],"picked":"SKIP","floor":18},{"not_picked":["theMarked:DispelDoubt","theMarked:TakeOffHeels","theMarked:TurnInvisible"],"picked":"SKIP","floor":29},{"not_picked":["theMarked:Standoff","theMarked:Static+1","theMarked:ElementalBlade+1"],"picked":"SKIP","floor":30},{"not_picked":["theMarked:TunnelVision+1","theMarked:ResourceFulStrike","theMarked:EmpowerWeapon+1"],"picked":"SKIP","floor":35},{"not_picked":["Bandage Up","Enlightenment"],"picked":"Flash of Steel","floor":38},{"not_picked":["theMarked:FavorableWinds","theMarked:SuspiciousRaven","theMarked:TakeOffHeels"],"picked":"SKIP","floor":44},{"not_picked":["theMarked:EternalStudent","theMarked:TurnInvisible","theMarked:TakeOffHeels"],"picked":"SKIP","floor":46},{"not_picked":["theMarked:DispelDoubt","theMarked:UnarmedFury","theMarked:Challenge"],"picked":"SKIP","floor":48}],"player_experience":698563,"relics_obtained":[{"floor":6,"key":"Nunchaku"},{"floor":9,"key":"Meat on the Bone"},{"floor":11,"key":"Lantern"},{"floor":12,"key":"Bag of Preparation"},{"floor":14,"key":"Unceasing Top"},{"floor":19,"key":"Nilry\u0027s Codex"},{"floor":26,"key":"theMarked:NailFile"},{"floor":29,"key":"Potion Belt"},{"floor":39,"key":"Thread and Needle"},{"floor":43,"key":"Centennial Puzzle"},{"floor":44,"key":"Strawberry"},{"floor":46,"key":"Toy Ornithopter"},{"floor":48,"key":"Gambling Chip"}],"event_choices":[{"damage_healed":0,"gold_gain":0,"player_choice":"Bought 0 Potions","damage_taken":0,"max_hp_gain":0,"max_hp_loss":0,"event_name":"The Woman in Blue","floor":2,"gold_loss":0},{"damage_healed":0,"gold_gain":0,"player_choice":"Ignored","damage_taken":0,"max_hp_gain":0,"max_hp_loss":0,"event_name":"Transmorgrifier","floor":5,"gold_loss":0},{"damage_healed":0,"gold_gain":0,"player_choice":"Obtained Book","damage_taken":16,"max_hp_gain":0,"max_hp_loss":0,"event_name":"Cursed Tome","floor":19,"gold_loss":0},{"damage_healed":0,"gold_gain":99,"player_choice":"Stole From Cult","damage_taken":0,"max_hp_gain":0,"max_hp_loss":0,"event_name":"Nest","floor":21,"gold_loss":0},{"damage_healed":0,"gold_gain":0,"player_choice":"Ignored","damage_taken":0,"max_hp_gain":0,"max_hp_loss":0,"event_name":"N\u0027loth","floor":22,"gold_loss":0},{"damage_healed":0,"gold_gain":0,"player_choice":"Embrace Madness","damage_taken":9,"max_hp_gain":0,"max_hp_loss":0,"event_name":"Winding Halls","floor":36,"gold_loss":0,"cards_obtained":["Madness","Madness"]},{"damage_healed":0,"gold_gain":0,"player_choice":"Memory 1","damage_taken":0,"max_hp_gain":0,"max_hp_loss":0,"event_name":"SensoryStone","floor":38,"gold_loss":0},{"damage_healed":0,"gold_gain":0,"player_choice":"Fight","damage_taken":0,"max_hp_gain":0,"max_hp_loss":0,"event_name":"Mysterious Sphere","floor":39,"gold_loss":0},{"cards_removed":["theMarked:TwofoldDefense"],"damage_healed":0,"gold_gain":0,"player_choice":"Purged","damage_taken":0,"max_hp_gain":0,"max_hp_loss":0,"event_name":"Purifier","floor":47,"gold_loss":0}],"is_beta":false,"boss_relics":[{"not_picked":["Velvet Choker","Tiny House"],"picked":"Coffee Dripper"},{"not_picked":["Astrolabe","Snecko Eye"],"picked":"Sozu"}],"items_purged_floors":[20,31,37],"is_endless":false,"potions_floor_spawned":[1,4,6,12,16,35,46,48],"ascension_level":0}}