{"host":"bycas0s5rx7l5h3x","time":1610763137,"event":{"mods":["AchievementEnabler","BaseMod","LagranYue(¿≠∏Ò¿ °§‘¬)","Minty Spire (QoL Compilation)","StSLib"],"gold_per_floor":[114,131,149,161,181,213,233,233,233,233,94,194,207,192,192,192,192],"floor_reached":16,"language":"ZHS","playtime":2902,"items_purged":[],"score":106,"play_id":"32e5c920-4624-4f79-9c99-090dc4103b2c","local_time":"20210116101217","is_ascension_mode":false,"campfire_choices":[{"floor":8,"key":"REST"},{"floor":10,"key":"REST"},{"data":"LagranYue:SkillExplosiveArmorCard","floor":15,"key":"SMITH"}],"circlet_count":0,"master_deck":["LagranYue:BaseAttackCard","LagranYue:BaseAttackCard","LagranYue:BaseAttackCard","LagranYue:BaseDefendCard","LagranYue:BaseDefendCard","LagranYue:BaseDefendCard","LagranYue:AttackTopazCard","LagranYue:SkillBrokenSwordCard","LagranYue:BaseAttackCard","LagranYue:BaseDefendCard","LagranYue:SkillDeadlyBloomCard","LagranYue:SkillIncompleteArchCard","LagranYue:EatTigerCard","LagranYue:FantasyCard","LagranYue:PowerTwelveTrialsCard","LagranYue:SkillKadeboSwordCard","LagranYue:RubyDefendCard","LagranYue:SkillExplosiveArmorCard+1","LagranYue:FantasyCard","LagranYue:MagicSkyrocketCard","LagranYue:SkillBrokenSwordCard"],"relics":["LagranYue:ArmsProficiencyRelics","NeowsBlessing","HornCleat","Lizard Tail"],"acts_visited":["Exordium"],"potions_floor_usage":[],"damage_taken":[{"damage":0,"enemies":"Cultist","floor":1,"turns":1},{"damage":0,"enemies":"2 Louse","floor":2,"turns":1},{"damage":0,"enemies":"Jaw Worm","floor":3,"turns":1},{"damage":14,"enemies":"Blue Slaver","floor":4,"turns":4},{"damage":7,"enemies":"Gremlin Gang","floor":5,"turns":9},{"damage":42,"enemies":"Gremlin Nob","floor":6,"turns":8},{"damage":5,"enemies":"Exordium Wildlife","floor":7,"turns":5},{"damage":1,"enemies":"3 Louse","floor":13,"turns":6},{"damage":0,"enemies":"Exordium Thugs","floor":14,"turns":7},{"damage":88,"enemies":"The Guardian","floor":16,"turns":23}],"seed_played":"5766787337658381887","potions_obtained":[{"floor":2,"key":"Swift Potion"},{"floor":3,"key":"Fire Potion"},{"floor":4,"key":"FearPotion"}],"is_trial":false,"path_per_floor":["M","M","M","M","M","E","M","R","T","R","$","?","M","M","R","B"],"character_chosen":"LagranYueCharacter","items_purchased":["LagranYue:SkillExplosiveArmorCard","LagranYue:FantasyCard"],"campfire_rested":2,"item_purchase_floors":[11,11],"current_hp_per_floor":[75,75,75,61,54,12,13,35,35,57,57,57,57,63,63,22,22],"gold":192,"neow_bonus":"THREE_ENEMY_KILL","is_daily":false,"chose_seed":false,"campfire_upgraded":1,"win_rate":0.0,"timestamp":1610763137,"path_taken":["M","M","M","M","?","E","M","R","T","R","$","?","M","M","R","BOSS"],"items_purchased_type":["Card","Card"],"build_version":"2020-12-22","purchased_purges":0,"victory":false,"max_hp_per_floor":[75,75,75,75,75,75,75,75,75,75,75,75,75,75,75,75,75],"card_choices":[{"not_picked":["LagranYue:AttackCrowCrossbowCard","LagranYue:PurpleNightmareCard"],"picked":"LagranYue:SkillDeadlyBloomCard","floor":1},{"not_picked":["LagranYue:SkillDevilKissCard","LagranYue:PrematureBurialCard"],"picked":"LagranYue:SkillIncompleteArchCard","floor":2},{"not_picked":["LagranYue:PrematureBurialCard","LagranYue:AttackSummerCard"],"picked":"LagranYue:EatTigerCard","floor":3},{"not_picked":["LagranYue:DefendBetterCard","LagranYue:AttackIceCard"],"picked":"LagranYue:FantasyCard","floor":4},{"not_picked":["LagranYue:AttackMagicStarsCard","LagranYue:AttackKingCard"],"picked":"LagranYue:PowerTwelveTrialsCard","floor":5},{"not_picked":["LagranYue:SkillDeadlyBloomCard","LagranYue:EatTigerCard"],"picked":"LagranYue:SkillKadeboSwordCard","floor":6},{"not_picked":["LagranYue:AttackGalacticZeroCard","LagranYue:SkillChiharaHoundCard"],"picked":"LagranYue:RubyDefendCard","floor":7},{"not_picked":["LagranYue:AttackAerCard","LagranYue:EatTigerCard"],"picked":"LagranYue:MagicSkyrocketCard","floor":13},{"not_picked":["LagranYue:SkillDeadlyBloomCard","LagranYue:PurpleNightmareCard"],"picked":"LagranYue:SkillBrokenSwordCard","floor":14}],"player_experience":27983,"relics_obtained":[{"floor":6,"key":"HornCleat"},{"floor":9,"key":"Lizard Tail"}],"event_choices":[{"damage_healed":0,"gold_gain":100,"player_choice":"Gold","damage_taken":0,"max_hp_gain":0,"max_hp_loss":0,"event_name":"Wheel of Change","floor":12,"gold_loss":0}],"is_beta":false,"boss_relics":[],"items_purged_floors":[],"is_endless":false,"potions_floor_spawned":[2,3,4],"killed_by":"The Guardian","ascension_level":0}}