{"host":"Krakhan","time":1610813158,"event":{"mods":["AchievementEnabler","BaseMod","Colored Map","Colored Powertips","Faster Ascension Climbing","Highlight Path","Minty Spire (QoL Compilation)","Rare Cards Sparkle","Relic Stats","StSLib"],"gold_per_floor":[111,11,23,23,34,60,60,75,75,75,94,94,115,151,151,276,276,292,305,305,305,329,360,360,380,403,417,417,417,455,135,135,263,263,279,279,3,28,28,63,63,79,102,435,463,474,175,194,194,194],"floor_reached":51,"language":"ENG","playtime":3235,"items_purged":["Strike_B+1","Pain"],"score":807,"play_id":"b76e4772-e153-47ff-8096-720ba79915af","local_time":"20210116110558","is_ascension_mode":false,"campfire_choices":[{"data":"Seek","floor":7,"key":"SMITH"},{"data":"Defragment","floor":10,"key":"SMITH"},{"floor":15,"key":"REST"},{"floor":24,"key":"DIG"},{"floor":29,"key":"REST"},{"floor":32,"key":"REST"},{"floor":41,"key":"DIG"},{"floor":49,"key":"REST"}],"circlet_count":0,"master_deck":["Strike_B+1","Strike_B+1","Strike_B+1","Defend_B+1","Defend_B+1","Defend_B+1","Defend_B+1","Zap","Dualcast","Compile Driver","Beam Cell","Cold Snap","Sweeping Beam","Seek+1","Defragment+1","Undo","Ball Lightning","Echo Form","Hologram+1","Leap+1","Glacier","Chill","Hologram+1","Compile Driver+1","Capacitor","Master of Strategy","Biased Cognition","Panacea","Shame","Recycle","Genetic Algorithm+1","Barrage","Coolheaded","Buffer","Redo+1","Defragment+1"],"relics":["Cracked Core","NeowsBlessing","Letter Opener","Shovel","WingedGreaves","Sozu","WarpedTongs","Potion Belt","Mercury Hourglass","Akabeko","Gambling Chip","Fusion Hammer","Runic Capacitor","Toy Ornithopter","StrikeDummy","Pen Nib","Bronze Scales","DollysMirror","Centennial Puzzle"],"acts_visited":["Exordium","TheCity","TheBeyond"],"potions_floor_usage":[6,8,14,16,23],"damage_taken":[{"damage":0,"enemies":"Small Slimes","floor":1,"turns":1},{"damage":0,"enemies":"Jaw Worm","floor":3,"turns":1},{"damage":0,"enemies":"Cultist","floor":5,"turns":1},{"damage":13,"enemies":"3 Sentries","floor":6,"turns":3},{"damage":17,"enemies":"Gremlin Gang","floor":8,"turns":3},{"damage":4,"enemies":"Large Slime","floor":11,"turns":5},{"damage":6,"enemies":"3 Louse","floor":13,"turns":3},{"damage":8,"enemies":"Lagavulin","floor":14,"turns":7},{"damage":13,"enemies":"The Guardian","floor":16,"turns":11},{"damage":6,"enemies":"Spheric Guardian","floor":18,"turns":4},{"damage":7,"enemies":"Shell Parasite","floor":19,"turns":7},{"damage":14,"enemies":"Chosen and Byrds","floor":22,"turns":5},{"damage":14,"enemies":"Book of Stabbing","floor":23,"turns":6},{"damage":13,"enemies":"Sentry and Sphere","floor":25,"turns":5},{"damage":0,"enemies":"Cultist and Chosen","floor":27,"turns":6},{"damage":20,"enemies":"Gremlin Leader","floor":30,"turns":7},{"damage":26,"enemies":"Champ","floor":33,"turns":14},{"damage":1,"enemies":"3 Shapes","floor":35,"turns":6},{"damage":7,"enemies":"Orb Walker","floor":38,"turns":4},{"damage":0,"enemies":"Nemesis","floor":40,"turns":9},{"damage":1,"enemies":"Spire Growth","floor":42,"turns":5},{"damage":7,"enemies":"Reptomancer","floor":45,"turns":7},{"damage":0,"enemies":"Maw","floor":46,"turns":6},{"damage":14,"enemies":"Sphere and 2 Shapes","floor":48,"turns":4},{"damage":20,"enemies":"Donu and Deca","floor":50,"turns":8}],"seed_played":"-6095446329136822372","potions_obtained":[{"floor":6,"key":"Swift Potion"},{"floor":13,"key":"SteroidPotion"},{"floor":14,"key":"PowerPotion"},{"floor":16,"key":"Block Potion"}],"is_trial":false,"path_per_floor":["M","$","M","?","M","E","R","M","T","R","M","?","M","E","R","B",null,"M","M","?","?","M","E","R","M","T","M","?","R","E","$","R","B",null,"M","?","$","M","$","E","R","M","T","?","E","M","$","M","R","B",null],"character_chosen":"DEFECT","items_purchased":["Beam Cell","AttackPotion","Capacitor","Master of Strategy","Runic Capacitor","Recycle","DollysMirror","Centennial Puzzle"],"campfire_rested":4,"item_purchase_floors":[2,2,31,31,37,37,47,47],"current_hp_per_floor":[75,75,75,60,60,47,47,30,30,30,26,26,20,12,32,19,69,63,56,56,56,42,28,28,15,15,15,15,35,15,15,35,9,69,68,68,68,61,61,61,61,60,60,60,53,53,53,39,59,39],"gold":194,"neow_bonus":"THREE_ENEMY_KILL","is_daily":false,"chose_seed":false,"campfire_upgraded":2,"win_rate":0.0,"timestamp":1610813158,"path_taken":["M","$","M","?","M","E","R","M","T","R","M","?","M","E","R","BOSS","M","M","?","?","M","E","R","?","T","?","?","R","E","$","R","BOSS","M","?","$","?","?","E","R","M","T","?","E","M","$","M","R","BOSS"],"items_purchased_type":["Card","Potion","Card","Card","Relic","Card","Relic","Relic"],"build_version":"2020-12-18","purchased_purges":2,"victory":true,"max_hp_per_floor":[75,75,75,75,75,75,75,75,75,75,75,69,69,69,69,69,69,69,69,69,69,69,69,69,69,69,69,69,69,69,69,69,69,69,69,69,69,69,69,69,69,69,69,69,69,69,69,69,69,69],"relic_stats":{"Sozu":5,"Centennial Puzzle":[6],"Shovel":2,"counters":[25,136],"Gambling Chip":[30],"Bronze Scales":[36],"Pen Nib":[3],"Letter Opener":[229],"obtain_stats":[{"Potion Belt":23,"NeowsBlessing":0,"Golden Idol":12,"Pen Nib":43,"Runic Capacitor":37,"Letter Opener":6,"Akabeko":26,"WarpedTongs":21,"Mercury Hourglass":24,"Sozu":17,"Centennial Puzzle":47,"Shovel":14,"DollysMirror":47,"Gambling Chip":30,"Bronze Scales":45,"WingedGreaves":9,"Fusion Hammer":34,"Cracked Core":0,"StrikeDummy":41,"Toy Ornithopter":40},{"Potion Belt":13,"NeowsBlessing":0,"Golden Idol":6,"Pen Nib":21,"Runic Capacitor":18,"Letter Opener":4,"Akabeko":14,"WarpedTongs":11,"Mercury Hourglass":13,"Sozu":9,"Centennial Puzzle":23,"Shovel":8,"DollysMirror":23,"Gambling Chip":16,"Bronze Scales":22,"WingedGreaves":5,"Fusion Hammer":17,"Cracked Core":0,"StrikeDummy":20,"Toy Ornithopter":20},{"Potion Belt":57,"NeowsBlessing":0,"Golden Idol":14,"Pen Nib":112,"Runic Capacitor":94,"Letter Opener":6,"Akabeko":62,"WarpedTongs":46,"Mercury Hourglass":57,"Sozu":35,"Centennial Puzzle":125,"Shovel":24,"DollysMirror":125,"Gambling Chip":74,"Bronze Scales":119,"WingedGreaves":9,"Fusion Hammer":88,"Cracked Core":0,"StrikeDummy":107,"Toy Ornithopter":107}],"Toy Ornithopter":0,"WarpedTongs":[80],"Mercury Hourglass":[295]},"card_choices":[{"not_picked":["Melter","Stack"],"picked":"Compile Driver","floor":1},{"not_picked":["Beam Cell","Rip and Tear"],"picked":"Cold Snap","floor":3},{"not_picked":["Go for the Eyes","Leap"],"picked":"Sweeping Beam","floor":5},{"not_picked":["Leap","Chill"],"picked":"Seek","floor":6},{"not_picked":["Stack","Barrage"],"picked":"Defragment","floor":8},{"not_picked":["Steam","Leap"],"picked":"Undo","floor":11},{"not_picked":["Recycle","Leap","Compile Driver"],"picked":"SKIP","floor":13},{"not_picked":["Recycle","Leap","Compile Driver"],"picked":"SKIP","floor":13},{"not_picked":["Sunder","Steam Power"],"picked":"Ball Lightning","floor":14},{"not_picked":["Fission","Machine Learning"],"picked":"Echo Form","floor":16},{"not_picked":["Leap","Turbo"],"picked":"Hologram+1","floor":18},{"not_picked":["Force Field+1","FTL+1"],"picked":"Leap+1","floor":19},{"not_picked":["Conserve Battery","Steam"],"picked":"Glacier","floor":22},{"not_picked":["Melter","Static Discharge","Cold Snap"],"picked":"SKIP","floor":23},{"not_picked":["Seek","Lockon+1"],"picked":"Chill","floor":25},{"not_picked":["Consume+1","Redo"],"picked":"Hologram+1","floor":27},{"not_picked":["FTL+1","Rip and Tear"],"picked":"Compile Driver+1","floor":30},{"not_picked":["Seek","Core Surge"],"picked":"Biased Cognition","floor":33},{"not_picked":["Steam+1","Go for the Eyes","Barrage"],"picked":"SKIP","floor":35},{"not_picked":["Leap+1","Steam"],"picked":"Genetic Algorithm+1","floor":38},{"not_picked":["Darkness","Force Field"],"picked":"Barrage","floor":40},{"not_picked":["Auto Shields+1","Streamline+1"],"picked":"Coolheaded","floor":42},{"not_picked":["Melter","Sweeping Beam"],"picked":"Buffer","floor":45},{"not_picked":["Barrage","Sweeping Beam"],"picked":"Redo+1","floor":46},{"not_picked":["Scrape","Streamline","Stack+1"],"picked":"SKIP","floor":48}],"player_experience":1321175,"relics_obtained":[{"floor":6,"key":"Letter Opener"},{"floor":9,"key":"WingedGreaves"},{"floor":14,"key":"Shovel"},{"floor":23,"key":"Potion Belt"},{"floor":24,"key":"Mercury Hourglass"},{"floor":26,"key":"Akabeko"},{"floor":30,"key":"Gambling Chip"},{"floor":40,"key":"Toy Ornithopter"},{"floor":41,"key":"StrikeDummy"},{"floor":43,"key":"Pen Nib"},{"floor":45,"key":"Bronze Scales"}],"event_choices":[{"damage_healed":0,"gold_gain":0,"player_choice":"Entered Light","damage_taken":15,"max_hp_gain":0,"max_hp_loss":0,"event_name":"Shining Light","floor":4,"gold_loss":0,"cards_upgraded":["Strike_B","Defend_B"]},{"damage_healed":0,"gold_gain":0,"player_choice":"Lose Max HP","damage_taken":0,"relics_obtained":["Golden Idol"],"max_hp_gain":0,"max_hp_loss":6,"event_name":"Golden Idol","floor":12,"gold_loss":0},{"damage_healed":0,"gold_gain":0,"player_choice":"Simplicity","damage_taken":0,"max_hp_gain":0,"max_hp_loss":0,"event_name":"Back to Basics","floor":20,"gold_loss":0,"cards_upgraded":["Strike_B","Strike_B","Strike_B","Defend_B","Defend_B","Defend_B"]},{"damage_healed":0,"gold_gain":0,"player_choice":"Rummage","damage_taken":0,"relics_obtained":["WarpedTongs"],"max_hp_gain":0,"max_hp_loss":0,"event_name":"Accursed Blacksmith","floor":21,"gold_loss":0,"cards_obtained":["Pain"]},{"damage_healed":0,"gold_gain":0,"player_choice":"Ignored","damage_taken":0,"max_hp_gain":0,"max_hp_loss":0,"event_name":"Cursed Tome","floor":28,"gold_loss":0},{"damage_healed":0,"gold_gain":0,"player_choice":"2 cards matched","damage_taken":0,"max_hp_gain":0,"max_hp_loss":0,"event_name":"Match and Keep!","floor":36,"gold_loss":0,"cards_obtained":["Panacea","Shame"]},{"damage_healed":0,"gold_gain":333,"player_choice":"Gave Idol","damage_taken":0,"max_hp_gain":0,"max_hp_loss":0,"event_name":"The Moai Head","floor":44,"relics_lost":["Golden Idol"],"gold_loss":0}],"is_beta":true,"boss_relics":[{"not_picked":["Empty Cage","SlaversCollar"],"picked":"Sozu"},{"not_picked":["Black Star","FrozenCore"],"picked":"Fusion Hammer"}],"items_purged_floors":[31,37],"is_endless":false,"potions_floor_spawned":[6,13,14,16,18,19,30,40,46],"ascension_level":0}}