{"host":"x205naxbihvu3p76","time":1610800566,"event":{"mods":["AchievementEnabler","BaseMod","Minty Spire (QoL Compilation)","StSLib","SuperFastMode"],"gold_per_floor":[109,123,140,160,160,160,193,217,217,217,290,308,332,346,346,435,435,459,384,231,204,222,262,262,262,262,293,312,312,327,327,327,404,404,424,424,424,437,453,453,193,224,250,250,125,85,110,129,129,129,129],"floor_reached":52,"language":"KOR","playtime":1550,"items_purged":["Defend_B","Zap+1","Machine Learning"],"score":2008,"play_id":"85dddd8b-15ac-4a06-b42d-2a239c5d1ce0","local_time":"20210116213606","is_ascension_mode":true,"campfire_choices":[{"data":"Go for the Eyes","floor":6,"key":"SMITH"},{"data":"Zap","floor":10,"key":"SMITH"},{"data":"Dualcast","floor":15,"key":"SMITH"},{"floor":24,"key":"REST"},{"data":"Chaos","floor":32,"key":"SMITH"},{"data":"Capacitor","floor":40,"key":"SMITH"},{"floor":44,"key":"REST"},{"data":"Loop","floor":49,"key":"SMITH"}],"circlet_count":0,"master_deck":["AscendersBane","Dualcast+1","Biased Cognition","Cold Snap","Go for the Eyes+1","Conserve Battery","Ball Lightning","Ball Lightning","Cold Snap","Leap","Seek+1","Multi-Cast+1","Consume+1","FTL+1","Glacier","Cold Snap+1","Glacier","Chaos+1","Capacitor+1","Go for the Eyes","Thunder Strike","Tempest+1","Compile Driver+1","Loop+1","Double Energy+1"],"relics":["Cracked Core","Bloody Idol","Incense Burner","Eternal Feather","Cables","Astrolabe","Potion Belt","Letter Opener","Mango","Pandora\u0027s Box","Happy Flower","TungstenRod","DataDisk","Bag of Marbles"],"acts_visited":["Exordium","TheCity","TheBeyond"],"potions_floor_usage":[7,16,33,33,42,42,42,42,42,51,51,51,51],"damage_taken":[{"damage":4,"enemies":"Small Slimes","floor":1,"turns":3},{"damage":7,"enemies":"Jaw Worm","floor":2,"turns":3},{"damage":0,"enemies":"Cultist","floor":3,"turns":3},{"damage":1,"enemies":"Exordium Wildlife","floor":4,"turns":3},{"damage":31,"enemies":"3 Sentries","floor":7,"turns":8},{"damage":0,"enemies":"Blue Slaver","floor":8,"turns":3},{"damage":0,"enemies":"Red Slaver","floor":12,"turns":3},{"damage":0,"enemies":"Large Slime","floor":13,"turns":3},{"damage":0,"enemies":"Looter","floor":14,"turns":2},{"damage":13,"enemies":"Slime Boss","floor":16,"turns":9},{"damage":0,"enemies":"Chosen","floor":18,"turns":3},{"damage":0,"enemies":"2 Thieves","floor":21,"turns":4},{"damage":16,"enemies":"Centurion and Healer","floor":22,"turns":12},{"damage":24,"enemies":"Book of Stabbing","floor":23,"turns":5},{"damage":35,"enemies":"Slavers","floor":27,"turns":6},{"damage":0,"enemies":"3 Cultists","floor":28,"turns":4},{"damage":0,"enemies":"Snake Plant","floor":30,"turns":3},{"damage":0,"enemies":"Collector","floor":33,"turns":11},{"damage":23,"enemies":"3 Darklings","floor":35,"turns":11},{"damage":10,"enemies":"Orb Walker","floor":38,"turns":3},{"damage":13,"enemies":"4 Shapes","floor":39,"turns":4},{"damage":43,"enemies":"Reptomancer","floor":42,"turns":5},{"damage":0,"enemies":"Nemesis","floor":47,"turns":7},{"damage":6,"enemies":"Spire Growth","floor":48,"turns":5},{"damage":25,"enemies":"Donu and Deca","floor":50,"turns":8},{"damage":15,"enemies":"Time Eater","floor":51,"turns":12}],"seed_played":"-534303460843722997","potions_obtained":[{"floor":1,"key":"Swift Potion"},{"floor":4,"key":"FocusPotion"},{"floor":7,"key":"Energy Potion"},{"floor":13,"key":"PowerPotion"},{"floor":16,"key":"FocusPotion"},{"floor":22,"key":"Ancient Potion"},{"floor":27,"key":"ColorlessPotion"},{"floor":30,"key":"Fruit Juice"},{"floor":35,"key":"LiquidBronze"},{"floor":38,"key":"EntropicBrew"},{"floor":46,"key":"CultistPotion"},{"floor":46,"key":"Regen Potion"},{"floor":46,"key":"Swift Potion"}],"is_trial":false,"path_per_floor":["M","M","M","M","?","R","E","M","T","R","T","M","M","M","R","B",null,"M","?","$","M","M","E","R","?","T","E","M","?","M","?","R","B",null,"M","?","?","M","M","R","$","E","T","R","$","?","E","M","R","B","B",null],"character_chosen":"DEFECT","items_purchased":["Glacier","Happy Flower"],"campfire_rested":2,"item_purchase_floors":[20,41],"current_hp_per_floor":[60,53,53,52,52,52,21,21,21,30,30,30,30,30,39,26,50,50,50,50,50,34,10,39,39,39,18,18,32,32,32,44,54,71,53,53,53,48,40,55,55,17,22,60,60,60,65,64,77,52,52],"gold":129,"neow_bonus":"THREE_RARE_CARDS","is_daily":false,"chose_seed":false,"campfire_upgraded":6,"win_rate":0.0,"timestamp":1610800566,"path_taken":["M","M","M","M","?","R","E","M","T","R","?","M","?","M","R","BOSS","M","?","$","M","M","E","R","?","T","E","?","?","M","?","R","BOSS","M","?","?","M","M","R","$","E","T","R","$","?","E","?","R","BOSS","BOSS"],"items_purchased_type":["Card","Relic"],"build_version":"2020-12-22","purchased_purges":3,"victory":true,"max_hp_per_floor":[64,64,64,64,58,58,58,58,58,58,58,58,58,58,58,58,58,58,58,58,58,58,58,58,58,58,72,72,72,72,72,72,77,77,77,77,77,77,77,77,77,77,77,77,77,77,77,77,77,77,77],"card_choices":[{"not_picked":["All For One","Thunder Strike"],"picked":"Biased Cognition","floor":0},{"not_picked":["Blizzard","Chill"],"picked":"Cold Snap","floor":1},{"not_picked":["Aggregate","Barrage","Turbo"],"picked":"SKIP","floor":2},{"not_picked":["Sweeping Beam","Barrage","Reprogram"],"picked":"SKIP","floor":3},{"not_picked":["Steam","Double Energy"],"picked":"Go for the Eyes","floor":4},{"not_picked":["Gash","Sweeping Beam"],"picked":"Conserve Battery","floor":7},{"not_picked":["Coolheaded","Redo"],"picked":"Ball Lightning","floor":8},{"not_picked":["Hologram","Conserve Battery"],"picked":"Ball Lightning","floor":12},{"not_picked":["Steam Power","Multi-Cast"],"picked":"Cold Snap","floor":13},{"not_picked":["Streamline","Rebound"],"picked":"Leap","floor":14},{"not_picked":["Buffer","Reboot"],"picked":"Seek","floor":16},{"not_picked":["Go for the Eyes+1","Force Field","Compile Driver+1"],"picked":"SKIP","floor":18},{"not_picked":["Redo","Steam Power","Beam Cell"],"picked":"SKIP","floor":21},{"not_picked":["Stack","Go for the Eyes"],"picked":"Cold Snap+1","floor":22},{"not_picked":["Barrage","Amplify","Leap"],"picked":"SKIP","floor":23},{"not_picked":["Glacier","Steam","Hologram"],"picked":"SKIP","floor":27},{"not_picked":["Steam","Hologram"],"picked":"Glacier","floor":27},{"not_picked":["Barrage","Doom and Gloom"],"picked":"Chaos","floor":28},{"not_picked":["Reprogram","Ball Lightning+1"],"picked":"Capacitor","floor":30},{"not_picked":["Melter","Compile Driver"],"picked":"Tempest+1","floor":35},{"not_picked":["Scrape","Conserve Battery","Compile Driver+1"],"picked":"SKIP","floor":38},{"not_picked":["Scrape","Conserve Battery"],"picked":"Compile Driver+1","floor":38},{"not_picked":["Cold Snap","Barrage+1","FTL"],"picked":"SKIP","floor":39},{"not_picked":["Skim","Glacier"],"picked":"Loop","floor":42},{"not_picked":["Redo","Auto Shields","Compile Driver+1"],"picked":"SKIP","floor":47},{"not_picked":["Streamline","Coolheaded"],"picked":"Double Energy+1","floor":48}],"player_experience":976260,"relics_obtained":[{"floor":7,"key":"Incense Burner"},{"floor":9,"key":"Eternal Feather"},{"floor":11,"key":"Cables"},{"floor":23,"key":"Potion Belt"},{"floor":26,"key":"Letter Opener"},{"floor":27,"key":"Mango"},{"floor":42,"key":"TungstenRod"},{"floor":43,"key":"DataDisk"},{"floor":47,"key":"Bag of Marbles"}],"event_choices":[{"damage_healed":0,"gold_gain":0,"player_choice":"Lose Max HP","damage_taken":0,"relics_obtained":["Golden Idol"],"max_hp_gain":0,"max_hp_loss":6,"event_name":"Golden Idol","floor":5,"gold_loss":0},{"cards_removed":["Strike_B"],"damage_healed":0,"gold_gain":0,"player_choice":"Gave Gold","damage_taken":0,"max_hp_gain":0,"max_hp_loss":0,"event_name":"Beggar","floor":19,"gold_loss":75},{"damage_healed":0,"gold_gain":0,"player_choice":"Upgraded","damage_taken":0,"max_hp_gain":0,"max_hp_loss":0,"event_name":"Upgrade Shrine","floor":25,"gold_loss":0,"cards_upgraded":["Seek"]},{"damage_healed":14,"gold_gain":0,"player_choice":"Heal","damage_taken":0,"max_hp_gain":0,"max_hp_loss":0,"event_name":"The Library","floor":29,"gold_loss":0},{"damage_healed":0,"gold_gain":0,"player_choice":"Gave Idol","damage_taken":0,"relics_obtained":["Bloody Idol"],"max_hp_gain":0,"max_hp_loss":0,"event_name":"Forgotten Altar","floor":31,"relics_lost":["Golden Idol"],"gold_loss":0},{"damage_healed":0,"gold_gain":0,"player_choice":"Ignored","damage_taken":0,"max_hp_gain":0,"max_hp_loss":0,"event_name":"Mysterious Sphere","floor":36,"gold_loss":0},{"damage_healed":0,"gold_gain":0,"player_choice":"Memory 1","damage_taken":0,"max_hp_gain":0,"max_hp_loss":0,"event_name":"SensoryStone","floor":37,"gold_loss":0},{"damage_healed":0,"gold_gain":0,"player_choice":"Bought 3 Potions","damage_taken":0,"max_hp_gain":0,"max_hp_loss":0,"event_name":"The Woman in Blue","floor":46,"gold_loss":0}],"is_beta":false,"boss_relics":[{"not_picked":["Nuclear Battery","Cursed Key"],"picked":"Astrolabe"},{"not_picked":["Empty Cage","Calling Bell"],"picked":"Pandora\u0027s Box"}],"items_purged_floors":[20,41,45],"is_endless":false,"potions_floor_spawned":[1,4,7,13,14,16,22,27,30,35,38,39,48],"ascension_level":20}}