{"host":"5l3fd535wdxfzl1g","time":1610786693,"event":{"mods":["2.2 Compatiblity","AchievementEnabler","BaseMod","Better Third Choice","Better Vampires","Colored Powertips","Downfall","Minty Spire (QoL Compilation)","Quick Restart","Rare Cards Sparkle","StSLib","UnlockEverythingMod"],"gold_per_floor":[99,99,99,99,99,99,124,124,124,124,141,169,181,181,191,294,294,294,310,323,323,233,118,145,45,65,94,94,94,128,90,107,211,211,111,131,181,281,301,301,301,313,213,218,218,235,235,270,290,290,290,323,47,47,47,47,47,47],"floor_reached":56,"language":"ZHS","playtime":3587,"items_purged":["Clumsy","Guardian:Defend_Guardian","Guardian:SentryBeam","Guardian:ShieldCharger"],"score":821,"play_id":"782378d3-45d3-41b4-9593-ee7246bd0ffd","local_time":"20210116164453","is_ascension_mode":true,"campfire_choices":[{"data":"Guardian:CurlUp","floor":1.0,"key":"SMITH"},{"data":"Guardian:BodySlam","floor":6.0,"key":"SMITH"},{"data":"Guardian:TwinSlam","floor":9.0,"key":"SMITH"},{"data":"Guardian:GemFinder","floor":18.0,"key":"SMITH"},{"floor":25.0,"key":"RECALL"},{"data":"Guardian:ShieldSpikes","floor":35.0,"key":"SMITH"},{"data":"Guardian:WalkerClaw","floor":43.0,"key":"SMITH"},{"data":"Guardian:GemFire","floor":45.0,"key":"SMITH"},{"data":"Guardian:SpikerProtocol","floor":47.0,"key":"SMITH"},{"data":"expansioncontent:StudyTheSpire","floor":54.0,"key":"SMITH"}],"circlet_count":0,"master_deck":["Guardian:CurlUp+1","Guardian:TwinSlam+1","Guardian:BodySlam+1","Guardian:ShieldSpikes+1","Guardian:GemFinder+1","Guardian:Clone","Guardian:PrismaticBeam+1","Guardian:WalkerClaw+1","Guardian:SpikerProtocol+1","Guardian:SpikerProtocol+1","Guardian:ArmoredProtocol+1","Guardian:RollAttack","Guardian:Repulse+1","Guardian:SpikerProtocol+1","Guardian:GemFire+1","Guardian:PrismaticBeam","Guardian:Planning+1","Guardian:PiercingHide","Guardian:CrystalBeam","expansioncontent:StudyTheSpire+1"],"relics":["Guardian:ModeShifter","downfall:HeartsMalice","Strawberry","Orichalcum","Sozu","MealTicket","downfall:HeartBlessingGreen","Nunchaku","Bag of Preparation","Coffee Dripper","downfall:HeartBlessingRed","Lizard Tail","downfall:HeartBlessingBlue","Membership Card","Anchor","Bronze Scales","HandDrill"],"acts_visited":["Exordium","TheCity","TheBeyond","TheEnding"],"potions_floor_usage":[],"damage_taken":[{"damage":0.0,"enemies":"Small Slimes","floor":2.0,"turns":1.0},{"damage":0.0,"enemies":"Jaw Worm","floor":3.0,"turns":1.0},{"damage":0.0,"enemies":"2 Louse","floor":10.0,"turns":1.0},{"damage":6.0,"enemies":"Gremlin Gang","floor":11.0,"turns":3.0},{"damage":0.0,"enemies":"Lagavulin","floor":12.0,"turns":7.0},{"damage":4.0,"enemies":"2 Fungi Beasts","floor":13.0,"turns":3.0},{"damage":0.0,"enemies":"Large Slime","floor":15.0,"turns":5.0},{"damage":20.0,"enemies":"DF_ARCHETYPE_STREAMLINE","floor":16.0,"turns":14.0},{"damage":4.0,"enemies":"Chosen","floor":19.0,"turns":3.0},{"damage":4.0,"enemies":"3 Byrds","floor":20.0,"turns":4.0},{"damage":0.0,"enemies":"downfall:FleeingMerchant","floor":22.0,"turns":4.0},{"damage":0.0,"enemies":"downfall:FleeingMerchant","floor":23.0,"turns":4.0},{"damage":3.0,"enemies":"Centurion and Healer","floor":26.0,"turns":4.0},{"damage":16.0,"enemies":"Gremlin Leader","floor":27.0,"turns":4.0},{"damage":18.0,"enemies":"Slavers","floor":30.0,"turns":5.0},{"damage":0.0,"enemies":"downfall:FleeingMerchant","floor":31.0,"turns":4.0},{"damage":0.0,"enemies":"3 Cultists","floor":32.0,"turns":4.0},{"damage":21.0,"enemies":"IC_MUSHROOM_ARCHETYPE","floor":33.0,"turns":7.0},{"damage":0.0,"enemies":"3 Darklings","floor":36.0,"turns":3.0},{"damage":0.0,"enemies":"3 Darklings","floor":37.0,"turns":4.0},{"damage":0.0,"enemies":"Orb Walker","floor":39.0,"turns":3.0},{"damage":0.0,"enemies":"Spire Growth","floor":42.0,"turns":5.0},{"damage":0.0,"enemies":"downfall:FleeingMerchant","floor":44.0,"turns":3.0},{"damage":0.0,"enemies":"Jaw Worm Horde","floor":46.0,"turns":3.0},{"damage":1.0,"enemies":"Giant Head","floor":48.0,"turns":6.0},{"damage":0.0,"enemies":"Transient","floor":49.0,"turns":5.0},{"damage":62.0,"enemies":"WA_ARCHETYPE_DIVINITY","floor":50.0,"turns":6.0},{"damage":83.0,"enemies":"downfall:CharBossMerchant","floor":52.0,"turns":10.0},{"damage":26.0,"enemies":"downfall:NeowBoss","floor":55.0,"turns":14.0},{"damage":104,"enemies":"downfall:NeowBoss","floor":56,"turns":34}],"seed_played":"9066354849759989060","potions_obtained":[{"floor":11.0,"key":"LiquidBronze"},{"floor":12.0,"key":"Block Potion"},{"floor":13.0,"key":"Energy Potion"}],"is_trial":false,"path_per_floor":["R","M","M","?","?","R","T","?","R","M","M","E","M","?","M","B",null,"R","M","M","?","$","$","T","R","M","E","?","?","E","$","M","B",null,"R","M","?","?","M","?","T","M","R","$","R","M","R","E","M","B",null,"E","$","R","B","B"],"character_chosen":"GUARDIAN","items_purchased":["Guardian:RollAttack","Membership Card","Guardian:SpikerProtocol","Guardian:GemFire","Guardian:PrismaticBeam","Guardian:PiercingHide","Guardian:CrystalBeam","expansioncontent:StudyTheSpire","HandDrill"],"campfire_rested":0,"item_purchase_floors":[31,44,44,44,44,53,53,53,53],"current_hp_per_floor":[80,80,80,80,85,85,92,92,92,92,86,86,82,82,82,62,92,92,88,84,84,84,84,84,84,81,65,65,65,47,62,62,41,92,92,92,92,92,92,92,92,92,102,102,102,102,102,101,101,39,102,19,34,34,8,0,0,0],"gold":47,"neow_bonus":"THREE_ENEMY_KILL","is_daily":false,"chose_seed":false,"campfire_upgraded":9,"win_rate":0.0,"timestamp":1610786693,"path_taken":["R","M","M","?","?","R","T","?","R","?","M","E","M","?","M","BOSS","R","M","M","?","?","$","T","R","?","E","?","?","E","$","M","BOSS","R","M","?","?","?","?","T","M","R","$","R","M","R","E","M","BOSS","E","$","R","BOSS","BOSS"],"items_purchased_type":["Card","Relic","Card","Card","Card","Card","Card","Card","Relic"],"build_version":"2020-12-22","purchased_purges":4,"victory":false,"max_hp_per_floor":[80,80,80,80,85,85,92,92,92,92,92,92,92,92,92,92,92,92,92,92,92,92,92,92,92,92,92,92,92,92,92,92,92,92,92,92,92,92,92,92,92,92,102,102,102,102,102,102,102,102,102,102,102,102,102,102,102,102],"card_choices":[{"not_picked":["Guardian:MultiBeam","Guardian:Gem_Lightblue"],"picked":"Guardian:BodySlam","floor":2.0},{"not_picked":["Guardian:DecasProtection","Guardian:ChargeCore"],"picked":"Guardian:Gem_Crimson","floor":3.0},{"not_picked":["Guardian:VentSteam","Guardian:RefractedBeam"],"picked":"Guardian:SentryBeam","floor":10.0},{"not_picked":["Guardian:Planning","Guardian:Suspension"],"picked":"Guardian:ShieldCharger","floor":11.0},{"not_picked":["Guardian:Reroute","Guardian:Orbwalk"],"picked":"Guardian:ShieldSpikes","floor":12.0},{"not_picked":["Guardian:TimeBomb","Guardian:Gem_Cyan"],"picked":"Guardian:Gem_White","floor":13.0},{"not_picked":["Guardian:RefractedBeam","Guardian:TemporalShield","Guardian:VentSteam"],"picked":"SKIP","floor":15.0},{"not_picked":["Guardian:ExploitGems","Guardian:BaubleBeam"],"picked":"Guardian:GemFinder","floor":16.0},{"not_picked":["Guardian:TemporalShield","Guardian:TimeSifter"],"picked":"Guardian:Clone","floor":19.0},{"not_picked":["Guardian:Gem_Lightblue","Guardian:Gem_Green"],"picked":"Guardian:Gem_Red","floor":20.0},{"not_picked":["Guardian:Suspension","Guardian:TimeBomb"],"picked":"Guardian:PrismaticBeam+1","floor":20.0},{"not_picked":["Guardian:ChargeCore","Guardian:Incinerate"],"picked":"Guardian:WalkerClaw","floor":22.0},{"not_picked":["Guardian:Gem_Lightblue","Guardian:PiercingHide"],"picked":"Guardian:SpikerProtocol+1","floor":23.0},{"not_picked":["Guardian:Gem_Lightblue","Guardian:Gem_Green"],"picked":"Guardian:Gem_Cyan","floor":26.0},{"not_picked":["Guardian:TemporalStrike","Guardian:PrimingBeam+1","Guardian:MultiBeam"],"picked":"SKIP","floor":26.0},{"not_picked":["Guardian:Gem_Red","Guardian:Gem_Lightblue"],"picked":"Guardian:Gem_Cyan","floor":27.0},{"not_picked":["Guardian:Reroute","Guardian:GemFinder"],"picked":"Guardian:SpikerProtocol+1","floor":27.0},{"not_picked":["Guardian:Planning","Guardian:Gem_Red"],"picked":"Guardian:ArmoredProtocol+1","floor":30.0},{"not_picked":["Guardian:BronzeOrb","Guardian:Gem_Fragmented"],"picked":"Guardian:Gem_Purple","floor":31.0},{"not_picked":["Guardian:Gem_Green","Guardian:Gem_Lightblue"],"picked":"Guardian:Gem_Cyan","floor":32.0},{"not_picked":["Guardian:WalkerClaw","Guardian:Preprogram+1","Guardian:Gem_Cyan"],"picked":"SKIP","floor":32.0},{"not_picked":["Guardian:StasisField","Guardian:SphericShield"],"picked":"Guardian:Gem_Synthetic","floor":33.0},{"not_picked":["Guardian:Gem_Green","Guardian:Gem_Lightblue"],"picked":"Guardian:Gem_Cyan","floor":36.0},{"not_picked":["Guardian:PrimingBeam","Guardian:Gem_Lightblue","Guardian:Incinerate"],"picked":"SKIP","floor":36.0},{"not_picked":["Guardian:Gem_Green","Guardian:Gem_Red"],"picked":"Guardian:Gem_Cyan","floor":39.0},{"not_picked":["Guardian:DonusPower","Guardian:VentSteam"],"picked":"Guardian:Repulse+1","floor":39.0},{"not_picked":["Guardian:MultiBeam","Guardian:Emergency","Guardian:Preprogram"],"picked":"SKIP","floor":42.0},{"not_picked":["Guardian:RollAttack","Guardian:Gem_Red","Guardian:Repulse"],"picked":"SKIP","floor":44.0},{"not_picked":["Guardian:Gem_Green","Guardian:Gem_Lightblue"],"picked":"Guardian:Gem_Cyan","floor":46.0},{"not_picked":["Guardian:BronzeOrb+1","Guardian:PolyBeam+1","Guardian:ShieldCharger+1"],"picked":"SKIP","floor":46.0},{"not_picked":["Guardian:Gem_Lightblue","Guardian:Gem_Green"],"picked":"Guardian:Gem_Cyan","floor":48.0},{"not_picked":["Guardian:Planning","Guardian:Orbwalk+1","Guardian:HyperBeam_Guardian"],"picked":"SKIP","floor":48.0},{"not_picked":["Guardian:BronzeOrb+1","Guardian:Gem_Yellow","Guardian:PrimingBeam"],"picked":"SKIP","floor":49.0},{"not_picked":["Guardian:RollAttack+1","Guardian:Gem_Fragmented"],"picked":"Guardian:Planning+1","floor":52.0}],"player_experience":107058,"relics_obtained":[{"floor":7.0,"key":"Strawberry"},{"floor":12.0,"key":"Orichalcum"},{"floor":24.0,"key":"MealTicket"},{"floor":27.0,"key":"Nunchaku"},{"floor":30.0,"key":"Bag of Preparation"},{"floor":37.0,"key":"Lizard Tail"},{"floor":48.0,"key":"Anchor"},{"floor":52.0,"key":"Bronze Scales"}],"event_choices":[{"damage_healed":0.0,"max_hp_gain":5.0,"max_hp_loss":0.0,"gold_gain":0.0,"event_name":"Big Fish","player_choice":"Donut","floor":5.0,"gold_loss":0.0,"damage_taken":0.0},{"cards_removed":["Guardian:Defend_Guardian"],"damage_healed":0.0,"max_hp_gain":0.0,"max_hp_loss":0.0,"gold_gain":0.0,"event_name":"Bonfire Elementals","player_choice":"Offered Basic","floor":8.0,"gold_loss":0.0,"damage_taken":0.0},{"cards_removed":["Guardian:Strike_Guardian"],"damage_healed":0.0,"max_hp_gain":0.0,"max_hp_loss":0.0,"gold_gain":0.0,"event_name":"The Cleric","player_choice":"Card Removal","floor":14.0,"gold_loss":0.0,"damage_taken":0.0}],"is_beta":false,"boss_relics":[{"not_picked":["Pandora\u0027s Box","Black Star"],"picked":"Sozu"},{"not_picked":["Fusion Hammer","Runic Dome"],"picked":"Coffee Dripper"}],"items_purged_floors":[22,23,44,53],"is_endless":false,"potions_floor_spawned":[11,12,13,19,30,33,37,46,48],"killed_by":"downfall:NeowBoss","ascension_level":1}}