{"host":"elk86etthq2g0y8k","time":1610775473,"event":{"mods":["2.2 Compatiblity","Act Like it!","BaseMod","BetterRewards","Colored Powertips","Elementarium","Minty Spire (QoL Compilation)","Permanent Neow","Quick Restart","Shop Mod","StSLib","The Marked"],"gold_per_floor":[115,115,115,190,208,208,236,236,236,266,284,284,120,120,120,220,220,231,5,5,5,55,88,88,120,146,163,176,206,15,33,33,133,133,149,149,149],"floor_reached":36,"language":"ENG","playtime":1888,"items_purged":[],"score":396,"play_id":"e5f8095a-4e7b-420a-bb92-3febf626e13b","local_time":"20210116003753","is_ascension_mode":false,"campfire_choices":[{"floor":6,"key":"RECALL"},{"floor":8,"key":"REST"},{"floor":12,"key":"REST"},{"floor":15,"key":"REST"},{"data":"theMarked:Parry","floor":24,"key":"SMITH"},{"floor":32,"key":"REST"}],"circlet_count":0,"master_deck":["theMarked:Strike","theMarked:Strike","theMarked:Strike","theMarked:Strike","theMarked:Strike","theMarked:Defend","theMarked:Defend+1","theMarked:Defend","theMarked:Defend","theMarked:SoldierOfQuellstein+1","theMarked:Improvise","theMarked:Improvise","theMarked:ResourceFulStrike","theMarked:ChannelForce+1","theMarked:RogueSparks+1","theMarked:ElementalBlade","theMarked:MuscleMemory","theMarked:Panic+1","theMarked:Parry+1","theMarked:TwofoldDefense+1","Elementarium:FireblessedBlade","Elementarium:WindblessedBlade","Elementarium:EarthblessedBlade","Elementarium:IceblessedBlade","Elementarium:VoidblessedBlade","theMarked:ElementalBlade+1","theMarked:Aftermath","theMarked:Opportunist+1","theMarked:ParalyzingBlade","theMarked:TakeOffHeels","theMarked:ElementalBlade"],"relics":["theMarked:ArtifactOfAir","Boot","The Courier","PreservedInsect","theMarked:SpiritSword","Bronze Scales","Bottled Lightning","Elementarium:GoldenMirage","Happy Flower","Bottled Flame","Mercury Hourglass","Elementarium:ElementariumTrophy","SlaversCollar"],"acts_visited":["Exordium","Elementarium:Elementarium","TheBeyond"],"potions_floor_usage":[10,16,23,31,33,35,36],"damage_taken":[{"damage":1,"enemies":"2 Louse","floor":1,"turns":3},{"damage":2,"enemies":"Small Slimes","floor":5,"turns":3},{"damage":38,"enemies":"Lagavulin","floor":7,"turns":10},{"damage":0,"enemies":"Lagavulin Event","floor":10,"turns":1},{"damage":6,"enemies":"Jaw Worm","floor":11,"turns":2},{"damage":52,"enemies":"Slime Boss","floor":16,"turns":10},{"damage":13,"enemies":"Elementarium:2_ELEMENTALS","floor":18,"turns":4},{"damage":15,"enemies":"Elementarium:FIRE_NOBILITY","floor":23,"turns":5},{"damage":0,"enemies":"Elementarium:GOLDEN_STATUES","floor":25,"turns":4},{"damage":0,"enemies":"Elementarium:VoidCorruption","floor":27,"turns":3},{"damage":0,"enemies":"Elementarium:RubyGolem","floor":28,"turns":3},{"damage":13,"enemies":"Elementarium:ElementalPortal","floor":29,"turns":6},{"damage":6,"enemies":"Elementarium:STONE_GOLEMS","floor":31,"turns":3},{"damage":20,"enemies":"Elementarium:GoldenDragon","floor":33,"turns":8},{"damage":12,"enemies":"3 Darklings","floor":35,"turns":4},{"damage":36,"enemies":"2 Orb Walkers","floor":36,"turns":3}],"seed_played":"-723168684516148540","potions_obtained":[{"floor":1,"key":"SmokeBomb"},{"floor":16,"key":"Explosive Potion"},{"floor":18,"key":"EssenceOfSteel"},{"floor":28,"key":"Regen Potion"},{"floor":33,"key":"SkillPotion"},{"floor":35,"key":"SkillPotion"}],"is_trial":false,"path_per_floor":["M","?","$","?","M","R","E","R","T","?","M","R","$","T","R","B",null,"M","$","?","?","?","E","R","?","T","M","M","E","$","M","R","B",null,"M","?"],"character_chosen":"THE_DEFAULT","items_purchased":["theMarked:RogueSparks","theMarked:ElementalBlade","Block Potion","Bronze Scales","theMarked:Parry","theMarked:TwofoldDefense","Mercury Hourglass"],"campfire_rested":4,"item_purchase_floors":[13,13,13,19,19,19,30],"current_hp_per_floor":[69,55,55,44,42,42,4,25,25,25,19,40,40,40,61,9,70,57,57,57,42,42,27,27,27,27,27,27,14,14,13,25,5,42,30,0,0],"gold":149,"neow_bonus":"THREE_CARDS","is_daily":false,"chose_seed":false,"campfire_upgraded":1,"win_rate":0.0,"timestamp":1610775473,"path_taken":["M","?","$","?","M","R","E","R","T","?","M","R","?","?","R","BOSS","M","$","?","?","?","E","R","?","T","M","?","E","?","M","R","BOSS","M","?"],"items_purchased_type":["Card","Card","Potion","Relic","Card","Card","Relic"],"build_version":"2020-12-22","purchased_purges":0,"victory":false,"max_hp_per_floor":[70,70,70,70,70,70,70,70,70,70,70,70,70,70,70,70,70,70,70,70,42,42,42,42,42,42,42,42,42,42,42,42,42,42,42,42,42],"card_choices":[{"not_picked":["theMarked:Parkour","theMarked:ResourceFulStrike"],"picked":"theMarked:Improvise","floor":0},{"not_picked":["theMarked:ShockingTouch","theMarked:WardOff"],"picked":"theMarked:Improvise","floor":1},{"not_picked":["theMarked:RepellingDischarge","theMarked:BanishingStrike"],"picked":"theMarked:ResourceFulStrike","floor":5},{"not_picked":["theMarked:SwordAndMagic","theMarked:MaelstromOfLightning"],"picked":"theMarked:ChannelForce","floor":7},{"not_picked":["theMarked:Frustration","theMarked:Overthink","theMarked:Improvise"],"picked":"SKIP","floor":11},{"not_picked":["theMarked:DispelDoubt","theMarked:FavorableWinds"],"picked":"theMarked:MuscleMemory","floor":16},{"not_picked":["theMarked:DeterminationOfTheMarked","theMarked:LightningStrikesTwice"],"picked":"theMarked:Panic","floor":18},{"not_picked":["theMarked:Generate","theMarked:Static"],"picked":"theMarked:ElementalBlade+1","floor":23},{"not_picked":["theMarked:RogueSparks","theMarked:Frustration"],"picked":"theMarked:Aftermath","floor":25},{"not_picked":["theMarked:KeepCalmAndFightOn","theMarked:Static","theMarked:ChainLightning"],"picked":"SKIP","floor":27},{"not_picked":["theMarked:WastefulAttack","theMarked:Standoff"],"picked":"theMarked:Opportunist+1","floor":28},{"not_picked":["theMarked:ReduceFriction+1","theMarked:ContemptForTheProud"],"picked":"theMarked:ParalyzingBlade","floor":29},{"not_picked":["theMarked:Generate","theMarked:Electrocute","theMarked:WastefulDefense"],"picked":"SKIP","floor":31},{"not_picked":["theMarked:TurnInvisible","theMarked:UnarmedFury"],"picked":"theMarked:TakeOffHeels","floor":33},{"not_picked":["theMarked:ResourceFulStrike","theMarked:RogueSparks"],"picked":"theMarked:ElementalBlade","floor":35}],"player_experience":160698,"relics_obtained":[{"floor":7,"key":"Boot"},{"floor":9,"key":"The Courier"},{"floor":14,"key":"PreservedInsect"},{"floor":23,"key":"Bottled Lightning"},{"floor":25,"key":"Elementarium:GoldenMirage"},{"floor":26,"key":"Happy Flower"},{"floor":29,"key":"Bottled Flame"}],"event_choices":[{"damage_healed":0,"gold_gain":0,"player_choice":"Entered Light","damage_taken":14,"max_hp_gain":0,"max_hp_loss":0,"event_name":"Shining Light","floor":2,"gold_loss":0,"cards_upgraded":["theMarked:SoldierOfQuellstein","theMarked:Defend"]},{"damage_healed":0,"gold_gain":75,"player_choice":"Gather Gold","damage_taken":11,"max_hp_gain":0,"max_hp_loss":0,"event_name":"World of Goop","floor":4,"gold_loss":0},{"damage_healed":0,"gold_gain":30,"player_choice":"Searched \u00272\u0027 times","damage_taken":0,"max_hp_gain":0,"max_hp_loss":0,"event_name":"Dead Adventurer","floor":10,"gold_loss":0},{"damage_healed":0,"gold_gain":0,"player_choice":"Meditate","damage_taken":0,"max_hp_gain":0,"max_hp_loss":0,"event_name":"Elementarium:SculptureGarden","floor":20,"gold_loss":0,"cards_upgraded":["theMarked:ChannelForce","theMarked:RogueSparks","theMarked:Panic","theMarked:TwofoldDefense"]},{"damage_healed":0,"gold_gain":0,"player_choice":"Touch","damage_taken":0,"max_hp_gain":0,"max_hp_loss":28,"event_name":"Elementarium:ElementalBlades","floor":21,"gold_loss":0,"cards_obtained":["Elementarium:FireblessedBlade","Elementarium:WindblessedBlade","Elementarium:EarthblessedBlade","Elementarium:IceblessedBlade","Elementarium:VoidblessedBlade"]},{"damage_healed":0,"gold_gain":50,"player_choice":"Take","damage_taken":0,"max_hp_gain":0,"max_hp_loss":0,"event_name":"Elementarium:StickySituation","floor":22,"gold_loss":0},{"damage_healed":0,"gold_gain":0,"player_choice":"Fight","damage_taken":0,"max_hp_gain":0,"max_hp_loss":0,"event_name":"Elementarium:GoldenStatues","floor":25,"gold_loss":0},{"damage_healed":0,"gold_gain":0,"player_choice":"Fight","damage_taken":0,"max_hp_gain":0,"max_hp_loss":0,"event_name":"Mysterious Sphere","floor":36,"gold_loss":0}],"is_beta":false,"boss_relics":[{"not_picked":["SacredBark","Runic Dome"],"picked":"theMarked:SpiritSword"},{"not_picked":["Runic Pyramid","Sozu"],"picked":"SlaversCollar"}],"items_purged_floors":[],"is_endless":false,"potions_floor_spawned":[1,10,16,18,28,33,35],"killed_by":"2 Orb Walkers","ascension_level":0}}