{"host":"2se5dq1do2gp0x9k","time":1610762134,"event":{"mods":["AchievementEnabler","BaseMod","Block Reminder","Colored Map","Colored Powertips","Minty Spire (QoL Compilation)","Relic Stats","StSLib","SuperFastMode"],"gold_per_floor":[119,119,140,140,163,207,207,0,25,25,48,66,66,110,110,205,205,205,205],"floor_reached":18,"language":"ENG","playtime":499,"items_purged":["Defend_P"],"score":323,"play_id":"30424a32-44bd-44ef-bfac-22df04546dd5","local_time":"20210115175534","is_ascension_mode":true,"campfire_choices":[{"floor":7.0,"key":"REST"},{"floor":10.0,"key":"REST"},{"data":"Adaptation","floor":15.0,"key":"SMITH"}],"circlet_count":0,"master_deck":["AscendersBane","Defend_P","Defend_P","Defend_P","Eruption","Vigilance","FollowUp","CutThroughFate","Alpha","Meditate","Nirvana","Tantrum","ThirdEye","Adaptation+1","ThirdEye","Weave","FollowUp"],"relics":["PureWater","NeowsBlessing","Golden Idol","Dream Catcher","Potion Belt","Ancient Tea Set","Empty Cage"],"acts_visited":["Exordium","TheCity"],"potions_floor_usage":[],"damage_taken":[{"damage":0.0,"enemies":"2 Louse","floor":1.0,"turns":1.0},{"damage":0.0,"enemies":"Small Slimes","floor":3.0,"turns":1.0},{"damage":0.0,"enemies":"Cultist","floor":5.0,"turns":1.0},{"damage":62.0,"enemies":"3 Sentries","floor":6.0,"turns":11.0},{"damage":2.0,"enemies":"Large Slime","floor":11.0,"turns":4.0},{"damage":0.0,"enemies":"Looter","floor":12.0,"turns":2.0},{"damage":15.0,"enemies":"Gremlin Nob","floor":14.0,"turns":3.0},{"damage":15.0,"enemies":"Hexaghost","floor":16.0,"turns":6.0},{"damage":0,"enemies":"Spheric Guardian","floor":18,"turns":1}],"seed_played":"8087109230267410840","potions_obtained":[{"floor":1.0,"key":"Fruit Juice"},{"floor":3.0,"key":"Fruit Juice"},{"floor":5.0,"key":"DuplicationPotion"},{"floor":11.0,"key":"Weak Potion"}],"is_trial":false,"path_per_floor":["M","?","M","?","M","E","R","$","T","R","M","M","?","E","R","B",null,"M"],"character_chosen":"WATCHER","items_purchased":["ThirdEye","Adaptation"],"campfire_rested":2,"item_purchase_floors":[8,8],"current_hp_per_floor":[61,61,61,61,66,4,24,24,24,44,42,42,35,20,20,10,57,57,57],"gold":205,"neow_bonus":"THREE_ENEMY_KILL","is_daily":false,"chose_seed":false,"campfire_upgraded":1,"win_rate":0.0,"timestamp":1610762134,"path_taken":["M","?","M","?","M","E","R","$","T","R","M","M","?","E","R","BOSS","M"],"items_purchased_type":["Card","Card"],"build_version":"2020-12-22","purchased_purges":1,"victory":false,"max_hp_per_floor":[68,62,62,62,67,67,67,67,67,67,67,67,67,67,67,72,72,72,72],"relic_stats":{"Dream Catcher":2,"counters":[9,30],"Golden Idol":55,"obtain_stats":[{"Potion Belt":9,"Dream Catcher":6,"NeowsBlessing":0,"Golden Idol":2,"PureWater":0,"Ancient Tea Set":14,"Empty Cage":17},{"Potion Belt":4,"Dream Catcher":4,"NeowsBlessing":0,"Golden Idol":1,"PureWater":0,"Ancient Tea Set":7,"Empty Cage":8},{"Potion Belt":14,"Dream Catcher":14,"NeowsBlessing":0,"Golden Idol":1,"PureWater":0,"Ancient Tea Set":23,"Empty Cage":29}]},"card_choices":[{"not_picked":["Fasting2","EmptyMind"],"picked":"FollowUp","floor":1.0},{"not_picked":["ThirdEye","EmptyFist"],"picked":"CutThroughFate","floor":3.0},{"not_picked":["EmptyBody","Evaluate"],"picked":"Meditate","floor":5.0},{"not_picked":["JustLucky","CrushJoints"],"picked":"Nirvana","floor":6.0},{"not_picked":["Consecrate","WindmillStrike"],"picked":"Tantrum","floor":7.0},{"not_picked":["Sanctity","Crescendo"],"picked":"ThirdEye","floor":10.0},{"not_picked":["Worship","Consecrate"],"picked":"Weave","floor":11.0},{"not_picked":["Ragnarok","Evaluate"],"picked":"FollowUp","floor":12.0},{"not_picked":["Protect","Pray","Blasphemy"],"picked":"SKIP","floor":14.0}],"player_experience":3866239,"relics_obtained":[{"floor":6.0,"key":"Dream Catcher"},{"floor":9.0,"key":"Potion Belt"},{"floor":14.0,"key":"Ancient Tea Set"}],"event_choices":[{"damage_healed":0.0,"max_hp_gain":0.0,"max_hp_loss":6.0,"gold_gain":0.0,"event_name":"Golden Idol","player_choice":"Lose Max HP","floor":2.0,"gold_loss":0.0,"damage_taken":0.0,"relics_obtained":["Golden Idol"]},{"damage_healed":0.0,"max_hp_gain":0.0,"max_hp_loss":0.0,"gold_gain":0.0,"cards_transformed":["Strike_P"],"event_name":"Living Wall","player_choice":"Change","floor":4.0,"gold_loss":0.0,"damage_taken":0.0,"cards_obtained":["Alpha"]},{"cards_removed":["Strike_P"],"damage_healed":0.0,"max_hp_gain":0.0,"max_hp_loss":0.0,"gold_gain":0.0,"event_name":"Golden Wing","player_choice":"Card Removal","floor":13.0,"gold_loss":0.0,"damage_taken":7.0}],"is_beta":false,"boss_relics":[{"not_picked":["SlaversCollar","SacredBark"],"picked":"Empty Cage"}],"items_purged_floors":[8],"is_endless":false,"potions_floor_spawned":[1,3,5,11],"killed_by":"Spheric Guardian","ascension_level":18}}