{"host":"ek3xvuouaw6vk9if","time":1610762685,"event":{"mods":["BaseMod","BetterRewards","GungeonMod","Minty Spire (QoL Compilation)","Permanent Neow","Quick Restart","Relic Stats","Replay The Spire","StSLib"],"gold_per_floor":[115,125,125,125,145,178,178,192,215,243,95,106,106,119,119,219,219,235,235,248,148,165,165,179,179,179,190,190,200,122,149,149,149,149],"floor_reached":33,"language":"ENG","playtime":1209,"items_purged":["DemoMod:Strike_Huntress","DemoMod:Strike_Huntress"],"score":346,"play_id":"377fa283-6cb3-4dd0-b764-7b1fc80930d8","local_time":"20210115210445","is_ascension_mode":true,"campfire_choices":[{"data":"DemoMod:Elimentaler","floor":7,"key":"SMITH"},{"data":"DemoMod:AbyssalTentacle","floor":13,"key":"SMITH"},{"data":"DemoMod:PotionOfGunFriendShip","floor":15,"key":"SMITH"},{"floor":23,"key":"RECALL"},{"data":"DemoMod:DoubleVision","floor":25,"key":"SMITH"},{"data":"DemoMod:ShadowBullets","floor":28,"key":"SMITH"},{"data":"DemoMod:ChanceBullets","floor":32,"key":"SMITH"}],"circlet_count":0,"master_deck":["DemoMod:Defend_Huntress","DemoMod:Defend_Huntress","DemoMod:Defend_Huntress","DemoMod:Defend_Huntress","DemoMod:Roll","DemoMod:ManualReload","DemoMod:RustySidearm","DemoMod:CrossBow","DemoMod:TableTechStun","Strike_G","DemoMod:Elimentaler+1","DemoMod:PotionOfGunFriendShip+1","DemoMod:EasyReloadBullets","DemoMod:PracticeMakesPerfect","DemoMod:Evolver","DemoMod:DoubleVision+1","DemoMod:AbyssalTentacle+1","DemoMod:ShadowBullets+1","DemoMod:Eureka","DemoMod:Elimentaler+1","DemoMod:Rummage+1","DemoMod:AbyssalTentacle+1","DemoMod:ChanceBullets+1","DemoMod:ChanceBullets","DemoMod:Unmoved+1"],"relics":["DemoMod:Dog","Vajra","Replay:Baseball","DemoMod:ClearGuonStone","DemoMod:MonsterBlood","DemoMod:HoleyGrail","DemoMod:RiddleOfLead","Boot","Smiling Mask"],"acts_visited":["Exordium","TheCity"],"potions_floor_usage":[6,16],"damage_taken":[{"damage":2,"enemies":"Jaw Worm","floor":1,"turns":4},{"damage":0,"enemies":"Cultist","floor":2,"turns":3},{"damage":0,"enemies":"Small Slimes","floor":5,"turns":3},{"damage":19,"enemies":"Gremlin Nob","floor":6,"turns":5},{"damage":0,"enemies":"Exordium Thugs","floor":8,"turns":3},{"damage":11,"enemies":"Lagavulin","floor":10,"turns":6},{"damage":0,"enemies":"Looter","floor":12,"turns":2},{"damage":0,"enemies":"3 Louse","floor":14,"turns":4},{"damage":21,"enemies":"Hexaghost","floor":16,"turns":7},{"damage":0,"enemies":"3 Byrds","floor":18,"turns":4},{"damage":12,"enemies":"2 Thieves","floor":20,"turns":4},{"damage":0,"enemies":"Cultist and Chosen","floor":22,"turns":3},{"damage":0,"enemies":"3 Cultists","floor":24,"turns":4},{"damage":0,"enemies":"Snake Plant","floor":27,"turns":3},{"damage":0,"enemies":"Centurion and Healer","floor":29,"turns":3},{"damage":25,"enemies":"Gremlin Leader","floor":31,"turns":6},{"damage":51,"enemies":"Champ","floor":33,"turns":8}],"seed_played":"6381128397383068241","potions_obtained":[{"floor":2,"key":"SpeedPotion"},{"floor":5,"key":"SkillPotion"},{"floor":12,"key":"Explosive Potion"},{"floor":14,"key":"Strength Potion"},{"floor":16,"key":"Venom Potion"},{"floor":22,"key":"Ancient Potion"},{"floor":31,"key":"Dexterity Potion"}],"is_trial":false,"path_per_floor":["M","M","?","?","M","E","R","M","T","E","$","M","R","M","R","B",null,"M","?","M","$","M","R","M","R","T","M","R","M","$","E","R","B"],"character_chosen":"HUNTRESS","items_purchased":["DemoMod:AbyssalTentacle","DemoMod:ChanceBullets"],"campfire_rested":0,"item_purchase_floors":[11,30],"current_hp_per_floor":[68,68,61,61,61,42,42,42,49,38,38,38,38,38,38,17,87,87,87,75,75,75,75,75,75,75,75,75,75,75,50,50,0,0],"gold":149,"neow_bonus":"THREE_RARE_CARDS","is_daily":false,"chose_seed":false,"campfire_upgraded":6,"win_rate":0.0,"timestamp":1610762685,"path_taken":["M","M","?","?","M","E","R","M","T","E","$","M","R","M","R","BOSS","M","?","?","$","M","R","M","R","T","?","R","M","$","E","R","BOSS"],"items_purchased_type":["Card","Card"],"build_version":"2020-12-22","purchased_purges":2,"victory":false,"max_hp_per_floor":[70,70,70,70,70,70,70,70,77,77,77,77,77,77,77,77,87,87,87,87,87,87,87,87,87,87,87,87,87,87,87,87,87,87],"relic_stats":{"counters":[17,71],"Boot":[4],"Smiling Mask":0,"obtain_stats":[{"Replay:Baseball":6,"DemoMod:Dog":0,"DemoMod:MonsterBlood":9,"DemoMod:HoleyGrail":10,"Vajra":4,"DemoMod:GlassGuonStoneRelic":5,"DemoMod:ClearGuonStone":8,"DemoMod:RiddleOfLead":17,"Boot":26,"Smiling Mask":31},{"Replay:Baseball":4,"DemoMod:Dog":0,"DemoMod:MonsterBlood":5,"DemoMod:HoleyGrail":6,"Vajra":2,"DemoMod:GlassGuonStoneRelic":3,"DemoMod:ClearGuonStone":5,"DemoMod:RiddleOfLead":9,"Boot":13,"Smiling Mask":16},{"Replay:Baseball":15,"DemoMod:Dog":0,"DemoMod:MonsterBlood":18,"DemoMod:HoleyGrail":24,"Vajra":7,"DemoMod:GlassGuonStoneRelic":10,"DemoMod:ClearGuonStone":18,"DemoMod:RiddleOfLead":36,"Boot":51,"Smiling Mask":63}]},"card_choices":[{"not_picked":["DemoMod:FinishedGun","DemoMod:GunslingerForm"],"picked":"DemoMod:Elimentaler","floor":0},{"not_picked":["DemoMod:StickyCrossBow","DemoMod:DoubleSwitch"],"picked":"DemoMod:PotionOfGunFriendShip","floor":1},{"not_picked":["DemoMod:BattleInHaste","DemoMod:DirectionalPad"],"picked":"DemoMod:EasyReloadBullets","floor":2},{"not_picked":["DemoMod:SpreadAmmo","DemoMod:DoubleSwitch"],"picked":"DemoMod:PracticeMakesPerfect","floor":5},{"not_picked":["DemoMod:SniperShot","DemoMod:GunstockTap"],"picked":"DemoMod:Evolver","floor":6},{"not_picked":["DemoMod:HardPowerCard","DemoMod:RadGun","DemoMod:Polaris"],"picked":"SKIP","floor":8},{"not_picked":["DemoMod:DirectionalPad","DemoMod:CursedBullets"],"picked":"DemoMod:DoubleVision","floor":10},{"not_picked":["DemoMod:FastSwitch","DemoMod:HardPowerCard","DemoMod:PotionOfGunFriendShip"],"picked":"SKIP","floor":12},{"not_picked":["DemoMod:ConditionalReflex","DemoMod:ProbeStrike"],"picked":"DemoMod:ShadowBullets","floor":14},{"not_picked":["DemoMod:GunslingerForm","DemoMod:BulletBore"],"picked":"DemoMod:Eureka","floor":16},{"not_picked":["DemoMod:Ejector","DemoMod:TeaPot","DemoMod:StickyCrossBow+1"],"picked":"SKIP","floor":18},{"not_picked":["DemoMod:RadGun","DemoMod:GunShield"],"picked":"DemoMod:Rummage+1","floor":20},{"not_picked":["DemoMod:FeignSurrender","DemoMod:Camera","DemoMod:MachoBrace"],"picked":"SKIP","floor":22},{"not_picked":["DemoMod:BoxingGlove","DemoMod:FeignSurrender"],"picked":"DemoMod:AbyssalTentacle+1","floor":24},{"not_picked":["DemoMod:SkilledReload+1","DemoMod:AC15","DemoMod:Camera+1"],"picked":"SKIP","floor":27},{"not_picked":["DemoMod:SkilledReload+1","DemoMod:AC15","DemoMod:Camera+1"],"picked":"SKIP","floor":27},{"not_picked":["DemoMod:MegaHand+1","DemoMod:DirectionalPad"],"picked":"DemoMod:ChanceBullets","floor":29},{"not_picked":["DemoMod:Slinger","DemoMod:GunstockTap"],"picked":"DemoMod:Unmoved+1","floor":31}],"player_experience":522813,"relics_obtained":[{"floor":6,"key":"Replay:Baseball"},{"floor":8,"key":"DemoMod:ClearGuonStone"},{"floor":9,"key":"DemoMod:MonsterBlood"},{"floor":10,"key":"DemoMod:HoleyGrail"},{"floor":26,"key":"Boot"},{"floor":31,"key":"Smiling Mask"}],"event_choices":[{"cards_removed":["DemoMod:Strike_Huntress"],"damage_healed":0,"gold_gain":0,"player_choice":"Card Removal","damage_taken":7,"max_hp_gain":0,"max_hp_loss":0,"event_name":"Golden Wing","floor":3,"gold_loss":0},{"damage_healed":0,"gold_gain":0,"player_choice":"Gave Potion","damage_taken":0,"relics_obtained":["Vajra"],"max_hp_gain":0,"max_hp_loss":0,"event_name":"WeMeetAgain","floor":4,"gold_loss":0},{"damage_healed":0,"gold_gain":0,"player_choice":"Copied","damage_taken":0,"max_hp_gain":0,"max_hp_loss":0,"event_name":"Duplicator","floor":19,"gold_loss":0,"cards_obtained":["DemoMod:Elimentaler"]}],"is_beta":false,"boss_relics":[{"not_picked":["Philosopher\u0027s Stone","Tiny House"],"picked":"DemoMod:RiddleOfLead"}],"items_purged_floors":[11,21],"is_endless":false,"potions_floor_spawned":[2,5,12,14,16,22,24,27,29,31],"killed_by":"Champ","ascension_level":3}}