{"host":"2se5dq1do2gp0x9k","time":1610763700,"event":{"mods":["AchievementEnabler","BaseMod","Block Reminder","Colored Map","Colored Powertips","Minty Spire (QoL Compilation)","Relic Stats","StSLib","SuperFastMode"],"gold_per_floor":[110,121,134,29,304,304,330,345,345,375,392,241,270,240,240,311,311,325,325,338,349,361,172,97,97,166,166,196,196,33,46,46,46,46],"floor_reached":33,"language":"ENG","playtime":1163,"items_purged":["Regret","Strike_P"],"score":589,"play_id":"382e472a-59b3-4eeb-86ae-80c67bb6272c","local_time":"20210115182140","is_ascension_mode":true,"campfire_choices":[{"data":"Ragnarok","floor":6.0,"key":"SMITH"},{"data":"MentalFortress","floor":15.0,"key":"SMITH"},{"floor":25,"key":"REST"},{"data":"Discovery","floor":27,"key":"SMITH"},{"floor":32,"key":"REST"}],"circlet_count":0,"master_deck":["AscendersBane","Strike_P","Strike_P","Defend_P+1","Defend_P","Defend_P","Defend_P","Eruption","Vigilance+1","Wallop","Tantrum","Ragnarok+1","FlurryOfBlows","Halt","MentalFortress+1","ClearTheMind","Meditate","FearNoEvil","Collect","Swivel+1","ThirdEye","FollowUp","Discovery+1","Wallop","MasterReality","TalkToTheHand"],"relics":["PureWater","NeowsBlessing","Happy Flower","Oddly Smooth Stone","Bottled Flame","War Paint","Runic Pyramid","Letter Opener","CloakClasp","Membership Card"],"acts_visited":["Exordium","TheCity"],"potions_floor_usage":[28,28],"damage_taken":[{"damage":0.0,"enemies":"Cultist","floor":1.0,"turns":1.0},{"damage":0.0,"enemies":"Jaw Worm","floor":2.0,"turns":1.0},{"damage":0.0,"enemies":"2 Louse","floor":3.0,"turns":1.0},{"damage":18.0,"enemies":"Lagavulin","floor":7.0,"turns":6.0},{"damage":19.0,"enemies":"Red Slaver","floor":8.0,"turns":4.0},{"damage":0.0,"enemies":"Gremlin Nob","floor":10.0,"turns":1.0},{"damage":0.0,"enemies":"Blue Slaver","floor":11.0,"turns":2.0},{"damage":16.0,"enemies":"Lagavulin","floor":13.0,"turns":6.0},{"damage":2.0,"enemies":"Hexaghost","floor":16.0,"turns":9.0},{"damage":29.0,"enemies":"2 Thieves","floor":18.0,"turns":3.0},{"damage":6.0,"enemies":"Shell Parasite","floor":20.0,"turns":4.0},{"damage":0.0,"enemies":"Chosen and Byrds","floor":21.0,"turns":3.0},{"damage":56,"enemies":"Cultist and Chosen","floor":22,"turns":7},{"damage":26,"enemies":"Slavers","floor":28,"turns":4},{"damage":0,"enemies":"Snecko","floor":31,"turns":3},{"damage":45,"enemies":"Collector","floor":33,"turns":3}],"seed_played":"4256422354476423071","potions_obtained":[{"floor":8.0,"key":"Ambrosia"},{"floor":11.0,"key":"Energy Potion"},{"floor":14.0,"key":"Weak Potion"},{"floor":14.0,"key":"Dexterity Potion"},{"floor":16.0,"key":"Weak Potion"},{"floor":22,"key":"StancePotion"},{"floor":31,"key":"BottledMiracle"}],"is_trial":false,"path_per_floor":["M","M","M","$","?","R","E","M","T","E","M","$","E","?","R","B",null,"M","?","M","M","M","$","?","R","T","R","E","?","$","M","R","B"],"character_chosen":"WATCHER","items_purchased":["FlurryOfBlows","Halt","FearNoEvil","Discovery","Membership Card"],"campfire_rested":2,"item_purchase_floors":[4,4,12,23,30],"current_hp_per_floor":[61,61,61,61,61,61,43,24,24,24,24,24,8,8,8,6,53,24,78,72,72,16,16,16,39,39,39,13,13,13,13,36,0,0],"gold":46,"neow_bonus":"THREE_ENEMY_KILL","is_daily":false,"chose_seed":false,"campfire_upgraded":3,"win_rate":0.0,"timestamp":1610763700,"path_taken":["M","?","M","$","?","R","E","M","T","E","M","?","E","?","R","BOSS","M","?","M","M","?","$","?","R","T","R","E","?","$","M","R","BOSS"],"items_purchased_type":["Card","Card","Card","Card","Relic"],"build_version":"2020-12-22","purchased_purges":2,"victory":false,"max_hp_per_floor":[68,68,68,68,68,68,68,68,68,68,68,68,68,68,68,68,68,68,78,78,78,78,78,78,78,78,78,78,78,78,78,78,78,78],"relic_stats":{"Happy Flower":[16],"counters":[16,58],"CloakClasp":[23],"Letter Opener":[45],"War Paint":["Vigilance","Defend_P"],"obtain_stats":[{"Bottled Flame":10,"NeowsBlessing":0,"Happy Flower":7,"Oddly Smooth Stone":9,"CloakClasp":28,"Letter Opener":26,"Membership Card":30,"PureWater":0,"War Paint":13,"Runic Pyramid":17},{"Bottled Flame":6,"NeowsBlessing":0,"Happy Flower":4,"Oddly Smooth Stone":5,"CloakClasp":14,"Letter Opener":13,"Membership Card":14,"PureWater":0,"War Paint":8,"Runic Pyramid":9},{"Bottled Flame":14,"NeowsBlessing":0,"Happy Flower":9,"Oddly Smooth Stone":13,"CloakClasp":52,"Letter Opener":48,"Membership Card":52,"PureWater":0,"War Paint":22,"Runic Pyramid":31}]},"card_choices":[{"not_picked":["Consecrate","JustLucky"],"picked":"Wallop","floor":1.0},{"not_picked":["EmptyBody","BowlingBash"],"picked":"Tantrum","floor":2.0},{"not_picked":["BowlingBash","Prostrate"],"picked":"Ragnarok","floor":3.0},{"not_picked":["ThirdEye","CutThroughFate"],"picked":"MentalFortress","floor":7.0},{"not_picked":["Evaluate","Protect"],"picked":"ClearTheMind","floor":8.0},{"not_picked":["BowlingBash","EmptyMind"],"picked":"Meditate","floor":10.0},{"not_picked":["Protect","ClearTheMind","WaveOfTheHand"],"picked":"SKIP","floor":11.0},{"not_picked":["LessonLearned","CutThroughFate"],"picked":"Collect","floor":13.0},{"not_picked":["Brilliance","ConjureBlade"],"picked":"Omniscience","floor":16.0},{"not_picked":["SashWhip","FlurryOfBlows"],"picked":"Swivel+1","floor":18.0},{"not_picked":["EmptyBody","WaveOfTheHand"],"picked":"ThirdEye","floor":20.0},{"not_picked":["Crescendo","PathToVictory+1","Swivel+1"],"picked":"SKIP","floor":21.0},{"not_picked":["EmptyFist","EmptyBody"],"picked":"FollowUp","floor":22},{"not_picked":["EmptyFist","Judgement"],"picked":"Wallop","floor":28},{"not_picked":["Consecrate+1","ReachHeaven"],"picked":"TalkToTheHand","floor":31}],"player_experience":3867009,"relics_obtained":[{"floor":7.0,"key":"Happy Flower"},{"floor":9.0,"key":"Oddly Smooth Stone"},{"floor":10.0,"key":"Bottled Flame"},{"floor":13.0,"key":"War Paint"},{"floor":26,"key":"Letter Opener"},{"floor":28,"key":"CloakClasp"}],"event_choices":[{"damage_healed":0.0,"max_hp_gain":0.0,"max_hp_loss":0.0,"gold_gain":275.0,"event_name":"Golden Shrine","player_choice":"Desecrate","floor":5.0,"gold_loss":0.0,"damage_taken":0.0,"cards_obtained":["Regret"]},{"damage_healed":0.0,"max_hp_gain":0.0,"max_hp_loss":0.0,"gold_gain":0.0,"event_name":"The Woman in Blue","player_choice":"Bought 2 Potions","floor":14.0,"gold_loss":0.0,"damage_taken":0.0},{"cards_removed":["Omniscience"],"damage_healed":44.0,"max_hp_gain":10.0,"max_hp_loss":0.0,"gold_gain":0.0,"event_name":"Bonfire Elementals","player_choice":"Offered Rare","floor":19.0,"gold_loss":0.0,"damage_taken":0.0},{"cards_removed":["Strike_P"],"damage_healed":0,"gold_gain":0,"player_choice":"Gave Gold","damage_taken":0,"max_hp_gain":0,"max_hp_loss":0,"event_name":"Beggar","floor":24,"gold_loss":75},{"damage_healed":0,"gold_gain":0,"player_choice":"1 cards matched","damage_taken":0,"max_hp_gain":0,"max_hp_loss":0,"event_name":"Match and Keep!","floor":29,"gold_loss":0,"cards_obtained":["MasterReality"]}],"is_beta":false,"boss_relics":[{"not_picked":["SacredBark","Runic Dome"],"picked":"Runic Pyramid"}],"items_purged_floors":[12,23],"is_endless":false,"potions_floor_spawned":[8,11,16,20,22,31],"killed_by":"Collector","ascension_level":18}}