{"host":"mydft8i2zzydgggw","time":1610836780,"event":{"mods":["AchievementEnabler","BaseMod","BetterRewards","Colored Map","Colored Powertips","DeckTracker","Keyboard Shortcuts","Minty Spire (QoL Compilation)","Rare Cards Sparkle","StSLib","SuperFastMode","everything is the same but u backflip on backflip"],"gold_per_floor":[113,127,127,145,3,3,36,36,60,75,107,124,52,77,77,178,178,191,207,306,319,339,339,339,339],"floor_reached":24,"language":"KOR","playtime":713,"items_purged":["Strike_B"],"score":338,"play_id":"0bb65255-3359-4161-9828-76f0c5579de4","local_time":"20210117073940","is_ascension_mode":true,"campfire_choices":[{"data":"Recycle","floor":6,"key":"SMITH"},{"data":"Coolheaded","floor":8,"key":"SMITH"},{"data":"Buffer","floor":15,"key":"SMITH"},{"data":"Zap","floor":23,"key":"SMITH"}],"circlet_count":0,"master_deck":["Strike_B","Strike_B","Strike_B","Defend_B","Defend_B","Defend_B","Defend_B","Zap+1","Dualcast","Buffer+1","Recycle+1","FTL","Streamline","Skim","Coolheaded+1","Glacier","Coolheaded","Capacitor","Core Surge","Core Surge","Streamline+1"],"relics":["Cracked Core","Lantern","Cables","MealTicket","Juzu Bracelet","Odd Mushroom","Sozu"],"acts_visited":["Exordium","TheCity"],"potions_floor_usage":[11,11,14,16,16],"damage_taken":[{"damage":1,"enemies":"Cultist","floor":1,"turns":4},{"damage":7,"enemies":"Small Slimes","floor":2,"turns":3},{"damage":12,"enemies":"Jaw Worm","floor":4,"turns":3},{"damage":15,"enemies":"Lagavulin","floor":7,"turns":7},{"damage":0,"enemies":"2 Fungi Beasts","floor":10,"turns":3},{"damage":0,"enemies":"3 Sentries","floor":11,"turns":5},{"damage":0,"enemies":"Large Slime","floor":12,"turns":5},{"damage":2,"enemies":"The Mushroom Lair","floor":14,"turns":4},{"damage":15,"enemies":"The Guardian","floor":16,"turns":12},{"damage":4,"enemies":"Spheric Guardian","floor":18,"turns":3},{"damage":12,"enemies":"Chosen","floor":19,"turns":5},{"damage":14,"enemies":"Centurion and Healer","floor":21,"turns":11},{"damage":7,"enemies":"Sentry and Sphere","floor":22,"turns":6},{"damage":31,"enemies":"Book of Stabbing","floor":24,"turns":5}],"seed_played":"-7067915024214063990","potions_obtained":[{"floor":1,"key":"SneckoOil"},{"floor":4,"key":"FearPotion"},{"floor":10,"key":"LiquidBronze"},{"floor":12,"key":"SkillPotion"},{"floor":14,"key":"FocusPotion"}],"is_trial":false,"path_per_floor":["M","M","T","M","$","R","E","R","T","M","E","M","$","?","R","B",null,"M","M","?","M","M","R","E"],"character_chosen":"DEFECT","items_purchased":["Skim","Core Surge"],"campfire_rested":0,"item_purchase_floors":[5,13],"current_hp_per_floor":[67,60,60,48,48,48,33,33,33,33,33,33,48,46,46,31,64,60,48,48,34,27,27,0,0],"gold":339,"neow_bonus":"ONE_RANDOM_RARE_CARD","is_daily":false,"chose_seed":false,"campfire_upgraded":4,"win_rate":0.0,"timestamp":1610836780,"path_taken":["M","M","?","?","$","R","E","R","T","M","E","M","$","?","R","BOSS","M","M","?","M","M","R","E"],"items_purchased_type":["Card","Card"],"build_version":"2020-12-22","purchased_purges":1,"victory":false,"max_hp_per_floor":[75,75,75,75,75,75,75,75,75,75,75,75,75,75,75,75,75,75,75,75,75,75,75,75,75],"card_choices":[{"not_picked":["Scrape","Force Field"],"picked":"Recycle","floor":1},{"not_picked":["Skim","Leap"],"picked":"FTL","floor":2},{"not_picked":["Darkness","Conserve Battery"],"picked":"Streamline","floor":4},{"not_picked":["Redo","Stack"],"picked":"Coolheaded","floor":7},{"not_picked":["Conserve Battery","BootSequence"],"picked":"Glacier","floor":10},{"not_picked":["Lockon","Loop"],"picked":"Coolheaded","floor":11},{"not_picked":["Leap","Heatsinks"],"picked":"Capacitor","floor":12},{"not_picked":["Fission","Amplify"],"picked":"Core Surge","floor":16},{"not_picked":["Hologram","Static Discharge","Steam"],"picked":"SKIP","floor":18},{"not_picked":["Stack","Force Field","Capacitor"],"picked":"SKIP","floor":19},{"not_picked":["Conserve Battery","Leap"],"picked":"Streamline+1","floor":21},{"not_picked":["Streamline","Skim","Hello World+1"],"picked":"SKIP","floor":22}],"player_experience":172582,"relics_obtained":[{"floor":3,"key":"Lantern"},{"floor":7,"key":"Cables"},{"floor":9,"key":"MealTicket"},{"floor":11,"key":"Juzu Bracelet"},{"floor":14,"key":"Odd Mushroom"}],"event_choices":[{"damage_healed":0,"gold_gain":0,"player_choice":"Fought Mushrooms","damage_taken":0,"max_hp_gain":0,"max_hp_loss":0,"event_name":"Mushrooms","floor":14,"gold_loss":0},{"damage_healed":0,"gold_gain":99,"player_choice":"Stole From Cult","damage_taken":0,"max_hp_gain":0,"max_hp_loss":0,"event_name":"Nest","floor":20,"gold_loss":0}],"is_beta":false,"boss_relics":[{"not_picked":["Astrolabe","Busted Crown"],"picked":"Sozu"}],"items_purged_floors":[5],"is_endless":false,"potions_floor_spawned":[1,4,10,12,14,22],"killed_by":"Book of Stabbing","ascension_level":9}}