{"host":"92108ef2q9tm8rod","time":1610784942,"event":{"mods":["BaseMod","Defuse TimeMaze Blight","Minty Spire (QoL Compilation)","StSLib","The Jungle"],"gold_per_floor":[113,133,144,156,169,169,194,194,217,254,254,264,264,264,264,361,361,380,394,420,420,432,432,458,472,524,524,449,449,306,318,318,413,413,429,429,448,303,327,327,327,364,418,263,291,300,329,178,178,178],"floor_reached":51,"language":"ENG","playtime":3049,"items_purged":["Leap"],"score":840,"play_id":"af72a3bd-8809-48ee-a74a-734b7e120115","local_time":"20210116081542","daily_mods":["SealedDeck","Blue Cards","Heirloom","Flight"],"is_ascension_mode":false,"campfire_choices":[{"data":"Redo","floor":6,"key":"SMITH"},{"data":"Go for the Eyes","floor":8,"key":"SMITH"},{"floor":11,"key":"REST"},{"data":"Tempest","floor":13,"key":"SMITH"},{"data":"Caltrops","floor":15,"key":"SMITH"},{"data":"Blur","floor":23,"key":"SMITH"},{"floor":27,"key":"REST"},{"data":"Gash","floor":29,"key":"SMITH"},{"data":"Streamline","floor":32,"key":"SMITH"},{"data":"Conserve Battery","floor":40,"key":"SMITH"},{"data":"Corpse Explosion","floor":41,"key":"SMITH"},{"data":"Slice","floor":49,"key":"SMITH"}],"circlet_count":0,"master_deck":["Reinforced Body+1","Redo+1","Slice+1","Caltrops+1","Streamline+1","PiercingWail+1","Tempest+1","Conserve Battery+1","Gash+1","Go for the Eyes+1","Blur+1","Escape Plan+1","Corpse Explosion+1","Chill+1","Blur+1","Finesse+1"],"relics":["Ring of the Serpent","Dead Branch","CaptainsWheel","CeramicFish","Regal Pillow","Nunchaku","Lantern","Black Star","Omamori","Vajra","Toxic Egg 2","Bag of Preparation","Lee\u0027s Waffle","Dream Catcher","Bottled Lightning","War Paint","Potion Belt"],"acts_visited":["Exordium","Exordium","TheBeyond"],"potions_floor_usage":[7,7,19,22,24,33,33,33,39,45,50,50],"damage_taken":[{"damage":0,"enemies":"Jaw Worm","floor":1,"turns":3},{"damage":6,"enemies":"Cultist","floor":2,"turns":3},{"damage":0,"enemies":"2 Louse","floor":3,"turns":3},{"damage":0,"enemies":"Looter","floor":4,"turns":3},{"damage":0,"enemies":"2 Fungi Beasts","floor":5,"turns":3},{"damage":0,"enemies":"3 Sentries","floor":7,"turns":7},{"damage":15,"enemies":"Gremlin Nob","floor":10,"turns":5},{"damage":0,"enemies":"Gremlin Gang","floor":12,"turns":5},{"damage":5,"enemies":"The Guardian","floor":16,"turns":8},{"damage":2,"enemies":"theJungle:MUSHROOMGANG","floor":18,"turns":4},{"damage":5,"enemies":"theJungle:Flameango_and_Byrd","floor":19,"turns":4},{"damage":11,"enemies":"theJungle:2_Flameangoes","floor":20,"turns":7},{"damage":0,"enemies":"theJungle:2_Snecko_Cultists","floor":22,"turns":5},{"damage":9,"enemies":"theJungle:MamaSnecko","floor":24,"turns":6},{"damage":5,"enemies":"theJungle:SlimyTreeVines","floor":25,"turns":6},{"damage":4,"enemies":"theJungle:Lyon","floor":31,"turns":3},{"damage":18,"enemies":"theJungle:FunGuy","floor":33,"turns":12},{"damage":4,"enemies":"3 Darklings","floor":35,"turns":4},{"damage":0,"enemies":"Orb Walker","floor":37,"turns":4},{"damage":0,"enemies":"3 Darklings","floor":39,"turns":3},{"damage":11,"enemies":"Reptomancer","floor":42,"turns":7},{"damage":0,"enemies":"Nemesis","floor":45,"turns":7},{"damage":0,"enemies":"Giant Head","floor":47,"turns":10},{"damage":19,"enemies":"Awakened One","floor":50,"turns":15}],"seed_played":"2125827646522324001","potions_obtained":[{"floor":2,"key":"BlessingOfTheForge"},{"floor":3,"key":"SpeedPotion"},{"floor":5,"key":"LiquidMemories"},{"floor":12,"key":"Block Potion"},{"floor":16,"key":"SmokeBomb"},{"floor":18,"key":"AttackPotion"},{"floor":22,"key":"Block Potion"},{"floor":25,"key":"Block Potion"},{"floor":31,"key":"SteroidPotion"},{"floor":33,"key":"LiquidBronze"},{"floor":35,"key":"Weak Potion"},{"floor":42,"key":"BlessingOfTheForge"}],"is_trial":true,"path_per_floor":["M","M","M","M","M","R","E","R","T","E","R","M","R","?","R","B",null,"M","M","M","$","M","R","E","M","T","R","$","R","$","M","R","B",null,"M","?","M","$","M","R","R","E","T","$","E","?","E","$","R","B",null],"character_chosen":"THE_SILENT","items_purchased":["Corpse Explosion","Omamori","Lee\u0027s Waffle","SpeedPotion","SpeedPotion","SkillPotion"],"campfire_rested":2,"item_purchase_floors":[30,38,44,48,48,48],"current_hp_per_floor":[70,64,64,64,64,64,64,64,64,49,70,70,70,70,70,65,70,68,63,52,52,52,52,43,44,44,70,70,70,70,66,66,48,70,66,70,70,70,70,70,70,59,59,77,77,77,77,77,77,58],"gold":178,"neow_bonus":"","is_daily":false,"chose_seed":false,"campfire_upgraded":10,"win_rate":0.0,"timestamp":1610784942,"path_taken":["M","M","M","M","M","R","E","R","T","E","R","M","R","?","R","BOSS","M","M","M","$","M","R","E","M","T","R","$","R","$","M","R","BOSS","M","?","?","$","M","R","R","E","T","$","E","?","E","$","R","BOSS"],"items_purchased_type":["Card","Relic","Relic","Potion","Potion","Potion"],"build_version":"2020-12-22","purchased_purges":1,"victory":true,"max_hp_per_floor":[70,70,70,70,70,70,70,70,70,70,70,70,70,70,70,70,70,70,70,70,70,70,70,70,70,70,70,70,70,70,70,70,70,70,70,70,70,70,70,70,70,70,70,77,77,77,77,77,77,77],"card_choices":[{"not_picked":["Heel Hook","Flechettes","Streamline"],"picked":"SKIP","floor":1},{"not_picked":["Distraction","Steam Power"],"picked":"Go for the Eyes","floor":2},{"not_picked":["Hello World","Cloak And Dagger","Slice"],"picked":"SKIP","floor":3},{"not_picked":["Conserve Battery","Infinite Blades","Quick Slash"],"picked":"SKIP","floor":4},{"not_picked":["Gash","Skim","Dagger Spray"],"picked":"SKIP","floor":5},{"not_picked":["Double Energy","Beam Cell","All Out Attack"],"picked":"SKIP","floor":7},{"not_picked":["Underhanded Strike","Stack"],"picked":"Blur","floor":10},{"not_picked":["Scrape","Quick Slash","Cloak And Dagger"],"picked":"SKIP","floor":12},{"not_picked":["Sucker Punch","Bane","Slice"],"picked":"SKIP","floor":18},{"not_picked":["Coolheaded","Cloak And Dagger+1","Slice"],"picked":"SKIP","floor":19},{"not_picked":["Redo","Coolheaded"],"picked":"Escape Plan+1","floor":20},{"not_picked":["Dodge and Roll","Melter","Cloak And Dagger+1"],"picked":"SKIP","floor":22},{"not_picked":["Dagger Throw","Bane+1","Doom and Gloom"],"picked":"SKIP","floor":24},{"not_picked":["White Noise","Gash","Flying Knee+1"],"picked":"SKIP","floor":25},{"not_picked":["All For One","Poisoned Stab","Eviscerate"],"picked":"SKIP","floor":31},{"not_picked":["Deadly Poison","Static Discharge","Prepared+1"],"picked":"SKIP","floor":35},{"not_picked":["Acrobatics","Flechettes+1","Deadly Poison"],"picked":"SKIP","floor":37},{"not_picked":["Heatsinks","Steam Power+1"],"picked":"Chill+1","floor":39},{"not_picked":["Redo+1","Cloak And Dagger+1"],"picked":"Blur+1","floor":42},{"not_picked":["Barrage+1","Thunder Strike","Gash"],"picked":"SKIP","floor":45},{"not_picked":["Dark Shackles+1","Secret Technique+1"],"picked":"Finesse+1","floor":46},{"not_picked":["Go for the Eyes+1","Blade Dance+1","Buffer"],"picked":"SKIP","floor":47}],"player_experience":3302445,"relics_obtained":[{"floor":7,"key":"CaptainsWheel"},{"floor":9,"key":"CeramicFish"},{"floor":10,"key":"Regal Pillow"},{"floor":24,"key":"Nunchaku"},{"floor":26,"key":"Lantern"},{"floor":42,"key":"Vajra"},{"floor":42,"key":"Toxic Egg 2"},{"floor":43,"key":"Bag of Preparation"},{"floor":45,"key":"Dream Catcher"},{"floor":45,"key":"Bottled Lightning"},{"floor":47,"key":"War Paint"},{"floor":47,"key":"Potion Belt"}],"event_choices":[{"damage_healed":0,"gold_gain":0,"player_choice":"Leave","damage_taken":0,"max_hp_gain":0,"max_hp_loss":0,"event_name":"The Cleric","floor":14,"gold_loss":0},{"damage_healed":4,"gold_gain":0,"player_choice":"Full Heal","damage_taken":0,"max_hp_gain":0,"max_hp_loss":0,"event_name":"Wheel of Change","floor":36,"gold_loss":0},{"damage_healed":0,"gold_gain":0,"player_choice":"Memory 1","damage_taken":0,"max_hp_gain":0,"max_hp_loss":0,"event_name":"SensoryStone","floor":46,"gold_loss":0}],"is_beta":false,"boss_relics":[{"not_picked":["Coffee Dripper","Cursed Key"],"picked":"Ring of the Serpent"},{"not_picked":["HoveringKite","Empty Cage"],"picked":"Black Star"}],"items_purged_floors":[28],"is_endless":false,"potions_floor_spawned":[2,3,5,12,16,18,22,25,31,33,35,42],"ascension_level":0}}