{"host":"dr5ef424til0p8zn","time":1610817687,"event":{"mods":["2.2 Compatiblity","Act Like it!","BaseMod","Better Skull","Dark Map","Downfall","Gremlin Skip","Hallownest","Hermit","Minty Spire (QoL Compilation)","Shade Mod","StSLib","Td1madao Mod","The Bug Knight","The Hierophant","The Marked"],"gold_per_floor":[115,115,145,196,209,209,236,136,146,173,173,39,64,80,80,185,185,196,216,52,52,52,72,126,126,154,73,173,192,192,225,125,222,222,234,251,251,251,152,187,262,291,291,291,138,238,238,255,255,255],"floor_reached":51,"language":"ENG","playtime":6181,"items_purged":["champ:Defend"],"score":1072,"play_id":"d4e2a14e-e691-4b07-ae48-b4c6537b262a","local_time":"20210116182127","is_ascension_mode":true,"campfire_choices":[{"data":"champ:StanceDance","floor":6,"key":"SMITH"},{"data":"champ:Taunt","floor":8,"key":"SMITH"},{"data":"champ:UltimateStance","floor":15,"key":"SMITH"},{"floor":25,"key":"RECALL"},{"data":"expansioncontent:QuickStudy","floor":32,"key":"SMITH"},{"data":"champ:GladiatorForm","floor":43,"key":"SMITH"},{"data":"champ:BerserkersShout","floor":47,"key":"SMITH"},{"data":"champ:CalledShot","floor":49,"key":"SMITH"}],"circlet_count":0,"master_deck":["champ:Strike","champ:Defend","champ:Defend+1","champ:Defend+1","champ:Execute","champ:Taunt+1","champ:BladeFlurry","champ:StanceDance+1","champ:RapidStrikes","champ:BladeFlurry","champ:AdrenalArmor","champ:CalledShot+1","champ:UltimateStance+1","champ:VampiricStrike","champ:FlashCut","champ:ArenaPreparation+1","champ:Shatter+1","champ:BladeFlurry+1","champ:FlashCut+1","expansioncontent:QuickStudy+1","champ:BerserkersShout+1","champ:SteelEdge","champ:GladiatorForm+1","champ:SteelEdge+1","champ:LastStand+1","champ:RisingSlash+1","champ:StanceDance+1","champ:PerfectedStrike+1"],"relics":["champ:ChampionCrown","downfall:HeartBlessingBlue","War Paint","Pen Nib","SacredBark","Toy Ornithopter","downfall:RedIOU","Smiling Mask","StrikeDummy","Sling","MutagenicStrength","Kunai","downfall:HeartBlessingRed","Astrolabe","champ:DefensiveTrainingManual","Shuriken","TungstenRod","OrangePellets"],"acts_visited":["Exordium","TheCity","TheBeyond"],"potions_floor_usage":[12,12,20,20,26,26,28,35,35,40,42,42,42,48,48,50,50],"damage_taken":[{"damage":12,"enemies":"Small Slimes","floor":1,"turns":6},{"damage":10,"enemies":"Jaw Worm","floor":5,"turns":4},{"damage":10,"enemies":"2 Louse","floor":9,"turns":3},{"damage":10,"enemies":"HollowMod:MossKnight","floor":10,"turns":6},{"damage":35,"enemies":"downfall:FleeingMerchant","floor":12,"turns":4},{"damage":20,"enemies":"Gremlin Nob","floor":13,"turns":3},{"damage":39,"enemies":"Exordium Thugs","floor":14,"turns":7},{"damage":71,"enemies":"IC_STATUS_ARCHETYPE","floor":16,"turns":9},{"damage":25,"enemies":"Spheric Guardian","floor":18,"turns":2},{"damage":20,"enemies":"Chosen","floor":19,"turns":4},{"damage":45,"enemies":"downfall:FleeingMerchant","floor":20,"turns":4},{"damage":45,"enemies":"Snake Plant","floor":23,"turns":5},{"damage":33,"enemies":"Book of Stabbing","floor":26,"turns":3},{"damage":0,"enemies":"downfall:FleeingMerchant","floor":27,"turns":3},{"damage":13,"enemies":"downfall:Augmenter","floor":28,"turns":3},{"damage":20,"enemies":"Centurion and Healer","floor":29,"turns":3},{"damage":27,"enemies":"Slavers","floor":31,"turns":3},{"damage":84,"enemies":"WA_ARCHETYPE_CALM","floor":33,"turns":9},{"damage":64,"enemies":"3 Shapes","floor":35,"turns":5},{"damage":4,"enemies":"Orb Walker","floor":36,"turns":3},{"damage":25,"enemies":"HollowMod:StalkingDevout","floor":40,"turns":3},{"damage":20,"enemies":"Nemesis","floor":42,"turns":5},{"damage":29,"enemies":"Jaw Worm Horde","floor":48,"turns":4},{"damage":117,"enemies":"SI_POISON_ARCHETYPE","floor":50,"turns":6}],"seed_played":"6842142994481131205","potions_obtained":[{"floor":9,"key":"BlessingOfTheForge"},{"floor":10,"key":"champ:TechniquePotion"},{"floor":13,"key":"champ:OpenerPotion"},{"floor":14,"key":"Explosive Potion"},{"floor":18,"key":"Dexterity Potion"},{"floor":19,"key":"DistilledChaos"},{"floor":23,"key":"Strength Potion"},{"floor":26,"key":"Dexterity Potion"},{"floor":31,"key":"GamblersBrew"},{"floor":33,"key":"PowerPotion"},{"floor":40,"key":"EssenceOfSteel"},{"floor":42,"key":"Energy Potion"},{"floor":48,"key":"Regen Potion"}],"is_trial":false,"path_per_floor":["M","?","?","T","M","R","T","R","M","E","?","$","E","M","R","B",null,"M","M","$","?","?","M","T","R","E","$","?","M","?","E","R","B",null,"M","M","$","?","$","E","T","E","R","?","?","?","R","M","R","B",null],"character_chosen":"THE_CHAMP","items_purchased":["champ:BladeFlurry","champ:AdrenalArmor","BlessingOfTheForge","Toy Ornithopter","expansioncontent:QuickStudy","Sling","ColorlessPotion","EntropicBrew","OrangePellets"],"campfire_rested":0,"item_purchase_floors":[12,12,12,20,27,27,27,39,45],"current_hp_per_floor":[79,79,79,79,79,79,79,89,89,89,89,89,89,80,80,49,91,91,91,91,91,91,76,76,76,83,83,85,85,85,68,68,34,91,62,58,58,58,58,63,63,78,78,78,78,78,78,91,91,71],"gold":255,"neow_bonus":"TRANSFORM_TWO_CARDS","is_daily":false,"chose_seed":false,"campfire_upgraded":7,"win_rate":0.0,"timestamp":1610817687,"path_taken":["M","?","?","?","M","R","T","R","M","E","?","$","E","M","R","BOSS","M","M","$","?","?","M","T","R","E","$","?","M","?","E","R","BOSS","M","M","$","?","$","E","T","E","R","?","?","?","R","M","R","BOSS"],"items_purchased_type":["Card","Card","Potion","Relic","Card","Relic","Potion","Potion","Relic"],"build_version":"2020-12-22","purchased_purges":1,"victory":true,"max_hp_per_floor":[81,81,81,81,81,81,81,91,91,91,91,91,91,91,91,91,91,91,91,91,91,91,91,91,91,91,91,91,91,91,91,91,91,91,91,91,91,91,91,91,91,91,91,91,91,91,91,91,91,91],"card_choices":[{"not_picked":["champ:FocusedBerserking","champ:EnragedBash"],"picked":"champ:BladeFlurry","floor":1},{"not_picked":["champ:BerserkersShout","champ:Backstep"],"picked":"champ:StanceDance","floor":5},{"not_picked":["champ:CalledShot","champ:GladiatorStyle"],"picked":"champ:Circumvent","floor":9},{"not_picked":["champ:Parry","champ:Haymaker"],"picked":"champ:RapidStrikes","floor":10},{"not_picked":["champ:PreciseThrust","champ:HeartStrike"],"picked":"champ:FaceSlap","floor":12},{"not_picked":["champ:FaceSlap","champ:EnragedBash"],"picked":"champ:CalledShot","floor":13},{"not_picked":["champ:FlashCut","champ:PerfectedStrike"],"picked":"champ:UltimateStance","floor":14},{"not_picked":["champ:DancingMaster","champ:IgnorePain"],"picked":"champ:VampiricStrike","floor":16},{"not_picked":["champ:EnGarde","champ:EnragedBash"],"picked":"champ:FlashCut","floor":18},{"not_picked":["champ:PreciseThrust","champ:StanceDance+1"],"picked":"champ:ArenaPreparation+1","floor":19},{"not_picked":["champ:Backstep+1","champ:FocusedDefense"],"picked":"champ:Shatter+1","floor":20},{"not_picked":["champ:CrownThrow+1","champ:RecklessLeap"],"picked":"champ:BladeFlurry+1","floor":23},{"not_picked":["champ:HeavySlash","champ:Haymaker"],"picked":"champ:FlashCut+1","floor":26},{"not_picked":["champ:BerserkersShout","champ:FlashCut"],"picked":"champ:ShieldSlam","floor":27},{"not_picked":["champ:PreciseThrust","champ:Haymaker+1"],"picked":"champ:Circumvent","floor":28},{"not_picked":["champ:EnGarde","champ:Circumvent"],"picked":"champ:BerserkersShout","floor":29},{"not_picked":["champ:EnragedBash","champ:Shatter"],"picked":"champ:SteelEdge","floor":31},{"not_picked":["champ:CheapShot","champ:IgnorePain"],"picked":"champ:GladiatorForm","floor":33},{"not_picked":["champ:ShieldSlam","champ:Encircle+1"],"picked":"champ:RisingSlash+1","floor":35},{"not_picked":["champ:SetATrap+1","champ:PreciseThrust+1","champ:RecklessLeap"],"picked":"SKIP","floor":36},{"not_picked":["champ:FlashCut","champ:CrownThrow+1"],"picked":"champ:StanceDance+1","floor":40},{"not_picked":["champ:BladeFlurry+1","champ:FalseCounter","champ:Endure"],"picked":"SKIP","floor":42},{"not_picked":["champ:SkillfulDodge","champ:BladeFlurry"],"picked":"champ:PerfectedStrike+1","floor":48}],"player_experience":495643,"relics_obtained":[{"floor":4,"key":"Akabeko"},{"floor":10,"key":"War Paint"},{"floor":13,"key":"Pen Nib"},{"floor":24,"key":"Smiling Mask"},{"floor":26,"key":"StrikeDummy"},{"floor":28,"key":"MutagenicStrength"},{"floor":31,"key":"Kunai"},{"floor":40,"key":"champ:DefensiveTrainingManual"},{"floor":41,"key":"Shuriken"},{"floor":42,"key":"TungstenRod"}],"event_choices":[{"damage_healed":0,"gold_gain":0,"player_choice":"Ignored","damage_taken":0,"max_hp_gain":0,"max_hp_loss":0,"event_name":"Vampires","floor":21,"gold_loss":0},{"cards_removed":["champ:IronFortress"],"damage_healed":0,"gold_gain":0,"player_choice":"Removed Power","damage_taken":0,"max_hp_gain":0,"max_hp_loss":0,"event_name":"Falling","floor":44,"gold_loss":0}],"is_beta":false,"boss_relics":[{"not_picked":["Busted Crown","bronze:MakeshiftBattery"],"picked":"SacredBark"},{"not_picked":["Sozu","Cursed Key"],"picked":"Astrolabe"}],"items_purged_floors":[27],"is_endless":false,"potions_floor_spawned":[9,10,13,14,18,19,23,26,31,33,40,42,48],"ascension_level":1}}