{"host":"kh6fvhxn285ncg0o","time":1610839674,"event":{"mods":["Act Like it!","BaseMod","Colored Map","Friendly Minions","Keyboard Shortcuts","Minty Spire (QoL Compilation)","Quick Restart","Relic Stats","StSLib","SuperFastMode"],"gold_per_floor":[110,110,35,35,55,89,105,51,51,83,83,96,96,123,123,202,202,213,213,52,87,8,39,39,64,64,164,164,175,202,233,233,306,306,322,544,544,569,587,620,630,630,657,669,569,597,597,384,384,384,384,384,384,19,46,46],"floor_reached":57,"language":"KOR","playtime":2249,"items_purged":["Bash","Bludgeon","Pummel"],"score":3060,"play_id":"d30acf0e-3729-48fb-be42-fb6298d6341f","local_time":"20210117082754","is_ascension_mode":true,"campfire_choices":[{"data":"Limit Break","floor":11.0,"key":"SMITH"},{"data":"Body Slam","floor":15.0,"key":"SMITH"},{"data":"Rage","floor":28.0,"key":"SMITH"},{"data":"Dual Wield","floor":32.0,"key":"SMITH"},{"data":"Burning Pact","floor":42.0,"key":"SMITH"},{"data":"Seeing Red","floor":47.0,"key":"SMITH"},{"floor":49.0,"key":"RECALL"},{"data":"Entrench","floor":53.0,"key":"SMITH"}],"circlet_count":0,"master_deck":["AscendersBane","Warcry","Reaper+1","Body Slam+1","Berserk+1","Bloodletting","Limit Break+1","Spot Weakness","Disarm","Shrug It Off","Shockwave","Rage+1","Barricade+1","Burning Pact+1","Dual Wield+1","Seeing Red+1","Exhume","Evolve+1","Feel No Pain+1","Battle Trance","Second Wind","Entrench+1","Master of Strategy"],"relics":["Pandora\u0027s Box","Pocketwatch","Charon\u0027s Ashes","Frozen Egg 2","Runic Pyramid","Medical Kit","Red Mask","Oddly Smooth Stone","Ancient Tea Set","Question Card","Mango","Mummified Hand","Mercury Hourglass","SlaversCollar","FossilizedHelix","Boot","MealTicket","StrikeDummy","Bag of Preparation","Pantograph"],"acts_visited":["Exordium","TheCity","TheBeyond","TheEnding"],"potions_floor_usage":[56,56,56,56],"damage_taken":[{"damage":3.0,"enemies":"2 Louse","floor":1.0,"turns":1.0},{"damage":19.0,"enemies":"Jaw Worm","floor":5.0,"turns":3.0},{"damage":11.0,"enemies":"Gremlin Nob","floor":6.0,"turns":3.0},{"damage":25.0,"enemies":"Small Slimes","floor":7.0,"turns":3.0},{"damage":15.0,"enemies":"3 Sentries","floor":10.0,"turns":3.0},{"damage":9.0,"enemies":"Blue Slaver","floor":12.0,"turns":4.0},{"damage":31.0,"enemies":"Lagavulin","floor":14.0,"turns":6.0},{"damage":24.0,"enemies":"Hexaghost","floor":16.0,"turns":6.0},{"damage":31.0,"enemies":"Shell Parasite","floor":18.0,"turns":4.0},{"damage":25.0,"enemies":"Masked Bandits","floor":21.0,"turns":3.0},{"damage":28.0,"enemies":"Book of Stabbing","floor":23.0,"turns":5.0},{"damage":23.0,"enemies":"Gremlin Leader","floor":25.0,"turns":8.0},{"damage":20.0,"enemies":"Colosseum Slavers","floor":27.0,"turns":4.0},{"damage":35.0,"enemies":"Colosseum Nobs","floor":27.0,"turns":4.0},{"damage":21.0,"enemies":"Chosen","floor":29.0,"turns":6.0},{"damage":67.0,"enemies":"Slavers","floor":31.0,"turns":4.0},{"damage":43.0,"enemies":"Collector","floor":33.0,"turns":5.0},{"damage":28.0,"enemies":"Orb Walker","floor":35.0,"turns":4.0},{"damage":3.0,"enemies":"Mind Bloom Boss Battle","floor":38.0,"turns":5.0},{"damage":0.0,"enemies":"3 Shapes","floor":39.0,"turns":3.0},{"damage":30.0,"enemies":"Nemesis","floor":40.0,"turns":5.0},{"damage":18.0,"enemies":"Writhing Mass","floor":41.0,"turns":5.0},{"damage":43.0,"enemies":"Jaw Worm Horde","floor":44.0,"turns":3.0},{"damage":0.0,"enemies":"Giant Head","floor":46.0,"turns":5.0},{"damage":39.0,"enemies":"Time Eater","floor":50.0,"turns":8.0},{"damage":0.0,"enemies":"Donu and Deca","floor":51.0,"turns":4.0},{"damage":0.0,"enemies":"Shield and Spear","floor":55.0,"turns":3.0},{"damage":42,"enemies":"The Heart","floor":56,"turns":6}],"seed_played":"8613722938137184230","potions_obtained":[{"floor":5.0,"key":"AttackPotion"},{"floor":7.0,"key":"Strength Potion"},{"floor":10.0,"key":"CultistPotion"},{"floor":14.0,"key":"Explosive Potion"},{"floor":21.0,"key":"HeartOfIron"},{"floor":23.0,"key":"EntropicBrew"}],"is_trial":false,"path_per_floor":["M","?","$","?","M","E","M","$","T","E","R","M","?","E","R","B",null,"M","?","$","?","$","E","?","E","T","?","R","M","T","E","R","B",null,"M","?","?","?","M","E","M","R","T","M","$","E","R","$","R","B","B",null,"R","$","E","B",null],"character_chosen":"IRONCLAD","items_purchased":["FearPotion","Medical Kit","Burning Pact","Entrench","Bag of Preparation","Master of Strategy"],"campfire_rested":0,"item_purchase_floors":[8,20,22,48,54,54],"current_hp_per_floor":[65,42,42,47,39,28,25,25,25,32,32,63,63,80,80,80,80,80,80,80,80,80,80,80,80,80,91,91,94,94,94,94,94,94,82,82,82,89,89,89,89,89,89,89,89,89,89,89,89,89,89,89,89,89,89,69],"gold":46,"neow_bonus":"BOSS_RELIC","is_daily":false,"chose_seed":false,"campfire_upgraded":7,"win_rate":0.0,"timestamp":1610839674,"path_taken":["M","?","$","?","M","E","M","?","T","E","R","M","?","E","R","BOSS","M","?","$","?","$","E","?","E","T","?","R","M","?","E","R","BOSS","M","?","?","?","?","E","M","R","T","M","$","E","R","$","R","BOSS","BOSS","R","$","E","BOSS"],"items_purchased_type":["Potion","Relic","Card","Card","Relic","Card"],"build_version":"2020-12-22","purchased_purges":3,"victory":true,"max_hp_per_floor":[75,75,75,80,80,80,80,80,80,80,80,80,80,80,80,80,80,80,80,80,80,80,80,80,80,80,94,94,94,94,94,94,94,94,94,94,89,89,89,89,89,89,89,89,89,89,89,89,89,89,89,89,89,89,89,89],"relic_stats":{"counters":[28,123],"Charon\u0027s Ashes":[850],"Bag of Preparation":[4],"Medical Kit":[13],"Question Card":12,"Boot":[0],"Mercury Hourglass":[177],"Mummified Hand":[74],"Pantograph":0,"Pandora\u0027s Box":["Warcry","Reaper","Bludgeon","Body Slam","Pummel","Berserk","Bloodletting","Limit Break","Spot Weakness"],"MealTicket":0,"obtain_stats":[{"Oddly Smooth Stone":23,"Mango":27,"Charon\u0027s Ashes":9,"Bag of Preparation":54,"Frozen Egg 2":10,"Medical Kit":20,"Ancient Tea Set":25,"Question Card":26,"Boot":40,"Burning Blood":0,"Mercury Hourglass":31,"SlaversCollar":34,"Mummified Hand":27,"Pantograph":55,"Pandora\u0027s Box":0,"MealTicket":43,"Red Mask":21,"StrikeDummy":46,"FossilizedHelix":38,"Pocketwatch":6,"Runic Pyramid":17},{"Oddly Smooth Stone":11,"Mango":14,"Charon\u0027s Ashes":4,"Bag of Preparation":26,"Frozen Egg 2":5,"Medical Kit":9,"Ancient Tea Set":12,"Question Card":12,"Boot":21,"Burning Blood":0,"Mercury Hourglass":16,"SlaversCollar":17,"Mummified Hand":14,"Pantograph":27,"Pandora\u0027s Box":0,"MealTicket":22,"Red Mask":10,"StrikeDummy":24,"FossilizedHelix":19,"Pocketwatch":3,"Runic Pyramid":8},{"Oddly Smooth Stone":41,"Mango":57,"Charon\u0027s Ashes":10,"Bag of Preparation":114,"Frozen Egg 2":13,"Medical Kit":33,"Ancient Tea Set":49,"Question Card":49,"Boot":89,"Burning Blood":0,"Mercury Hourglass":67,"SlaversCollar":72,"Mummified Hand":57,"Pantograph":117,"Pandora\u0027s Box":0,"MealTicket":94,"Red Mask":36,"StrikeDummy":102,"FossilizedHelix":81,"Pocketwatch":7,"Runic Pyramid":29}],"Pocketwatch":[83]},"card_choices":[{"not_picked":["Clothesline","Rupture","Perfected Strike"],"picked":"SKIP","floor":1.0},{"not_picked":["Body Slam","Anger","Flex"],"picked":"SKIP","floor":5.0},{"not_picked":["Sever Soul","Headbutt"],"picked":"Disarm","floor":6.0},{"not_picked":["Iron Wave","Armaments"],"picked":"Shrug It Off","floor":7.0},{"not_picked":["Limit Break","Infernal Blade"],"picked":"Shockwave","floor":10.0},{"not_picked":["Clash","Headbutt","Cleave"],"picked":"SKIP","floor":12.0},{"not_picked":["Hemokinesis","Twin Strike"],"picked":"Rage","floor":14.0},{"not_picked":["Feed","Fiend Fire"],"picked":"Barricade+1","floor":16.0},{"not_picked":["Shockwave","Whirlwind","Heavy Blade"],"picked":"SKIP","floor":18.0},{"not_picked":["Heavy Blade","Cleave+1","Headbutt"],"picked":"SKIP","floor":23.0},{"not_picked":["Blood for Blood","Combust+1"],"picked":"Dual Wield","floor":25.0},{"not_picked":["Corruption+1","Warcry","Headbutt","Armaments"],"picked":"SKIP","floor":29.0},{"not_picked":["Searing Blow","Heavy Blade","Infernal Blade"],"picked":"Seeing Red","floor":31.0},{"not_picked":["Demon Form+1","Berserk+1","Barricade+1"],"picked":"Exhume","floor":33.0},{"not_picked":["Cleave","Fire Breathing+1","Blood for Blood+1"],"picked":"Evolve+1","floor":35.0},{"not_picked":["Anger","Sentinel+1","Sword Boomerang"],"picked":"Feel No Pain+1","floor":38.0},{"not_picked":["Warcry","Hemokinesis","Clothesline"],"picked":"Battle Trance","floor":39.0},{"not_picked":["Carnage","Disarm","Cleave+1","Armaments+1"],"picked":"SKIP","floor":40.0},{"not_picked":["Whirlwind","Perfected Strike","Searing Blow","Hemokinesis+1"],"picked":"SKIP","floor":41.0},{"not_picked":["Barricade+1","Pummel","Wild Strike+1","Searing Blow"],"picked":"SKIP","floor":44.0},{"not_picked":["Second Wind","Clash","Infernal Blade","Shrug It Off"],"picked":"SKIP","floor":46.0},{"not_picked":["Clash","Infernal Blade","Shrug It Off"],"picked":"Second Wind","floor":46.0},{"not_picked":["Iron Wave+1","Twin Strike","Hemokinesis","Metallicize+1"],"picked":"SKIP","floor":55.0}],"player_experience":3471220,"relics_obtained":[{"floor":6.0,"key":"Pocketwatch"},{"floor":9.0,"key":"Charon\u0027s Ashes"},{"floor":10.0,"key":"Frozen Egg 2"},{"floor":21.0,"key":"Red Mask"},{"floor":23.0,"key":"Oddly Smooth Stone"},{"floor":25.0,"key":"Ancient Tea Set"},{"floor":26.0,"key":"Question Card"},{"floor":27.0,"key":"Mango"},{"floor":27.0,"key":"Mummified Hand"},{"floor":31.0,"key":"Mercury Hourglass"},{"floor":38.0,"key":"FossilizedHelix"},{"floor":40.0,"key":"Boot"},{"floor":43.0,"key":"MealTicket"},{"floor":46.0,"key":"StrikeDummy"},{"floor":55.0,"key":"Pantograph"}],"event_choices":[{"damage_healed":0.0,"max_hp_gain":0.0,"max_hp_loss":0.0,"gold_gain":0.0,"event_name":"Shining Light","player_choice":"Entered Light","floor":2.0,"gold_loss":0.0,"damage_taken":23.0,"cards_upgraded":["Reaper","Berserk"]},{"damage_healed":0.0,"max_hp_gain":5.0,"max_hp_loss":0.0,"gold_gain":0.0,"event_name":"Big Fish","player_choice":"Donut","floor":4.0,"gold_loss":0.0,"damage_taken":0.0},{"damage_healed":0.0,"max_hp_gain":0.0,"max_hp_loss":0.0,"gold_gain":0.0,"event_name":"Liars Game","player_choice":"Ignored","floor":13.0,"gold_loss":0.0,"damage_taken":0.0},{"damage_healed":0.0,"max_hp_gain":0.0,"max_hp_loss":0.0,"gold_gain":0.0,"event_name":"The Mausoleum","player_choice":"Ignored","floor":19.0,"gold_loss":0.0,"damage_taken":0.0},{"damage_healed":0.0,"max_hp_gain":0.0,"max_hp_loss":0.0,"gold_gain":0.0,"event_name":"Masked Bandits","player_choice":"Fought Bandits","floor":21.0,"gold_loss":0.0,"damage_taken":0.0},{"damage_healed":0.0,"max_hp_gain":0.0,"max_hp_loss":0.0,"gold_gain":0.0,"event_name":"Vampires","player_choice":"Ignored","floor":24.0,"gold_loss":0.0,"damage_taken":0.0},{"damage_healed":0.0,"max_hp_gain":0.0,"max_hp_loss":0.0,"gold_gain":0.0,"event_name":"Colosseum","player_choice":"Fight","floor":27.0,"gold_loss":0.0,"damage_taken":0.0},{"damage_healed":0.0,"max_hp_gain":0.0,"max_hp_loss":0.0,"gold_gain":0.0,"event_name":"Colosseum","player_choice":"Fought Nobs","floor":27.0,"gold_loss":0.0,"damage_taken":0.0},{"damage_healed":0.0,"max_hp_gain":0.0,"max_hp_loss":0.0,"gold_gain":222.0,"event_name":"Tomb of Lord Red Mask","player_choice":"Wore Mask","floor":36.0,"gold_loss":0.0,"damage_taken":0.0},{"damage_healed":0.0,"max_hp_gain":0.0,"max_hp_loss":5.0,"gold_gain":0.0,"event_name":"Winding Halls","player_choice":"Max HP","floor":37.0,"gold_loss":0.0,"damage_taken":0.0},{"damage_healed":0.0,"max_hp_gain":0.0,"max_hp_loss":0.0,"gold_gain":0.0,"event_name":"MindBloom","player_choice":"Fight","floor":38.0,"gold_loss":0.0,"damage_taken":0.0}],"is_beta":false,"boss_relics":[{"not_picked":["Busted Crown","Empty Cage"],"picked":"Runic Pyramid"},{"not_picked":["Astrolabe","SacredBark"],"picked":"SlaversCollar"}],"items_purged_floors":[3,45,48],"is_endless":false,"potions_floor_spawned":[5,7,10,14,21,23,27,27,39,41,44,55],"ascension_level":20}}