{"host":"6p0attdrtjqaih7v","time":1610785518,"event":{"mods":["2.2 Compatiblity","AchievementEnabler","Bard","BaseMod","Better Skull","Better Third Choice","Colored Powertips","Hermit","Highlight Path","Jorbs\u0027s Wanderer Trilogy","Key Reminder","Minty Spire (QoL Compilation)","Permanent Neow","Quick Restart","Random Character Button","Relic Stats","Replay The Spire","Robot Space Explorer","StSLib"],"gold_per_floor":[364,141,141,158,158,184,196,196,196,222,253,265,277,308,320,429,541,573,602,630,656,418,469,469,519,596,634,653,653,721,821,821,948,948,1014,1053,1091,1152,945,997,517,548,548,548,574,574,574,601,601,626],"floor_reached":51,"language":"ENG","playtime":2977,"items_purged":["Clumsy","RobotSpaceExplorer:Defend"],"score":1239,"play_id":"cc09c437-5fbb-4979-a4bb-0cf3bf6c57c7","local_time":"20210116032518","is_ascension_mode":true,"campfire_choices":[{"data":"RobotSpaceExplorer:ShovelStrike","floor":8,"key":"SMITH"},{"data":"RobotSpaceExplorer:MiniLasers","floor":12,"key":"SMITH"},{"data":"RobotSpaceExplorer:SwiftStep","floor":15,"key":"SMITH"},{"data":"HandOfGreed","floor":24,"key":"SMITH"},{"data":"RobotSpaceExplorer:Smokescreen","floor":29,"key":"SMITH"},{"data":"RobotSpaceExplorer:Scan","floor":32,"key":"SMITH"},{"data":"Pot Of Greed","floor":44,"key":"SMITH"},{"data":"Pot Of Greed","floor":46,"key":"SMITH"},{"data":"Pot Of Greed","floor":49,"key":"SMITH"}],"circlet_count":0,"master_deck":["RobotSpaceExplorer:Defend","RobotSpaceExplorer:Defend","RobotSpaceExplorer:Defend","RobotSpaceExplorer:Scan+1","RobotSpaceExplorer:MiniLasers+1","RobotSpaceExplorer:ShovelStrike+1","RobotSpaceExplorer:Probe+1","RobotSpaceExplorer:RigExplosive","RobotSpaceExplorer:SwiftStep+1","RobotSpaceExplorer:Smokescreen+1","RobotSpaceExplorer:StunGrenade","RobotSpaceExplorer:StunGrenade","RobotSpaceExplorer:TrailblazerForm","RobotSpaceExplorer:GlueShot+1","RobotSpaceExplorer:GlueShot+1","RobotSpaceExplorer:SelfCleaning+1","RobotSpaceExplorer:ScrapMissile+1","RobotSpaceExplorer:ShovelStrike+1","RobotSpaceExplorer:SwiftStep+1","RobotSpaceExplorer:LuckyStrike","HandOfGreed+1","RobotSpaceExplorer:ScrapToss","RobotSpaceExplorer:DualCore+1","RobotSpaceExplorer:Probe+1","RobotSpaceExplorer:Probe+1","RobotSpaceExplorer:TrailblazerForm","RobotSpaceExplorer:GearShield+1","RobotSpaceExplorer:LaserBurst+1","RobotSpaceExplorer:ScrapToss","Pot Of Greed+1","Pot Of Greed+1","Pot Of Greed+1","RobotSpaceExplorer:ExhaustFan+1","RobotSpaceExplorer:MiniDrones"],"relics":["RobotSpaceExplorer:RoboCore","Shuriken","Garlic","MawBank","FaceOfCleric","Replay:Grab Bag","Replay:Wanted Poster","Astrolabe","Meat on the Bone","Toy Ornithopter","Question Card","Smiling Mask","Busted Crown","Potion Belt","Bird Faced Urn","Replay:Bottled Eggs","Grinning Jar","Pondfish Scales","HornCleat","ReplayTheSpireMod:Shallot","Blood Vial"],"acts_visited":["Exordium","TheCity","TheBeyond"],"potions_floor_usage":[6,6,6,10,10,11,14,16,16,16,16,19,20,21,23,23,25,28,28,28,31,33,35,37,37,38,40,42,42,50,50,50],"damage_taken":[{"damage":1,"enemies":"2 Louse","floor":1,"turns":3},{"damage":2,"enemies":"Jaw Worm","floor":4,"turns":3},{"damage":0,"enemies":"Gremlin Nob","floor":6,"turns":3},{"damage":0,"enemies":"Cultist","floor":7,"turns":3},{"damage":24,"enemies":"Lagavulin","floor":10,"turns":6},{"damage":0,"enemies":"Gremlin Gang","floor":11,"turns":5},{"damage":0,"enemies":"Blue Slaver","floor":14,"turns":3},{"damage":19,"enemies":"Slime Boss","floor":16,"turns":7},{"damage":9,"enemies":"Spheric Guardian","floor":18,"turns":7},{"damage":0,"enemies":"Chosen","floor":19,"turns":4},{"damage":0,"enemies":"3 Cultists","floor":20,"turns":5},{"damage":0,"enemies":"Snake Plant","floor":21,"turns":6},{"damage":2,"enemies":"Slavers","floor":23,"turns":10},{"damage":13,"enemies":"Book of Stabbing","floor":25,"turns":7},{"damage":2,"enemies":"Chosen and Byrds","floor":27,"turns":5},{"damage":15,"enemies":"Snecko","floor":28,"turns":5},{"damage":0,"enemies":"Centurion and Healer","floor":30,"turns":5},{"damage":3,"enemies":"Slavers","floor":31,"turns":8},{"damage":10,"enemies":"Champ","floor":33,"turns":10},{"damage":0,"enemies":"3 Shapes","floor":35,"turns":11},{"damage":0,"enemies":"Orb Walker","floor":36,"turns":3},{"damage":13,"enemies":"3 Darklings","floor":37,"turns":6},{"damage":8,"enemies":"Jaw Worm Horde","floor":38,"turns":7},{"damage":14,"enemies":"Reptomancer","floor":40,"turns":4},{"damage":21,"enemies":"Nemesis","floor":42,"turns":5},{"damage":0,"enemies":"Giant Head","floor":45,"turns":5},{"damage":0,"enemies":"Reptomancer","floor":48,"turns":3},{"damage":14,"enemies":"Awakened One","floor":50,"turns":6}],"seed_played":"8322330144586941564","potions_obtained":[{"floor":1,"key":"BlessingOfTheForge"},{"floor":6,"key":"Dexterity Potion"},{"floor":11,"key":"Weak Potion"},{"floor":14,"key":"GamblersBrew"},{"floor":18,"key":"Swift Potion"},{"floor":19,"key":"Toxic Potion"},{"floor":21,"key":"CultistPotion"},{"floor":30,"key":"Fire Potion"},{"floor":31,"key":"Energy Potion"},{"floor":37,"key":"BlessingOfTheForge"},{"floor":48,"key":"RobotSpaceExplorer:RecyclePotion"}],"is_trial":false,"path_per_floor":["M","$","?","M","?","E","M","R","T","E","M","R","?","M","R","B",null,"M","M","M","M","$","E","R","E","T","M","M","R","M","E","R","B",null,"M","M","M","M","$","E","$","E","T","R","E","R","?","E","R","B",null],"character_chosen":"RobotSpaceExplorer","items_purchased":["RobotSpaceExplorer:Probe","Strength Potion","Swift Potion","RobotSpaceExplorer:LuckyStrike","HandOfGreed","Potion Belt","RobotSpaceExplorer:ScrapToss","Replay:Bottled Eggs","Grinning Jar"],"campfire_rested":0,"item_purchase_floors":[2,2,2,22,22,39,41,41,41],"current_hp_per_floor":[67,67,67,65,58,58,58,58,58,34,34,34,34,35,35,17,62,54,55,56,57,57,56,56,44,44,43,44,44,45,48,48,56,80,86,87,78,76,76,68,68,62,62,62,71,71,71,74,74,84],"gold":626,"neow_bonus":"TWO_FIFTY_GOLD","is_daily":false,"chose_seed":false,"campfire_upgraded":9,"win_rate":0.0,"timestamp":1610785518,"path_taken":["M","$","?","M","?","E","M","R","T","E","M","R","?","M","R","BOSS","M","M","?","M","$","E","R","E","T","M","?","R","M","E","R","BOSS","M","M","M","M","$","E","$","E","T","R","E","R","?","E","R","BOSS"],"items_purchased_type":["Card","Potion","Potion","Card","Card","Relic","Card","Relic","Relic"],"build_version":"2020-12-22","purchased_purges":2,"victory":true,"max_hp_per_floor":[75,75,75,75,75,75,75,75,75,75,75,75,75,76,76,77,77,78,79,80,81,81,82,82,83,83,84,85,85,86,87,87,88,88,89,90,91,92,92,93,93,94,94,94,95,95,95,96,96,97],"relic_stats":{"counters":[28,155],"Astrolabe":["RobotSpaceExplorer:GlueShot","RobotSpaceExplorer:GlueShot","RobotSpaceExplorer:SelfCleaning"],"MawBank":144,"Question Card":14,"Smiling Mask":50,"Blood Vial":2,"Busted Crown":18,"FaceOfCleric":22,"Shuriken":[110],"Bird Faced Urn":[20],"obtain_stats":[{"Potion Belt":39,"Replay:Grab Bag":17,"Astrolabe":17,"RobotSpaceExplorer:RoboCore":0,"MawBank":10,"Question Card":26,"Smiling Mask":31,"Replay:Wanted Poster":17,"Blood Vial":48,"Pondfish Scales":42,"Busted Crown":34,"HornCleat":43,"FaceOfCleric":13,"ReplayTheSpireMod:Shallot":45,"Shuriken":6,"Bird Faced Urn":40,"Garlic":9,"Replay:Bottled Eggs":41,"Grinning Jar":41,"Toy Ornithopter":25,"Meat on the Bone":23},{"Potion Belt":23,"Replay:Grab Bag":8,"Astrolabe":8,"RobotSpaceExplorer:RoboCore":0,"MawBank":5,"Question Card":14,"Smiling Mask":18,"Replay:Wanted Poster":8,"Blood Vial":27,"Pondfish Scales":25,"Busted Crown":19,"HornCleat":25,"FaceOfCleric":6,"ReplayTheSpireMod:Shallot":26,"Shuriken":3,"Bird Faced Urn":24,"Garlic":4,"Replay:Bottled Eggs":24,"Grinning Jar":24,"Toy Ornithopter":14,"Meat on the Bone":13},{"Potion Belt":132,"Replay:Grab Bag":33,"Astrolabe":33,"RobotSpaceExplorer:RoboCore":0,"MawBank":18,"Question Card":72,"Smiling Mask":95,"Replay:Wanted Poster":33,"Blood Vial":149,"Pondfish Scales":141,"Busted Crown":105,"HornCleat":141,"FaceOfCleric":23,"ReplayTheSpireMod:Shallot":146,"Shuriken":9,"Bird Faced Urn":136,"Garlic":12,"Replay:Bottled Eggs":136,"Grinning Jar":136,"Toy Ornithopter":72,"Meat on the Bone":65}],"Toy Ornithopter":68,"Meat on the Bone":12},"card_choices":[{"not_picked":["RobotSpaceExplorer:SurgingStrike","RobotSpaceExplorer:Pulsar"],"picked":"RobotSpaceExplorer:ShovelStrike","floor":1},{"not_picked":["RobotSpaceExplorer:Fix","RobotSpaceExplorer:Jetpack"],"picked":"RobotSpaceExplorer:RigExplosive","floor":4},{"not_picked":["RobotSpaceExplorer:PlasmaMissile","RobotSpaceExplorer:ToxicBomb","RobotSpaceExplorer:ImprovisedAttack"],"picked":"SKIP","floor":6},{"not_picked":["RobotSpaceExplorer:PlasmaMissile","RobotSpaceExplorer:ToxicBomb","RobotSpaceExplorer:ImprovisedAttack"],"picked":"SKIP","floor":6},{"not_picked":["RobotSpaceExplorer:FranticSearch","RobotSpaceExplorer:SwiftStep","RobotSpaceExplorer:FreezeRay"],"picked":"SKIP","floor":7},{"not_picked":["RobotSpaceExplorer:FranticSearch","RobotSpaceExplorer:FreezeRay"],"picked":"RobotSpaceExplorer:SwiftStep","floor":7},{"not_picked":["RobotSpaceExplorer:Calculate","RobotSpaceExplorer:GlueShot"],"picked":"RobotSpaceExplorer:Smokescreen","floor":10},{"not_picked":["RobotSpaceExplorer:FrostMissile","RobotSpaceExplorer:StarDust"],"picked":"RobotSpaceExplorer:StunGrenade","floor":11},{"not_picked":["RobotSpaceExplorer:LaserBurst","RobotSpaceExplorer:SurgingStrike"],"picked":"RobotSpaceExplorer:StunGrenade","floor":14},{"not_picked":["RobotSpaceExplorer:BlastShield","RobotSpaceExplorer:Arsenal"],"picked":"RobotSpaceExplorer:TrailblazerForm","floor":16},{"not_picked":["RobotSpaceExplorer:Electropulse","RobotSpaceExplorer:FranticSearch+1"],"picked":"RobotSpaceExplorer:ScrapMissile+1","floor":18},{"not_picked":["RobotSpaceExplorer:ShockKick","RobotSpaceExplorer:ScrapMissile"],"picked":"RobotSpaceExplorer:ShovelStrike+1","floor":19},{"not_picked":["RobotSpaceExplorer:FranticSearch+1","RobotSpaceExplorer:Ammunition"],"picked":"RobotSpaceExplorer:SwiftStep+1","floor":20},{"not_picked":["RobotSpaceExplorer:Counterblock","RobotSpaceExplorer:SwiftStep","RobotSpaceExplorer:BigMissile"],"picked":"SKIP","floor":21},{"not_picked":["RobotSpaceExplorer:GlueSpray","RobotSpaceExplorer:Fix+1"],"picked":"RobotSpaceExplorer:ScrapToss","floor":23},{"not_picked":["RobotSpaceExplorer:ScrapMissile","RobotSpaceExplorer:MetalStrike"],"picked":"RobotSpaceExplorer:DualCore+1","floor":25},{"not_picked":["RobotSpaceExplorer:Pulsar","RobotSpaceExplorer:ShockMissile","RobotSpaceExplorer:ShockKick","RobotSpaceExplorer:MetalStrike+1"],"picked":"SKIP","floor":27},{"not_picked":["RobotSpaceExplorer:SwiftStep","RobotSpaceExplorer:GearShield","RobotSpaceExplorer:ShockKick"],"picked":"RobotSpaceExplorer:Probe","floor":28},{"not_picked":["RobotSpaceExplorer:ImprovisedAttack","RobotSpaceExplorer:GlueShot+1","RobotSpaceExplorer:BigMissile+1","RobotSpaceExplorer:FreezingShield"],"picked":"SKIP","floor":30},{"not_picked":["RobotSpaceExplorer:MakeshiftVolley","RobotSpaceExplorer:Explosion","RobotSpaceExplorer:MetalStrike"],"picked":"RobotSpaceExplorer:Probe","floor":31},{"not_picked":["RobotSpaceExplorer:Exploration","RobotSpaceExplorer:HighVoltage","RobotSpaceExplorer:Scanner"],"picked":"RobotSpaceExplorer:TrailblazerForm","floor":33},{"not_picked":["RobotSpaceExplorer:Ammunition+1"],"picked":"RobotSpaceExplorer:GearShield+1","floor":35},{"not_picked":["RobotSpaceExplorer:IronShell"],"picked":"RobotSpaceExplorer:LaserBurst+1","floor":36},{"not_picked":["RobotSpaceExplorer:ShockKick","RobotSpaceExplorer:Pulsar+1"],"picked":"SKIP","floor":37},{"not_picked":["RobotSpaceExplorer:BigMissile+1","RobotSpaceExplorer:SwiftStep"],"picked":"SKIP","floor":38},{"not_picked":["RobotSpaceExplorer:StarLightning","RobotSpaceExplorer:ShovelStrike"],"picked":"SKIP","floor":40},{"not_picked":["RobotSpaceExplorer:Smokescreen+1"],"picked":"RobotSpaceExplorer:ExhaustFan+1","floor":42},{"not_picked":["RobotSpaceExplorer:Ammunition+1","RobotSpaceExplorer:ScrapMissile"],"picked":"SKIP","floor":45},{"not_picked":["RobotSpaceExplorer:FreezingShield"],"picked":"RobotSpaceExplorer:MiniDrones","floor":48}],"player_experience":848610,"relics_obtained":[{"floor":6,"key":"Shuriken"},{"floor":9,"key":"Garlic"},{"floor":10,"key":"MawBank"},{"floor":23,"key":"Meat on the Bone"},{"floor":25,"key":"Toy Ornithopter"},{"floor":26,"key":"Question Card"},{"floor":31,"key":"Smiling Mask"},{"floor":40,"key":"Bird Faced Urn"},{"floor":42,"key":"Pondfish Scales"},{"floor":43,"key":"HornCleat"},{"floor":45,"key":"ReplayTheSpireMod:Shallot"},{"floor":48,"key":"Blood Vial"}],"event_choices":[{"damage_healed":0,"gold_gain":0,"player_choice":"Ignored","damage_taken":0,"max_hp_gain":0,"max_hp_loss":0,"event_name":"Liars Game","floor":3,"gold_loss":0},{"cards_removed":["RobotSpaceExplorer:Strike"],"damage_healed":0,"gold_gain":0,"player_choice":"Card Removal","damage_taken":7,"max_hp_gain":0,"max_hp_loss":0,"event_name":"Golden Wing","floor":5,"gold_loss":0},{"damage_healed":0,"gold_gain":0,"player_choice":"Trade","damage_taken":0,"relics_obtained":["FaceOfCleric"],"max_hp_gain":0,"max_hp_loss":0,"event_name":"FaceTrader","floor":13,"gold_loss":0},{"damage_healed":0,"gold_gain":0,"player_choice":"Memory 1","damage_taken":0,"max_hp_gain":0,"max_hp_loss":0,"event_name":"SensoryStone","floor":47,"gold_loss":0}],"is_beta":false,"boss_relics":[{"not_picked":["SacredBark","Kintsugi"],"picked":"Replay:Grab Bag"},{"not_picked":["ReplayTheSpireMod:Onyx Gauntlets","Philosopher\u0027s Stone"],"picked":"Replay:Wanted Poster"},{"not_picked":["Empty Cage","Snecko Eye"],"picked":"Astrolabe"},{"not_picked":["Replay:Bronze Core","Replay:Ancient Bell"],"picked":"Busted Crown"}],"items_purged_floors":[2,39],"is_endless":false,"potions_floor_spawned":[1,6,11,14,18,19,21,30,31,33,36,37,48],"ascension_level":7}}