{"host":"x21cvmfdo17nyhii","time":1610783590,"event":{"mods":["AchievementEnabler","BaseMod","Colored Map","Colored Powertips","DeckTracker","Highlight Path","Minty Spire (QoL Compilation)","Quick Restart","Rare Cards Sparkle","SuperFastMode"],"gold_per_floor":[15,15,15,25,25,50,50,79,105,105,132,132,143,143,143,244,244,260,94,111,111,126,159,159,185,185,185,216,216,232,25,25,25,25],"floor_reached":33,"language":"ENG","playtime":3012,"items_purged":[],"score":461,"play_id":"183ee2be-e3a4-4b08-952a-736e15a67ff0","local_time":"20210115235310","is_ascension_mode":true,"campfire_choices":[{"floor":7.0,"key":"REST"},{"data":"Infernal Blade","floor":10.0,"key":"SMITH"},{"data":"Havoc","floor":12,"key":"SMITH"},{"floor":15,"key":"REST"},{"data":"Berserk","floor":24,"key":"SMITH"},{"data":"Exhume","floor":27,"key":"SMITH"},{"data":"Armaments","floor":29,"key":"SMITH"},{"data":"Dark Embrace","floor":32,"key":"SMITH"}],"circlet_count":0,"master_deck":["Strike_R+1","Strike_R","Strike_R","Strike_R","Defend_R","Defend_R","Defend_R","Defend_R+1","Bash","Carnage","Burning Pact","True Grit","Infernal Blade+1","Havoc+1","Flex","Offering","Second Wind","Armaments+1","Rage+1","Flame Barrier","Berserk+1","Clothesline+1","Exhume+1","Pummel","Hemokinesis","Feel No Pain","Dark Embrace+1","Thinking Ahead"],"relics":["Black Blood","Charon\u0027s Ashes","Regal Pillow","PreservedInsect","Ornamental Fan","Boot","Bronze Scales","Strange Spoon","Nunchaku","Bottled Flame","Pantograph","Mummified Hand"],"acts_visited":["Exordium","TheCity"],"potions_floor_usage":[11,16,20,22,25,30],"damage_taken":[{"damage":1.0,"enemies":"Cultist","floor":1.0,"turns":4.0},{"damage":0.0,"enemies":"2 Louse","floor":4.0,"turns":3.0},{"damage":30.0,"enemies":"3 Sentries","floor":6.0,"turns":8.0},{"damage":32.0,"enemies":"Lagavulin","floor":8.0,"turns":5.0},{"damage":0,"enemies":"Gremlin Nob","floor":11,"turns":2},{"damage":7,"enemies":"Small Slimes","floor":13,"turns":2},{"damage":31,"enemies":"The Guardian","floor":16,"turns":8},{"damage":15,"enemies":"Shell Parasite","floor":18,"turns":4},{"damage":1,"enemies":"3 Byrds","floor":20,"turns":2},{"damage":21,"enemies":"Snecko","floor":22,"turns":5},{"damage":27,"enemies":"Gremlin Leader","floor":23,"turns":5},{"damage":6,"enemies":"Book of Stabbing","floor":25,"turns":3},{"damage":12,"enemies":"Gremlin Leader","floor":28,"turns":5},{"damage":4,"enemies":"Shelled Parasite and Fungi","floor":30,"turns":2},{"damage":82,"enemies":"Collector","floor":33,"turns":7}],"seed_played":"-8927879384263338292","potions_obtained":[{"floor":1.0,"key":"FearPotion"},{"floor":8.0,"key":"Block Potion"},{"floor":11,"key":"SmokeBomb"},{"floor":13,"key":"CultistPotion"},{"floor":16,"key":"Energy Potion"},{"floor":18,"key":"AttackPotion"},{"floor":20,"key":"SkillPotion"},{"floor":23,"key":"LiquidBronze"},{"floor":30,"key":"Energy Potion"}],"is_trial":false,"path_per_floor":["M","?","$","M","?","E","R","E","T","R","E","R","M","?","R","B",null,"M","$","M","?","M","E","R","E","T","R","E","R","M","$","R","B"],"character_chosen":"IRONCLAD","items_purchased":["Strange Spoon","Armaments","Dark Embrace","Thinking Ahead"],"campfire_rested":2,"item_purchase_floors":[19,19,31,31],"current_hp_per_floor":[80,80,80,80,73,49,80,54,54,54,60,60,59,43,80,55,74,71,71,80,80,71,56,56,62,62,62,62,62,70,70,70,0,0],"gold":25,"neow_bonus":"ONE_RARE_RELIC","is_daily":false,"chose_seed":false,"campfire_upgraded":6,"win_rate":0.0,"timestamp":1610783590,"path_taken":["M","?","$","M","?","E","R","E","T","R","E","R","M","?","R","BOSS","M","$","M","?","?","E","R","E","T","R","E","R","M","$","R","BOSS"],"items_purchased_type":["Relic","Card","Card","Card"],"build_version":"2020-12-22","purchased_purges":0,"victory":false,"max_hp_per_floor":[80,80,80,80,80,80,80,80,80,80,80,80,80,80,80,80,80,80,80,80,80,80,80,80,80,80,80,80,80,80,80,80,80,80],"card_choices":[{"not_picked":["Dual Wield","Fire Breathing"],"picked":"Carnage","floor":1.0},{"not_picked":["Armaments","Fire Breathing"],"picked":"Burning Pact","floor":4.0},{"not_picked":["Brutality","Sword Boomerang"],"picked":"True Grit","floor":6.0},{"not_picked":["Perfected Strike","Bludgeon"],"picked":"Infernal Blade","floor":8.0},{"not_picked":["Heavy Blade","Power Through"],"picked":"Havoc","floor":11},{"not_picked":["Anger","Havoc"],"picked":"Flex","floor":13},{"not_picked":["Reaper","Barricade"],"picked":"Offering","floor":16},{"not_picked":["Anger","Clash+1"],"picked":"Second Wind","floor":18},{"not_picked":["Blood for Blood+1","Inflame+1"],"picked":"Rage+1","floor":20},{"not_picked":["Clash+1","Sever Soul"],"picked":"Clothesline+1","floor":22},{"not_picked":["Havoc+1","Sword Boomerang"],"picked":"Exhume","floor":23},{"not_picked":["Anger+1","Fire Breathing"],"picked":"Pummel","floor":25},{"not_picked":["Clash","Rampage"],"picked":"Hemokinesis","floor":28},{"not_picked":["Headbutt+1","Havoc"],"picked":"Feel No Pain","floor":30}],"player_experience":427213,"relics_obtained":[{"floor":6.0,"key":"PreservedInsect"},{"floor":8.0,"key":"Ornamental Fan"},{"floor":9.0,"key":"Boot"},{"floor":11,"key":"Bronze Scales"},{"floor":23,"key":"Nunchaku"},{"floor":25,"key":"Bottled Flame"},{"floor":26,"key":"Pantograph"},{"floor":28,"key":"Mummified Hand"}],"event_choices":[{"cards_removed":["Strike_R"],"damage_healed":0.0,"max_hp_gain":0.0,"max_hp_loss":0.0,"gold_gain":0.0,"event_name":"Living Wall","player_choice":"Forget","floor":2.0,"gold_loss":0.0,"damage_taken":0.0},{"damage_healed":0.0,"max_hp_gain":0.0,"max_hp_loss":0.0,"gold_gain":0.0,"event_name":"Scrap Ooze","player_choice":"Success","floor":5.0,"gold_loss":0.0,"damage_taken":7.0,"relics_obtained":["Regal Pillow"]},{"damage_healed":0,"gold_gain":0,"player_choice":"Entered Light","damage_taken":16,"max_hp_gain":0,"max_hp_loss":0,"event_name":"Shining Light","floor":14,"gold_loss":0,"cards_upgraded":["Strike_R","Defend_R"]},{"damage_healed":0,"gold_gain":0,"player_choice":"2 cards matched","damage_taken":0,"max_hp_gain":0,"max_hp_loss":0,"event_name":"Match and Keep!","floor":21,"gold_loss":0,"cards_obtained":["Flame Barrier","Berserk"]}],"is_beta":false,"boss_relics":[{"not_picked":["Ectoplasm","SlaversCollar"],"picked":"Black Blood"}],"items_purged_floors":[],"is_endless":false,"potions_floor_spawned":[1,8,11,13,16,18,20,23,30],"killed_by":"Collector","ascension_level":5}}