{"host":"Jinnai","time":1610834477,"event":{"mods":["BaseMod","Bestiary","Block Reminder","Colored Map","Colored Powertips","Highlight Path","Minty Spire (QoL Compilation)","Quick Restart","Relic Stats","StSLib"],"gold_per_floor":[113,127,146,166,166,166,6,24,24,24,24],"floor_reached":10,"language":"ENG","playtime":476,"items_purged":["Pain"],"score":114,"play_id":"4cc8ff56-ee44-4739-b6a3-f3ef5441dd53","local_time":"20210116170117","is_ascension_mode":true,"campfire_choices":[{"data":"Leg Sweep","floor":6,"key":"SMITH"}],"circlet_count":0,"master_deck":["AscendersBane","Strike_G","Strike_G","Strike_G","Strike_G","Strike_G","Defend_G","Defend_G","Defend_G","Defend_G","Defend_G","Survivor","Neutralize","Master of Strategy","Leg Sweep+1","Leg Sweep","Quick Slash","Well Laid Plans","Unload","Dagger Throw"],"relics":["Ring of the Snake","WarpedTongs","Blue Candle"],"acts_visited":["Exordium"],"potions_floor_usage":[4,10,10],"damage_taken":[{"damage":4,"enemies":"Cultist","floor":1,"turns":4},{"damage":0,"enemies":"2 Louse","floor":2,"turns":4},{"damage":13,"enemies":"Jaw Worm","floor":3,"turns":8},{"damage":10,"enemies":"3 Louse","floor":4,"turns":2},{"damage":27,"enemies":"Exordium Thugs","floor":8,"turns":6},{"damage":19,"enemies":"Lagavulin","floor":10,"turns":7}],"seed_played":"-9151116911180206333","potions_obtained":[{"floor":3,"key":"Explosive Potion"},{"floor":4,"key":"GhostInAJar"},{"floor":8,"key":"BlessingOfTheForge"}],"is_trial":false,"path_per_floor":["M","M","M","M","?","R","$","M","T","E"],"character_chosen":"THE_SILENT","items_purchased":["Unload"],"campfire_rested":0,"item_purchase_floors":[7],"current_hp_per_floor":[55,55,42,32,32,32,32,5,5,0,0],"gold":24,"neow_bonus":"RANDOM_COLORLESS_2","is_daily":false,"chose_seed":false,"campfire_upgraded":1,"win_rate":0.0,"timestamp":1610834477,"path_taken":["M","M","M","?","?","R","$","M","T","E"],"items_purchased_type":["Card"],"build_version":"2020-12-18","purchased_purges":1,"victory":false,"max_hp_per_floor":[60,60,60,60,60,60,60,60,60,60,60],"relic_stats":{"counters":[6,31],"Blue Candle":[0],"obtain_stats":[{"Blue Candle":9,"Ring of the Snake":0,"WarpedTongs":5},{"Blue Candle":5,"Ring of the Snake":0,"WarpedTongs":4},{"Blue Candle":24,"Ring of the Snake":0,"WarpedTongs":18}],"Ring of the Snake":[12],"WarpedTongs":[13]},"card_choices":[{"not_picked":["Magnetism","Thinking Ahead"],"picked":"Master of Strategy","floor":0},{"not_picked":["Underhanded Strike","Dagger Throw"],"picked":"Leg Sweep","floor":1},{"not_picked":["Reflex","PiercingWail"],"picked":"Leg Sweep","floor":2},{"not_picked":["Choke","Finisher"],"picked":"Quick Slash","floor":3},{"not_picked":["Bane","Deflect"],"picked":"Well Laid Plans","floor":4},{"not_picked":["Deadly Poison","Catalyst"],"picked":"Dagger Throw","floor":8}],"player_experience":1523921,"relics_obtained":[{"floor":9,"key":"Blue Candle"}],"event_choices":[{"damage_healed":0,"gold_gain":0,"player_choice":"Rummage","damage_taken":0,"relics_obtained":["WarpedTongs"],"max_hp_gain":0,"max_hp_loss":0,"event_name":"Accursed Blacksmith","floor":5,"gold_loss":0,"cards_obtained":["Pain"]}],"is_beta":true,"boss_relics":[],"items_purged_floors":[7],"is_endless":false,"potions_floor_spawned":[3,4,8],"killed_by":"Lagavulin","ascension_level":18}}