{"host":"yuhibl5o0ay6idau","time":1610832476,"event":{"mods":["Act Like it!","Aspiration","BaseMod","Better Altar","Better Match","Better Note","Better Sensory Stone","Better Skull","Better Third Choice","Colored Map","Colored Powertips","Conspire","DeckTracker","GifTheSpireLib","Halation","Highlight Path","Jedi Mod","Minty Spire (QoL Compilation)","Permanent Neow","Quick Restart","Random Character Button","Replay The Spire","StSLib","Stuff the Spire","SuperFastMode"],"gold_per_floor":[112,130,147,163,178,210,31,62,143,143,161,194,209,229,229,334,334,349,62,80,117,117,148,148,177,201,101,129,145,145,161,161,265,265,276,276,151,171,21,21,35,46,72,72,0,0,24,24,24,24,24,24,24,55,55],"floor_reached":56,"language":"ENG","playtime":8599,"items_purged":["Doubt","Conclude","LessonLearned+1","Nirvana+1"],"score":1552,"play_id":"e9f73d75-29a9-4dd7-8011-02372c6dcc05","local_time":"20210116132756","is_ascension_mode":true,"campfire_choices":[{"data":"Replay:AtTheReady","floor":24,"key":"SMITH"},{"data":"WaveOfTheHand","floor":30,"key":"SMITH"},{"data":"ThirdEye","floor":32,"key":"SMITH"},{"data":"jedi:nirvanicrebirth","floor":40,"key":"SMITH"},{"data":"Alpha","floor":44,"key":"SMITH"},{"floor":46,"key":"RECALL"},{"data":"Study","floor":49,"key":"SMITH"}],"circlet_count":0,"master_deck":["Defend_P+1","Defend_P+1","Defend_P+1","Replay:ManipulateFuture+1","ReplayTheSpireMod:Brewmster+1","WaveOfTheHand+1","Alpha+1","ThirdEye+1","Nirvana+1","Replay:AtTheReady+1","Study+1","Parasite"],"relics":["StuffTheSpire:OccultApparatus","jedi:arcanewood","Happy Flower","HornCleat","jedi:angrymask","Replay:Grab Bag","StuffTheSpire:ModemDavis","Coffee Dripper","Kintsugi","TheAbacus","conspire:BottledYoYo","Replay:Bottled Eggs","Darkstone Periapt","Pen Nib","Tiny Chest","SacredBark","halation:EternalFortune","aspiration:ChemicalBlood","Red Mask","Oddly Smooth Stone"],"acts_visited":["Exordium","TheCity","TheBeyond","TheEnding"],"potions_floor_usage":[8,8,8,8,11,11,11,12,12,12,12,12,12,13,14,16,16,16,18,18,18,18,21,21,21,21,23,25,25,25,28,28,29,29,31,33,33,33,33,33,33,33,33,33,33,33,33,33,33,33,33,35,35,35,38,38,41,41,42,42,42,50,50,50,50,50,50,50,50,54,54,54,55,55,55,55,55,55,55,55,55,55,55,55],"damage_taken":[{"damage":0,"enemies":"Small Slimes","floor":1,"turns":4},{"damage":0,"enemies":"Jaw Worm","floor":2,"turns":4},{"damage":1,"enemies":"2 Louse","floor":3,"turns":3},{"damage":3,"enemies":"Looter","floor":4,"turns":4},{"damage":6,"enemies":"3 Louse","floor":5,"turns":5},{"damage":6,"enemies":"Replay:BlueRogue","floor":6,"turns":7},{"damage":14,"enemies":"Gremlin Nob","floor":8,"turns":4},{"damage":0,"enemies":"Gremlin Gang","floor":11,"turns":7},{"damage":0,"enemies":"3 Sentries","floor":12,"turns":7},{"damage":0,"enemies":"Blue Slaver","floor":13,"turns":5},{"damage":0,"enemies":"conspire:2 RoseBushes","floor":14,"turns":3},{"damage":15,"enemies":"Slime Boss","floor":16,"turns":8},{"damage":24,"enemies":"3 Byrds","floor":18,"turns":8},{"damage":0,"enemies":"Shell Parasite","floor":20,"turns":7},{"damage":7,"enemies":"conspire:MimicChest","floor":21,"turns":9},{"damage":0,"enemies":"Replay:Snechameleon","floor":23,"turns":7},{"damage":8,"enemies":"Slavers","floor":25,"turns":4},{"damage":0,"enemies":"Gremlin Leader","floor":28,"turns":6},{"damage":0,"enemies":"3 Cultists","floor":29,"turns":5},{"damage":0,"enemies":"conspire:HollyBat","floor":31,"turns":6},{"damage":4,"enemies":"Collector","floor":33,"turns":8},{"damage":10,"enemies":"Orb Walker","floor":35,"turns":6},{"damage":3,"enemies":"3 Shapes","floor":38,"turns":5},{"damage":6,"enemies":"Jaw Worm Horde","floor":41,"turns":5},{"damage":4,"enemies":"Writhing Mass","floor":42,"turns":5},{"damage":31,"enemies":"Time Eater","floor":50,"turns":10},{"damage":29,"enemies":"Shield and Spear","floor":54,"turns":5},{"damage":31,"enemies":"The Heart","floor":55,"turns":15}],"seed_played":"-3935973860210359139","potions_obtained":[{"floor":4,"key":"EssenceOfSteel"},{"floor":5,"key":"Adrenaline Potion"},{"floor":6,"key":"Fire Potion"},{"floor":11,"key":"Ambrosia"},{"floor":16,"key":"LifebloodPotion"},{"floor":31,"key":"Weak Potion"},{"floor":33,"key":"Dexterity Potion"},{"floor":35,"key":"jedi:holywater"},{"floor":54,"key":"Reflective Coating"},{"floor":54,"key":"Weak Potion"}],"is_trial":false,"path_per_floor":["M","M","M","M","M","E","$","E","T","?","M","E","M","M","R_BF","B",null,"M","$","M","?","?","E","R","E","T","$","E","M","R","M","R","B",null,"M","?","$","M","$","R","M","M","T","R","?","R","T","?","R","B",null,"R","$","E","B",null],"character_chosen":"WATCHER","items_purchased":["ReplayTheSpireMod:Brewmster","Nirvana","TheAbacus"],"campfire_rested":0,"item_purchase_floors":[7,19,19],"current_hp_per_floor":[65,65,64,61,55,49,49,35,35,35,35,35,35,35,35,34,65,41,41,41,34,34,34,34,26,26,26,41,41,41,41,41,46,65,55,58,58,55,55,55,52,57,57,57,57,57,57,57,57,66,77,77,77,48,17],"gold":55,"neow_bonus":"TRANSFORM_TWO_CARDS","is_daily":false,"chose_seed":false,"campfire_upgraded":6,"win_rate":0.0,"timestamp":1610832476,"path_taken":["M","M","M","M","M","E","$","E","T","?","M","E","?","M","R_BF","BOSS","M","$","M","?","?","E","R","E","T","$","E","M","?","M","R","BOSS","M","?","$","M","$","R","M","M","T","R","?","R","?","?","R","BOSS","R","$","E","BOSS"],"items_purchased_type":["Card","Card","Relic"],"build_version":"2020-12-22","purchased_purges":4,"victory":true,"max_hp_per_floor":[65,65,65,65,65,65,65,65,65,65,65,65,65,65,65,65,65,65,65,65,65,65,65,65,65,65,65,65,65,65,65,65,65,65,65,68,68,68,68,68,68,77,77,77,77,77,77,77,77,77,77,77,77,77,77],"card_choices":[{"not_picked":["FollowUp","PathToVictory"],"picked":"Replay:ManipulateFuture","floor":1},{"not_picked":["Replay:Anticipation","Collect","Replay:BluntJabs"],"picked":"SKIP","floor":2},{"not_picked":["ForeignInfluence","Replay:Hum","WreathOfFlame"],"picked":"SKIP","floor":3},{"not_picked":["Tantrum","JustLucky","ReachHeaven"],"picked":"SKIP","floor":4},{"not_picked":["Collect","ClearTheMind","Worship"],"picked":"SKIP","floor":5},{"not_picked":["LikeWater","EmptyMind","Indignation"],"picked":"SKIP","floor":6},{"not_picked":["JustLucky","Halt","Worship"],"picked":"SKIP","floor":8},{"not_picked":["EmptyBody","SashWhip","ForeignInfluence"],"picked":"SKIP","floor":11},{"not_picked":["SandsOfTime","FollowUp","Tantrum"],"picked":"SKIP","floor":12},{"not_picked":["FollowUp","Meditate","Brilliance"],"picked":"SKIP","floor":13},{"not_picked":["Prostrate","Consecrate"],"picked":"WaveOfTheHand","floor":14},{"not_picked":["ConjureBlade","Brilliance"],"picked":"Alpha","floor":16},{"not_picked":["FlurryOfBlows+1","ClearTheMind"],"picked":"ThirdEye","floor":18},{"not_picked":["Consecrate","EmptyBody","Replay:Battleflow"],"picked":"SKIP","floor":20},{"not_picked":["Consecrate","PathToVictory"],"picked":"Replay:AtTheReady","floor":21},{"not_picked":["ThirdEye","Perseverance","SashWhip"],"picked":"SKIP","floor":23},{"not_picked":["PathToVictory","ClearTheMind"],"picked":"Study","floor":25},{"not_picked":["LessonLearned","FearNoEvil","SandsOfTime"],"picked":"SKIP","floor":28},{"not_picked":["EmptyFist","Fasting2","EmptyBody"],"picked":"SKIP","floor":29},{"not_picked":["Swivel+1","Replay:BluntJabs+1","JustLucky+1"],"picked":"SKIP","floor":31},{"not_picked":["Scrawl","ConjureBlade"],"picked":"jedi:nirvanicrebirth","floor":33},{"not_picked":["Replay:AtTheReady","JustLucky+1","WaveOfTheHand"],"picked":"SKIP","floor":35},{"not_picked":["PathToVictory+1","Halt","Replay:AtTheReady"],"picked":"SKIP","floor":38},{"not_picked":["Consecrate+1","Conclude","SandsOfTime+1"],"picked":"SKIP","floor":41},{"not_picked":["Replay:AtTheReady+1","SashWhip","Consecrate"],"picked":"SKIP","floor":42},{"not_picked":["Nirvana","Replay:ManipulateFuture+1","SashWhip"],"picked":"SKIP","floor":54}],"player_experience":434277,"relics_obtained":[{"floor":6,"key":"jedi:arcanewood"},{"floor":8,"key":"Happy Flower"},{"floor":9,"key":"HornCleat"},{"floor":12,"key":"jedi:angrymask"},{"floor":21,"key":"conspire:BottledYoYo"},{"floor":23,"key":"Replay:Bottled Eggs"},{"floor":25,"key":"Darkstone Periapt"},{"floor":26,"key":"Pen Nib"},{"floor":28,"key":"Tiny Chest"},{"floor":42,"key":"halation:EternalFortune"},{"floor":43,"key":"aspiration:ChemicalBlood"},{"floor":54,"key":"Oddly Smooth Stone"}],"event_choices":[{"cards_removed":["StuffTheSpire:GnomedCurse"],"damage_healed":0,"gold_gain":0,"player_choice":"Card Removal","damage_taken":0,"max_hp_gain":0,"max_hp_loss":0,"event_name":"Wheel of Change","floor":22,"gold_loss":0},{"damage_healed":0,"gold_gain":0,"player_choice":"Paid","damage_taken":0,"relics_obtained":["Red Mask"],"max_hp_gain":0,"max_hp_loss":0,"event_name":"Tomb of Lord Red Mask","floor":45,"gold_loss":72}],"is_beta":false,"boss_relics":[{"not_picked":["conspire:SpecialSausage","aspiration:RunicSpoon"],"picked":"Replay:Grab Bag"},{"not_picked":["Sozu","jedi:paperlyon"],"picked":"StuffTheSpire:ModemDavis"},{"not_picked":["Replay:Bronze Core","halation:CatFaceCupcake"],"picked":"Coffee Dripper"},{"not_picked":["SlaversCollar","halation:PlatinumPhoenix"],"picked":"Kintsugi"},{"not_picked":["halation:Prosthetics","aspiration:SecretTechniqueScroll"],"picked":"SacredBark"}],"items_purged_floors":[19,27,37,39],"is_endless":false,"potions_floor_spawned":[4,5,6,11,16,18,31,33,35,38,41,54],"ascension_level":4}}