{"host":"e4wnmsyty9uvvtwf","time":1610804426,"event":{"mods":["BaseMod","Colored Map","Colored Powertips","Downfall","Minty Spire (QoL Compilation)","Rare Cards Sparkle","StSLib"],"gold_per_floor":[99,114,126,126,144,164,189,189,204,237,237,237,237,6,22,22,22],"floor_reached":16,"language":"ZHS","playtime":516,"items_purged":[],"score":102,"play_id":"0f39d01f-abbb-4a3c-8078-78c8d38be079","local_time":"20210116214026","is_ascension_mode":false,"campfire_choices":[{"data":"bronze:Replicate","floor":1,"key":"SMITH"},{"data":"bronze:Philosophize","floor":8,"key":"SMITH"},{"floor":11,"key":"REST"}],"circlet_count":0,"master_deck":["bronze:Strike","bronze:Strike","bronze:Strike","bronze:Defend","bronze:Defend","bronze:Defend","bronze:Defend","bronze:Replicate+1","bronze:Goto","bronze:Repulsor","bronze:Flail","bronze:CutThrough","bronze:Philosophize+1","bronze:Fortify","bronze:SpaghettiCode","bronze:CleanCode","bronze:BuggyMess","expansioncontent:DashGenerateEvil","bronze:Turbo","bronze:ChildClass"],"relics":["bronze:BronzeCore","hexamod:BolsterEngine","Bronze Scales"],"acts_visited":["Exordium"],"potions_floor_usage":[],"damage_taken":[{"damage":6,"enemies":"Cultist","floor":2,"turns":4},{"damage":7,"enemies":"Jaw Worm","floor":3,"turns":5},{"damage":2,"enemies":"Small Slimes","floor":5,"turns":3},{"damage":6,"enemies":"Red Slaver","floor":6,"turns":3},{"damage":11,"enemies":"2 Fungi Beasts","floor":9,"turns":3},{"damage":18,"enemies":"3 Sentries","floor":10,"turns":6},{"damage":5,"enemies":"downfall:FleeingMerchant","floor":14,"turns":4},{"damage":0,"enemies":"Blue Slaver","floor":15,"turns":2},{"damage":45,"enemies":"IC_STATUS_ARCHETYPE","floor":16,"turns":8}],"seed_played":"-8350517438618228519","potions_obtained":[{"floor":2,"key":"bronze:BurnAndBuffPotion"},{"floor":3,"key":"ColorlessPotion"},{"floor":5,"key":"Swift Potion"},{"floor":10,"key":"DistilledChaos"}],"is_trial":false,"path_per_floor":["R","M","M","?","M","M","T","R","M","E","R","?","?","$","M","B"],"character_chosen":"THE_AUTOMATON","items_purchased":["expansioncontent:DashGenerateEvil","bronze:Turbo"],"campfire_rested":1,"item_purchase_floors":[14,14],"current_hp_per_floor":[70,64,57,62,60,54,54,54,43,25,47,47,47,42,42,0,0],"gold":22,"neow_bonus":"RANDOM_COMMON_RELIC","is_daily":false,"chose_seed":false,"campfire_upgraded":2,"win_rate":0.0,"timestamp":1610804426,"path_taken":["R","M","?","?","M","M","T","R","M","E","R","?","?","$","M","BOSS"],"items_purchased_type":["Card","Card"],"build_version":"2020-12-22","purchased_purges":0,"victory":false,"max_hp_per_floor":[70,70,70,75,75,75,75,75,75,75,75,75,75,75,75,75,75],"card_choices":[{"not_picked":["bronze:WhirlingStrike","bronze:DelayedSlice"],"picked":"bronze:Repulsor","floor":2},{"not_picked":["bronze:Overload","bronze:Allocate"],"picked":"bronze:Flail","floor":3},{"not_picked":["bronze:BugBarrage","bronze:WhirlingStrike"],"picked":"bronze:CutThrough","floor":5},{"not_picked":["bronze:Frontload","bronze:Turbo"],"picked":"bronze:Philosophize","floor":6},{"not_picked":["bronze:Frontload","bronze:ForceShield"],"picked":"bronze:Fortify","floor":9},{"not_picked":["bronze:DelayedSlice","bronze:BuggyMess"],"picked":"bronze:SpaghettiCode","floor":10},{"not_picked":["bronze:Repulsor","bronze:ItsAFeature"],"picked":"bronze:BuggyMess","floor":14},{"not_picked":["bronze:Branch","bronze:BugBarrage"],"picked":"bronze:ChildClass","floor":15}],"player_experience":617943,"relics_obtained":[{"floor":7,"key":"hexamod:BolsterEngine"},{"floor":10,"key":"Bronze Scales"}],"event_choices":[{"damage_healed":0,"gold_gain":0,"player_choice":"Donut","damage_taken":0,"max_hp_gain":5,"max_hp_loss":0,"event_name":"Big Fish","floor":4,"gold_loss":0}],"is_beta":false,"boss_relics":[],"items_purged_floors":[],"is_endless":false,"potions_floor_spawned":[2,3,5,10,15],"killed_by":"IC_STATUS_ARCHETYPE","ascension_level":0}}