{"host":"9u9ci7gr6x9ja244","time":1610778146,"event":{"mods":["BaseMod","Downfall","Minty Spire (QoL Compilation)","StSLib"],"gold_per_floor":[99,109,123,143,143,143,143,50,50,65,65,77,77,90,105,210,260,260,280,290,290,304,304,304,304,304,304,320,320,320,320,330,330,330,330],"floor_reached":33,"language":"ZHS","playtime":1043,"items_purged":[],"score":264,"play_id":"7533a8c6-9e95-43f2-af0f-1235196ee6e2","local_time":"20210116142226","is_ascension_mode":false,"campfire_choices":[{"data":"Slimebound:CorrosiveSpit","floor":1.0,"key":"SMITH"},{"data":"Slimebound:SlimeBarrage","floor":18.0,"key":"SMITH"},{"data":"Slimebound:SlimeBrawl","floor":26.0,"key":"SMITH"}],"circlet_count":0,"master_deck":["Slimebound:Strike_Slimebound","Slimebound:Strike_Slimebound","Slimebound:Tackle","Slimebound:Defend_Slimebound+1","Slimebound:Defend_Slimebound","Slimebound:Defend_Slimebound","Slimebound:Defend_Slimebound","Slimebound:Split","Slimebound:CorrosiveSpit+1","Slimebound:PressTheAttack","Slimebound:Schlurp","Slimebound:SplitAcid","Slimebound:SplitBruiser","Slimebound:LevelUp","Slimebound:Split","Slimebound:LevelUp","Slimebound:SplitSpecialist","Slimebound:MassFeed","Slimebound:SlimeBarrage+1","Slimebound:SplitAcid+1","Slimebound:SlimeBrawl+1","Clumsy","Slimebound:Recollect","Writhe","Slimebound:Repurpose"],"relics":["Slimebound:AbsorbEndCombat","Juzu Bracelet","Singing Bowl","Bottled Lightning","Incense Burner","Tiny House","Gremlin Horn","Lantern"],"acts_visited":["Exordium","TheCity"],"potions_floor_usage":[],"damage_taken":[{"damage":0.0,"enemies":"2 Louse","floor":2.0,"turns":3.0},{"damage":1.0,"enemies":"Cultist","floor":3.0,"turns":3.0},{"damage":0.0,"enemies":"Small Slimes","floor":4.0,"turns":2.0},{"damage":3.0,"enemies":"downfall:FleeingMerchant","floor":8.0,"turns":4.0},{"damage":13.0,"enemies":"Gremlin Gang","floor":10.0,"turns":4.0},{"damage":15.0,"enemies":"Large Slime","floor":12.0,"turns":4.0},{"damage":14.0,"enemies":"Exordium Wildlife","floor":14.0,"turns":3.0},{"damage":0.0,"enemies":"3 Louse","floor":15.0,"turns":1.0},{"damage":43.0,"enemies":"WA_ARCHETYPE_RETAIN","floor":16.0,"turns":7.0},{"damage":5.0,"enemies":"Shell Parasite","floor":19.0,"turns":6.0},{"damage":29.0,"enemies":"Snecko","floor":20.0,"turns":6.0},{"damage":8.0,"enemies":"3 Cultists","floor":22.0,"turns":4.0},{"damage":13.0,"enemies":"Centurion and Healer","floor":28.0,"turns":5.0},{"damage":16.0,"enemies":"Shelled Parasite and Fungi","floor":32.0,"turns":4.0},{"damage":20,"enemies":"IC_MUSHROOM_ARCHETYPE","floor":33,"turns":1}],"seed_played":"-7777807898923762856","potions_obtained":[{"floor":3.0,"key":"DistilledChaos"},{"floor":5.0,"key":"LiquidBronze"},{"floor":5.0,"key":"PowerPotion"},{"floor":5.0,"key":"FairyPotion"},{"floor":14.0,"key":"Fire Potion"},{"floor":16.0,"key":"Guardian:BlockOnCardUsePotion"},{"floor":17.0,"key":"Fire Potion"},{"floor":20.0,"key":"Block Potion"}],"is_trial":false,"path_per_floor":["R","M","M","M","?","?","T","$","?","M","?","M","?","M","M","B",null,"R","M","M","?","M","?","T","?","R","?","M","?","?","?","M","B"],"character_chosen":"SLIMEBOUND","items_purchased":["Slimebound:LevelUp"],"campfire_rested":0,"item_purchase_floors":[8],"current_hp_per_floor":[65,65,65,65,65,65,65,63,51,43,43,32,32,20,23,15,76,76,72,47,47,41,41,41,41,41,41,32,32,32,32,17,0,0,0],"gold":330,"neow_bonus":"RANDOM_COMMON_RELIC","is_daily":false,"chose_seed":false,"campfire_upgraded":3,"win_rate":0.0,"timestamp":1610778146,"path_taken":["R","M","M","M","?","?","T","$","?","M","?","M","?","M","M","BOSS","R","M","M","?","M","?","T","?","R","?","M","?","?","?","M","BOSS"],"items_purchased_type":["Card"],"build_version":"2020-12-22","purchased_purges":0,"victory":false,"max_hp_per_floor":[65,65,65,65,65,65,65,65,65,67,67,69,69,69,71,71,76,76,76,78,78,78,78,78,78,78,78,80,80,80,80,80,80,80,80],"card_choices":[{"not_picked":["Slimebound:LeechingTouch","Slimebound:LivingWall"],"picked":"Slimebound:PressTheAttack","floor":2.0},{"not_picked":["Slimebound:MegaLick","Slimebound:GoopTackle"],"picked":"Slimebound:Schlurp","floor":3.0},{"not_picked":["Slimebound:GoopTackle","Slimebound:RallyTheTroops"],"picked":"Slimebound:SplitAcid","floor":4.0},{"not_picked":["Slimebound:GrowthPunch","Slimebound:FlameTackle"],"picked":"Slimebound:SplitBruiser","floor":8.0},{"not_picked":["Slimebound:ItLooksTasty","Slimebound:ServeAndProtect","Slimebound:HungryTackle"],"picked":"Singing Bowl","floor":10.0},{"not_picked":["Slimebound:ViciousTackle","Slimebound:Dissolve","Slimebound:Nibble"],"picked":"Singing Bowl","floor":12.0},{"not_picked":["Slimebound:RejuvenatingLick","Slimebound:SplitMire"],"picked":"Slimebound:SplitSpecialist","floor":14.0},{"not_picked":["Slimebound:SplitMire","Slimebound:LivingWall","Slimebound:GoopTackle"],"picked":"Singing Bowl","floor":15.0},{"not_picked":["Slimebound:Recycling","Slimebound:PrepareCrush"],"picked":"Slimebound:MassFeed","floor":16.0},{"not_picked":["Slimebound:SlimeSpikes","Slimebound:FinishingTackle"],"picked":"Slimebound:SlimeBarrage","floor":17.0},{"not_picked":["Slimebound:FormOfPuddle","Slimebound:ComboTackle"],"picked":"Slimebound:SplitAcid+1","floor":19.0},{"not_picked":["Slimebound:PressTheAttack","Slimebound:ComboTackle","Slimebound:HauntingLick"],"picked":"Singing Bowl","floor":20.0},{"not_picked":["Slimebound:GrowthPunch+1","Slimebound:Dissolve"],"picked":"Slimebound:SlimeBrawl","floor":22.0},{"not_picked":["Slimebound:LeechEnergy+1","Slimebound:SplitLeeching","Slimebound:LeechingTouch"],"picked":"Singing Bowl","floor":28.0},{"not_picked":["Slimebound:FormOfPuddle","Slimebound:SplitBruiser"],"picked":"Slimebound:Repurpose","floor":32.0}],"player_experience":255569,"relics_obtained":[{"floor":7.0,"key":"Bottled Lightning"},{"floor":24.0,"key":"Gremlin Horn"}],"event_choices":[{"damage_healed":0.0,"max_hp_gain":0.0,"max_hp_loss":0.0,"gold_gain":0.0,"event_name":"Lab","player_choice":"Got Potions","floor":5.0,"gold_loss":0.0,"damage_taken":0.0},{"damage_healed":0.0,"max_hp_gain":0.0,"max_hp_loss":0.0,"gold_gain":0.0,"event_name":"Big Fish","player_choice":"Box","floor":6.0,"gold_loss":0.0,"damage_taken":0.0,"relics_obtained":["Singing Bowl"],"cards_obtained":["Regret"]},{"damage_healed":0.0,"max_hp_gain":0.0,"max_hp_loss":0.0,"gold_gain":0.0,"event_name":"Scrap Ooze","player_choice":"Success","floor":9.0,"gold_loss":0.0,"damage_taken":12.0,"relics_obtained":["Incense Burner"]},{"damage_healed":0.0,"max_hp_gain":0.0,"max_hp_loss":0.0,"gold_gain":0.0,"event_name":"Ghosts","player_choice":"Ignored","floor":21.0,"gold_loss":0.0,"damage_taken":0.0},{"damage_healed":0.0,"max_hp_gain":0.0,"max_hp_loss":0.0,"gold_gain":0.0,"event_name":"Vampires","player_choice":"Ignored","floor":25.0,"gold_loss":0.0,"damage_taken":0.0},{"damage_healed":0.0,"max_hp_gain":0.0,"max_hp_loss":0.0,"gold_gain":0.0,"cards_transformed":["downfall:Haunted","Slimebound:Strike_Slimebound"],"event_name":"Drug Dealer","player_choice":"Became Test Subject","floor":30.0,"gold_loss":0.0,"damage_taken":0.0,"cards_obtained":["Clumsy","Slimebound:Recollect"]}],"is_beta":false,"boss_relics":[{"not_picked":["Velvet Choker","Fusion Hammer"],"picked":"Tiny House"}],"items_purged_floors":[],"is_endless":false,"potions_floor_spawned":[3,10,14,16,20,22,32],"killed_by":"IC_MUSHROOM_ARCHETYPE","ascension_level":0}}