{"host":"i4yzoangb31cseo0","time":1610814609,"event":{"mods":["AchievementEnabler","BaseMod","Colored Powertips","Curses Come First","Downfall","Hermit","Minty Spire (QoL Compilation)","StSLib","The Servant 0.9.4"],"gold_per_floor":[110,130,143,156,166,166,180,180,180,197,214,214,116,133,133,235,235,247,346,361,361,361,389,235,14,14,14,14,14,26,36,36,36,36],"floor_reached":33,"language":"ENG","playtime":3656,"items_purged":[],"score":286,"play_id":"e2f45896-e764-4dfd-bfa1-61a110ed8c0c","local_time":"20210117030009","is_ascension_mode":false,"campfire_choices":[{"floor":6,"key":"REST"},{"floor":8,"key":"REST"},{"floor":12,"key":"REST"},{"data":"Study","floor":15,"key":"SMITH"},{"floor":28,"key":"REST"},{"floor":29,"key":"REST"},{"floor":32,"key":"REST"}],"circlet_count":0,"master_deck":["Defend_P","Defend_P","Defend_P","Defend_P","Eruption","Vigilance","Study+1","EmptyBody","Halt","Sanctity","PathToVictory","PathToVictory","Perseverance","Pray","Deep Breath","FollowUp","CutThroughFate","Perseverance","PathToVictory","Slimebound:Tackle+1","Slimebound:Tackle+1","Slimebound:Tackle+1","LikeWater","Pray","Bite","Bite","Bite","Bite","Bite","FearNoEvil","EmptyFist"],"relics":["PureWater","NeowsBlessing","Orichalcum","Philosopher\u0027s Stone","WingedGreaves","Toolbox","Lantern"],"acts_visited":["Exordium","TheCity"],"potions_floor_usage":[5,11,16,18,18,18,23,23,33],"damage_taken":[{"damage":0,"enemies":"Cultist","floor":1,"turns":1},{"damage":0,"enemies":"Jaw Worm","floor":2,"turns":1},{"damage":0,"enemies":"Small Slimes","floor":3,"turns":1},{"damage":0,"enemies":"2 Fungi Beasts","floor":4,"turns":4},{"damage":16,"enemies":"Lots of Slimes","floor":5,"turns":7},{"damage":34,"enemies":"Large Slime","floor":7,"turns":12},{"damage":2,"enemies":"3 Louse","floor":10,"turns":5},{"damage":4,"enemies":"Red Slaver","floor":11,"turns":4},{"damage":2,"enemies":"Blue Slaver","floor":14,"turns":5},{"damage":52,"enemies":"Slime Boss","floor":16,"turns":14},{"damage":12,"enemies":"Spheric Guardian","floor":18,"turns":9},{"damage":3,"enemies":"Shell Parasite","floor":20,"turns":6},{"damage":33,"enemies":"Gremlin Leader","floor":23,"turns":4},{"damage":44,"enemies":"Chosen and Byrds","floor":30,"turns":7},{"damage":32,"enemies":"Sentry and Sphere","floor":31,"turns":7},{"damage":41,"enemies":"Collector","floor":33,"turns":6}],"seed_played":"9196404983389054748","potions_obtained":[{"floor":1,"key":"Dexterity Potion"},{"floor":4,"key":"BottledMiracle"},{"floor":10,"key":"Block Potion"},{"floor":11,"key":"SpeedPotion"},{"floor":14,"key":"AttackPotion"},{"floor":16,"key":"EssenceOfSteel"},{"floor":18,"key":"Energy Potion"},{"floor":20,"key":"Strength Potion"},{"floor":31,"key":"Fire Potion"}],"is_trial":false,"path_per_floor":["M","M","M","M","M","R","M","R","T","M","M","R","$","M","R","B",null,"M","?","M","?","?","E","$","$","T","?","R","R","M","M","R","B"],"character_chosen":"WATCHER","items_purchased":["Deep Breath","Toolbox","Lantern","Pray"],"campfire_rested":6,"item_purchase_floors":[13,24,25,25],"current_hp_per_floor":[72,72,72,72,56,72,38,59,59,57,53,72,72,70,70,18,72,60,60,57,57,57,24,24,24,24,24,45,66,30,4,25,0,0],"gold":36,"neow_bonus":"THREE_ENEMY_KILL","is_daily":false,"chose_seed":false,"campfire_upgraded":1,"win_rate":0.0,"timestamp":1610814609,"path_taken":["M","?","M","M","M","R","?","R","T","M","M","R","$","M","R","BOSS","M","?","M","?","?","E","$","$","T","?","R","R","M","M","R","BOSS"],"items_purchased_type":["Card","Relic","Relic","Card"],"build_version":"2020-12-22","purchased_purges":0,"victory":false,"max_hp_per_floor":[72,72,72,72,72,72,72,72,72,72,72,72,72,72,72,72,72,72,72,72,72,72,72,72,72,72,72,72,72,72,72,72,72,72],"card_choices":[{"not_picked":["Meditate","CrushJoints"],"picked":"Study","floor":1},{"not_picked":["Sanctity","JustLucky"],"picked":"EmptyBody","floor":2},{"not_picked":["CrushJoints","SignatureMove"],"picked":"Halt","floor":3},{"not_picked":["SashWhip","Nirvana"],"picked":"Sanctity","floor":4},{"not_picked":["SignatureMove","Collect"],"picked":"PathToVictory","floor":5},{"not_picked":["FlurryOfBlows","WreathOfFlame"],"picked":"PathToVictory","floor":7},{"not_picked":["FlurryOfBlows","FlyingSleeves"],"picked":"Perseverance","floor":10},{"not_picked":["FlyingSleeves","Fasting2"],"picked":"Pray","floor":11},{"not_picked":["CutThroughFate","Evaluate"],"picked":"FollowUp","floor":14},{"not_picked":["Protect","ClearTheMind"],"picked":"CutThroughFate","floor":18},{"not_picked":["Evaluate","CrushJoints"],"picked":"Perseverance","floor":20},{"not_picked":["TalkToTheHand","ThirdEye"],"picked":"LikeWater","floor":23},{"not_picked":["FollowUp","Halt"],"picked":"FearNoEvil","floor":30},{"not_picked":["Evaluate","ConjureBlade"],"picked":"EmptyFist","floor":31}],"player_experience":100677,"relics_obtained":[{"floor":9,"key":"Orichalcum"},{"floor":23,"key":"WingedGreaves"},{"floor":26,"key":"Blood Vial"}],"event_choices":[{"damage_healed":0,"gold_gain":99,"player_choice":"Stole From Cult","damage_taken":0,"max_hp_gain":0,"max_hp_loss":0,"event_name":"Nest","floor":19,"gold_loss":0},{"damage_healed":0,"gold_gain":0,"player_choice":"Read","damage_taken":0,"max_hp_gain":0,"max_hp_loss":0,"event_name":"The Library","floor":21,"gold_loss":0,"cards_obtained":["PathToVictory"]},{"damage_healed":0,"gold_gain":0,"player_choice":"Became a vampire (Vial)","damage_taken":0,"max_hp_gain":0,"max_hp_loss":0,"event_name":"Vampires","floor":27,"relics_lost":["Blood Vial"],"gold_loss":0,"cards_obtained":["Bite","Bite","Bite","Bite","Bite"]}],"is_beta":false,"boss_relics":[{"not_picked":["Coffee Dripper","Runic Pyramid"],"picked":"Philosopher\u0027s Stone"}],"items_purged_floors":[],"is_endless":false,"potions_floor_spawned":[1,4,10,11,14,16,18,20,31],"killed_by":"Collector","ascension_level":0}}