{"host":"i7jfea87xc8lz16p","time":1610814493,"event":{"mods":["AchievementEnabler","BaseMod","Colored Powertips","Minty Spire (QoL Compilation)","Relic Stats"],"gold_per_floor":[115,115,127,142,157,157,184,197,197,208,234,234,254,284,284,356,356,376,376,55,105,125,125,125,125],"floor_reached":24,"language":"ENG","playtime":958,"items_purged":["Decay"],"score":416,"play_id":"14721bd4-2701-43b3-98a6-5f2ccd5580e5","local_time":"20210116172813","is_ascension_mode":true,"campfire_choices":[{"data":"Bash","floor":6,"key":"SMITH"},{"data":"Armaments","floor":12,"key":"SMITH"},{"data":"Pommel Strike","floor":15,"key":"SMITH"},{"data":"Demon Form","floor":23,"key":"SMITH"}],"circlet_count":0,"master_deck":["AscendersBane","Strike_R","Strike_R","Strike_R","Strike_R","Defend_R","Defend_R","Defend_R","Defend_R","Bash+1","Cleave","Flame Barrier","Pommel Strike+1","Anger","Armaments+1","Headbutt","Shrug It Off","Demon Form+1","Warcry+1","Shrug It Off"],"relics":["Burning Blood","InkBottle","HornCleat","The Courier","Busted Crown","Akabeko"],"acts_visited":["Exordium","TheCity"],"potions_floor_usage":[16,16],"damage_taken":[{"damage":2,"enemies":"2 Louse","floor":1,"turns":3},{"damage":1,"enemies":"Cultist","floor":3,"turns":3},{"damage":11,"enemies":"Jaw Worm","floor":4,"turns":5},{"damage":0,"enemies":"Large Slime","floor":5,"turns":4},{"damage":28,"enemies":"Lagavulin","floor":7,"turns":5},{"damage":10,"enemies":"Exordium Wildlife","floor":8,"turns":4},{"damage":8,"enemies":"Blue Slaver","floor":10,"turns":5},{"damage":1,"enemies":"3 Sentries","floor":11,"turns":6},{"damage":0,"enemies":"Red Slaver","floor":13,"turns":3},{"damage":34,"enemies":"Slime Boss","floor":16,"turns":8},{"damage":23,"enemies":"3 Byrds","floor":18,"turns":5},{"damage":0,"enemies":"2 Thieves","floor":22,"turns":5},{"damage":66,"enemies":"Book of Stabbing","floor":24,"turns":6}],"seed_played":"2291347119919614309","potions_obtained":[{"floor":3,"key":"DuplicationPotion"},{"floor":7,"key":"Weak Potion"},{"floor":13,"key":"HeartOfIron"},{"floor":22,"key":"Ancient Potion"}],"is_trial":false,"path_per_floor":["M","?","M","M","M","R","E","M","T","M","E","R","M","?","R","B",null,"M","?","$","?","M","R","E"],"character_chosen":"IRONCLAD","items_purchased":["Shrug It Off","Fruit Juice","Akabeko"],"campfire_rested":0,"item_purchase_floors":[20,20,20],"current_hp_per_floor":[79,79,82,77,82,82,60,56,56,54,59,59,65,65,65,37,71,54,54,54,54,60,60,0,0],"gold":125,"neow_bonus":"TEN_PERCENT_HP_BONUS","is_daily":false,"chose_seed":false,"campfire_upgraded":4,"win_rate":0.0,"timestamp":1610814493,"path_taken":["M","?","M","M","M","R","E","?","T","M","E","R","M","?","R","BOSS","M","?","$","?","M","R","E"],"items_purchased_type":["Card","Potion","Relic"],"build_version":"2020-12-22","purchased_purges":1,"victory":false,"max_hp_per_floor":[82,82,82,82,82,82,82,82,82,82,82,82,82,82,82,82,82,82,82,82,82,82,82,82,82],"relic_stats":{"Busted Crown":4,"counters":[13,62],"obtain_stats":[{"HornCleat":9,"Busted Crown":17,"The Courier":11,"Burning Blood":0,"InkBottle":7,"Akabeko":20},{"HornCleat":6,"Busted Crown":10,"The Courier":8,"Burning Blood":0,"InkBottle":5,"Akabeko":11},{"HornCleat":24,"Busted Crown":46,"The Courier":35,"Burning Blood":0,"InkBottle":20,"Akabeko":51}],"Burning Blood":69,"InkBottle":[13]},"card_choices":[{"not_picked":["Wild Strike","Sword Boomerang"],"picked":"Cleave","floor":1},{"not_picked":["True Grit","Heavy Blade"],"picked":"Flame Barrier","floor":3},{"not_picked":["Shrug It Off","Wild Strike"],"picked":"Pommel Strike","floor":4},{"not_picked":["Cleave","Havoc"],"picked":"Anger","floor":5},{"not_picked":["Berserk","Havoc","Heavy Blade"],"picked":"SKIP","floor":7},{"not_picked":["Wild Strike","Dual Wield"],"picked":"Armaments","floor":8},{"not_picked":["Armaments","Fire Breathing"],"picked":"Headbutt","floor":10},{"not_picked":["Havoc","Reckless Charge","Wild Strike"],"picked":"SKIP","floor":11},{"not_picked":["Sever Soul","True Grit"],"picked":"Shrug It Off","floor":13},{"not_picked":["Offering","Immolate"],"picked":"Demon Form","floor":16},{"not_picked":[],"picked":"Warcry+1","floor":18},{"not_picked":["Armaments"],"picked":"SKIP","floor":22}],"player_experience":1781800,"relics_obtained":[{"floor":7,"key":"InkBottle"},{"floor":9,"key":"HornCleat"},{"floor":11,"key":"The Courier"}],"event_choices":[{"cards_removed":["Strike_R"],"damage_healed":0,"gold_gain":0,"player_choice":"Purged","damage_taken":0,"max_hp_gain":0,"max_hp_loss":0,"event_name":"Purifier","floor":2,"gold_loss":0},{"damage_healed":0,"gold_gain":30,"player_choice":"Searched \u00271\u0027 times","damage_taken":0,"max_hp_gain":0,"max_hp_loss":0,"event_name":"Dead Adventurer","floor":14,"gold_loss":0},{"damage_healed":0,"gold_gain":0,"player_choice":"Smashed Altar","damage_taken":0,"max_hp_gain":0,"max_hp_loss":0,"event_name":"Forgotten Altar","floor":19,"gold_loss":0,"cards_obtained":["Decay"]},{"damage_healed":0,"gold_gain":50,"player_choice":"Stole From Cult","damage_taken":0,"max_hp_gain":0,"max_hp_loss":0,"event_name":"Nest","floor":21,"gold_loss":0}],"is_beta":false,"boss_relics":[{"not_picked":["Coffee Dripper","SacredBark"],"picked":"Busted Crown"}],"items_purged_floors":[20],"is_endless":false,"potions_floor_spawned":[3,7,8,13,22],"killed_by":"Book of Stabbing","ascension_level":20}}