{"host":"4axoa1rfjgnprp9l","time":1610799496,"event":{"mods":["2.2 Compatiblity","AchievementEnabler","BaseMod","Colored Map","DeckTracker","Highlight Path","Minty Spire (QoL Compilation)","Permanent Neow","StSLib","SuperFastMode"],"gold_per_floor":[112,112,128,146,164,164,197,5,85,120,120,148,148,159,159,234,234,249,4,4,4,20,20,36,53,53,73,104,104,104,130,130,206,206,220,265,135,147,159,159,159,184,184,202,202,202,213,242,242,242,242],"floor_reached":52,"language":"KOR","playtime":4749,"items_purged":["Strike_G+1"],"score":1920,"play_id":"e087fdb3-3c69-4239-a889-41a3e3958397","local_time":"20210116211816","is_ascension_mode":true,"campfire_choices":[{"data":"Dagger Spray","floor":6.0,"key":"SMITH"},{"data":"Glass Knife","floor":11.0,"key":"SMITH"},{"data":"Crippling Poison","floor":13.0,"key":"SMITH"},{"data":"Deadly Poison","floor":15.0,"key":"SMITH"},{"data":"Bouncing Flask","floor":23.0,"key":"SMITH"},{"data":"Adrenaline","floor":29.0,"key":"SMITH"},{"data":"Well Laid Plans","floor":32.0,"key":"SMITH"},{"data":"Catalyst","floor":40.0,"key":"SMITH"},{"floor":46.0,"key":"RECALL"},{"floor":49.0,"key":"REST"}],"circlet_count":0,"master_deck":["AscendersBane","Strike_G+1","Strike_G+1","Strike_G+1","Strike_G+1","Defend_G+1","Defend_G+1","Defend_G+1","Defend_G+1","Defend_G+1","Survivor+1","Neutralize+1","Poisoned Stab+1","Backflip+1","Deadly Poison+1","Backstab+1","Glass Knife+1","PiercingWail+1","Crippling Poison+1","Well Laid Plans+1","Adrenaline+1","Bouncing Flask+1","Ghostly+1","Ghostly+1","Ghostly+1","Tactician+1","Escape Plan+1","Blur+1","Wraith Form v2+1","Catalyst+1","Noxious Fumes+1","Prepared+1","Tactician+1","Prepared+1"],"relics":["Ring of the Snake","NeowsBlessing","Gambling Chip","Meat on the Bone","Bronze Scales","Odd Mushroom","Sozu","TwistedFunnel","FossilizedHelix","Torii","Kunai","SlaversCollar","Du-Vu Doll","InkBottle","Blue Candle","Mark of the Bloom","StoneCalendar"],"acts_visited":["Exordium","TheCity","TheBeyond"],"potions_floor_usage":[],"damage_taken":[{"damage":0.0,"enemies":"2 Louse","floor":1.0,"turns":1.0},{"damage":0.0,"enemies":"Cultist","floor":3.0,"turns":1.0},{"damage":0.0,"enemies":"Jaw Worm","floor":4.0,"turns":1.0},{"damage":18.0,"enemies":"Large Slime","floor":5.0,"turns":6.0},{"damage":39.0,"enemies":"3 Sentries","floor":7.0,"turns":13.0},{"damage":22.0,"enemies":"Lagavulin","floor":10.0,"turns":5.0},{"damage":4.0,"enemies":"The Mushroom Lair","floor":12.0,"turns":3.0},{"damage":0.0,"enemies":"3 Louse","floor":14.0,"turns":2.0},{"damage":37.0,"enemies":"Slime Boss","floor":16.0,"turns":12.0},{"damage":16.0,"enemies":"Spheric Guardian","floor":18.0,"turns":4.0},{"damage":0.0,"enemies":"Shell Parasite","floor":22.0,"turns":3.0},{"damage":2.0,"enemies":"Snecko","floor":24.0,"turns":3.0},{"damage":0.0,"enemies":"3 Cultists","floor":25.0,"turns":3.0},{"damage":0.0,"enemies":"Snake Plant","floor":27.0,"turns":2.0},{"damage":5.0,"enemies":"Book of Stabbing","floor":28.0,"turns":4.0},{"damage":0.0,"enemies":"Slavers","floor":31.0,"turns":4.0},{"damage":21.0,"enemies":"Automaton","floor":33.0,"turns":10.0},{"damage":0.0,"enemies":"Orb Walker","floor":35.0,"turns":4.0},{"damage":5.0,"enemies":"2 Orb Walkers","floor":36.0,"turns":5.0},{"damage":0.0,"enemies":"3 Darklings","floor":38.0,"turns":8.0},{"damage":0.0,"enemies":"Writhing Mass","floor":39.0,"turns":5.0},{"damage":2.0,"enemies":"Nemesis","floor":42.0,"turns":7.0},{"damage":0.0,"enemies":"Maw","floor":44.0,"turns":5.0},{"damage":0.0,"enemies":"Spire Growth","floor":47.0,"turns":5.0},{"damage":1.0,"enemies":"Giant Head","floor":48.0,"turns":8.0},{"damage":4.0,"enemies":"Awakened One","floor":50.0,"turns":14.0},{"damage":13,"enemies":"Donu and Deca","floor":51,"turns":9}],"seed_played":"1720007526475352948","potions_obtained":[{"floor":3.0,"key":"FairyPotion"},{"floor":5.0,"key":"SneckoOil"}],"is_trial":false,"path_per_floor":["M","?","M","M","M","R","E","$","T","E","R","?","R","M","R","B",null,"M","$","?","?","M","R","M","M","T","M","E","R","?","E","R","B",null,"M","?","$","M","M","R","?","E","T","M","?","R","M","E","R","B","B",null],"character_chosen":"THE_SILENT","items_purchased":["Glass Knife","PiercingWail","Bouncing Flask","TwistedFunnel","Prepared"],"campfire_rested":1,"item_purchase_floors":[8,8,19,19,37],"current_hp_per_floor":[59,59,59,59,41,41,2,2,2,21,21,29,29,41,41,16,54,38,38,33,33,33,33,31,31,31,31,26,26,26,26,26,17,29,29,24,24,24,24,24,24,22,22,22,22,22,22,21,21,17,4],"gold":242,"neow_bonus":"THREE_ENEMY_KILL","is_daily":false,"chose_seed":false,"campfire_upgraded":8,"win_rate":0.0,"timestamp":1610799496,"path_taken":["M","?","?","M","M","R","E","$","T","E","R","?","R","M","R","BOSS","M","$","?","?","?","R","M","M","T","M","E","R","?","E","R","BOSS","M","?","$","M","M","R","?","E","T","M","?","R","M","E","R","BOSS","BOSS"],"items_purchased_type":["Card","Card","Card","Relic","Card"],"build_version":"2020-12-22","purchased_purges":1,"victory":true,"max_hp_per_floor":[66,66,66,66,66,66,66,66,66,66,66,66,66,66,66,66,66,66,66,33,33,33,33,33,33,33,33,33,33,33,33,33,33,33,33,33,33,33,33,33,33,33,33,33,33,33,33,33,33,33,33],"card_choices":[{"not_picked":["Deflect","Underhanded Strike"],"picked":"Poisoned Stab","floor":1.0},{"not_picked":["Caltrops","Deadly Poison"],"picked":"Dagger Spray","floor":3.0},{"not_picked":["Flechettes","Expertise"],"picked":"Backflip","floor":4.0},{"not_picked":["Slice","Cloak And Dagger"],"picked":"Deadly Poison","floor":5.0},{"not_picked":["Infinite Blades","Deflect"],"picked":"Backstab","floor":7.0},{"not_picked":["Envenom","Quick Slash","Dagger Throw"],"picked":"SKIP","floor":10.0},{"not_picked":["Dagger Spray","PiercingWail"],"picked":"Crippling Poison","floor":12.0},{"not_picked":["Cloak And Dagger","Setup"],"picked":"Well Laid Plans","floor":14.0},{"not_picked":["Bullet Time","After Image"],"picked":"Adrenaline","floor":16.0},{"not_picked":["Blade Dance","Acrobatics","Masterful Stab"],"picked":"SKIP","floor":18.0},{"not_picked":["Dagger Spray","Blade Dance","Skewer"],"picked":"SKIP","floor":22.0},{"not_picked":["Flying Knee","Cloak And Dagger","Terror"],"picked":"SKIP","floor":24.0},{"not_picked":["Sucker Punch","Calculated Gamble"],"picked":"Tactician","floor":25.0},{"not_picked":["Bouncing Flask","All Out Attack+1"],"picked":"Escape Plan","floor":27.0},{"not_picked":["Predator","Grand Finale"],"picked":"Blur","floor":28.0},{"not_picked":["Acrobatics","Bane","PiercingWail"],"picked":"SKIP","floor":31.0},{"not_picked":["Adrenaline","A Thousand Cuts"],"picked":"Wraith Form v2","floor":33.0},{"not_picked":["Flechettes","Flying Knee+1"],"picked":"Catalyst","floor":35.0},{"not_picked":["Bouncing Flask","Prepared"],"picked":"Noxious Fumes","floor":36.0},{"not_picked":["Masterful Stab","Deadly Poison"],"picked":"Tactician","floor":38.0},{"not_picked":["Dagger Spray","Leg Sweep+1","Blade Dance"],"picked":"SKIP","floor":39.0},{"not_picked":["Dagger Spray","Leg Sweep+1","Blade Dance"],"picked":"SKIP","floor":39.0},{"not_picked":["Sucker Punch","Acrobatics"],"picked":"Prepared+1","floor":42.0},{"not_picked":["Leg Sweep+1","Setup+1","Quick Slash+1"],"picked":"SKIP","floor":44.0},{"not_picked":["Leg Sweep+1","Setup+1","Quick Slash+1"],"picked":"SKIP","floor":44.0},{"not_picked":["Deflect+1","Slice","Bane"],"picked":"SKIP","floor":47.0},{"not_picked":["Predator+1","Flying Knee","Backstab"],"picked":"SKIP","floor":48.0}],"player_experience":861588,"relics_obtained":[{"floor":7.0,"key":"Gambling Chip"},{"floor":9.0,"key":"Meat on the Bone"},{"floor":10.0,"key":"Bronze Scales"},{"floor":12.0,"key":"Odd Mushroom"},{"floor":26.0,"key":"FossilizedHelix"},{"floor":28.0,"key":"Torii"},{"floor":31.0,"key":"Kunai"},{"floor":36.0,"key":"Du-Vu Doll"},{"floor":42.0,"key":"InkBottle"},{"floor":43.0,"key":"Blue Candle"},{"floor":48.0,"key":"StoneCalendar"}],"event_choices":[{"damage_healed":0.0,"max_hp_gain":0.0,"max_hp_loss":0.0,"gold_gain":0.0,"event_name":"Upgrade Shrine","player_choice":"Upgraded","floor":2.0,"gold_loss":0.0,"damage_taken":0.0,"cards_upgraded":["Poisoned Stab"]},{"damage_healed":0.0,"max_hp_gain":0.0,"max_hp_loss":0.0,"gold_gain":0.0,"event_name":"Mushrooms","player_choice":"Fought Mushrooms","floor":12.0,"gold_loss":0.0,"damage_taken":0.0},{"damage_healed":0.0,"max_hp_gain":0.0,"max_hp_loss":33.0,"gold_gain":0.0,"event_name":"Ghosts","player_choice":"Became a Ghost","floor":20.0,"gold_loss":0.0,"damage_taken":0.0,"cards_obtained":["Ghostly","Ghostly","Ghostly"]},{"damage_healed":0.0,"max_hp_gain":0.0,"max_hp_loss":0.0,"gold_gain":0.0,"event_name":"Wheel of Change","player_choice":"Full Heal","floor":21.0,"gold_loss":0.0,"damage_taken":0.0},{"damage_healed":0.0,"max_hp_gain":0.0,"max_hp_loss":0.0,"gold_gain":0.0,"event_name":"Back to Basics","player_choice":"Simplicity","floor":30.0,"gold_loss":0.0,"damage_taken":0.0,"cards_upgraded":["Strike_G","Strike_G","Strike_G","Strike_G","Strike_G","Defend_G","Defend_G","Defend_G","Defend_G","Defend_G"]},{"damage_healed":0.0,"max_hp_gain":0.0,"max_hp_loss":0.0,"gold_gain":0.0,"event_name":"Mysterious Sphere","player_choice":"Fight","floor":36.0,"gold_loss":0.0,"damage_taken":0.0},{"cards_removed":["Dagger Spray"],"damage_healed":0.0,"max_hp_gain":0.0,"max_hp_loss":0.0,"gold_gain":0.0,"event_name":"Falling","player_choice":"Removed Attack","floor":41.0,"gold_loss":0.0,"damage_taken":0.0},{"damage_healed":0.0,"max_hp_gain":0.0,"max_hp_loss":0.0,"gold_gain":0.0,"event_name":"MindBloom","player_choice":"Upgrade","floor":45.0,"gold_loss":0.0,"damage_taken":0.0,"cards_upgraded":["Survivor","Neutralize","Backflip","Backstab","PiercingWail","Ghostly","Ghostly","Ghostly","Tactician","Escape Plan","Blur","Wraith Form v2","Noxious Fumes","Prepared","Tactician"],"relics_obtained":["Mark of the Bloom"]}],"is_beta":false,"boss_relics":[{"not_picked":["Runic Pyramid","Busted Crown"],"picked":"Sozu"},{"not_picked":["Pandora\u0027s Box","WristBlade"],"picked":"SlaversCollar"}],"items_purged_floors":[37],"is_endless":false,"potions_floor_spawned":[3,5,24,31,33,35,38,42,47,48],"ascension_level":20}}