{"host":"312bp9k5grcxomdo","time":1610803514,"event":{"mods":["BaseMod","Colored Powertips","Minty Spire (QoL Compilation)","Quick Restart","StSLib"],"gold_per_floor":[111,129,139,153,169,25,54,54,126,138,138,138,149,169,169,271,271,271],"floor_reached":17,"language":"ENG","playtime":898,"items_purged":["Strike_R"],"score":161,"play_id":"e5b0593c-7324-41ad-a688-58d1c7af0643","local_time":"20210116162514","is_ascension_mode":false,"campfire_choices":[{"floor":8,"key":"REST"},{"floor":11,"key":"REST"},{"floor":15,"key":"REST"}],"circlet_count":0,"master_deck":["Strike_R","Strike_R","Strike_R","Strike_R","Defend_R","Defend_R","Defend_R","Defend_R","Bash","Anger","Clash","Intimidate","Ghostly Armor","Feel No Pain","Juggernaut","Flame Barrier","Berserk","Clumsy","Corruption","Thunderclap","Shrug It Off","Double Tap"],"relics":["Black Blood","Bottled Lightning","Bottled Tornado"],"acts_visited":["Exordium","TheCity"],"potions_floor_usage":[],"damage_taken":[{"damage":15,"enemies":"Jaw Worm","floor":1,"turns":5},{"damage":1,"enemies":"Cultist","floor":2,"turns":3},{"damage":0,"enemies":"2 Louse","floor":3,"turns":3},{"damage":20,"enemies":"Exordium Wildlife","floor":4,"turns":3},{"damage":6,"enemies":"Blue Slaver","floor":5,"turns":4},{"damage":56,"enemies":"Gremlin Nob","floor":7,"turns":6},{"damage":30,"enemies":"Gremlin Gang","floor":10,"turns":5},{"damage":8,"enemies":"Lots of Slimes","floor":13,"turns":5},{"damage":18,"enemies":"Large Slime","floor":14,"turns":6},{"damage":2,"enemies":"Slime Boss","floor":16,"turns":8}],"seed_played":"-3619662273637963140","potions_obtained":[{"floor":5,"key":"DistilledChaos"},{"floor":7,"key":"HeartOfIron"},{"floor":13,"key":"SkillPotion"}],"is_trial":false,"path_per_floor":["M","M","M","M","M","$","E","R","T","M","R","?","M","M","R","B",null],"character_chosen":"IRONCLAD","items_purchased":["Juggernaut"],"campfire_rested":3,"item_purchase_floors":[6],"current_hp_per_floor":[79,84,88,74,74,74,24,50,50,26,52,52,50,38,64,68,88,88],"gold":271,"neow_bonus":"TEN_PERCENT_HP_BONUS","is_daily":false,"chose_seed":false,"campfire_upgraded":0,"win_rate":0.0,"timestamp":1610803514,"path_taken":["M","M","M","M","M","$","E","R","T","M","R","?","?","M","R","BOSS"],"items_purchased_type":["Card"],"build_version":"2020-12-22","purchased_purges":1,"victory":false,"max_hp_per_floor":[88,88,88,88,88,88,88,88,88,88,88,88,88,88,88,88,88,88],"card_choices":[{"not_picked":["Flex","Warcry"],"picked":"Anger","floor":1},{"not_picked":["Thunderclap","Iron Wave"],"picked":"Clash","floor":2},{"not_picked":["Sword Boomerang","Bloodletting"],"picked":"Intimidate","floor":3},{"not_picked":["Headbutt","Thunderclap"],"picked":"Ghostly Armor","floor":4},{"not_picked":["Warcry","True Grit"],"picked":"Feel No Pain","floor":5},{"not_picked":["Evolve","Twin Strike"],"picked":"Flame Barrier","floor":7},{"not_picked":["Seeing Red","Wild Strike"],"picked":"Berserk","floor":10},{"not_picked":["Ghostly Armor","Clash"],"picked":"Thunderclap","floor":13},{"not_picked":["True Grit","Fire Breathing"],"picked":"Shrug It Off","floor":14},{"not_picked":["Limit Break","Fiend Fire"],"picked":"Double Tap","floor":16}],"player_experience":171904,"relics_obtained":[{"floor":7,"key":"Bottled Lightning"},{"floor":9,"key":"Bottled Tornado"}],"event_choices":[{"damage_healed":0,"gold_gain":0,"player_choice":"2 cards matched","damage_taken":0,"max_hp_gain":0,"max_hp_loss":0,"event_name":"Match and Keep!","floor":12,"gold_loss":0,"cards_obtained":["Clumsy","Corruption"]}],"is_beta":false,"boss_relics":[{"not_picked":["Calling Bell","Mark of Pain"],"picked":"Black Blood"}],"items_purged_floors":[6],"is_endless":false,"potions_floor_spawned":[5,7,13,14,16],"ascension_level":0}}