{"host":"g2yp6paluzgljz05","time":1610806023,"event":{"mods":["BaseMod","Bestiary","Colored Powertips","DeckTracker","Highlight Path","Minty Spire (QoL Compilation)","Quick Restart"],"gold_per_floor":[113,133,133,83,83,83,127,141,195,195,228,55,55,99,99,223,223,236,38,38,62,75,75,109,109,109,109,109,125,125,140,140,266,266,281,281,124,147,147,186,199,199,248,264,282,282,297,58,58,58,58,58,6,50,50,50],"floor_reached":55,"language":"ENG","playtime":4362,"items_purged":["Strike_B","Strike_B"],"score":779,"play_id":"7e36e344-2b45-4af6-a3a7-fab989bda1d8","local_time":"20210117010703","is_ascension_mode":true,"campfire_choices":[{"data":"Dualcast","floor":6,"key":"SMITH"},{"data":"FTL","floor":15,"key":"SMITH"},{"data":"Buffer","floor":23,"key":"SMITH"},{"data":"Consume","floor":25,"key":"SMITH"},{"floor":27,"key":"REST"},{"floor":30,"key":"RECALL"},{"data":"Capacitor","floor":32,"key":"SMITH"},{"floor":42,"key":"REST"},{"data":"Auto Shields","floor":49,"key":"SMITH"},{"data":"Impatience","floor":52,"key":"SMITH"}],"circlet_count":0,"master_deck":["Defend_B+1","Defend_B","Defend_B+1","Defend_B","Zap+1","Dualcast+1","Glacier","Skim+1","All For One","Steam+1","Electrodynamics","Impatience+1","FTL+1","Buffer+1","Flash of Steel","Consume+1","Capacitor+1","Auto Shields+1","Parasite","Redo+1","Steam"],"relics":["Cracked Core","NeowsBlessing","Golden Idol","MealTicket","Tiny Chest","Pen Nib","Orichalcum","Busted Crown","Lantern","Girya","SlaversCollar","Bag of Preparation","Lizard Tail","War Paint","Frozen Egg 2","InkBottle","Turnip"],"acts_visited":["Exordium","TheCity","TheBeyond","TheEnding"],"potions_floor_usage":[16,16,38,47,55,55],"damage_taken":[{"damage":0,"enemies":"Cultist","floor":1,"turns":1},{"damage":0,"enemies":"Jaw Worm","floor":2,"turns":1},{"damage":0,"enemies":"Gremlin Nob","floor":7,"turns":1},{"damage":0,"enemies":"Small Slimes","floor":8,"turns":2},{"damage":21,"enemies":"3 Sentries","floor":11,"turns":7},{"damage":10,"enemies":"Lagavulin","floor":14,"turns":8},{"damage":14,"enemies":"The Guardian","floor":16,"turns":7},{"damage":7,"enemies":"Shell Parasite","floor":18,"turns":3},{"damage":0,"enemies":"3 Byrds","floor":21,"turns":2},{"damage":8,"enemies":"Snake Plant","floor":22,"turns":3},{"damage":18,"enemies":"Slavers","floor":24,"turns":3},{"damage":0,"enemies":"Cultist and Chosen","floor":29,"turns":3},{"damage":19,"enemies":"Snecko","floor":31,"turns":7},{"damage":25,"enemies":"Collector","floor":33,"turns":9},{"damage":26,"enemies":"3 Darklings","floor":35,"turns":2},{"damage":4,"enemies":"3 Shapes","floor":38,"turns":2},{"damage":12,"enemies":"Nemesis","floor":40,"turns":5},{"damage":0,"enemies":"Writhing Mass","floor":41,"turns":5},{"damage":0,"enemies":"Jaw Worm Horde","floor":44,"turns":4},{"damage":0,"enemies":"Sphere and 2 Shapes","floor":45,"turns":4},{"damage":2,"enemies":"Transient","floor":47,"turns":5},{"damage":3,"enemies":"Awakened One","floor":50,"turns":14},{"damage":43,"enemies":"Shield and Spear","floor":54,"turns":6},{"damage":84,"enemies":"The Heart","floor":55,"turns":15}],"seed_played":"6013325124803089117","potions_obtained":[{"floor":2,"key":"Explosive Potion"},{"floor":7,"key":"AttackPotion"},{"floor":8,"key":"EssenceOfDarkness"},{"floor":14,"key":"BlessingOfTheForge"},{"floor":21,"key":"PowerPotion"},{"floor":24,"key":"AttackPotion"},{"floor":33,"key":"Weak Potion"},{"floor":38,"key":"Strength Potion"}],"is_trial":false,"path_per_floor":["M","M","?","?","?","R","E","M","T","?","E","$","?","E","R","B",null,"M","$","?","M","M","R","E","R","T","R","$","M","R","M","R","B",null,"M","T","$","M","?","E","M","R","T","M","M","T","M","$","R","B",null,"R","$","E","B"],"character_chosen":"DEFECT","items_purchased":["Impatience","Flash of Steel","Bag of Preparation","InkBottle","Steam"],"campfire_rested":2,"item_purchase_floors":[12,19,37,48,53],"current_hp_per_floor":[75,75,75,75,57,57,57,57,57,42,21,36,61,51,51,37,75,68,75,75,75,67,67,49,49,49,71,75,75,75,56,56,31,75,49,49,64,60,60,48,48,70,70,70,70,70,68,75,75,72,75,75,75,32,0,0],"gold":50,"neow_bonus":"THREE_ENEMY_KILL","is_daily":false,"chose_seed":false,"campfire_upgraded":7,"win_rate":0.0,"timestamp":1610806023,"path_taken":["M","M","?","?","?","R","E","?","T","?","E","$","?","E","R","BOSS","M","$","?","M","M","R","E","R","T","R","$","M","R","M","R","BOSS","M","?","$","?","?","E","M","R","T","M","?","?","?","$","R","BOSS","R","$","E","BOSS"],"items_purchased_type":["Card","Card","Relic","Relic","Card"],"build_version":"2020-12-22","purchased_purges":2,"victory":false,"max_hp_per_floor":[75,75,75,75,75,75,75,75,75,75,75,75,75,75,75,75,75,75,75,75,75,75,75,75,75,75,75,75,75,75,75,75,75,75,75,75,75,75,75,75,75,75,75,75,75,75,75,75,75,75,75,75,75,75,75,75],"card_choices":[{"not_picked":["Leap","Ball Lightning"],"picked":"Glacier","floor":1},{"not_picked":["Barrage","Rebound"],"picked":"Skim","floor":2},{"not_picked":["Rebound","Meteor Strike"],"picked":"All For One","floor":7},{"not_picked":["Chaos","Coolheaded"],"picked":"Steam","floor":8},{"not_picked":["Turbo","Rip and Tear"],"picked":"Electrodynamics","floor":11},{"not_picked":["Sweeping Beam","Core Surge"],"picked":"FTL","floor":14},{"not_picked":["Biased Cognition","Meteor Strike"],"picked":"Buffer","floor":16},{"not_picked":["Turbo"],"picked":"SKIP","floor":18},{"not_picked":["Chaos"],"picked":"SKIP","floor":21},{"not_picked":[],"picked":"Consume","floor":22},{"not_picked":["BootSequence"],"picked":"SKIP","floor":24},{"not_picked":["Heatsinks"],"picked":"SKIP","floor":29},{"not_picked":[],"picked":"Capacitor","floor":31},{"not_picked":["Go for the Eyes+1"],"picked":"SKIP","floor":35},{"not_picked":["Steam"],"picked":"SKIP","floor":38},{"not_picked":["Darkness+1"],"picked":"SKIP","floor":40},{"not_picked":["Streamline"],"picked":"SKIP","floor":41},{"not_picked":["Beam Cell+1"],"picked":"SKIP","floor":44},{"not_picked":[],"picked":"Redo+1","floor":45},{"not_picked":["Static Discharge+1"],"picked":"SKIP","floor":47},{"not_picked":["Coolheaded"],"picked":"SKIP","floor":54}],"player_experience":201454,"relics_obtained":[{"floor":7,"key":"MealTicket"},{"floor":9,"key":"Tiny Chest"},{"floor":11,"key":"Pen Nib"},{"floor":14,"key":"Orichalcum"},{"floor":24,"key":"Lantern"},{"floor":26,"key":"Girya"},{"floor":40,"key":"Lizard Tail"},{"floor":43,"key":"War Paint"},{"floor":46,"key":"Frozen Egg 2"},{"floor":54,"key":"Turnip"}],"event_choices":[{"damage_healed":0,"gold_gain":0,"player_choice":"Grow","damage_taken":0,"max_hp_gain":0,"max_hp_loss":0,"event_name":"Living Wall","floor":3,"gold_loss":0,"cards_upgraded":["Zap"]},{"cards_removed":["Strike_B"],"damage_healed":0,"gold_gain":0,"player_choice":"Card Removal","damage_taken":0,"max_hp_gain":0,"max_hp_loss":0,"event_name":"The Cleric","floor":4,"gold_loss":50},{"damage_healed":0,"gold_gain":0,"player_choice":"Take Damage","damage_taken":18,"relics_obtained":["Golden Idol"],"max_hp_gain":0,"max_hp_loss":0,"event_name":"Golden Idol","floor":5,"gold_loss":0},{"damage_healed":0,"gold_gain":0,"player_choice":"Entered Light","damage_taken":15,"max_hp_gain":0,"max_hp_loss":0,"event_name":"Shining Light","floor":10,"gold_loss":0,"cards_upgraded":["Steam","Defend_B"]},{"damage_healed":25,"gold_gain":0,"player_choice":"Banana","damage_taken":0,"max_hp_gain":0,"max_hp_loss":0,"event_name":"Big Fish","floor":13,"gold_loss":0},{"damage_healed":0,"gold_gain":0,"player_choice":"Ignored","damage_taken":0,"max_hp_gain":0,"max_hp_loss":0,"event_name":"Vampires","floor":20,"gold_loss":0},{"damage_healed":0,"gold_gain":0,"cards_transformed":["Strike_B"],"player_choice":"Transformed","damage_taken":0,"max_hp_gain":0,"max_hp_loss":0,"event_name":"Transmorgrifier","floor":39,"gold_loss":0,"cards_obtained":["Auto Shields"]}],"is_beta":false,"boss_relics":[{"not_picked":["Velvet Choker","Black Star"],"picked":"Busted Crown"},{"not_picked":["Philosopher\u0027s Stone","Coffee Dripper"],"picked":"SlaversCollar"}],"items_purged_floors":[12,19],"is_endless":false,"potions_floor_spawned":[2,7,8,14,21,24,33,38,44],"killed_by":"The Heart","ascension_level":2}}