{"host":"8by3m8mve9y2rhh4","time":1610817299,"event":{"mods":["BaseMod","Minty Spire (QoL Compilation)","Quick Restart"],"gold_per_floor":[110,121,136,136,151,184,198,218,268,297,297,316,328,328,328,432,432,449,449,468,483,55,84,97,97,97],"floor_reached":25,"language":"ENG","playtime":1445,"items_purged":["Bite"],"score":276,"play_id":"af16b779-cde7-4d8a-81bc-cfbfd2a83fec","local_time":"20210116171459","is_ascension_mode":true,"campfire_choices":[{"floor":15,"key":"REST"}],"circlet_count":0,"master_deck":["Defend_G","Defend_G","Defend_G","Defend_G","Defend_G","Survivor","Neutralize","Deadly Poison","Catalyst","Prepared","Backflip","Prepared","Deadly Poison","Backstab+1","Envenom","Backflip","Venomology","Poisoned Stab+1","Bite","Bite+1","Bite","Bite","Infinite Blades","Envenom","Catalyst"],"relics":["Fusion Hammer","Pen Nib","Regal Pillow","Dream Catcher","Empty Cage","DollysMirror","Whetstone","Pear"],"acts_visited":["Exordium","TheCity"],"potions_floor_usage":[6,8,10,12,20,21,21,23,23,23,24],"damage_taken":[{"damage":0,"enemies":"Cultist","floor":1,"turns":4},{"damage":0,"enemies":"2 Louse","floor":2,"turns":3},{"damage":3,"enemies":"Jaw Worm","floor":3,"turns":3},{"damage":1,"enemies":"2 Fungi Beasts","floor":5,"turns":4},{"damage":18,"enemies":"Gremlin Nob","floor":6,"turns":4},{"damage":0,"enemies":"Looter","floor":7,"turns":3},{"damage":0,"enemies":"Exordium Thugs","floor":8,"turns":5},{"damage":33,"enemies":"3 Sentries","floor":10,"turns":14},{"damage":0,"enemies":"Gremlin Gang","floor":12,"turns":4},{"damage":11,"enemies":"Blue Slaver","floor":13,"turns":4},{"damage":15,"enemies":"The Guardian","floor":16,"turns":8},{"damage":8,"enemies":"Chosen","floor":18,"turns":6},{"damage":0,"enemies":"Spheric Guardian","floor":20,"turns":5},{"damage":10,"enemies":"Cultist and Chosen","floor":21,"turns":8},{"damage":19,"enemies":"Gremlin Leader","floor":23,"turns":10},{"damage":35,"enemies":"Shelled Parasite and Fungi","floor":24,"turns":6},{"damage":36,"enemies":"Slavers","floor":25,"turns":2}],"seed_played":"5369199175893325265","potions_obtained":[{"floor":5,"key":"LiquidMemories"},{"floor":6,"key":"SpeedPotion"},{"floor":7,"key":"Fire Potion"},{"floor":10,"key":"PowerPotion"},{"floor":18,"key":"Ancient Potion"}],"is_trial":false,"path_per_floor":["M","M","M","?","M","E","M","M","T","E","?","M","M","?","R","B",null,"M","?","M","M","$","E","M","E"],"character_chosen":"THE_SILENT","items_purchased":["DollysMirror","Whetstone","PowerPotion"],"campfire_rested":1,"item_purchase_floors":[22,22,22],"current_hp_per_floor":[70,70,67,67,66,48,48,48,48,15,15,15,4,4,40,25,70,62,49,49,49,49,59,29,0,0],"gold":97,"neow_bonus":"BOSS_RELIC","is_daily":false,"chose_seed":false,"campfire_upgraded":0,"win_rate":0.0,"timestamp":1610817299,"path_taken":["M","M","?","?","M","E","M","M","T","E","?","M","?","?","R","BOSS","M","?","M","M","$","E","M","E"],"items_purchased_type":["Relic","Relic","Potion"],"build_version":"2020-12-22","purchased_purges":1,"victory":false,"max_hp_per_floor":[70,70,70,70,70,70,70,70,70,70,70,70,70,70,70,70,70,70,49,49,49,49,59,59,59,59],"card_choices":[{"not_picked":["Prepared","Flying Knee"],"picked":"Deadly Poison","floor":1},{"not_picked":["Dodge and Roll","Prepared"],"picked":"Catalyst","floor":2},{"not_picked":["Quick Slash","Flying Knee"],"picked":"Prepared","floor":3},{"not_picked":["Acrobatics","Doppelganger"],"picked":"Backflip","floor":5},{"not_picked":["Concentrate","Predator","Setup"],"picked":"SKIP","floor":6},{"not_picked":["Masterful Stab","Caltrops"],"picked":"Prepared","floor":7},{"not_picked":["All Out Attack","Accuracy"],"picked":"Deadly Poison","floor":8},{"not_picked":["Accuracy","Skewer"],"picked":"Backstab","floor":10},{"not_picked":["Dagger Throw","Skewer","Expertise"],"picked":"SKIP","floor":12},{"not_picked":["Dagger Throw","Skewer","Expertise"],"picked":"SKIP","floor":12},{"not_picked":["Expertise","Outmaneuver","PiercingWail"],"picked":"SKIP","floor":13},{"not_picked":["Underhanded Strike","Dodge and Roll"],"picked":"Backflip","floor":15},{"not_picked":["Unload","Phantasmal Killer"],"picked":"Venomology","floor":16},{"not_picked":["Sucker Punch","Underhanded Strike"],"picked":"Poisoned Stab+1","floor":18},{"not_picked":["Cloak And Dagger","Slice+1","Acrobatics"],"picked":"SKIP","floor":20},{"not_picked":["Backflip","Underhanded Strike"],"picked":"Infinite Blades","floor":21},{"not_picked":["Deadly Poison","Setup+1"],"picked":"Catalyst","floor":23},{"not_picked":["Dagger Throw+1","Sucker Punch","Setup"],"picked":"SKIP","floor":24}],"player_experience":706414,"relics_obtained":[{"floor":6,"key":"Pen Nib"},{"floor":9,"key":"Regal Pillow"},{"floor":10,"key":"Dream Catcher"},{"floor":23,"key":"Pear"}],"event_choices":[{"damage_healed":0,"gold_gain":0,"player_choice":"Ignored","damage_taken":0,"max_hp_gain":0,"max_hp_loss":0,"event_name":"Liars Game","floor":4,"gold_loss":0},{"damage_healed":0,"gold_gain":0,"cards_transformed":["Strike_G"],"player_choice":"Change","damage_taken":0,"max_hp_gain":0,"max_hp_loss":0,"event_name":"Living Wall","floor":11,"gold_loss":0,"cards_obtained":["Envenom"]},{"damage_healed":0,"gold_gain":0,"player_choice":"Ignored","damage_taken":0,"max_hp_gain":0,"max_hp_loss":0,"event_name":"Shining Light","floor":14,"gold_loss":0},{"damage_healed":0,"gold_gain":0,"player_choice":"Became a vampire","damage_taken":0,"max_hp_gain":0,"max_hp_loss":21,"event_name":"Vampires","floor":19,"gold_loss":0,"cards_obtained":["Bite","Bite","Bite","Bite","Bite"]}],"is_beta":false,"boss_relics":[{"not_picked":["Runic Dome","Cursed Key"],"picked":"Empty Cage"}],"items_purged_floors":[22],"is_endless":false,"potions_floor_spawned":[5,6,7,10,18],"killed_by":"Slavers","ascension_level":1}}