{"host":"hxqmxu97ax4h93y4","time":1610824659,"event":{"mods":["BaseMod","Downfall","Hermit","Marisa????????","Minty Spire (QoL Compilation)","Random Character Button","StSLib","The Cursed","The Necromancer","The Runesmith"],"gold_per_floor":[116,163,175,202,225,270,360,400,412,452,464,63,76,93,93,198,198,210,310,325,344,355,355,380,380,405,422,452,465,478,496,496,593,593,611,630,381,381,398,428,428,442,442,317,317,330,330,350,350,350,350],"floor_reached":50,"language":"ENG","playtime":2392,"items_purged":["Bash","Strike_R","Perfected Strike"],"score":628,"play_id":"3007bd58-789c-49b2-9864-1af4881786a2","local_time":"20210116111739","is_ascension_mode":false,"campfire_choices":[{"floor":11,"key":"DIG"},{"floor":15,"key":"DIG"},{"floor":23,"key":"REST"},{"floor":25,"key":"REST"},{"floor":32,"key":"REST"},{"floor":41,"key":"DIG"},{"data":"Barricade","floor":45,"key":"SMITH"},{"data":"Feed","floor":47,"key":"SMITH"},{"floor":49,"key":"REST"}],"circlet_count":0,"master_deck":["Strike_R","Defend_R","Defend_R","Defend_R","Defend_R","Infernal Blade","Pummel","Rampage","Reaper","Fire Breathing","Secret Weapon+1","Shrug It Off+1","Double Tap+1","True Grit+1","Rage+1","Cleave+1","Anger+1","Dual Wield+1","Armaments+1","Spot Weakness+1","Carnage","Seeing Red+1","Second Wind+1","Armaments+1","Entrench+1","Shrug It Off+1","Carnage+1","Sword Boomerang+1","Barricade+1","Feed+1","Clash","Flame Barrier+1","Cleave","Pommel Strike+1","Sword Boomerang+1","Thunderclap+1","Armaments+1","Rampage+1"],"relics":["bronze:MakeshiftBattery","MawBank","PreservedInsect","Pantograph","Bottled Lightning","Shovel","Toxic Egg 2","Odd Mushroom","Bag of Preparation","Brimstone","Dream Catcher","Astrolabe","White Beast Statue","Lantern","Darkstone Periapt","Runesmith:UraniumAnvil","Lee\u0027s Waffle","Self Forming Clay","Boot","Gremlin Horn"],"acts_visited":["Exordium","TheCity","TheBeyond"],"potions_floor_usage":[6,10,13,16,18,28,29,29,30,31,33,35,42,50,50,50],"damage_taken":[{"damage":0,"enemies":"Cultist","floor":1,"turns":4},{"damage":2,"enemies":"2 Louse","floor":4,"turns":2},{"damage":6,"enemies":"Jaw Worm","floor":5,"turns":2},{"damage":13,"enemies":"3 Sentries","floor":6,"turns":4},{"damage":11,"enemies":"Gremlin Nob","floor":8,"turns":3},{"damage":13,"enemies":"The Mushroom Lair","floor":10,"turns":3},{"damage":9,"enemies":"Exordium Thugs","floor":13,"turns":3},{"damage":8,"enemies":"Looter","floor":14,"turns":2},{"damage":42,"enemies":"Hexaghost","floor":16,"turns":7},{"damage":0,"enemies":"Spheric Guardian","floor":18,"turns":2},{"damage":11,"enemies":"Shell Parasite","floor":20,"turns":4},{"damage":24,"enemies":"Cultist and Chosen","floor":21,"turns":5},{"damage":19,"enemies":"3 Cultists","floor":22,"turns":4},{"damage":19,"enemies":"Slavers","floor":24,"turns":2},{"damage":29,"enemies":"Shelled Parasite and Fungi","floor":27,"turns":4},{"damage":16,"enemies":"Book of Stabbing","floor":28,"turns":3},{"damage":18,"enemies":"Snecko","floor":29,"turns":5},{"damage":0,"enemies":"Snake Plant","floor":30,"turns":1},{"damage":8,"enemies":"Cultist and Chosen","floor":31,"turns":6},{"damage":30,"enemies":"Champ","floor":33,"turns":10},{"damage":67,"enemies":"3 Darklings","floor":35,"turns":5},{"damage":6,"enemies":"Orb Walker","floor":36,"turns":2},{"damage":18,"enemies":"4 Shapes","floor":39,"turns":3},{"damage":0,"enemies":"Giant Head","floor":40,"turns":5},{"damage":15,"enemies":"Jaw Worm Horde","floor":42,"turns":5},{"damage":2,"enemies":"Spire Growth","floor":46,"turns":3},{"damage":87,"enemies":"Writhing Mass","floor":48,"turns":6},{"damage":97,"enemies":"Awakened One","floor":50,"turns":7}],"seed_played":"-5662828376130968674","potions_obtained":[{"floor":1,"key":"DuplicationPotion"},{"floor":8,"key":"Energy Potion"},{"floor":10,"key":"Fire Potion"},{"floor":13,"key":"EssenceOfSteel"},{"floor":16,"key":"Block Potion"},{"floor":21,"key":"sneckomod:MuddlingPotion"},{"floor":27,"key":"AttackPotion"},{"floor":28,"key":"BlessingOfTheForge"},{"floor":29,"key":"SteroidPotion"},{"floor":30,"key":"HeartOfIron"},{"floor":31,"key":"Block Potion"},{"floor":33,"key":"Fruit Juice"},{"floor":35,"key":"FairyPotion"},{"floor":36,"key":"SneckoOil"},{"floor":39,"key":"bronze:BurnAndBuffPotion"},{"floor":40,"key":"DistilledChaos"},{"floor":42,"key":"Explosive Potion"},{"floor":48,"key":"sneckomod:MuddlingPotion"}],"is_trial":false,"path_per_floor":["M","T","?","M","M","E","T","E","T","?","R","$","M","M","R","B",null,"M","?","M","M","M","R","E","R","T","M","E","M","M","M","R","B",null,"M","M","$","?","M","E","R","M","T","$","R","M","R","M","R","B"],"character_chosen":"IRONCLAD","items_purchased":["Secret Weapon+1","Brimstone","Lee\u0027s Waffle"],"campfire_rested":4,"item_purchase_floors":[12,12,37],"current_hp_per_floor":[80,80,62,60,54,41,41,30,30,21,21,21,28,26,26,15,80,80,80,69,61,69,80,61,80,80,51,35,27,27,31,55,66,80,32,34,92,92,82,82,82,71,71,71,71,72,72,29,58,0,0],"gold":350,"neow_bonus":"BOSS_RELIC","is_daily":false,"chose_seed":false,"campfire_upgraded":2,"win_rate":0.0,"timestamp":1610824659,"path_taken":["M","?","?","?","M","E","?","E","T","?","R","?","M","M","R","BOSS","M","?","M","M","M","R","E","R","T","M","E","M","M","M","R","BOSS","M","?","$","?","M","E","R","M","T","$","R","M","R","M","R","BOSS"],"items_purchased_type":["Card","Relic","Relic"],"build_version":"2020-12-22","purchased_purges":3,"victory":false,"max_hp_per_floor":[80,80,80,80,80,80,80,80,80,80,80,80,80,80,80,80,80,80,80,80,80,80,80,80,80,80,80,80,80,80,80,80,80,80,85,85,92,92,92,92,92,96,96,96,96,99,99,99,99,99,99],"card_choices":[{"not_picked":["Burning Pact","Sword Boomerang"],"picked":"Infernal Blade","floor":1},{"not_picked":["Evolve","Bloodletting"],"picked":"Perfected Strike","floor":4},{"not_picked":["Flex","Uppercut"],"picked":"Pummel","floor":5},{"not_picked":["Armaments","True Grit"],"picked":"Rampage","floor":6},{"not_picked":["Wild Strike","Clash"],"picked":"Reaper","floor":8},{"not_picked":["Sever Soul","Pummel"],"picked":"Fire Breathing","floor":10},{"not_picked":["Sever Soul","Spot Weakness+1"],"picked":"Feel No Pain","floor":13},{"not_picked":["Pommel Strike","Carnage"],"picked":"Shrug It Off+1","floor":14},{"not_picked":["Feed","Immolate"],"picked":"Double Tap+1","floor":16},{"not_picked":["Perfected Strike","Wild Strike+1"],"picked":"Anger+1","floor":18},{"not_picked":["Sword Boomerang","Uppercut+1"],"picked":"Dual Wield+1","floor":20},{"not_picked":["Clothesline","Headbutt"],"picked":"Armaments+1","floor":21},{"not_picked":["Iron Wave","Body Slam"],"picked":"Spot Weakness+1","floor":22},{"not_picked":["Dual Wield+1","Dropkick"],"picked":"Carnage","floor":23},{"not_picked":["Ghostly Armor+1","Dropkick"],"picked":"Seeing Red+1","floor":24},{"not_picked":["Carnage","Cleave"],"picked":"Second Wind+1","floor":25},{"not_picked":["Anger","Pommel Strike"],"picked":"Armaments+1","floor":27},{"not_picked":["Reckless Charge","Clash+1"],"picked":"Entrench+1","floor":28},{"not_picked":["Whirlwind","Fiend Fire"],"picked":"Shrug It Off+1","floor":29},{"not_picked":["Heavy Blade","Clothesline"],"picked":"Carnage+1","floor":30},{"not_picked":["Wild Strike","Body Slam"],"picked":"Sword Boomerang+1","floor":31},{"not_picked":["Blood for Blood","Perfected Strike"],"picked":"Barricade","floor":32},{"not_picked":["Offering+1","Demon Form"],"picked":"Feed","floor":33},{"not_picked":["Inflame","Clothesline+1"],"picked":"Clash","floor":35},{"not_picked":["Dual Wield+1","Thunderclap+1"],"picked":"Flame Barrier+1","floor":36},{"not_picked":["Entrench+1","Iron Wave"],"picked":"Cleave","floor":39},{"not_picked":["Clash","Shockwave+1"],"picked":"Pommel Strike+1","floor":40},{"not_picked":["Pommel Strike","True Grit+1"],"picked":"Sword Boomerang+1","floor":42},{"not_picked":["Body Slam","Evolve"],"picked":"Thunderclap+1","floor":46},{"not_picked":["Perfected Strike","Uppercut"],"picked":"Armaments+1","floor":48},{"not_picked":["Double Tap+1","Thunderclap"],"picked":"Rampage+1","floor":49}],"player_experience":53771,"relics_obtained":[{"floor":2,"key":"MawBank"},{"floor":6,"key":"Pantograph"},{"floor":7,"key":"Bottled Lightning"},{"floor":8,"key":"Shovel"},{"floor":9,"key":"Toxic Egg 2"},{"floor":10,"key":"Odd Mushroom"},{"floor":11,"key":"Bag of Preparation"},{"floor":15,"key":"Dream Catcher"},{"floor":24,"key":"White Beast Statue"},{"floor":26,"key":"Lantern"},{"floor":28,"key":"Darkstone Periapt"},{"floor":40,"key":"Self Forming Clay"},{"floor":41,"key":"Boot"},{"floor":43,"key":"Gremlin Horn"}],"event_choices":[{"damage_healed":0,"gold_gain":0,"player_choice":"Success","damage_taken":18,"relics_obtained":["PreservedInsect"],"max_hp_gain":0,"max_hp_loss":0,"event_name":"Scrap Ooze","floor":3,"gold_loss":0},{"damage_healed":0,"gold_gain":0,"player_choice":"Fought Mushrooms","damage_taken":0,"max_hp_gain":0,"max_hp_loss":0,"event_name":"Mushrooms","floor":10,"gold_loss":0},{"damage_healed":0,"gold_gain":100,"player_choice":"Pray","damage_taken":0,"max_hp_gain":0,"max_hp_loss":0,"event_name":"Golden Shrine","floor":19,"gold_loss":0},{"cards_removed":["Feel No Pain"],"damage_healed":0,"gold_gain":0,"player_choice":"Removed Power","damage_taken":0,"max_hp_gain":0,"max_hp_loss":0,"event_name":"Falling","floor":38,"gold_loss":0}],"is_beta":false,"boss_relics":[{"not_picked":["Busted Crown","Runic Cube"],"picked":"Astrolabe"},{"not_picked":["Cursed Key","Runic Pyramid"],"picked":"Runesmith:UraniumAnvil"}],"items_purged_floors":[12,37,44],"is_endless":false,"potions_floor_spawned":[1,8,10,13,16,21,27,28,29,30,31,33,35,36,39,40,42,46,48],"killed_by":"Awakened One","ascension_level":0}}