{"host":"e4wnmsyty9uvvtwf","time":1610807463,"event":{"mods":["Act Like it!","Aspiration","BaseMod","Colored Map","Colored Powertips","Gensokyo","Minty Spire (QoL Compilation)","Rare Cards Sparkle","Reimu£®≤©¿ˆ¡È√Œ£©","Replay The Spire","StSLib"],"gold_per_floor":[109,109,119,119,134,134,209,223,223,242,252,252,6,75,75,177,177,193,92,417,187,237,237,74,90,116,134,152,183,203,228,228,329,329,339,24,24,36,48,48,75,75,75,75,87,87,100,100,100,100],"floor_reached":51,"language":"ZHS","playtime":1931,"items_purged":["Clumsy"],"score":782,"play_id":"0a82fcd1-aa22-4c06-a29d-e489ee8ba9f3","local_time":"20210116223103","is_ascension_mode":false,"campfire_choices":[{"data":"DoubleButterfly:ReiMu","floor":6,"key":"SMITH"},{"data":"FoulBorder2:ReiMu","floor":15,"key":"SMITH"},{"data":"SubcavityFantasy:ReiMu","floor":23,"key":"SMITH"},{"floor":32,"key":"REST"},{"data":"Apotheosis","floor":40,"key":"SMITH"},{"data":"Gensokyo:LochNessMonster","floor":46,"key":"SMITH"},{"floor":49,"key":"REST"}],"circlet_count":0,"master_deck":["Strike_Lin:ReiMu","Strike_Lin:ReiMu","Strike_Lin:ReiMu","Strike_Lin:ReiMu","Defend_Lin:ReiMu","Defend_Lin:ReiMu","Defend_Lin:ReiMu","Defend_Lin:ReiMu","NB:ReiMu","Stagnation:ReiMu","FoulBorder2:ReiMu+1","DoubleButterfly:ReiMu+1","RainPray2:ReiMu","Parasite","Glacier","Meditation:ReiMu","Enchanting:ReiMu","SubcavityFantasy:ReiMu+1","YinYang:ReiMu","ShadowOfCrow2:ReiMu","SubAcupoint:ReiMu","Meditation:ReiMu","SafetyPray:ReiMu","SafetyPray:ReiMu","Apotheosis+1","LearningPray:ReiMu","FantasyMoon:ReiMu","SpringWay:ReiMu","Amulet:ReiMu","CareerPray:ReiMu","Free:ReiMu","ShadowOfCrow2:ReiMu","Gensokyo:LochNessMonster+1","SpringWay:ReiMu","YinYangSign:ReiMu+1","CardOfSanctity:ReiMu","Voices","Gensokyo:ReactiveArmor","SealNeedle:ReiMu+1","Amulet:ReiMu"],"relics":["FlyPower:ReiMu","aspiration:Nostalgia","Iron Core","Gensokyo:NagashiBinaDoll","ReplayTheSpireMod:CursedCoin","Happy Flower","Medical Kit","StrikeDummy","aspiration:PoetsPen_weak","Replay:Mystery Machine","ClockworkSouvenir","Lantern","Pen Nib","Sundial","Regal Pillow","Cursed Key","Potion Belt","Simple Rune","Replay:Ringing Soul","Incense Burner","Gensokyo:TheCrow"],"acts_visited":["Exordium","Gensokyo:Gensokyo","Gensokyo:Gensokyoer"],"potions_floor_usage":[],"damage_taken":[{"damage":0,"enemies":"Gensokyo:3_Fairies","floor":1,"turns":5},{"damage":0,"enemies":"Gensokyo:Gryphon","floor":3,"turns":5},{"damage":0,"enemies":"Gensokyo:Python","floor":5,"turns":4},{"damage":0,"enemies":"Gensokyo:LivingMonolith","floor":8,"turns":3},{"damage":0,"enemies":"Gensokyo:Kitsune","floor":10,"turns":4},{"damage":1,"enemies":"Gensokyo:2_Rabbits","floor":11,"turns":4},{"damage":42,"enemies":"Gensokyo:Kokoro","floor":16,"turns":16},{"damage":2,"enemies":"Gensokyo:Chomper","floor":18,"turns":7},{"damage":0,"enemies":"Gensokyo:2_Gloops","floor":25,"turns":4},{"damage":4,"enemies":"Gensokyo:Wraith","floor":27,"turns":5},{"damage":5,"enemies":"Gensokyo:Slime_Group","floor":28,"turns":4},{"damage":22,"enemies":"Gensokyo:Koishi","floor":29,"turns":9},{"damage":7,"enemies":"Gensokyo:Chomper_and_Gloop","floor":30,"turns":6},{"damage":0,"enemies":"Gensokyo:Tenshi","floor":31,"turns":4},{"damage":2,"enemies":"Gensokyo:Eternal_Rivals","floor":33,"turns":8},{"damage":0,"enemies":"Gensokyo:3_Bats","floor":35,"turns":4},{"damage":6,"enemies":"Gensokyo:AncientGuardian","floor":38,"turns":7},{"damage":6,"enemies":"Gensokyo:AtlasGolem","floor":39,"turns":4},{"damage":14,"enemies":"Gensokyo:Kasen","floor":41,"turns":10},{"damage":2,"enemies":"Gensokyo:SeedOfUnknown","floor":45,"turns":7},{"damage":0,"enemies":"Gensokyo:Dusk_and_Dawn","floor":47,"turns":3},{"damage":16,"enemies":"Gensokyo:Scarlet_Devils","floor":50,"turns":8}],"seed_played":"-1355127614697236147","potions_obtained":[{"floor":3,"key":"Fire Potion"},{"floor":5,"key":"Block Potion"},{"floor":16,"key":"BlessingOfTheForge"},{"floor":27,"key":"SkillPotion"},{"floor":35,"key":"Adrenaline Potion"}],"is_trial":false,"path_per_floor":["M","?","M","?","M","R","$","M","T","M","M","?","COS","T","R","B",null,"M","$","?","$","T","R","COS","M","T","M","M","E","M","E","R","B",null,"M","COS","$","M","M","R","E","$","T","?","M","R","M","?","R","B",null],"character_chosen":"REIMU","items_purchased":["ReplayTheSpireMod:CursedCoin","SubAcupoint:ReiMu","Meditation:ReiMu","SafetyPray:ReiMu","Apotheosis"],"campfire_rested":2,"item_purchase_floors":[7,19,19,21,21],"current_hp_per_floor":[65,56,56,56,56,56,56,56,56,56,55,55,55,55,55,13,65,63,63,63,63,63,63,63,63,63,59,54,32,25,25,59,57,65,65,65,65,59,53,53,39,39,39,39,40,40,43,43,71,55],"gold":100,"neow_bonus":"NOSTALGIA","is_daily":false,"chose_seed":false,"campfire_upgraded":5,"win_rate":0.0,"timestamp":1610807463,"path_taken":["M","?","M","?","M","R","?","?","T","M","M","?","COS","?","R","BOSS","M","$","?","?","?","R","COS","M","T","M","M","E","M","E","R","BOSS","M","COS","?","?","M","R","E","?","T","?","M","R","M","?","R","BOSS"],"items_purchased_type":["Relic","Card","Card","Card","Card"],"build_version":"2020-12-22","purchased_purges":1,"victory":true,"max_hp_per_floor":[65,65,65,65,65,65,65,65,65,65,65,65,65,65,65,65,65,65,65,65,65,65,65,65,65,65,65,65,65,65,65,65,65,65,65,65,65,65,65,65,65,65,65,65,68,68,71,71,71,71],"card_choices":[{"not_picked":["AirStrike:ReiMu","Amulet:ReiMu"],"picked":"FoulBorder2:ReiMu","floor":1},{"not_picked":["ForcedLanding:ReiMu","PrepareRite:ReiMu"],"picked":"DoubleButterfly:ReiMu","floor":3},{"not_picked":["Rebound","Headbutt"],"picked":"RainPray2:ReiMu","floor":5},{"not_picked":["PayForSelf:ReiMu","Meditation:ReiMu"],"picked":"Glacier","floor":8},{"not_picked":["Capacitor","EmergencyTakeOff:ReiMu"],"picked":"Meditation:ReiMu","floor":10},{"not_picked":["Conquer:ReiMu","ReplayTheSpireMod:Repulse"],"picked":"Enchanting:ReiMu","floor":11},{"not_picked":["ReplayTheSpireMod:Omega Cannon","Authority:ReiMu"],"picked":"SubcavityFantasy:ReiMu","floor":16},{"not_picked":["Determination:ReiMu","OctopathSalyBorderN:ReiMu"],"picked":"YinYang:ReiMu","floor":18},{"not_picked":["Amulet:ReiMu","Enchanting:ReiMu"],"picked":"ShadowOfCrow2:ReiMu","floor":18},{"not_picked":["OrbThrow:ReiMu+1","SpiritualOutbreak2:ReiMu"],"picked":"LearningPray:ReiMu","floor":25},{"not_picked":["Crusade:ReiMu","LearningPray:ReiMu+1"],"picked":"FantasyMoon:ReiMu","floor":27},{"not_picked":["SubAcupoint:ReiMu","WonderfulDomain:ReiMu"],"picked":"SpringWay:ReiMu","floor":28},{"not_picked":["HakureiPhantom:ReiMu","EmergencyTakeOff:ReiMu"],"picked":"Amulet:ReiMu","floor":29},{"not_picked":["Conquer:ReiMu","FantasyBorder:ReiMu"],"picked":"CareerPray:ReiMu","floor":30},{"not_picked":["SubcavityInstant:ReiMu","Shading:ReiMu","OrbThrow:ReiMu"],"picked":"SKIP","floor":31},{"not_picked":["CleanRite:ReiMu","HakureiPhantom:ReiMu"],"picked":"Free:ReiMu","floor":33},{"not_picked":["Conquer:ReiMu+1","SpringWay:ReiMu"],"picked":"ShadowOfCrow2:ReiMu","floor":35},{"not_picked":["SubcavityInstant:ReiMu+1","TightArray:ReiMu"],"picked":"SpringWay:ReiMu","floor":38},{"not_picked":["EmergencyTakeOff:ReiMu+1","Meditation:ReiMu+1"],"picked":"YinYangSign:ReiMu+1","floor":39},{"not_picked":["CollectionFlower2:ReiMu+1","ForcedLanding:ReiMu"],"picked":"CardOfSanctity:ReiMu","floor":41},{"not_picked":["AlertArray:ReiMu+1","UpKicking:ReiMu"],"picked":"SealNeedle:ReiMu+1","floor":45},{"not_picked":["Meditation:ReiMu","SpiritualOutbreak2:ReiMu+1"],"picked":"Amulet:ReiMu","floor":47}],"player_experience":559471,"relics_obtained":[{"floor":9,"key":"Replay:Bottled Snecko"},{"floor":14,"key":"StrikeDummy"},{"floor":22,"key":"Replay:Mystery Machine"},{"floor":26,"key":"Pen Nib"},{"floor":29,"key":"Sundial"},{"floor":31,"key":"Regal Pillow"},{"floor":41,"key":"Potion Belt"},{"floor":43,"key":"Simple Rune"}],"event_choices":[],"is_beta":false,"boss_relics":[{"not_picked":["Black Star","SlaversCollar"],"picked":"aspiration:PoetsPen_weak"},{"not_picked":["Ring of Chaos","Replay:Drink Me"],"picked":"Cursed Key"}],"items_purged_floors":[7],"is_endless":false,"potions_floor_spawned":[3,5,16,25,27,29,35],"ascension_level":0}}