{"host":"jm9833yuloeli2yd","time":1610769163,"event":{"mods":["BaseMod","Better Altar","Better Match","Better Note","Better Sensory Stone","Better Skull","Better Third Choice","Better Vampires","BetterRewards","Colored Map","Colored Powertips","DeckTracker","Minty Spire (QoL Compilation)","Permanent Neow","Quick Restart","Slay-I","StSLib","SuperFastMode"],"gold_per_floor":[116,129,144,109,109,109,143,143,170,204,216,87,33,63,63,63,63],"floor_reached":16,"language":"ENG","playtime":382,"items_purged":["Strike_B"],"score":236,"play_id":"359e295d-dfd7-4d6f-b92c-b7f257429d08","local_time":"20210115225243","is_ascension_mode":true,"campfire_choices":[{"data":"Barrage","floor":8.0,"key":"SMITH"},{"data":"Thinking Ahead","floor":15.0,"key":"SMITH"}],"circlet_count":0,"master_deck":["AscendersBane","Strike_B","Strike_B","Strike_B","Defend_B","Defend_B+1","Defend_B","Defend_B","Zap+1","Dualcast","Cold Snap","Barrage+1","Barrage+1","Compile Driver","Thinking Ahead+1","Glacier","Creative AI","Double Energy","Ball Lightning"],"relics":["Cracked Core","Bag of Preparation","War Paint","Gambling Chip","Happy Flower"],"acts_visited":[],"potions_floor_usage":[16],"damage_taken":[{"damage":1.0,"enemies":"2 Louse","floor":1.0,"turns":3.0},{"damage":5.0,"enemies":"Jaw Worm","floor":2.0,"turns":4.0},{"damage":8.0,"enemies":"Small Slimes","floor":3.0,"turns":2.0},{"damage":13.0,"enemies":"3 Sentries","floor":7.0,"turns":6.0},{"damage":8.0,"enemies":"Lagavulin","floor":10.0,"turns":6.0},{"damage":6.0,"enemies":"Blue Slaver","floor":11.0,"turns":3.0},{"damage":28.0,"enemies":"Gremlin Nob","floor":14.0,"turns":4.0},{"damage":12,"enemies":"Hexaghost","floor":16,"turns":7}],"seed_played":"5532392541313551194","potions_obtained":[{"floor":1.0,"key":"FearPotion"},{"floor":3.0,"key":"BlessingOfTheForge"},{"floor":11.0,"key":"ColorlessPotion"},{"floor":14.0,"key":"Energy Potion"}],"is_trial":false,"path_per_floor":["M","M","M","?","?","?","E","R","T","E","M","$","$","E","R","B"],"character_chosen":"DEFECT","items_purchased":["Ball Lightning","FocusPotion"],"campfire_rested":0,"item_purchase_floors":[12,13],"current_hp_per_floor":[63,58,50,67,67,67,54,54,54,46,40,40,40,12,12,0,0],"gold":63,"neow_bonus":"THREE_CARDS","is_daily":false,"chose_seed":false,"campfire_upgraded":2,"win_rate":0.0,"timestamp":1610769163,"path_taken":["M","M","M","?","?","?","E","R","T","E","M","?","$","E","R","BOSS"],"items_purchased_type":["Card","Potion"],"build_version":"2020-12-22","purchased_purges":1,"victory":false,"max_hp_per_floor":[71,71,71,71,71,71,71,71,71,71,71,71,71,71,71,71,71],"card_choices":[{"not_picked":["Sweeping Beam","Barrage"],"picked":"Cold Snap","floor":0.0},{"not_picked":["Scrape","Reinforced Body"],"picked":"Barrage","floor":1.0},{"not_picked":["Hello World","Double Energy"],"picked":"Barrage","floor":2.0},{"not_picked":["Chaos","Melter"],"picked":"Compile Driver","floor":3.0},{"not_picked":["Mayhem","Jack Of All Trades"],"picked":"Thinking Ahead","floor":6.0},{"not_picked":["Redo","Conserve Battery"],"picked":"Glacier","floor":7.0},{"not_picked":["Redo","Beam Cell"],"picked":"Creative AI","floor":10.0},{"not_picked":["Reprogram","Turbo"],"picked":"Double Energy","floor":11.0},{"not_picked":["Darkness","Streamline","Stack"],"picked":"SKIP","floor":14.0}],"player_experience":1325132,"relics_obtained":[{"floor":7.0,"key":"Bag of Preparation"},{"floor":9.0,"key":"War Paint"},{"floor":10.0,"key":"Gambling Chip"},{"floor":14.0,"key":"Happy Flower"}],"event_choices":[{"damage_healed":17.0,"max_hp_gain":0.0,"max_hp_loss":0.0,"gold_gain":0.0,"event_name":"The Cleric","player_choice":"Healed","floor":4.0,"gold_loss":35.0,"damage_taken":0.0},{"damage_healed":0.0,"max_hp_gain":0.0,"max_hp_loss":0.0,"gold_gain":0.0,"event_name":"Living Wall","player_choice":"Grow","floor":5.0,"gold_loss":0.0,"damage_taken":0.0,"cards_upgraded":["Barrage"]},{"damage_healed":0.0,"max_hp_gain":0.0,"max_hp_loss":0.0,"gold_gain":1.0,"event_name":"betterStone:BetterStone","player_choice":"1","floor":6.0,"gold_loss":0.0,"damage_taken":0.0}],"is_beta":false,"boss_relics":[],"items_purged_floors":[12],"is_endless":false,"potions_floor_spawned":[1,3,11,14],"killed_by":"Hexaghost","ascension_level":20}}