{"host":"d85gwtocd8go8gx0","time":1610828488,"event":{"mods":["BaseMod","Highlight Path","Minty Spire (QoL Compilation)","Permanent Neow","Quick Restart","UnlockEverythingMod"],"gold_per_floor":[112,112,112,133,151,192,216,251,251,251,275,275,296,374,374,477,477,511,532,83,107,116,169,182,222,273,282,282,356,356,365,365,472,472,499,532,556,58,81,81,119,138,138,138,161,161,161,209,209,209,209],"floor_reached":52,"language":"ENG","playtime":2141,"items_purged":["Strike_R"],"score":2070,"play_id":"f4c9079d-fc70-4e20-a912-6900d694d0d9","local_time":"20210116122128","is_ascension_mode":true,"campfire_choices":[{"floor":10.0,"key":"REST"},{"floor":15.0,"key":"REST"},{"floor":30,"key":"REST"},{"data":"Bash","floor":32,"key":"SMITH"},{"floor":40,"key":"REST"},{"floor":44,"key":"REST"},{"floor":49,"key":"REST"}],"circlet_count":0,"master_deck":["AscendersBane","Strike_R","Strike_R","Strike_R","Defend_R","Defend_R","Defend_R","Defend_R","Bash+1","Feed","Cleave","Hemokinesis","Demon Form","Iron Wave","Twin Strike","Ghostly Armor","Thunderclap","Iron Wave","Double Tap","Clothesline","Uppercut","Inflame","Spot Weakness","Shockwave","Necronomicurse","Heavy Blade+1","Offering","Demon Form","Offering","Flame Barrier+1","Pommel Strike+1","Uppercut","Uppercut+1","Heavy Blade","Entrench+1"],"relics":["Burning Blood","Golden Idol","Self Forming Clay","FossilizedHelix","Meat on the Bone","Blue Candle","MealTicket","CeramicFish","Snecko Eye","Pantograph","Necronomicon","Smiling Mask","Juzu Bracelet","Regal Pillow","Question Card","Sozu","HandDrill","Kunai","Shuriken","StrikeDummy","Omamori","Bag of Preparation"],"acts_visited":["Exordium","TheCity","TheBeyond"],"potions_floor_usage":[23,24,45],"damage_taken":[{"damage":4.0,"enemies":"Small Slimes","floor":1.0,"turns":4.0},{"damage":7.0,"enemies":"Jaw Worm","floor":4.0,"turns":3.0},{"damage":3.0,"enemies":"Cultist","floor":5.0,"turns":3.0},{"damage":34.0,"enemies":"3 Sentries","floor":6.0,"turns":8.0},{"damage":15.0,"enemies":"Exordium Thugs","floor":7.0,"turns":4.0},{"damage":4.0,"enemies":"Gremlin Nob","floor":8.0,"turns":3.0},{"damage":23.0,"enemies":"Blue Slaver","floor":13.0,"turns":4.0},{"damage":29.0,"enemies":"3 Sentries","floor":14.0,"turns":8.0},{"damage":54.0,"enemies":"Hexaghost","floor":16.0,"turns":8.0},{"damage":33.0,"enemies":"3 Byrds","floor":18.0,"turns":6.0},{"damage":16.0,"enemies":"Spheric Guardian","floor":19.0,"turns":4.0},{"damage":9.0,"enemies":"Snecko","floor":21.0,"turns":6.0},{"damage":35,"enemies":"Gremlin Leader","floor":23,"turns":5},{"damage":0,"enemies":"Centurion and Healer","floor":24,"turns":3},{"damage":38,"enemies":"Slavers","floor":25,"turns":4},{"damage":30,"enemies":"Collector","floor":33,"turns":6},{"damage":12,"enemies":"Orb Walker","floor":35,"turns":3},{"damage":12,"enemies":"3 Darklings","floor":36,"turns":3},{"damage":24,"enemies":"Maw","floor":37,"turns":6},{"damage":65,"enemies":"4 Shapes","floor":39,"turns":5},{"damage":61,"enemies":"Reptomancer","floor":41,"turns":4},{"damage":30,"enemies":"Jaw Worm Horde","floor":42,"turns":4},{"damage":0,"enemies":"Spire Growth","floor":45,"turns":4},{"damage":17,"enemies":"Giant Head","floor":48,"turns":5},{"damage":58,"enemies":"Donu and Deca","floor":50,"turns":8},{"damage":85,"enemies":"Awakened One","floor":51,"turns":7}],"seed_played":"-4040715328643127002","potions_obtained":[{"floor":5.0,"key":"EntropicBrew"},{"floor":6.0,"key":"Block Potion"},{"floor":7.0,"key":"DuplicationPotion"},{"floor":13.0,"key":"Strength Potion"},{"floor":16.0,"key":"SpeedPotion"},{"floor":18.0,"key":"Ancient Potion"},{"floor":23,"key":"ColorlessPotion"}],"is_trial":false,"path_per_floor":["M","?","?","M","M","E","M","E","T","R","T","?","M","?","R","B",null,"M","M","$","M","?","E","M","E","T","?","?","T","R","?","R","B",null,"M","M","M","$","M","R","E","M","T","R","M","?","T","E","R","B","B",null],"character_chosen":"IRONCLAD","items_purchased":["Uppercut","Inflame","Spot Weakness","Pantograph","HandDrill","Kunai"],"campfire_rested":6,"item_purchase_floors":[20,20,20,20,38,38],"current_hp_per_floor":[55,55,37,39,45,17,11,13,13,37,37,42,40,32,59,26,77,65,55,70,70,49,32,50,30,30,18,18,18,63,63,63,64,91,85,79,61,76,32,77,34,25,25,71,80,80,80,69,109,72,33],"gold":209,"neow_bonus":"THREE_RARE_CARDS","is_daily":false,"chose_seed":false,"campfire_upgraded":1,"win_rate":0.0,"timestamp":1610828488,"path_taken":["M","?","?","M","M","E","M","E","T","R","?","?","?","?","R","BOSS","M","M","$","M","?","E","M","E","T","?","?","?","R","?","R","BOSS","M","M","M","$","M","R","E","M","T","R","M","?","?","E","R","BOSS","BOSS"],"items_purchased_type":["Card","Card","Card","Relic","Relic","Relic"],"build_version":"2020-12-22","purchased_purges":1,"victory":true,"max_hp_per_floor":[78,71,71,74,77,77,80,80,80,80,80,85,88,91,91,94,94,97,97,97,100,100,100,100,100,100,100,100,100,100,100,100,100,100,100,100,100,100,103,103,103,106,106,106,109,109,109,109,109,112,115],"card_choices":[{"not_picked":["Limit Break","Brutality"],"picked":"Feed","floor":0.0},{"not_picked":["Twin Strike","Dark Embrace"],"picked":"Cleave","floor":1.0},{"not_picked":["Clash","Headbutt"],"picked":"Hemokinesis","floor":4.0},{"not_picked":["Feel No Pain","Sword Boomerang"],"picked":"Demon Form","floor":5.0},{"not_picked":["Feel No Pain","Blood for Blood"],"picked":"Iron Wave","floor":6.0},{"not_picked":["Anger","Evolve"],"picked":"Twin Strike","floor":7.0},{"not_picked":["Shrug It Off","Cleave"],"picked":"Ghostly Armor","floor":8.0},{"not_picked":["Perfected Strike","Cleave"],"picked":"Thunderclap","floor":13.0},{"not_picked":["Flame Barrier","Anger"],"picked":"Iron Wave","floor":14.0},{"not_picked":["Exhume","Juggernaut"],"picked":"Double Tap","floor":16.0},{"not_picked":["Ghostly Armor","Armaments+1"],"picked":"Clothesline","floor":18.0},{"not_picked":["Hemokinesis","Cleave","Headbutt"],"picked":"SKIP","floor":19.0},{"not_picked":["Combust","Dual Wield+1"],"picked":"Shockwave","floor":21.0},{"not_picked":["Sentinel+1","Clothesline"],"picked":"Heavy Blade+1","floor":23},{"not_picked":["Disarm","Body Slam","Wild Strike"],"picked":"SKIP","floor":24},{"not_picked":["Wild Strike","Sword Boomerang"],"picked":"Offering","floor":25},{"not_picked":["Immolate","Exhume","Barricade"],"picked":"Offering","floor":33},{"not_picked":["Whirlwind","Clothesline","Disarm"],"picked":"Flame Barrier+1","floor":35},{"not_picked":["Rage+1","Havoc","Thunderclap"],"picked":"Pommel Strike+1","floor":36},{"not_picked":["Power Through","Flex","Shrug It Off"],"picked":"Uppercut","floor":37},{"not_picked":["Battle Trance","Sentinel","Headbutt"],"picked":"Uppercut+1","floor":39},{"not_picked":["Clash+1","Hemokinesis","Warcry","True Grit+1"],"picked":"SKIP","floor":41},{"not_picked":["Armaments","Sword Boomerang+1","Shrug It Off+1","Reckless Charge+1"],"picked":"SKIP","floor":42},{"not_picked":["Exhume","Armaments","Iron Wave"],"picked":"Heavy Blade","floor":45},{"not_picked":["Warcry","Twin Strike","Inflame"],"picked":"Entrench+1","floor":48}],"player_experience":16456,"relics_obtained":[{"floor":6.0,"key":"FossilizedHelix"},{"floor":8.0,"key":"Meat on the Bone"},{"floor":9.0,"key":"Blue Candle"},{"floor":11.0,"key":"MealTicket"},{"floor":22.0,"key":"Necronomicon"},{"floor":23,"key":"Smiling Mask"},{"floor":25,"key":"Juzu Bracelet"},{"floor":26,"key":"Regal Pillow"},{"floor":29,"key":"Question Card"},{"floor":41,"key":"Shuriken"},{"floor":43,"key":"StrikeDummy"},{"floor":47,"key":"Omamori"},{"floor":48,"key":"Bag of Preparation"}],"event_choices":[{"damage_healed":0.0,"max_hp_gain":0.0,"max_hp_loss":7.0,"gold_gain":0.0,"event_name":"Golden Idol","player_choice":"Lose Max HP","floor":2.0,"gold_loss":0.0,"damage_taken":0.0,"relics_obtained":["Golden Idol"]},{"damage_healed":0.0,"max_hp_gain":0.0,"max_hp_loss":0.0,"gold_gain":0.0,"event_name":"Scrap Ooze","player_choice":"Success","floor":3.0,"gold_loss":0.0,"damage_taken":18.0,"relics_obtained":["Self Forming Clay"]},{"damage_healed":0.0,"max_hp_gain":5.0,"max_hp_loss":0.0,"gold_gain":0.0,"event_name":"Big Fish","player_choice":"Donut","floor":12.0,"gold_loss":0.0,"damage_taken":0.0},{"damage_healed":0.0,"max_hp_gain":0.0,"max_hp_loss":0.0,"gold_gain":0.0,"event_name":"Dead Adventurer","player_choice":"Searched \u00272\u0027 times","floor":14.0,"gold_loss":0.0,"damage_taken":0.0,"relics_obtained":["CeramicFish"]},{"damage_healed":0.0,"max_hp_gain":0.0,"max_hp_loss":0.0,"gold_gain":0.0,"event_name":"Cursed Tome","player_choice":"Obtained Book","floor":22.0,"gold_loss":0.0,"damage_taken":21.0},{"damage_healed":0,"gold_gain":0,"player_choice":"CARD ","damage_taken":12,"max_hp_gain":0,"max_hp_loss":0,"event_name":"Knowing Skull","floor":27,"potions_obtained":[],"gold_loss":0,"cards_obtained":["Purity"]},{"cards_removed":["Strike_R"],"damage_healed":0,"gold_gain":0,"player_choice":"Purged","damage_taken":0,"max_hp_gain":0,"max_hp_loss":0,"event_name":"Purifier","floor":28,"gold_loss":0},{"damage_healed":0,"gold_gain":0,"player_choice":"Copied","damage_taken":0,"max_hp_gain":0,"max_hp_loss":0,"event_name":"Duplicator","floor":31,"gold_loss":0,"cards_obtained":["Demon Form"]},{"cards_removed":["Purity"],"damage_healed":0,"gold_gain":0,"player_choice":"Removed Skill","damage_taken":0,"max_hp_gain":0,"max_hp_loss":0,"event_name":"Falling","floor":46,"gold_loss":0}],"is_beta":false,"boss_relics":[{"not_picked":["SacredBark","SlaversCollar"],"picked":"Snecko Eye"},{"not_picked":["Black Star","Runic Pyramid"],"picked":"Sozu"}],"items_purged_floors":[38],"is_endless":false,"potions_floor_spawned":[5,6,7,13,16,18,19,23,41,45],"ascension_level":20}}