{"host":"t9zjxed0utvsfjwc","time":1610790535,"event":{"mods":["2.2 Compatiblity","Aspiration","BaseMod","Better Altar","Better Match","Better Note","Better Sensory Stone","Better Skull","Better Third Choice","Block Reminder","Colored Map","Colored Powertips","Hermit","Highlight Path","Hubris","Infinite Spire","Ironclad Rager","Minty Spire (QoL Compilation)","Quick Restart","Replay The Spire","StSLib","The Cursed","The Marked","Unceasing Turn Reminder","everything is the same but u backflip on backflip"],"gold_per_floor":[118,69,69,69,83,114,114,124,206,231,243,253,178,191,191,295,295,309,319,319,337,337,367,367,402,402,413,431,431,431,431,431,443,443,547,547,563,563,58,83,120,163,163,184,184,229,229,229,229,251,251,261],"floor_reached":53,"language":"ENG","playtime":4587,"items_purged":["TheCursedMod:Defend_TheCursed","TheCursedMod:Defend_TheCursed","TheCursedMod:Strike_TheCursed","TheCursedMod:Strike_TheCursed"],"score":844,"play_id":"2eb44365-b8e5-4835-aa39-9c845f252ecb","local_time":"20210116094855","is_ascension_mode":false,"campfire_choices":[{"data":"TheCursedMod:CursedMace","floor":7,"key":"SMITH"},{"floor":15,"key":"REST"},{"data":"TheCursedMod:ReleasedStrength","floor":24,"key":"SMITH"},{"data":"TheCursedMod:CursedSpellbook","floor":29,"key":"SMITH"},{"data":"TheCursedMod:CursedStaff","floor":43,"key":"SMITH"},{"floor":51,"key":"RECALL"}],"circlet_count":0,"master_deck":["TheCursedMod:CursedWand+1","TheCursedMod:CleanUpWorkshop","TheCursedMod:Dregs","TheCursedMod:ReleasedStrength+1","TheCursedMod:CursedMace+1","Decay","TheCursedMod:SpitefulStrike","TheCursedMod:SpitefulStrike","TheCursedMod:DemonSword","TheCursedMod:SpitefulStrike","TheCursedMod:CursedStaff+1","TheCursedMod:WearCloak","TheCursedMod:CollectTribute+1","TheCursedMod:LuckyCharm","TheCursedMod:TroublousMinions","infinitespire:Starlight","TheCursedMod:WearCloak+1","TheCursedMod:SpitefulPray+1","hubris:Despair","TheCursedMod:CircleOfFlame","TheCursedMod:CursedSpellbook+1","Pain","TheCursedMod:HellsGateOpen+1","TheCursedMod:FleshFromBone","TheCursedMod:NeowsMight","TheCursedMod:WearCloak","Amnesia","Delirium","TheCursedMod:CircleOfFlame+1","TheCursedMod:CursedSpellbook","TheCursedMod:CircleOfBlood","TheCursedMod:CursedAmulet+1","infinitespire:UltimateForm","ICR:VitalStrike"],"relics":["Empty Cage","StrikeDummy","Iron Hammer","Bag of Preparation","Cursed Key","ReplayTheSpireMod:Shallot","Bottled Tornado","Lizard Tail","hubris:SphereOfDissonance","WarpedTongs","aspiration:IroncladSkillbook","ReplayTheSpireMod:Ring of Exchange","Ring of Fangs","hubris:EmptyBottle","Replay:Bandana","Thread and Needle","Vajra","hubris:TinFlute","Orrery"],"acts_visited":["Exordium","TheCity","TheBeyond"],"potions_floor_usage":[6,10,16,16,21,25,35,41,41,44,50,50,52,52,52,52,52],"damage_taken":[{"damage":1,"enemies":"2 Louse","floor":1,"turns":3},{"damage":0,"enemies":"Cultist","floor":5,"turns":3},{"damage":30,"enemies":"Lagavulin","floor":6,"turns":7},{"damage":6,"enemies":"Jaw Worm","floor":8,"turns":2},{"damage":16,"enemies":"Gremlin Nob","floor":10,"turns":3},{"damage":10,"enemies":"3 Louse","floor":11,"turns":2},{"damage":5,"enemies":"2 Fungi Beasts","floor":12,"turns":2},{"damage":0,"enemies":"Exordium Wildlife","floor":14,"turns":3},{"damage":7,"enemies":"Fading Forest","floor":16,"turns":11},{"damage":1,"enemies":"Spheric Guardian","floor":18,"turns":3},{"damage":0,"enemies":"Shell Parasite","floor":19,"turns":1},{"damage":0,"enemies":"3 Cultists","floor":21,"turns":5},{"damage":4,"enemies":"Slavers","floor":23,"turns":5},{"damage":7,"enemies":"Book of Stabbing","floor":25,"turns":4},{"damage":0,"enemies":"Shelled Parasite and Fungi","floor":27,"turns":2},{"damage":1,"enemies":"Snecko","floor":28,"turns":3},{"damage":3,"enemies":"Snake Plant","floor":33,"turns":3},{"damage":67,"enemies":"Automaton","floor":35,"turns":9},{"damage":6,"enemies":"3 Darklings","floor":37,"turns":6},{"damage":3,"enemies":"3 Shapes","floor":40,"turns":3},{"damage":7,"enemies":"3 Darklings","floor":41,"turns":4},{"damage":18,"enemies":"Nemesis","floor":42,"turns":7},{"damage":6,"enemies":"4 Shapes","floor":44,"turns":5},{"damage":7,"enemies":"Giant Head","floor":46,"turns":7},{"damage":22,"enemies":"Spire Growth","floor":50,"turns":4},{"damage":25,"enemies":"infinitespire:MassOfShapes","floor":52,"turns":8}],"seed_played":"-9216063570776893135","potions_obtained":[{"floor":1,"key":"Regen Potion"},{"floor":5,"key":"Reflective Coating"},{"floor":10,"key":"Strength Potion"},{"floor":14,"key":"Toxic Potion"},{"floor":19,"key":"Flashbang"},{"floor":23,"key":"SkillPotion"},{"floor":25,"key":"SpeedPotion"},{"floor":33,"key":"DuplicationPotion"},{"floor":35,"key":"TheCursedMod:DregsPotion"},{"floor":46,"key":"PowerPotion"},{"floor":50,"key":"FearPotion"}],"is_trial":false,"path_per_floor":["M","$","?","?","M","E","R","M","T","E","M","M","$","M","R","B",null,"M","M","AVR","M","?","E","R","E","T","M","M","R","?","PTL","PTL","M","R_BF","B",null,"M","?","$","M","M","E","R","M","T","E","?","AVR","?","M","R","B",null],"character_chosen":"THE_CURSED","items_purchased":["TheCursedMod:CursedMace","hubris:EmptyBottle","Replay:Bandana","Adrenaline Potion","Energy Potion"],"campfire_rested":1,"item_purchase_floors":[2,39,39,39,39],"current_hp_per_floor":[74,74,74,74,74,44,44,38,38,27,17,12,12,12,34,37,75,74,74,74,75,75,71,71,68,68,68,74,74,74,74,74,72,72,8,75,75,75,75,75,75,62,62,70,70,75,75,75,75,57,57,44],"gold":261,"neow_bonus":"BOSS_RELIC","is_daily":false,"chose_seed":false,"campfire_upgraded":4,"win_rate":0.0,"timestamp":1610790535,"path_taken":["M","$","?","?","?","E","R","M","T","E","M","M","$","M","R","BOSS","M","M","AVR","?","?","E","R","E","T","M","M","R","?","PTL","PTL","M","R_BF","BOSS","M","?","$","M","M","E","R","M","T","E","?","AVR","?","M","R","BOSS"],"items_purchased_type":["Card","Relic","Relic","Potion","Potion"],"build_version":"2020-12-22","purchased_purges":4,"victory":true,"max_hp_per_floor":[75,75,75,75,75,75,75,75,75,75,75,75,75,75,75,75,75,75,75,75,75,75,75,75,75,75,75,75,75,75,75,75,75,75,75,75,75,75,75,75,75,75,75,75,75,75,75,75,75,75,75,75],"card_choices":[{"not_picked":["TheCursedMod:SmokeScreen","TheCursedMod:SaltUponWound"],"picked":"TheCursedMod:ReleasedStrength","floor":1},{"not_picked":["TheCursedMod:CircleOfBlood","TheCursedMod:RavingStaff"],"picked":"TheCursedMod:SpitefulStrike","floor":5},{"not_picked":["TheCursedMod:CursedBoomerang","TheCursedMod:CursedMace"],"picked":"TheCursedMod:SpitefulStrike","floor":6},{"not_picked":["TheCursedMod:SoulCrush","TheCursedMod:RapidMovement"],"picked":"TheCursedMod:DemonSword","floor":8},{"not_picked":["TheCursedMod:Torture","TheCursedMod:SurpriseAttack"],"picked":"TheCursedMod:SpitefulStrike","floor":10},{"not_picked":["TheCursedMod:CursedAmulet","TheCursedMod:Stigma"],"picked":"TheCursedMod:CursedStaff","floor":11},{"not_picked":["TheCursedMod:FleshFromBone","TheCursedMod:Wield"],"picked":"TheCursedMod:WearCloak","floor":12},{"not_picked":["TheCursedMod:Hemoplague","TheCursedMod:CircleOfCorruption","TheCursedMod:Stretching"],"picked":"SKIP","floor":14},{"not_picked":["TheCursedMod:CircleOfAbyss","TheCursedMod:DemonSword"],"picked":"TheCursedMod:CollectTribute","floor":16},{"not_picked":["TheCursedMod:ReleasedKnowledge","TheCursedMod:Stretching+1"],"picked":"TheCursedMod:LuckyCharm","floor":18},{"not_picked":["TheCursedMod:SpitefulPlan","TheCursedMod:Wield+1"],"picked":"TheCursedMod:TroublousMinions","floor":19},{"not_picked":["TheCursedMod:CursedShiv+1","TheCursedMod:AshesToAshes"],"picked":"TheCursedMod:WearCloak+1","floor":21},{"not_picked":["TheCursedMod:OutForBlood","TheCursedMod:CircleOfBlood"],"picked":"TheCursedMod:SpitefulPray+1","floor":23},{"not_picked":["TheCursedMod:CursedBoomerang+1","TheCursedMod:StingEye","TheCursedMod:AbyssShockwave"],"picked":"SKIP","floor":25},{"not_picked":["TheCursedMod:Stretching","TheCursedMod:SpitefulPlan"],"picked":"TheCursedMod:CircleOfFlame","floor":27},{"not_picked":["TheCursedMod:CircleOfWindfury","TheCursedMod:Obscuration+1"],"picked":"TheCursedMod:CursedSpellbook","floor":28},{"not_picked":["TheCursedMod:TacticalStrike","TheCursedMod:VitalStrike"],"picked":"TheCursedMod:HellsGateOpen+1","floor":33},{"not_picked":["TheCursedMod:UltimatePain","TheCursedMod:CursedRelics"],"picked":"TheCursedMod:NeowsMight","floor":35},{"not_picked":["Flex","Thunderclap+1","Cleave+1"],"picked":"TheCursedMod:WearCloak","floor":37},{"not_picked":["Uppercut","Heavy Blade","Twin Strike","Havoc+1"],"picked":"SKIP","floor":40},{"not_picked":["TheCursedMod:CursedAmulet","Replay:Undeath\u0027s Touch+1","TheCursedMod:RavingStaff","Hemokinesis"],"picked":"SKIP","floor":41},{"not_picked":["Hemogenesis","TheCursedMod:HellsGateOpen","TheCursedMod:VitalStrike+1","Disarm+1"],"picked":"SKIP","floor":42},{"not_picked":["TheCursedMod:ReleasedStrength+1","Battle Trance+1","Armaments","Second Wind"],"picked":"SKIP","floor":44},{"not_picked":["Hemokinesis+1","Pommel Strike+1","Anger","TheCursedMod:Wield"],"picked":"SKIP","floor":46},{"not_picked":["True Grit+1","TheCursedMod:ParallelWorld","Clothesline+1"],"picked":"TheCursedMod:CircleOfFlame+1","floor":48},{"not_picked":["TheCursedMod:Obscuration","TheCursedMod:SoulReap+1","TheCursedMod:CursedAmulet"],"picked":"TheCursedMod:CursedSpellbook","floor":48},{"not_picked":["TheCursedMod:WearCloak+1","TheCursedMod:FuryStrike+1","ReplayTheSpireMod:Limb From Limb"],"picked":"TheCursedMod:CircleOfBlood","floor":48},{"not_picked":["Dark Embrace","Warcry+1","Body Slam"],"picked":"TheCursedMod:CursedAmulet+1","floor":48},{"not_picked":["Wild Strike+1","Reckless Charge+1","True Grit"],"picked":"ICR:VitalStrike","floor":50}],"player_experience":334318,"relics_obtained":[{"floor":6,"key":"StrikeDummy"},{"floor":9,"key":"Iron Hammer"},{"floor":10,"key":"Bag of Preparation"},{"floor":23,"key":"Bottled Tornado"},{"floor":25,"key":"Lizard Tail"},{"floor":26,"key":"hubris:SphereOfDissonance"},{"floor":38,"key":"ReplayTheSpireMod:Ring of Exchange"},{"floor":38,"key":"Ring of Fangs"},{"floor":42,"key":"Thread and Needle"},{"floor":45,"key":"Vajra"},{"floor":46,"key":"hubris:TinFlute"}],"event_choices":[{"damage_healed":0,"gold_gain":0,"player_choice":"Cursed","damage_taken":0,"max_hp_gain":0,"max_hp_loss":0,"event_name":"Wheel of Change","floor":4,"gold_loss":0,"cards_obtained":["Decay"]},{"damage_healed":0,"gold_gain":0,"player_choice":"Upgraded","damage_taken":0,"max_hp_gain":0,"max_hp_loss":0,"event_name":"Upgrade Shrine","floor":22,"gold_loss":0,"cards_upgraded":["TheCursedMod:CollectTribute"]},{"damage_healed":0,"gold_gain":0,"player_choice":"Rummage","damage_taken":0,"relics_obtained":["WarpedTongs"],"max_hp_gain":0,"max_hp_loss":0,"event_name":"Accursed Blacksmith","floor":30,"gold_loss":0,"cards_obtained":["Pain"]},{"damage_healed":0,"gold_gain":0,"player_choice":"Ignored","damage_taken":0,"max_hp_gain":0,"max_hp_loss":0,"event_name":"Tomb of Lord Red Mask","floor":47,"gold_loss":0},{"cards_removed":["TheCursedMod:Strike_TheCursed"],"damage_healed":0,"gold_gain":0,"player_choice":"Purged","damage_taken":0,"max_hp_gain":0,"max_hp_loss":0,"event_name":"Purifier","floor":49,"gold_loss":0}],"is_beta":false,"boss_relics":[{"not_picked":["Pandora\u0027s Box","Tiny House"],"picked":"Cursed Key"},{"not_picked":["Busted Crown","Runic Dome"],"picked":"aspiration:IroncladSkillbook"}],"items_purged_floors":[13,20,39,48],"is_endless":false,"potions_floor_spawned":[1,5,10,14,19,23,25,33,35,46,50],"ascension_level":0}}