{"host":"6yti76gw1x84gcsv","time":1610773616,"event":{"mods":["100% Spire Juice","2.2 Compatiblity","AchievementEnabler","Act Like it!","Aspiration","BaseMod","Beaked The Cultist","Better Altar","Better Sensory Stone","Better Silent Start","Better-Laid Plans","BetterRewards","Block Reminder","CapriCore","Colored Map","Colored Powertips","Conspire","Curses Come First","Displayed Cursed Tome","Downfall","Faster Ascension Climbing","Fox Events","Friendly Minions","GifTheSpireLib","Good Game Mod","Googly Eyes","GungeonMod","Hermit","Hubris","Jess\u0027s Bottle","Lobotomy","Marked Mod","Minty Spire (QoL Compilation)","MostiFishMod","Pale of the Ancients","Permanent Neow","Potionbrewer","Prisma Mod","Reimu??????","Relic Stats","Shade Mod","Shop Mod","StSLib","Synergy Search","The Construct","The Hierophant","The Immortal","The Jungle","The Mystic","The Runesmith","The Senshi","Uncapped","WarShipGirlsR/????R mod"],"gold_per_floor":[349,361,373,373,387,403,403,96,116,116,150,150,50,50,63,167,167,67,87,103,103,115,15,67,85,19,59,14,14,14,72,88,99,99,99],"floor_reached":33,"language":"ENG","playtime":2690,"items_purged":["Injury"],"score":351,"play_id":"91423ee0-b3b7-4b4f-a9b2-c44a0eab8ecc","local_time":"20210116000656","is_ascension_mode":false,"campfire_choices":[{"floor":1,"key":"RECALL"},{"floor":10,"key":"REST"},{"data":"Trip","floor":12,"key":"SMITH"},{"data":"PrismaMod:IllyaCarnivalAttack","floor":18,"key":"SMITH"},{"floor":23,"key":"REST"},{"floor":29,"key":"REST"}],"circlet_count":0,"master_deck":["champ:Strike","champ:Strike","champ:Strike","champ:Defend","champ:Defend","champ:Execute","champ:Taunt","PrismaMod:IllyaCarnivalAttack+1","champ:FocusedDefense","champ:DeathBlow","Bullet Time","aspiration:Lunge","MostiFishMod:Confrontation","champ:PerfectedStrike","champ:BerserkersShout","champ:GutPunch","champ:Backstep","Trip+1","champ:Circumvent","champ:RapidStrikes","conspire:SpireCoStock","conspire:SpireCoStock","champ:TripleStrike","champ:LastStand","champ:FocusedBerserking+1","champ:RecklessLeap","downfall:Haunted","champ:Taunt","champ:CrownThrow","champ:Duel+1","champ:FanOfKnives+1","champ:GladiatorStyle","champ:EnGarde","champ:SkillfulDodge","Decay","champ:PreemptiveStrike","champ:Shatter"],"relics":["champ:ChampionCrown","DaveBox","REME:ComplimentaryCards","HereWithMe","Torii","potionbrewer:Keyblade","potionbrewer:BottledElixir","hubris:Towel","hubris:TerracottaHorce","downfall:HeartBlessingRed","downfall:HeartBlessingGreen","Du-Vu Doll"],"acts_visited":["Exordium","TheCity"],"potions_floor_usage":[6,16,19,26,26,31,33,33],"damage_taken":[{"damage":13,"enemies":"Small Slimes","floor":2,"turns":3},{"damage":15,"enemies":"2 Louse","floor":3,"turns":2},{"damage":10,"enemies":"Jaw Worm","floor":5,"turns":2},{"damage":10,"enemies":"Lots of Slimes","floor":6,"turns":2},{"damage":35,"enemies":"downfall:FleeingMerchant","floor":8,"turns":4},{"damage":0,"enemies":"3 Louse","floor":9,"turns":1},{"damage":40,"enemies":"3 Sentries","floor":11,"turns":5},{"damage":10,"enemies":"Exordium Wildlife","floor":15,"turns":2},{"damage":25,"enemies":"WA_ARCHETYPE_RETAIN","floor":16,"turns":3},{"damage":16,"enemies":"Shell Parasite","floor":19,"turns":3},{"damage":45,"enemies":"Sentry and Sphere","floor":20,"turns":4},{"damage":28,"enemies":"Centurion and Healer","floor":22,"turns":3},{"damage":66,"enemies":"conspire:HollyBat","floor":25,"turns":9},{"damage":37,"enemies":"downfall:FleeingMerchant","floor":26,"turns":4},{"damage":20,"enemies":"3 Cultists","floor":27,"turns":3},{"damage":20,"enemies":"downfall:FleeingMerchant","floor":28,"turns":3},{"damage":35,"enemies":"Centurion and Healer","floor":31,"turns":3},{"damage":20,"enemies":"Snecko","floor":32,"turns":3},{"damage":84,"enemies":"DF_ARCHETYPE_CLAW","floor":33,"turns":5}],"seed_played":"-5004250812540952561","potions_obtained":[{"floor":3,"key":"bronze:BurnAndBuffPotion"},{"floor":6,"key":"potionbrewer:CleansingPotion"},{"floor":9,"key":"PowerPotion"},{"floor":11,"key":"Fire Potion"},{"floor":20,"key":"hexamod:SoulburnPotion"},{"floor":22,"key":"SteroidPotion"},{"floor":27,"key":"potionbrewer:AcidPotion"},{"floor":31,"key":"potionbrewer:SplittingPotion"},{"floor":32,"key":"SpeedPotion"}],"is_trial":false,"path_per_floor":["R","M","M","?","M","M","T","$","M","R","E","R","?","?","M","B",null,"R","M","M","?","M","R","T","M","$","M","$","R","?","M","M","B"],"character_chosen":"THE_CHAMP","items_purchased":["potionbrewer:Keyblade","champ:Backstep","Trip","Du-Vu Doll","champ:SkillfulDodge"],"campfire_rested":3,"item_purchase_floors":[8,8,8,28,28],"current_hp_per_floor":[90,87,82,82,82,82,82,77,77,90,72,72,72,72,72,72,86,86,85,65,65,47,74,74,38,33,33,33,60,60,45,45,0,0,0],"gold":99,"neow_bonus":"TWO_FIFTY_GOLD","is_daily":false,"chose_seed":false,"campfire_upgraded":2,"win_rate":0.0,"timestamp":1610773616,"path_taken":["R","M","M","?","M","M","T","$","M","R","E","R","?","?","M","BOSS","R","M","M","?","?","R","T","M","$","M","$","R","?","M","M","BOSS"],"items_purchased_type":["Relic","Card","Card","Relic","Card"],"build_version":"2020-12-22","purchased_purges":1,"victory":false,"max_hp_per_floor":[90,90,90,90,90,90,90,90,90,90,90,90,90,90,90,90,90,90,90,90,90,90,90,90,90,90,90,90,90,90,90,90,90,90,90],"relic_stats":{"Torii":27,"counters":[19,64],"obtain_stats":[{"DaveBox":0,"Torii":7,"downfall:HeartBlessingRed":18,"champ:ChampionCrown":0,"downfall:HeartBlessingGreen":23,"DemoMod:GlassGuonStoneRelic":11,"hubris:Towel":14,"hubris:TerracottaHorce":17,"Du-Vu Doll":28,"REME:ComplimentaryCards":0,"HereWithMe":1,"potionbrewer:BottledElixir":11,"potionbrewer:Keyblade":8},{"DaveBox":0,"Torii":4,"downfall:HeartBlessingRed":9,"champ:ChampionCrown":0,"downfall:HeartBlessingGreen":12,"DemoMod:GlassGuonStoneRelic":7,"hubris:Towel":7,"hubris:TerracottaHorce":9,"Du-Vu Doll":16,"REME:ComplimentaryCards":0,"HereWithMe":0,"potionbrewer:BottledElixir":7,"potionbrewer:Keyblade":5},{"DaveBox":0,"Torii":9,"downfall:HeartBlessingRed":24,"champ:ChampionCrown":0,"downfall:HeartBlessingGreen":34,"DemoMod:GlassGuonStoneRelic":19,"hubris:Towel":19,"hubris:TerracottaHorce":24,"Du-Vu Doll":53,"REME:ComplimentaryCards":0,"HereWithMe":0,"potionbrewer:BottledElixir":19,"potionbrewer:Keyblade":13}]},"card_choices":[{"not_picked":["champ:PreciseThrust","champ:Duel"],"picked":"champ:FocusedDefense","floor":2},{"not_picked":["champ:CrookedStrike","champ:Circumvent"],"picked":"champ:DeathBlow","floor":3},{"not_picked":["champ:ArenaPreparation","champ:CalledShot"],"picked":"champ:PerfectedStrike","floor":5},{"not_picked":["champ:PreciseThrust","champ:ArenaPreparation"],"picked":"champ:BerserkersShout","floor":6},{"not_picked":["champ:Shatter","champ:VampiricStrike"],"picked":"champ:GutPunch","floor":8},{"not_picked":["champ:Backstep","champ:CrownThrow"],"picked":"champ:Circumvent","floor":9},{"not_picked":["champ:Parry","champ:DeathBlow"],"picked":"champ:RapidStrikes","floor":11},{"not_picked":["champ:ArenaPreparation","champ:AdrenalArmor"],"picked":"champ:TripleStrike","floor":15},{"not_picked":["champ:CheapShot","champ:Devastate"],"picked":"champ:LastStand","floor":16},{"not_picked":["champ:GladiatorStyle","champ:Shatter+1"],"picked":"champ:FocusedBerserking+1","floor":19},{"not_picked":["champ:DefensiveShout","champ:GutPunch+1"],"picked":"champ:RecklessLeap","floor":20},{"not_picked":["champ:HeartStrike","champ:DefensiveShout"],"picked":"champ:CrownThrow","floor":22},{"not_picked":["champ:BladeFlurry","champ:Encircle"],"picked":"champ:Duel+1","floor":25},{"not_picked":["champ:DefensiveShout+1","champ:Shatter"],"picked":"champ:FanOfKnives+1","floor":26},{"not_picked":["champ:Circumvent","champ:FlashCut"],"picked":"champ:GladiatorStyle","floor":27},{"not_picked":["champ:FanOfKnives","champ:RecklessLeap"],"picked":"champ:EnGarde","floor":28},{"not_picked":["champ:RecklessLeap","champ:DefensiveShout"],"picked":"champ:PreemptiveStrike","floor":31},{"not_picked":["champ:PreciseThrust+1","champ:AdrenalArmor"],"picked":"champ:Shatter","floor":32}],"player_experience":152651,"relics_obtained":[{"floor":7,"key":"Torii"},{"floor":11,"key":"potionbrewer:BottledElixir"}],"event_choices":[{"damage_healed":0,"gold_gain":0,"player_choice":"Invest 2","damage_taken":0,"max_hp_gain":0,"max_hp_loss":0,"event_name":"conspire:Investor","floor":13,"gold_loss":0},{"damage_healed":0,"gold_gain":0,"player_choice":" Defy","damage_taken":0,"max_hp_gain":0,"max_hp_loss":0,"event_name":"betterAltar:BetterAltar","floor":30,"gold_loss":0,"cards_obtained":["Decay"]}],"is_beta":false,"boss_relics":[{"not_picked":["Coffee Dripper","Empty Cage"],"picked":"hubris:TerracottaHorce"}],"items_purged_floors":[26],"is_endless":false,"potions_floor_spawned":[3,6,9,11,20,22,27,31,32],"killed_by":"DF_ARCHETYPE_CLAW","ascension_level":0}}