{"host":"b9fprz8qsk1mu028","time":1610763304,"event":{"mods":["BaseMod","Colored Map","Minty Spire (QoL Compilation)"],"gold_per_floor":[214,229,229,248,265,265,300,317,365,365,365,377,394,2,2,2,2],"floor_reached":16,"language":"ZHS","playtime":416,"items_purged":[],"score":161,"play_id":"d4212621-613c-4323-8132-5c04fafd3c6d","local_time":"20210116101504","is_ascension_mode":true,"campfire_choices":[{"floor":6,"key":"REST"},{"floor":10,"key":"REST"},{"floor":15,"key":"REST"}],"circlet_count":0,"master_deck":["AscendersBane","Strike_G","Strike_G","Strike_G","Strike_G","Defend_G","Defend_G","Defend_G","Defend_G+1","Defend_G","Survivor","Neutralize","Quick Slash+1","PiercingWail","Slice","Blade Dance","Endless Agony","Dagger Spray","Acrobatics","Infinite Blades"],"relics":["Ring of the Snake","InkBottle","Bag of Preparation","Meat on the Bone"],"acts_visited":["Exordium"],"potions_floor_usage":[5,7,8,16],"damage_taken":[{"damage":9,"enemies":"2 Louse","floor":1,"turns":3},{"damage":10,"enemies":"Cultist","floor":2,"turns":5},{"damage":3,"enemies":"Jaw Worm","floor":4,"turns":4},{"damage":11,"enemies":"2 Fungi Beasts","floor":5,"turns":3},{"damage":20,"enemies":"Gremlin Nob","floor":7,"turns":4},{"damage":12,"enemies":"3 Louse","floor":8,"turns":3},{"damage":5,"enemies":"Gremlin Gang","floor":12,"turns":4},{"damage":4,"enemies":"Exordium Wildlife","floor":13,"turns":2},{"damage":36,"enemies":"Slime Boss","floor":16,"turns":8}],"seed_played":"-3334478019199585632","potions_obtained":[{"floor":1,"key":"Swift Potion"},{"floor":4,"key":"PowerPotion"},{"floor":7,"key":"ColorlessPotion"}],"is_trial":false,"path_per_floor":["M","M","?","M","M","R","E","M","T","R","?","M","M","$","R","B"],"character_chosen":"THE_SILENT","items_purchased":["Meat on the Bone","Infinite Blades","Dexterity Potion"],"campfire_rested":3,"item_purchase_floors":[14,14,14],"current_hp_per_floor":[54,44,44,41,30,51,31,19,19,40,26,21,17,17,38,2,2],"gold":2,"neow_bonus":"HUNDRED_GOLD","is_daily":false,"chose_seed":false,"campfire_upgraded":0,"win_rate":0.0,"timestamp":1610763304,"path_taken":["M","M","?","?","M","R","E","M","T","R","?","M","M","$","R","BOSS"],"items_purchased_type":["Relic","Card","Potion"],"build_version":"2020-12-22","purchased_purges":0,"victory":false,"max_hp_per_floor":[70,70,70,70,70,70,70,70,70,70,70,70,70,70,70,70,70],"card_choices":[{"not_picked":["Deflect","Blur"],"picked":"Quick Slash","floor":1},{"not_picked":["Noxious Fumes","Quick Slash"],"picked":"PiercingWail","floor":2},{"not_picked":["Dodge and Roll","Deadly Poison"],"picked":"Slice","floor":4},{"not_picked":["Calculated Gamble","Flying Knee"],"picked":"Blade Dance","floor":5},{"not_picked":["Unload","Predator"],"picked":"Endless Agony","floor":7},{"not_picked":["Outmaneuver","PiercingWail"],"picked":"Dagger Spray","floor":8},{"not_picked":["Endless Agony","Dodge and Roll","Calculated Gamble"],"picked":"SKIP","floor":12},{"not_picked":["Dagger Throw","Bane"],"picked":"Acrobatics","floor":13}],"player_experience":192520,"relics_obtained":[{"floor":7,"key":"InkBottle"},{"floor":9,"key":"Bag of Preparation"}],"event_choices":[{"cards_removed":["Strike_G"],"damage_healed":0,"gold_gain":0,"player_choice":"Purged","damage_taken":0,"max_hp_gain":0,"max_hp_loss":0,"event_name":"Purifier","floor":3,"gold_loss":0},{"damage_healed":0,"gold_gain":0,"player_choice":"Entered Light","damage_taken":14,"max_hp_gain":0,"max_hp_loss":0,"event_name":"Shining Light","floor":11,"gold_loss":0,"cards_upgraded":["Quick Slash","Defend_G"]}],"is_beta":false,"boss_relics":[],"items_purged_floors":[],"is_endless":false,"potions_floor_spawned":[1,4,7],"killed_by":"Slime Boss","ascension_level":11}}