{"host":"kabf61oc9jgfwufg","time":1610784437,"event":{"mods":["AchievementEnabler","Aspiration","BaseMod","Conspire","Energized Spire","GifTheSpireLib","GungeonMod","Halation","HexUI Lib","Hubris","Infinite Spire","Minty Spire (QoL Compilation)","Quick Restart","Rare Cards Sparkle","Replay The Spire","Shop Mod","Small Relic Pack","StSLib"],"gold_per_floor":[113,113,113,124,124,157,157,42,42,62,62,90,90,103,103,203,203,221,232,251,251,261,286,286,315,315,315,334,348,367,379,397,397,397,397,397],"floor_reached":35,"language":"ENG","playtime":1753,"items_purged":["Concentrate"],"score":432,"play_id":"5ab543d5-fe16-4c0c-ba8b-e972d1bf7bf2","local_time":"20210116080717","is_ascension_mode":true,"campfire_choices":[{"data":"Replay:Poison Smokescreen","floor":7.0,"key":"SMITH"},{"floor":15.0,"key":"DIG"},{"data":"Replay:Fractal Strike","floor":27,"key":"SMITH"},{"floor":33,"key":"REST"}],"circlet_count":0,"master_deck":["Strike_P","Eruption","Vigilance","The Bomb","Burst","Replay:Poison Smokescreen+1","Acrobatics","CutThroughFate","Consecrate+1","FlurryOfBlows","Halt","Replay:Fractal Strike+1","CutThroughFate+1","hubris:InfiniteBlow+14","Consecrate+1","FollowUp","FlurryOfBlows+1","FollowUp+1"],"relics":["PureWater","NeowsBlessing","relicPack:EdsArm","hubris:Metronome","Replay:Bottled Eggs","hubris:Icosahedron","conspire:Flyswatter","halation:AfternoonTea","hubris:Backtick","ReplayTheSpireMod:Ninjato","Frozen Eye","Gremlin Horn","MutagenicStrength","aspiration:DSix"],"acts_visited":["Exordium","TheCity","TheCity"],"potions_floor_usage":[20,25,25,35,35],"damage_taken":[{"damage":0.0,"enemies":"Cultist","floor":1.0,"turns":1.0},{"damage":0.0,"enemies":"Small Slimes","floor":4.0,"turns":1.0},{"damage":0.0,"enemies":"Lagavulin","floor":6.0,"turns":1.0},{"damage":0.0,"enemies":"2 Louse","floor":10.0,"turns":2.0},{"damage":0.0,"enemies":"3 Sentries","floor":12.0,"turns":2.0},{"damage":25.0,"enemies":"Red Slaver","floor":14.0,"turns":2.0},{"damage":16.0,"enemies":"Fading Forest","floor":16.0,"turns":11.0},{"damage":14.0,"enemies":"Shell Parasite","floor":18.0,"turns":3.0},{"damage":20,"enemies":"3 Byrds","floor":19,"turns":3},{"damage":12,"enemies":"Sentry and Sphere","floor":20,"turns":4},{"damage":0,"enemies":"Shelled Parasite and Fungi","floor":22,"turns":1},{"damage":0,"enemies":"Gremlin Leader","floor":23,"turns":1},{"damage":17,"enemies":"Nightmare","floor":25,"turns":3},{"damage":10,"enemies":"DemoMod:Veteran_shot_gun_kin_and_bullet_kin","floor":28,"turns":1},{"damage":0,"enemies":"DemoMod:2_Veteran_bullet_kins_and_red_shotgun_kin","floor":29,"turns":1},{"damage":10,"enemies":"DemoMod:Veteran_shot_gun_kin_and_blue_shotgun_kin","floor":30,"turns":1},{"damage":6,"enemies":"DemoMod:Veteran_shot_gun_kin_and_red_shotgun_kin_with_gunsinger","floor":31,"turns":1},{"damage":0,"enemies":"DemoMod:Red_and_blue_shotgun_kin_with_gunsinger","floor":32,"turns":1},{"damage":64,"enemies":"DemoMod:ResourcefulRat","floor":35,"turns":4}],"seed_played":"-7326870669806790415","potions_obtained":[{"floor":6.0,"key":"AttackPotion"},{"floor":14.0,"key":"ColorlessPotion"},{"floor":16.0,"key":"EssenceOfSteel"},{"floor":22,"key":"FearPotion"},{"floor":23,"key":"Block Potion"},{"floor":28,"key":"Elixir"},{"floor":31,"key":"Flashbang"},{"floor":32,"key":"Ambrosia"}],"is_trial":false,"path_per_floor":["M","?","?","M","?","E","R","$","T","M","?","E","?","M","R","B",null,"M","M","M","AVR","M","E","?","NM","T","R","M","M","M","M","M","R","B","B"],"character_chosen":"WATCHER","items_purchased":["DemoMod:GnawedKey"],"campfire_rested":1,"item_purchase_floors":[8],"current_hp_per_floor":[72,67,67,67,67,67,67,67,67,67,67,67,67,42,42,36,65,51,31,19,19,19,19,19,2,65,65,55,55,45,39,39,58,59,0,0],"gold":397,"neow_bonus":"THREE_ENEMY_KILL","is_daily":false,"chose_seed":false,"campfire_upgraded":2,"win_rate":0.0,"timestamp":1610784437,"path_taken":["M","?","?","M","?","E","R","$","T","?","?","E","?","M","R","BOSS","M","M","M","AVR","M","E","?","NM","T","R","M","M","M","M","M","R","BOSS","BOSS"],"items_purchased_type":["Relic"],"build_version":"2020-12-22","purchased_purges":1,"victory":false,"max_hp_per_floor":[72,67,67,67,67,67,67,67,67,67,67,67,67,67,67,65,65,65,65,65,65,65,65,65,65,65,65,65,65,65,65,65,65,65,65,65],"card_choices":[{"not_picked":["Wireheading","PathToVictory"],"picked":"Consecrate","floor":1.0},{"not_picked":["TalkToTheHand","JustLucky"],"picked":"CutThroughFate","floor":4.0},{"not_picked":["WindmillStrike","CrushJoints"],"picked":"Consecrate","floor":6.0},{"not_picked":["Replay:ManipulateFuture","JustLucky"],"picked":"FlurryOfBlows","floor":10.0},{"not_picked":["PathToVictory","Vengeance","InnerPeace"],"picked":"SKIP","floor":12.0},{"not_picked":["Replay:Battleflow","Adaptation"],"picked":"Halt","floor":14.0},{"not_picked":["EmptyFist","Conclude","Replay:Hum"],"picked":"SKIP","floor":18},{"not_picked":["LikeWater","ThirdEye","CutThroughFate"],"picked":"SKIP","floor":19},{"not_picked":["MentalFortress+1","Crescendo","Replay:ManipulateFuture"],"picked":"SKIP","floor":20},{"not_picked":["Evaluate","Alpha"],"picked":"CutThroughFate+1","floor":22},{"not_picked":["FearNoEvil+1","PathToVictory+1","ThirdEye"],"picked":"SKIP","floor":23},{"not_picked":["infinitespire:Gouge","infinitespire:FutureSight"],"picked":"hubris:InfiniteBlow+14","floor":25},{"not_picked":["Blasphemy","Replay:Anticipation","ThirdEye+1"],"picked":"SKIP","floor":25},{"not_picked":["FlyingSleeves+1","WaveOfTheHand+1","Replay:ManipulateFuture"],"picked":"SKIP","floor":28},{"not_picked":["Replay:Hum+1","Evaluate+1"],"picked":"Consecrate","floor":29},{"not_picked":["CrushJoints","Prostrate"],"picked":"FollowUp","floor":30},{"not_picked":["Worship+1","ClearTheMind+1"],"picked":"FlurryOfBlows+1","floor":31},{"not_picked":["CarveReality","Evaluate+1"],"picked":"FollowUp+1","floor":32}],"player_experience":114054,"relics_obtained":[{"floor":6.0,"key":"hubris:Metronome"},{"floor":9.0,"key":"Replay:Bottled Eggs"},{"floor":12.0,"key":"conspire:Flyswatter"},{"floor":15.0,"key":"halation:AfternoonTea"},{"floor":23,"key":"Gremlin Horn"},{"floor":25,"key":"aspiration:DSix"}],"event_choices":[{"cards_removed":["Defend_P"],"damage_healed":0.0,"max_hp_gain":0.0,"max_hp_loss":0.0,"gold_gain":0.0,"event_name":"Bonfire Elementals","player_choice":"Offered Basic","floor":5.0,"gold_loss":0.0,"damage_taken":0.0},{"damage_healed":0.0,"max_hp_gain":0.0,"max_hp_loss":0.0,"gold_gain":0.0,"event_name":"The Woman in Blue","player_choice":"Bought 0 Potions","floor":13.0,"gold_loss":0.0,"damage_taken":0.0},{"damage_healed":0,"gold_gain":0,"player_choice":"Inject Mutagens","damage_taken":0,"relics_obtained":["MutagenicStrength"],"max_hp_gain":0,"max_hp_loss":0,"event_name":"Drug Dealer","floor":24,"gold_loss":0}],"is_beta":false,"boss_relics":[{"not_picked":["Coffee Dripper","Cursed Key"],"picked":"hubris:Backtick"}],"items_purged_floors":[21],"is_endless":true,"potions_floor_spawned":[6,14,16,22,23,28,31,32],"killed_by":"DemoMod:ResourcefulRat","ascension_level":1}}