{"host":"vddkjx04kiwje1tk","time":1610781972,"event":{"mods":["AchievementEnabler","BaseMod","Colored Map","Minty Spire (QoL Compilation)","Quick Restart","SuperFastMode"],"gold_per_floor":[116,116,129,129,204,238,238,238,238,258,277,291,302,317,317,421,421,439,364,364,384,399,399,417,417,464,478,505,505,222,238,238,336,336,349,349,349,156,173,173,184,184,264,289,351,375,85,99,99,99,99],"floor_reached":50,"language":"KOR","playtime":1502,"items_purged":["Defend_G","Strike_G","Defend_G","Parasite"],"score":516,"play_id":"059a4971-9134-4bbe-9f82-b121f3456bc7","local_time":"20210116162612","is_ascension_mode":false,"campfire_choices":[{"data":"A Thousand Cuts","floor":7,"key":"SMITH"},{"floor":15,"key":"REST"},{"data":"Blade Dance","floor":23,"key":"SMITH"},{"data":"Cloak And Dagger","floor":25,"key":"SMITH"},{"floor":29,"key":"REST"},{"data":"A Thousand Cuts","floor":32,"key":"SMITH"},{"data":"A Thousand Cuts","floor":40,"key":"SMITH"},{"floor":42,"key":"REST"},{"floor":49,"key":"REST"}],"circlet_count":0,"master_deck":["Strike_G","Strike_G","Strike_G","Strike_G","Defend_G+1","Defend_G+1","Defend_G","Survivor","Neutralize+1","A Thousand Cuts+1","Dash+1","Cloak And Dagger+1","Blade Dance+1","Blade Dance","A Thousand Cuts+1","Accuracy","A Thousand Cuts+1","Accuracy","Madness","Madness","Infinite Blades"],"relics":["Ring of the Snake","NeowsBlessing","Molten Egg 2","Nunchaku","Kunai","Sozu","Orichalcum","Singing Bowl","Lee\u0027s Waffle","HoveringKite","Sundial","MawBank","Ice Cream","TwistedFunnel"],"acts_visited":["Exordium","TheCity","TheBeyond"],"potions_floor_usage":[16,16,35],"damage_taken":[{"damage":0,"enemies":"2 Louse","floor":1,"turns":1},{"damage":0,"enemies":"Cultist","floor":3,"turns":1},{"damage":0,"enemies":"Gremlin Nob","floor":6,"turns":1},{"damage":7,"enemies":"Jaw Worm","floor":10,"turns":5},{"damage":0,"enemies":"Blue Slaver","floor":11,"turns":3},{"damage":14,"enemies":"Exordium Wildlife","floor":12,"turns":6},{"damage":0,"enemies":"2 Fungi Beasts","floor":13,"turns":4},{"damage":2,"enemies":"3 Louse","floor":14,"turns":3},{"damage":11,"enemies":"Slime Boss","floor":16,"turns":10},{"damage":4,"enemies":"2 Thieves","floor":18,"turns":4},{"damage":0,"enemies":"Spheric Guardian","floor":21,"turns":3},{"damage":5,"enemies":"Snecko","floor":22,"turns":5},{"damage":10,"enemies":"Snake Plant","floor":24,"turns":4},{"damage":0,"enemies":"Centurion and Healer","floor":27,"turns":4},{"damage":21,"enemies":"Gremlin Leader","floor":28,"turns":6},{"damage":10,"enemies":"Sentry and Sphere","floor":31,"turns":5},{"damage":16,"enemies":"Champ","floor":33,"turns":7},{"damage":0,"enemies":"Orb Walker","floor":35,"turns":3},{"damage":4,"enemies":"3 Darklings","floor":39,"turns":4},{"damage":45,"enemies":"Writhing Mass","floor":41,"turns":5},{"damage":3,"enemies":"Mind Bloom Boss Battle","floor":45,"turns":5},{"damage":11,"enemies":"Jaw Worm Horde","floor":46,"turns":3},{"damage":21,"enemies":"Sphere and 2 Shapes","floor":48,"turns":4},{"damage":56,"enemies":"Time Eater","floor":50,"turns":7}],"seed_played":"8975938879430899622","potions_obtained":[{"floor":3,"key":"Energy Potion"},{"floor":11,"key":"Swift Potion"},{"floor":12,"key":"DistilledChaos"}],"is_trial":false,"path_per_floor":["M","?","M","?","?","E","R","T","T","M","M","M","M","M","R","B",null,"M","$","?","M","M","R","M","R","T","M","E","R","$","M","R","B",null,"M","?","?","$","M","R","M","R","T","T","?","M","$","M","R","B"],"character_chosen":"THE_SILENT","items_purchased":["Accuracy","Lee\u0027s Waffle","Infinite Blades","TwistedFunnel"],"campfire_rested":4,"item_purchase_floors":[30,30,38,47],"current_hp_per_floor":[70,70,70,56,45,45,45,45,45,38,38,24,24,22,43,32,70,66,66,66,66,61,61,51,51,51,51,30,51,77,69,69,53,79,79,69,71,71,69,69,26,51,51,51,50,41,41,22,48,0,0],"gold":99,"neow_bonus":"THREE_ENEMY_KILL","is_daily":false,"chose_seed":false,"campfire_upgraded":5,"win_rate":0.0,"timestamp":1610781972,"path_taken":["M","?","?","?","?","E","R","?","T","M","M","M","M","?","R","BOSS","M","$","?","M","M","R","M","R","T","M","E","R","$","M","R","BOSS","M","?","?","$","M","R","M","R","T","?","?","M","$","M","R","BOSS"],"items_purchased_type":["Card","Relic","Card","Relic"],"build_version":"2020-12-22","purchased_purges":4,"victory":false,"max_hp_per_floor":[70,70,70,70,70,70,70,70,70,70,70,70,70,70,70,70,70,70,70,70,70,70,70,70,70,70,70,70,70,77,79,79,79,79,79,79,81,81,83,83,85,85,85,85,87,89,86,88,88,88,88],"card_choices":[{"not_picked":["Sucker Punch","Cloak And Dagger","PiercingWail"],"picked":"SKIP","floor":1},{"not_picked":["Backstab","Distraction","Choke"],"picked":"SKIP","floor":3},{"not_picked":["Accuracy","Blade Dance"],"picked":"A Thousand Cuts","floor":6},{"not_picked":["Backflip","Underhanded Strike+1"],"picked":"Dash+1","floor":10},{"not_picked":["Terror","Dagger Throw+1","Slice+1"],"picked":"SKIP","floor":11},{"not_picked":["Catalyst","Bouncing Flask","Prepared"],"picked":"SKIP","floor":12},{"not_picked":["Bane+1","Dodge and Roll","Dash+1"],"picked":"SKIP","floor":13},{"not_picked":["Bane+1","Slice+1","Expertise"],"picked":"SKIP","floor":14},{"not_picked":["All Out Attack+1","Slice+1"],"picked":"Cloak And Dagger","floor":18},{"not_picked":["Deflect","Backflip","Deadly Poison+1"],"picked":"SKIP","floor":21},{"not_picked":["Backflip","Reflex","Poisoned Stab+1"],"picked":"SKIP","floor":22},{"not_picked":["Caltrops","Escape Plan","PiercingWail"],"picked":"SKIP","floor":24},{"not_picked":["Prepared","Slice+1"],"picked":"Blade Dance","floor":27},{"not_picked":["Skewer+1","PiercingWail"],"picked":"A Thousand Cuts","floor":28},{"not_picked":["Masterful Stab+1","Predator+1","Backflip"],"picked":"Singing Bowl","floor":31},{"not_picked":["Burst","Envenom"],"picked":"A Thousand Cuts","floor":33},{"not_picked":["Dodge and Roll","Outmaneuver"],"picked":"Accuracy","floor":35},{"not_picked":["Madness","Flash of Steel+1","Metamorphosis"],"picked":"Singing Bowl","floor":37},{"not_picked":["Prepared","PiercingWail+1","Backflip+1"],"picked":"Singing Bowl","floor":39},{"not_picked":["Deflect+1","Bane+1","Choke+1"],"picked":"Singing Bowl","floor":41},{"not_picked":["Dagger Spray+1","Dagger Throw+1","Dodge and Roll"],"picked":"Singing Bowl","floor":45},{"not_picked":["Caltrops","Die Die Die+1","Reflex+1"],"picked":"Singing Bowl","floor":46},{"not_picked":["Dagger Throw+1","Masterful Stab+1","Acrobatics"],"picked":"Singing Bowl","floor":48}],"player_experience":197935,"relics_obtained":[{"floor":6,"key":"Molten Egg 2"},{"floor":8,"key":"Nunchaku"},{"floor":9,"key":"Kunai"},{"floor":26,"key":"Orichalcum"},{"floor":28,"key":"Singing Bowl"},{"floor":43,"key":"Sundial"},{"floor":44,"key":"MawBank"},{"floor":45,"key":"Ice Cream"}],"event_choices":[{"damage_healed":0,"gold_gain":0,"player_choice":"Upgraded","damage_taken":0,"max_hp_gain":0,"max_hp_loss":0,"event_name":"Upgrade Shrine","floor":2,"gold_loss":0,"cards_upgraded":["Neutralize"]},{"damage_healed":0,"gold_gain":0,"player_choice":"Entered Light","damage_taken":14,"max_hp_gain":0,"max_hp_loss":0,"event_name":"Shining Light","floor":4,"gold_loss":0,"cards_upgraded":["Defend_G","Defend_G"]},{"damage_healed":0,"gold_gain":75,"player_choice":"Gather Gold","damage_taken":11,"max_hp_gain":0,"max_hp_loss":0,"event_name":"World of Goop","floor":5,"gold_loss":0},{"damage_healed":0,"gold_gain":0,"player_choice":"Read","damage_taken":0,"max_hp_gain":0,"max_hp_loss":0,"event_name":"The Library","floor":20,"gold_loss":0,"cards_obtained":["Blade Dance"]},{"damage_healed":0,"gold_gain":0,"player_choice":"Embrace Madness","damage_taken":10,"max_hp_gain":0,"max_hp_loss":0,"event_name":"Winding Halls","floor":36,"gold_loss":0,"cards_obtained":["Madness","Madness"]},{"damage_healed":0,"gold_gain":0,"player_choice":"Memory 1","damage_taken":0,"max_hp_gain":0,"max_hp_loss":0,"event_name":"SensoryStone","floor":37,"gold_loss":0},{"damage_healed":0,"gold_gain":0,"player_choice":"Fight","damage_taken":0,"max_hp_gain":0,"max_hp_loss":0,"event_name":"MindBloom","floor":45,"gold_loss":0}],"is_beta":false,"boss_relics":[{"not_picked":["Pandora\u0027s Box","Astrolabe"],"picked":"Sozu"},{"not_picked":["Snecko Eye","Velvet Choker"],"picked":"HoveringKite"}],"items_purged_floors":[19,30,38,47],"is_endless":false,"potions_floor_spawned":[3,11,12,18,22,24,33,35,41,46],"killed_by":"Time Eater","ascension_level":0}}