{"host":"kdt6w7ix8lwe69i9","time":1610762496,"event":{"mods":["100% Spire Juice","Bartender","BaseMod","ChefMod","Downfall","Fiend Mod","Jorbs\u0027s Wanderer Trilogy","Minty Spire (QoL Compilation)","Reimu（博丽灵梦）","Robot Space Explorer","Shade Mod","StSLib","The Caster","The Cursed","The Disciple","The Dragon Tamer","The Druid","The Fake Hero","The Forsaken","The Gatherer","The Marked","TheBandit","TheSwordswoman"],"gold_per_floor":[520,530,530,547,559,559,592,607,607,840,851,871,884,894,894,989,989,1001,1001,1015,345,359,359,359,359],"floor_reached":24,"language":"ENG","playtime":1567,"items_purged":["luka_mod:Surrender"],"score":254,"play_id":"3124d64e-8566-42f8-93a8-6ae9c8a230ec","local_time":"20210115210136","is_ascension_mode":false,"campfire_choices":[{"data":"luka_mod:Meditation","floor":6,"key":"SMITH"},{"data":"luka_mod:TouchFluffyTail","floor":15,"key":"SMITH"},{"floor":23,"key":"REST"}],"circlet_count":0,"master_deck":["luka_mod:StrikeLukaOne","luka_mod:StrikeLukaTwo","luka_mod:StrikeLukaThree","luka_mod:StrikeLukaFour","luka_mod:StrikeLukaFive","luka_mod:StrikeLukaSix","luka_mod:Salt","luka_mod:Guard","luka_mod:Edging","luka_mod:FlailWildly","luka_mod:Meditation+1","luka_mod:RestrictedStrike","luka_mod:StrikeLuka","luka_mod:Salt","luka_mod:SpoilerDance","luka_mod:AngryLuka","luka_mod:RestrictedStrike","luka_mod:FlashKill","luka_mod:Ilias","luka_mod:WindSlash","luka_mod:BegIlias","luka_mod:TouchFluffyTail","luka_mod:TouchFluffyTail+1","luka_mod:NoDebuffs","CurseOfTheBell","luka_mod:ThunderThrust","luka_mod:GuardedStrike","luka_mod:Erubetie","luka_mod:Ora","luka_mod:LightningSwordFlash","luka_mod:Request+1"],"relics":["luka_mod:KeepsakeRing","NeowsBlessing","Choco_Feather","Mercury Hourglass","Old Coin","Calling Bell","Blood Vial","White Beast Statue","Turnip","ClockworkSouvenir","Pen Nib"],"acts_visited":["Exordium","TheCity"],"potions_floor_usage":[7,20,22,22,24],"damage_taken":[{"damage":0,"enemies":"2 Louse","floor":1,"turns":1},{"damage":0,"enemies":"Cultist","floor":2,"turns":1},{"damage":0,"enemies":"Jaw Worm","floor":4,"turns":1},{"damage":3,"enemies":"2 Fungi Beasts","floor":5,"turns":3},{"damage":2,"enemies":"Gremlin Nob","floor":7,"turns":3},{"damage":0,"enemies":"Blue Slaver","floor":8,"turns":3},{"damage":0,"enemies":"Large Slime","floor":11,"turns":2},{"damage":16,"enemies":"Gremlin Gang","floor":12,"turns":3},{"damage":0,"enemies":"3 Louse","floor":13,"turns":2},{"damage":14,"enemies":"Large Slime","floor":14,"turns":4},{"damage":0,"enemies":"Slime Boss","floor":16,"turns":6},{"damage":30,"enemies":"3 Byrds","floor":18,"turns":5},{"damage":30,"enemies":"Spheric Guardian","floor":20,"turns":4},{"damage":0,"enemies":"Centurion and Healer","floor":22,"turns":4},{"damage":18,"enemies":"Slavers","floor":24,"turns":3}],"seed_played":"4553690532779822618","potions_obtained":[{"floor":4,"key":"champ:CounterPotion"},{"floor":8,"key":"DuplicationPotion"},{"floor":14,"key":"Guardian:BlockOnCardUsePotion"},{"floor":16,"key":"SteroidPotion"},{"floor":18,"key":"GrandPatriotsElixir:ReiMu"},{"floor":20,"key":"BlessingOfTheForge"},{"floor":22,"key":"CultistPotion"}],"is_trial":false,"path_per_floor":["M","M","?","M","M","R","E","M","T","?","M","M","M","M","R","B",null,"M","?","M","$","M","R","E"],"character_chosen":"LUKA_CLASS","items_purchased":["ClockworkSouvenir","luka_mod:Erubetie","luka_mod:Ora","Pen Nib","luka_mod:LightningSwordFlash"],"campfire_rested":1,"item_purchase_floors":[21,21,21,21,21],"current_hp_per_floor":[40,40,40,40,37,37,35,35,35,35,35,19,39,25,25,25,40,10,10,2,2,4,16,0,0],"gold":359,"neow_bonus":"THREE_ENEMY_KILL","is_daily":false,"chose_seed":false,"campfire_upgraded":2,"win_rate":0.0,"timestamp":1610762496,"path_taken":["M","M","?","M","?","R","E","?","T","?","M","?","M","M","R","BOSS","M","?","?","?","M","R","E"],"items_purchased_type":["Relic","Card","Card","Relic","Card"],"build_version":"2020-12-22","purchased_purges":1,"victory":false,"max_hp_per_floor":[40,40,40,40,40,40,40,40,40,40,40,40,40,40,40,40,40,40,40,40,40,40,40,40,40],"card_choices":[{"not_picked":["luka_mod:StrikeLuka","luka_mod:ThunderThrust"],"picked":"luka_mod:RestrictedStrike","floor":1},{"not_picked":["luka_mod:HeroicStrike","luka_mod:FlashKill"],"picked":"luka_mod:StrikeLuka","floor":2},{"not_picked":["luka_mod:WindSlash","luka_mod:Feel"],"picked":"luka_mod:AngryLuka","floor":4},{"not_picked":["luka_mod:Overexert","luka_mod:DemonDecapitation"],"picked":"luka_mod:RestrictedStrike","floor":5},{"not_picked":["luka_mod:NeverSurrender","luka_mod:SereneDemonSword"],"picked":"luka_mod:FlashKill","floor":7},{"not_picked":["luka_mod:Intense","luka_mod:SmallBody"],"picked":"luka_mod:Ilias","floor":8},{"not_picked":["luka_mod:SereneDemonSword","luka_mod:PerfectTiming"],"picked":"luka_mod:WindSlash","floor":11},{"not_picked":["luka_mod:FireSlash","luka_mod:BladeOfSolidEarth"],"picked":"luka_mod:BegIlias","floor":12},{"not_picked":["luka_mod:WindSlash","luka_mod:DemonDecapitation"],"picked":"luka_mod:TouchFluffyTail","floor":13},{"not_picked":["luka_mod:AlicesGuard","luka_mod:DemonSkullBeheading"],"picked":"luka_mod:TouchFluffyTail","floor":14},{"not_picked":["luka_mod:Daystar","luka_mod:AlicesFist"],"picked":"luka_mod:NoDebuffs","floor":16},{"not_picked":["luka_mod:SereneDemonSword","luka_mod:StrikeLuka"],"picked":"luka_mod:ThunderThrust","floor":18},{"not_picked":["luka_mod:Struggle+1","luka_mod:Intense"],"picked":"luka_mod:GuardedStrike","floor":20},{"not_picked":["luka_mod:BladeOfRagingFire","luka_mod:PrayToIlias"],"picked":"luka_mod:Request+1","floor":22}],"player_experience":1830722,"relics_obtained":[{"floor":7,"key":"Choco_Feather"},{"floor":9,"key":"Mercury Hourglass"},{"floor":17,"key":"Blood Vial"},{"floor":17,"key":"White Beast Statue"},{"floor":17,"key":"Turnip"}],"event_choices":[{"damage_healed":0,"gold_gain":0,"player_choice":"2 cards matched","damage_taken":0,"max_hp_gain":0,"max_hp_loss":0,"event_name":"Match and Keep!","floor":3,"gold_loss":0,"cards_obtained":["luka_mod:Salt","luka_mod:SpoilerDance"]},{"damage_healed":0,"gold_gain":0,"player_choice":"Paid Gold","damage_taken":0,"relics_obtained":["Old Coin"],"max_hp_gain":0,"max_hp_loss":0,"event_name":"WeMeetAgain","floor":10,"gold_loss":67},{"cards_removed":["luka_mod:Wait"],"damage_healed":0,"gold_gain":0,"player_choice":"Purged","damage_taken":0,"max_hp_gain":0,"max_hp_loss":0,"event_name":"Purifier","floor":19,"gold_loss":0}],"is_beta":false,"boss_relics":[{"not_picked":["Astrolabe","Ectoplasm"],"picked":"Calling Bell"}],"items_purged_floors":[21],"is_endless":false,"potions_floor_spawned":[4,8,14,16,18,20,22],"killed_by":"Slavers","ascension_level":0}}