{"host":"37dk0reb6x0du8wx","time":1610761010,"event":{"mods":["BaseMod","Colored Map","DeckTracker","Minty Spire (QoL Compilation)","Quick Restart","StSLib"],"gold_per_floor":[110,110,126,126,126,166,18,18,42,82,101,54,94,19,19,19,19],"floor_reached":16,"language":"KOR","playtime":308,"items_purged":["Strike_B"],"score":199,"play_id":"c60d690f-b691-4ebe-90ba-2487e273c536","local_time":"20210116103650","is_ascension_mode":true,"campfire_choices":[{"floor":8,"key":"REST"},{"floor":15,"key":"REST"}],"circlet_count":0,"master_deck":["Strike_B+1","Strike_B+1","Defend_B","Defend_B","Defend_B","Defend_B","Zap","Dualcast","Conserve Battery","Electrodynamics","Consume","Ball Lightning","BootSequence","Leap","Reinforced Body","Reinforced Body"],"relics":["Cracked Core","NeowsBlessing","Golden Idol","Dream Catcher","Whetstone","PreservedInsect","Anchor","Toy Ornithopter","Nunchaku"],"acts_visited":["Exordium"],"potions_floor_usage":[16],"damage_taken":[{"damage":0,"enemies":"Jaw Worm","floor":1,"turns":1},{"damage":0,"enemies":"2 Louse","floor":3,"turns":1},{"damage":0,"enemies":"Lagavulin","floor":6,"turns":1},{"damage":28,"enemies":"Gremlin Nob","floor":10,"turns":4},{"damage":0,"enemies":"Small Slimes","floor":11,"turns":2},{"damage":0,"enemies":"3 Sentries","floor":13,"turns":2},{"damage":80,"enemies":"Hexaghost","floor":16,"turns":11}],"seed_played":"2413472403854860383","potions_obtained":[{"floor":1,"key":"FearPotion"},{"floor":11,"key":"ColorlessPotion"}],"is_trial":false,"path_per_floor":["M","?","M","T","?","E","$","R","T","E","M","$","E","$","R","B"],"character_chosen":"DEFECT","items_purchased":["PreservedInsect","Leap"],"campfire_rested":2,"item_purchase_floors":[7,12],"current_hp_per_floor":[75,57,57,57,57,57,57,75,75,47,47,47,47,47,69,0,0],"gold":19,"neow_bonus":"THREE_ENEMY_KILL","is_daily":false,"chose_seed":false,"campfire_upgraded":0,"win_rate":0.0,"timestamp":1610761010,"path_taken":["M","?","M","?","?","E","$","R","T","E","M","$","E","?","R","BOSS"],"items_purchased_type":["Relic","Card"],"build_version":"2020-12-22","purchased_purges":1,"victory":false,"max_hp_per_floor":[75,75,75,75,75,75,75,75,75,75,75,75,75,75,75,75,75],"card_choices":[{"not_picked":["Rebound","Static Discharge","Steam"],"picked":"SKIP","floor":1},{"not_picked":["Stack","Redo"],"picked":"Conserve Battery","floor":3},{"not_picked":["Beam Cell","Self Repair"],"picked":"Electrodynamics","floor":6},{"not_picked":["Darkness","Redo"],"picked":"Consume","floor":8},{"not_picked":["Core Surge","Skim"],"picked":"Ball Lightning","floor":10},{"not_picked":["Darkness","Gash"],"picked":"BootSequence","floor":11},{"not_picked":["Turbo","Conserve Battery"],"picked":"Reinforced Body","floor":13},{"not_picked":["Barrage","Sweeping Beam"],"picked":"Reinforced Body","floor":15}],"player_experience":194500,"relics_obtained":[{"floor":4,"key":"Dream Catcher"},{"floor":6,"key":"Whetstone"},{"floor":9,"key":"Anchor"},{"floor":10,"key":"Toy Ornithopter"},{"floor":13,"key":"Nunchaku"}],"event_choices":[{"damage_healed":0,"gold_gain":0,"player_choice":"Take Damage","damage_taken":18,"relics_obtained":["Golden Idol"],"max_hp_gain":0,"max_hp_loss":0,"event_name":"Golden Idol","floor":2,"gold_loss":0},{"cards_removed":["Strike_B"],"damage_healed":0,"gold_gain":0,"player_choice":"Forget","damage_taken":0,"max_hp_gain":0,"max_hp_loss":0,"event_name":"Living Wall","floor":5,"gold_loss":0}],"is_beta":false,"boss_relics":[],"items_purged_floors":[14],"is_endless":false,"potions_floor_spawned":[1,11],"killed_by":"Hexaghost","ascension_level":4}}