{"host":"3498uni0c31c9bdm","time":1610838760,"event":{"mods":["BaseMod","Better Third Choice","Minty Spire (QoL Compilation)","Replay The Spire","StSLib"],"gold_per_floor":[112,112,112,132,144,144,162,195,271,271,340,375,385,404,404,505,505,518,518,287,304,314,314,413,443,443,443,443,454,483,499,499,499,499],"floor_reached":33,"language":"ENG","playtime":1397,"items_purged":["Pain"],"score":431,"play_id":"f2c0db7d-8070-4b7d-a086-d79929aced0c","local_time":"20210117101240","is_ascension_mode":true,"campfire_choices":[{"floor":6,"key":"RECALL"},{"floor":10,"key":"REST"},{"data":"Replay:DivineShield","floor":15,"key":"SMITH"},{"floor":23,"key":"REST"},{"floor":27,"key":"REST"},{"floor":32,"key":"REST"}],"circlet_count":0,"master_deck":["Strike_R","Strike_R","Strike_R","Strike_R","Strike_R","Defend_R","Defend_R","Defend_R","Defend_R","Bash","Pommel Strike","Replay:DivineShield+1","Clothesline","Cleave","ReplayTheSpireMod:Muscle Training","Perfected Strike","Infernal Blade","Iron Wave","Uppercut","Double Tap+1","Replay:Undeath\u0027s Touch+1","Enlightenment+1","Flame Barrier+1","Shockwave","Demon Form+1","Rage","Thunderclap","Fire Breathing"],"relics":["Burning Blood","NeowsBlessing","TungstenRod","WarpedTongs","Vajra","Golden Egg","Art of War","SlaversCollar","GremlinMask","Turnip","White Beast Statue","Gremlin Food"],"acts_visited":["Exordium","TheCity"],"potions_floor_usage":[8,12,16,22,30,31,33,33],"damage_taken":[{"damage":0,"enemies":"Jaw Worm","floor":1,"turns":1},{"damage":0,"enemies":"2 Louse","floor":4,"turns":2},{"damage":0,"enemies":"Cultist","floor":5,"turns":1},{"damage":11,"enemies":"Exordium Wildlife","floor":7,"turns":7},{"damage":21,"enemies":"Lagavulin","floor":8,"turns":7},{"damage":11,"enemies":"3 Sentries","floor":12,"turns":6},{"damage":3,"enemies":"Looter","floor":13,"turns":3},{"damage":5,"enemies":"Red Slaver","floor":14,"turns":3},{"damage":47,"enemies":"The Guardian","floor":16,"turns":10},{"damage":27,"enemies":"2 Thieves","floor":18,"turns":4},{"damage":2,"enemies":"Chosen","floor":21,"turns":3},{"damage":48,"enemies":"Shelled Parasite and Fungi","floor":22,"turns":5},{"damage":7,"enemies":"Replay:Snechameleon","floor":25,"turns":5},{"damage":24,"enemies":"3 Cultists","floor":29,"turns":5},{"damage":28,"enemies":"Book of Stabbing","floor":30,"turns":5},{"damage":17,"enemies":"Cultist and Chosen","floor":31,"turns":5},{"damage":83,"enemies":"Collector","floor":33,"turns":7}],"seed_played":"-6800801067700120329","potions_obtained":[{"floor":5,"key":"Explosive Potion"},{"floor":7,"key":"Fire Potion"},{"floor":8,"key":"Milkshake"},{"floor":21,"key":"LifebloodPotion"},{"floor":22,"key":"ColorlessPotion"},{"floor":25,"key":"FearPotion"},{"floor":29,"key":"SteroidPotion"},{"floor":30,"key":"BloodPotion"},{"floor":31,"key":"Strength Potion"}],"is_trial":false,"path_per_floor":["M","?","?","M","M","R","M","E","T","R","T","E","M","M","R","B",null,"M","?","$","M","M","R","?","E","T","R","?","M","E","M","R","B"],"character_chosen":"IRONCLAD","items_purchased":["Regen Potion","Enlightenment"],"campfire_rested":4,"item_purchase_floors":[20,20],"current_hp_per_floor":[78,73,73,79,80,80,75,60,60,80,80,75,78,79,79,38,70,49,49,49,53,20,44,44,43,43,67,67,49,27,32,56,0,0],"gold":499,"neow_bonus":"THREE_ENEMY_KILL","is_daily":false,"chose_seed":false,"campfire_upgraded":1,"win_rate":0.0,"timestamp":1610838760,"path_taken":["M","?","?","M","M","R","?","E","T","R","?","E","M","M","R","BOSS","M","?","$","M","?","R","?","E","T","R","?","M","E","M","R","BOSS"],"items_purchased_type":["Potion","Card"],"build_version":"2020-12-22","purchased_purges":1,"victory":false,"max_hp_per_floor":[80,80,80,80,80,80,80,80,80,80,80,80,80,80,80,80,80,80,80,80,80,80,80,80,80,80,80,80,80,80,80,80,80,80],"card_choices":[{"not_picked":["Metallicize","Replay:Undeath\u0027s Touch"],"picked":"Pommel Strike","floor":1},{"not_picked":["Reckless Charge","Shockwave"],"picked":"Clothesline","floor":4},{"not_picked":["Havoc","Flex"],"picked":"Cleave","floor":5},{"not_picked":["Cleave","Flex"],"picked":"ReplayTheSpireMod:Muscle Training","floor":7},{"not_picked":["Cleave","Whirlwind"],"picked":"Perfected Strike","floor":8},{"not_picked":["Clash","Dark Embrace"],"picked":"Infernal Blade","floor":12},{"not_picked":["Metallicize","Defy Death"],"picked":"Iron Wave","floor":13},{"not_picked":["Searing Blow","Sword Boomerang"],"picked":"Uppercut","floor":14},{"not_picked":["Immolate","Exhume"],"picked":"Double Tap","floor":16},{"not_picked":["Burning Pact","Sentinel"],"picked":"Replay:Undeath\u0027s Touch","floor":18},{"not_picked":["Perfected Strike+1","Clothesline"],"picked":"Flame Barrier+1","floor":21},{"not_picked":["Iron Wave","Sentinel+1"],"picked":"Shockwave","floor":22},{"not_picked":["Body Slam","Iron Wave"],"picked":"Demon Form","floor":25},{"not_picked":["Pommel Strike+1","Wild Strike"],"picked":"Rage","floor":29},{"not_picked":["Body Slam","Corruption"],"picked":"Thunderclap","floor":30},{"not_picked":["Havoc","True Grit"],"picked":"Fire Breathing","floor":31}],"player_experience":686395,"relics_obtained":[{"floor":8,"key":"Vajra"},{"floor":9,"key":"Golden Egg"},{"floor":12,"key":"Art of War"},{"floor":25,"key":"Turnip"},{"floor":26,"key":"White Beast Statue"},{"floor":30,"key":"Gremlin Food"}],"event_choices":[{"damage_healed":0,"gold_gain":0,"player_choice":"Rummage","damage_taken":0,"relics_obtained":["WarpedTongs"],"max_hp_gain":0,"max_hp_loss":0,"event_name":"Accursed Blacksmith","floor":3,"gold_loss":0,"cards_obtained":["Pain"]},{"damage_healed":0,"gold_gain":0,"player_choice":"Trade","damage_taken":0,"relics_obtained":["GremlinMask"],"max_hp_gain":0,"max_hp_loss":0,"event_name":"FaceTrader","floor":19,"gold_loss":0},{"damage_healed":0,"gold_gain":99,"player_choice":"Steal","damage_taken":0,"max_hp_gain":0,"max_hp_loss":0,"event_name":"betterThird:BetterNest","floor":24,"gold_loss":0},{"damage_healed":0,"gold_gain":0,"player_choice":"Ignored","damage_taken":0,"max_hp_gain":0,"max_hp_loss":0,"event_name":"Ghosts","floor":28,"gold_loss":0}],"is_beta":false,"boss_relics":[{"not_picked":["Astrolabe","Runic Cube"],"picked":"SlaversCollar"}],"items_purged_floors":[20],"is_endless":false,"potions_floor_spawned":[5,7,8,21,22,25,29,30,31],"killed_by":"Collector","ascension_level":9}}