{"host":"cw25u8qal1h0d7ia","time":1610826066,"event":{"mods":["BaseMod","Downfall","Minty Spire (QoL Compilation)","StSLib"],"gold_per_floor":[99,99,99,99,123,149,174,200,200,233,233,253,153,29,46,151,151,151,168,168,168,178,97,97,112,112,38,69,169,182,182,202,202,202],"floor_reached":33,"language":"ENG","playtime":2876,"items_purged":["bronze:Strike"],"score":329,"play_id":"e751de31-601b-4b5a-a5f3-331bd5e23219","local_time":"20210116204106","is_ascension_mode":false,"campfire_choices":[{"data":"bronze:Goto","floor":1,"key":"SMITH"},{"data":"bronze:RecursiveStrike","floor":13,"key":"SMITH"},{"data":"bronze:Verify","floor":18,"key":"SMITH"},{"data":"RitualDagger","floor":26,"key":"SMITH"}],"circlet_count":0,"master_deck":["bronze:Strike","bronze:Strike+1","bronze:Defend","bronze:Defend+1","bronze:Defend+1","bronze:Replicate","bronze:Goto+1","bronze:ChosenStrike","bronze:Invalidate+1","downfall:Icky","bronze:RecursiveStrike+1","bronze:Repulsor","bronze:Verify+1","RitualDagger+1","bronze:ForceShield+1","bronze:Fortify+1","bronze:ForceShield+1"],"relics":["bronze:BronzeCore","downfall:HeartsMalice","Juzu Bracelet","Art of War","Oddly Smooth Stone","Vajra","Singing Bowl","downfall:HeartBlessingGreen","Philosopher\u0027s Stone","Lantern","Shuriken","Sundial","War Paint","bronze:CableSpool"],"acts_visited":["Exordium","TheCity"],"potions_floor_usage":[16,16,28,29,33],"damage_taken":[{"damage":0,"enemies":"Small Slimes","floor":2,"turns":1},{"damage":0,"enemies":"Jaw Worm","floor":3,"turns":1},{"damage":0,"enemies":"Gremlin Nob","floor":6,"turns":1},{"damage":30,"enemies":"3 Sentries","floor":8,"turns":10},{"damage":6,"enemies":"Gremlin Nob","floor":10,"turns":3},{"damage":0,"enemies":"Cultist","floor":12,"turns":2},{"damage":0,"enemies":"downfall:FleeingMerchant","floor":14,"turns":4},{"damage":2,"enemies":"Blue Slaver","floor":15,"turns":2},{"damage":33,"enemies":"DF_ARCHETYPE_STREAMLINE","floor":16,"turns":9},{"damage":1,"enemies":"Spheric Guardian","floor":19,"turns":3},{"damage":5,"enemies":"Chosen","floor":22,"turns":3},{"damage":10,"enemies":"downfall:FleeingMerchant","floor":23,"turns":4},{"damage":0,"enemies":"3 Cultists","floor":25,"turns":2},{"damage":38,"enemies":"Slavers","floor":28,"turns":5},{"damage":22,"enemies":"Colosseum Nobs","floor":29,"turns":4},{"damage":0,"enemies":"Snecko","floor":30,"turns":2},{"damage":2,"enemies":"Cultist and Chosen","floor":32,"turns":3},{"damage":4,"enemies":"IC_MUSHROOM_ARCHETYPE","floor":33,"turns":1}],"seed_played":"902960420855960624","potions_obtained":[{"floor":8,"key":"Block Potion"},{"floor":10,"key":"Guardian:BlockOnCardUsePotion"},{"floor":19,"key":"bronze:BuildAFunctionPotion"},{"floor":28,"key":"champ:CounterPotion"},{"floor":32,"key":"DistilledChaos"}],"is_trial":false,"path_per_floor":["R","M","M","?","T","E","T","E","?","E","?","M","R","$","M","B",null,"R","M","?","?","M","$","T","M","R","$","E","?","M","?","M","B"],"character_chosen":"THE_AUTOMATON","items_purchased":["bronze:Repulsor","Lantern","Shuriken","bronze:ForceShield"],"campfire_rested":0,"item_purchase_floors":[14,23,23,27],"current_hp_per_floor":[70,70,70,70,70,70,70,40,40,36,36,36,36,38,38,5,76,76,77,71,71,68,60,60,62,62,62,24,4,4,4,4,0,0],"gold":202,"neow_bonus":"THREE_ENEMY_KILL","is_daily":false,"chose_seed":false,"campfire_upgraded":4,"win_rate":0.0,"timestamp":1610826066,"path_taken":["R","M","M","?","?","E","T","E","?","E","?","M","R","$","M","BOSS","R","M","?","?","M","$","T","M","R","$","E","?","M","?","M","BOSS"],"items_purchased_type":["Card","Relic","Relic","Card"],"build_version":"2020-12-22","purchased_purges":1,"victory":false,"max_hp_per_floor":[70,70,70,70,70,70,70,70,70,72,72,72,72,74,76,76,76,76,78,78,78,80,82,82,84,84,84,84,86,86,86,88,88,88],"card_choices":[{"not_picked":["bronze:Boost","bronze:BitShift"],"picked":"bronze:ChosenStrike","floor":2},{"not_picked":["bronze:BronzeArmor","bronze:BuggyMess"],"picked":"bronze:Invalidate","floor":3},{"not_picked":["bronze:DigitalCarnage","bronze:BuggyMess","bronze:Shell"],"picked":"SKIP","floor":6},{"not_picked":["bronze:Frontload","bronze:WildBeam","bronze:WhirlingStrike"],"picked":"SKIP","floor":8},{"not_picked":["bronze:Shield","bronze:WildBeam","bronze:Iterate"],"picked":"Singing Bowl","floor":10},{"not_picked":["bronze:WhirlingStrike","bronze:Branch"],"picked":"bronze:RecursiveStrike","floor":12},{"not_picked":["bronze:Fortify","bronze:CloningBeam","bronze:BitShift"],"picked":"Singing Bowl","floor":14},{"not_picked":["bronze:WhirlingStrike","bronze:BugBarrage","bronze:Repulsor"],"picked":"Singing Bowl","floor":15},{"not_picked":["bronze:HardenedForm","bronze:ShipIt"],"picked":"bronze:Verify","floor":16},{"not_picked":["bronze:Overload","bronze:Optimize","bronze:WildBeam+1"],"picked":"Singing Bowl","floor":19},{"not_picked":["bronze:Invalidate","bronze:DelayedSlice","bronze:Shield"],"picked":"Singing Bowl","floor":22},{"not_picked":["bronze:BitShift","bronze:Shield","bronze:Allocate+1"],"picked":"Singing Bowl","floor":23},{"not_picked":["bronze:ThunderWave","bronze:DarkDash","bronze:DelayedGuard"],"picked":"Singing Bowl","floor":25},{"not_picked":["bronze:BitShift+1","bronze:CutThrough"],"picked":"bronze:Fortify+1","floor":28},{"not_picked":["bronze:BitShift","bronze:Iterate+1","bronze:ForLoop"],"picked":"Singing Bowl","floor":29},{"not_picked":["bronze:Repair","bronze:Invalidate"],"picked":"bronze:ForceShield+1","floor":30},{"not_picked":["bronze:Philosophize","bronze:BuggyMess","bronze:Shell"],"picked":"Singing Bowl","floor":32}],"player_experience":533753,"relics_obtained":[{"floor":5,"key":"Juzu Bracelet"},{"floor":6,"key":"Art of War"},{"floor":7,"key":"Oddly Smooth Stone"},{"floor":8,"key":"Vajra"},{"floor":10,"key":"Singing Bowl"},{"floor":24,"key":"Sundial"},{"floor":28,"key":"War Paint"},{"floor":29,"key":"bronze:CableSpool"}],"event_choices":[],"is_beta":false,"boss_relics":[{"not_picked":["Empty Cage","Coffee Dripper"],"picked":"Philosopher\u0027s Stone"}],"items_purged_floors":[14],"is_endless":false,"potions_floor_spawned":[8,10,19,28,32],"killed_by":"IC_MUSHROOM_ARCHETYPE","ascension_level":0}}