{"host":"cwd5s03r1oaxs6mx","time":1610802377,"event":{"mods":["Act Like it!","BaseMod","Better Third Choice","BetterRewards","CapriCore","Card Filter","Colored Map","Custom Start","DeckTracker","Friendly Minions","Hubris","Infinite Spire","Marisa£¨Ùöéë¡¡Øª×âÞÞ£©","Minty Spire (QoL Compilation)","Quick Restart","Relic Stats","Shop Mod","Spicy Shops","StSLib","SuperFastMode"],"gold_per_floor":[113,128,45,61,73,104,104,129,155,171,171,9,9,23,23,23,23],"floor_reached":16,"language":"KOR","playtime":452,"items_purged":[],"score":224,"play_id":"1db42351-a673-47e5-88dc-e0cb205df779","local_time":"20210116220617","is_ascension_mode":true,"campfire_choices":[{"data":"Envenom","floor":11,"key":"SMITH"},{"floor":13,"key":"REST"},{"data":"Envenom","floor":15,"key":"SMITH"}],"circlet_count":0,"master_deck":["AscendersBane","Strike_G","Strike_G","Strike_G","Strike_G","Defend_G","Defend_G","Defend_G","Defend_G","Defend_G","Survivor","Neutralize","Envenom+1","Riddle With Holes","Quick Slash","Catalyst","Panache","Deflect","Blade Dance","Infinite Blades","Accuracy","Blade Dance","Riddle With Holes","Envenom+1","Terror","Calculated Gamble"],"relics":["Ring of the Snake","Art of War","infinitespire:Beetle Shell","infinitespire:Satchel"],"acts_visited":["Exordium"],"potions_floor_usage":[14],"damage_taken":[{"damage":1,"enemies":"Cultist","floor":1,"turns":3},{"damage":6,"enemies":"Jaw Worm","floor":2,"turns":4},{"damage":0,"enemies":"Small Slimes","floor":4,"turns":3},{"damage":18,"enemies":"Red Slaver","floor":5,"turns":4},{"damage":6,"enemies":"Gremlin Nob","floor":6,"turns":3},{"damage":18,"enemies":"3 Sentries","floor":8,"turns":7},{"damage":16,"enemies":"Blue Slaver","floor":10,"turns":3},{"damage":14,"enemies":"Gremlin Gang","floor":14,"turns":5},{"damage":28,"enemies":"The Guardian","floor":16,"turns":2}],"seed_played":"8765794243244799690","potions_obtained":[{"floor":2,"key":"PowerPotion"},{"floor":4,"key":"FairyPotion"},{"floor":8,"key":"Fire Potion"}],"is_trial":false,"path_per_floor":["M","M","$","M","M","E","?","E","T","M","R","$","R","M","R","B"],"character_chosen":"THE_SILENT","items_purchased":["Envenom","Riddle With Holes","Quick Slash","Catalyst","Panache","Deflect","Accuracy","infinitespire:Satchel"],"campfire_rested":1,"item_purchase_floors":[0,0,0,0,0,0,3,12],"current_hp_per_floor":[58,52,52,52,34,28,28,10,10,19,19,19,38,24,24,0,0],"gold":23,"neow_bonus":"","is_daily":false,"chose_seed":false,"campfire_upgraded":2,"win_rate":0.0,"timestamp":1610802377,"path_taken":["M","M","$","M","?","E","?","E","T","M","R","?","R","M","R","BOSS"],"items_purchased_type":["Card","Card","Card","Card","Card","Card","Card","Relic"],"build_version":"2020-12-22","purchased_purges":0,"victory":false,"max_hp_per_floor":[66,66,66,66,66,66,66,66,66,66,66,66,66,66,66,66,66],"relic_stats":{"counters":[9,34],"Art of War":[2],"obtain_stats":[{"infinitespire:Satchel":12,"infinitespire:Beetle Shell":8,"Art of War":6,"Ring of the Snake":0},{"infinitespire:Satchel":7,"infinitespire:Beetle Shell":6,"Art of War":5,"Ring of the Snake":0},{"infinitespire:Satchel":27,"infinitespire:Beetle Shell":24,"Art of War":17,"Ring of the Snake":0}],"Ring of the Snake":[18]},"card_choices":[{"not_picked":["Well Laid Plans","Cloak And Dagger"],"picked":"Blade Dance","floor":1},{"not_picked":["Acrobatics","Outmaneuver"],"picked":"Infinite Blades","floor":2},{"not_picked":["Masterful Stab","Underhanded Strike"],"picked":"Blade Dance","floor":4},{"not_picked":["Acrobatics","Deadly Poison"],"picked":"Riddle With Holes","floor":5},{"not_picked":["Sucker Punch","Quick Slash"],"picked":"Envenom","floor":6},{"not_picked":["Distraction","Sucker Punch"],"picked":"Terror","floor":8},{"not_picked":["Distraction","Quick Slash"],"picked":"Calculated Gamble","floor":10},{"not_picked":["Distraction","Bane","Acrobatics"],"picked":"SKIP","floor":14}],"player_experience":1039177,"relics_obtained":[{"floor":6,"key":"Art of War"},{"floor":8,"key":"infinitespire:Beetle Shell"}],"event_choices":[{"cards_removed":["Strike_G"],"damage_healed":0,"gold_gain":0,"player_choice":"Offered Basic","damage_taken":0,"max_hp_gain":0,"max_hp_loss":0,"event_name":"Bonfire Elementals","floor":7,"gold_loss":0}],"is_beta":false,"boss_relics":[],"items_purged_floors":[],"is_endless":false,"potions_floor_spawned":[2,4,8],"killed_by":"The Guardian","ascension_level":20}}