{"host":"ok3pmhc1fiz31noj","time":1610801548,"event":{"mods":["AchievementEnabler","BaseMod","Colored Map","Colored Powertips","Minty Spire (QoL Compilation)","Quick Restart","Relic Stats","Replay The Spire","StSLib"],"gold_per_floor":[119,119,119,119,44,74,94,109,109,129,129,129,129,178,178,279,279,292,292,323,233,3,3,13,23,23,47,47,47,47,78,78,183,183,194,247,274,274,285,285,318,318,394,374,384,414,434,51,51,51],"floor_reached":51,"language":"ZHS","playtime":1997,"items_purged":["Strike_R","ReplayTheSpireMod:LeadingStrike"],"score":867,"play_id":"fcdcdd73-f864-43f9-af7a-adf7c453a64a","local_time":"20210116205228","is_ascension_mode":false,"campfire_choices":[{"data":"Inflame","floor":15,"key":"SMITH"},{"data":"RitualDagger","floor":23,"key":"SMITH"},{"data":"Feed","floor":32,"key":"SMITH"},{"floor":42,"key":"REST"},{"data":"Inflame","floor":49,"key":"SMITH"}],"circlet_count":0,"master_deck":["Headbutt","Anger+1","Flex","Inflame+1","ReplayTheSpireMod:Stacked","Feed+1","Pummel","Anger","Heavy Blade","Clash+1","RitualDagger+1","Inflame+1","Warcry","Clash","Feed","Flex+1","Flex","Clash+1","Bludgeon","Flex","Replay:Bootleg Shield Generator"],"relics":["Burning Blood","NeowsBlessing","Juzu Bracelet","ReplayTheSpireMod:Ring of Addiction","ReplayTheSpireMod:Ring of Exchange","Chameleon Ring","Toy Ornithopter","Lantern","Sundial","Tiny Chest","Pandora\u0027s Box","Red Mask","Vajra","ReplayTheSpireMod:Ninjato","Dream Catcher","PreservedInsect","Membership Card","Pen Nib","BranchBurnRelic","Replay:Rubber Ducky","Mirror","Replay:Baseball","ClockworkSouvenir","Blue Doll","Centennial Puzzle"],"acts_visited":["Exordium","TheCity","TheBeyond"],"potions_floor_usage":[10,16,20,25,31,36,46,50,50],"damage_taken":[{"damage":0,"enemies":"Cultist","floor":1,"turns":1},{"damage":0,"enemies":"Lagavulin","floor":6,"turns":1},{"damage":0,"enemies":"Jaw Worm","floor":7,"turns":1},{"damage":5,"enemies":"Small Slimes","floor":8,"turns":2},{"damage":14,"enemies":"3 Louse","floor":10,"turns":2},{"damage":55,"enemies":"Fading Forest","floor":16,"turns":11},{"damage":10,"enemies":"Spheric Guardian","floor":18,"turns":3},{"damage":28,"enemies":"Masked Bandits","floor":20,"turns":5},{"damage":15,"enemies":"3 Byrds","floor":24,"turns":4},{"damage":0,"enemies":"Snake Plant","floor":25,"turns":3},{"damage":27,"enemies":"Replay:Snechameleon","floor":31,"turns":4},{"damage":29,"enemies":"Champ","floor":33,"turns":6},{"damage":28,"enemies":"3 Darklings","floor":35,"turns":4},{"damage":108,"enemies":"2 Orb Walkers","floor":36,"turns":6},{"damage":15,"enemies":"Orb Walker","floor":39,"turns":3},{"damage":62,"enemies":"Reptomancer","floor":41,"turns":5},{"damage":10,"enemies":"3 Darklings","floor":45,"turns":3},{"damage":7,"enemies":"R_Hoarder","floor":46,"turns":6},{"damage":4,"enemies":"4 Shapes","floor":47,"turns":4},{"damage":47,"enemies":"Donu and Deca","floor":50,"turns":5}],"seed_played":"4453622529874329515","potions_obtained":[{"floor":1,"key":"Energy Potion"},{"floor":4,"key":"ColorlessPotion"},{"floor":4,"key":"SkillPotion"},{"floor":8,"key":"FairyPotion"},{"floor":14,"key":"Languid Potion"},{"floor":20,"key":"PowerPotion"},{"floor":24,"key":"Flashbang"},{"floor":35,"key":"EssenceOfSteel"},{"floor":40,"key":"DistilledChaos"},{"floor":40,"key":"Swift Potion"},{"floor":44,"key":"GamblersBrew"},{"floor":46,"key":"Weak Potion"}],"is_trial":false,"path_per_floor":["M","T","?","?","$","E","M","M","T","M","?","?","?","?","R","B",null,"M","?","?","?","$","R","M","M","T","T","?","$","?","E","R","B",null,"M","?","T","?","M","R","E","R","T","?","M","E","M","$","R","B",null],"character_chosen":"IRONCLAD","items_purchased":["Vajra","Inflame","ClockworkSouvenir","Blue Doll","Centennial Puzzle","Strength Potion","SkillPotion","Replay:Bootleg Shield Generator"],"campfire_rested":1,"item_purchase_floors":[22,22,48,48,48,48,48,48],"current_hp_per_floor":[80,80,80,80,80,80,80,78,78,70,70,63,63,33,33,9,76,75,69,55,55,55,55,49,63,63,63,63,63,63,47,47,28,86,65,25,25,76,71,71,29,52,52,52,60,64,70,70,70,52],"gold":51,"neow_bonus":"THREE_ENEMY_KILL","is_daily":false,"chose_seed":false,"campfire_upgraded":4,"win_rate":0.0,"timestamp":1610801548,"path_taken":["M","?","?","?","$","E","M","M","T","M","?","?","?","?","R","BOSS","M","?","?","?","$","R","M","M","T","?","?","$","?","E","R","BOSS","M","?","?","?","M","R","E","R","T","?","M","E","M","$","R","BOSS"],"items_purchased_type":["Relic","Card","Relic","Relic","Relic","Potion","Potion","Card"],"build_version":"2020-12-22","purchased_purges":2,"victory":true,"max_hp_per_floor":[80,80,80,80,80,80,80,78,78,78,78,78,78,76,76,76,76,79,79,80,80,80,80,81,84,84,84,84,82,82,82,82,86,86,87,87,87,76,80,78,78,78,76,76,79,77,81,81,81,79],"relic_stats":{"Dream Catcher":1,"Centennial Puzzle":[3],"counters":[20,79],"Sundial":[10],"Tiny Chest":2,"Pandora\u0027s Box":["Pummel","Anger","ReplayTheSpireMod:LeadingStrike","Eclipse","Heavy Blade"],"PreservedInsect":133,"Pen Nib":[6],"Juzu Bracelet":4,"obtain_stats":[{"ReplayTheSpireMod:Ring of Exchange":4,"Lantern":6,"Vajra":22,"Blue Doll":48,"Juzu Bracelet":2,"Burning Blood":0,"Replay:Rubber Ducky":41,"ClockworkSouvenir":48,"BranchBurnRelic":40,"Dream Catcher":27,"Centennial Puzzle":48,"Chameleon Ring":4,"Sundial":9,"Tiny Chest":14,"Red Mask":20,"ReplayTheSpireMod:Ninjato":26,"NeowsBlessing":0,"ReplayTheSpireMod:Ring of Addiction":4,"Dead Branch":36,"PreservedInsect":31,"Pen Nib":37,"Replay:Baseball":46,"Pandora\u0027s Box":17,"Membership Card":34,"Mirror":43,"Toy Ornithopter":4},{"ReplayTheSpireMod:Ring of Exchange":1,"Lantern":2,"Vajra":8,"Blue Doll":19,"Juzu Bracelet":1,"Burning Blood":0,"Replay:Rubber Ducky":16,"ClockworkSouvenir":19,"BranchBurnRelic":15,"Dream Catcher":10,"Centennial Puzzle":19,"Chameleon Ring":1,"Sundial":4,"Tiny Chest":5,"Red Mask":8,"ReplayTheSpireMod:Ninjato":10,"NeowsBlessing":0,"ReplayTheSpireMod:Ring of Addiction":1,"Dead Branch":14,"PreservedInsect":11,"Pen Nib":14,"Replay:Baseball":18,"Pandora\u0027s Box":6,"Membership Card":12,"Mirror":16,"Toy Ornithopter":1},{"ReplayTheSpireMod:Ring of Exchange":1,"Lantern":2,"Vajra":26,"Blue Doll":74,"Juzu Bracelet":1,"Burning Blood":0,"Replay:Rubber Ducky":61,"ClockworkSouvenir":74,"BranchBurnRelic":56,"Dream Catcher":33,"Centennial Puzzle":74,"Chameleon Ring":1,"Sundial":5,"Tiny Chest":7,"Red Mask":26,"ReplayTheSpireMod:Ninjato":33,"NeowsBlessing":0,"ReplayTheSpireMod:Ring of Addiction":1,"Dead Branch":53,"PreservedInsect":37,"Pen Nib":53,"Replay:Baseball":70,"Pandora\u0027s Box":18,"Membership Card":43,"Mirror":61,"Toy Ornithopter":1}],"Burning Blood":101,"Toy Ornithopter":40},"card_choices":[{"not_picked":["Dark Embrace","True Grit"],"picked":"Headbutt","floor":1},{"not_picked":["Double Tap","Twin Strike"],"picked":"Flex","floor":6},{"not_picked":["Cleave","Clothesline","Havoc"],"picked":"SKIP","floor":7},{"not_picked":["Armaments","Berserk"],"picked":"Inflame","floor":8},{"not_picked":["Twin Strike","Sword Boomerang"],"picked":"ReplayTheSpireMod:Stacked","floor":10},{"not_picked":["Impervious","Offering"],"picked":"Feed","floor":16},{"not_picked":["Pommel Strike","Clothesline"],"picked":"Clash+1","floor":18},{"not_picked":["Pommel Strike","Thunderclap"],"picked":"Warcry","floor":24},{"not_picked":["Blood for Blood","Clothesline","Fire Breathing"],"picked":"SKIP","floor":25},{"not_picked":["True Grit+1","Whirlwind"],"picked":"Clash","floor":31},{"not_picked":["Barricade","Eclipse"],"picked":"Feed","floor":33},{"not_picked":["True Grit","Havoc+1"],"picked":"Flex+1","floor":35},{"not_picked":["Reckless Charge+1","Sentinel+1"],"picked":"Flex","floor":36},{"not_picked":["Thunderclap","ReplayTheSpireMod:Corrosion Curse+1","Perfected Strike+1"],"picked":"SKIP","floor":39},{"not_picked":["Bloodletting","Hemokinesis+1"],"picked":"Clash+1","floor":41},{"not_picked":["Carnage","Clothesline+1"],"picked":"Bludgeon","floor":42},{"not_picked":["ReplayTheSpireMod:Corrosion Curse","Run Through","True Grit+1"],"picked":"SKIP","floor":45},{"not_picked":["Whirlwind","Cleave","Iron Wave"],"picked":"SKIP","floor":46},{"not_picked":["Cleave+1","Rage+1"],"picked":"Flex","floor":47}],"player_experience":144284,"relics_obtained":[{"floor":2,"key":"Juzu Bracelet"},{"floor":4,"key":"ReplayTheSpireMod:Ring of Addiction"},{"floor":4,"key":"ReplayTheSpireMod:Ring of Exchange"},{"floor":4,"key":"Chameleon Ring"},{"floor":4,"key":"Toy Ornithopter"},{"floor":6,"key":"Lantern"},{"floor":9,"key":"Sundial"},{"floor":14,"key":"Tiny Chest"},{"floor":20,"key":"Red Mask"},{"floor":26,"key":"ReplayTheSpireMod:Ninjato"},{"floor":27,"key":"Dream Catcher"},{"floor":31,"key":"PreservedInsect"},{"floor":36,"key":"Dead Branch"},{"floor":37,"key":"Pen Nib"},{"floor":41,"key":"Replay:Rubber Ducky"},{"floor":43,"key":"Mirror"},{"floor":46,"key":"Replay:Baseball"}],"event_choices":[{"cards_removed":["Strike_R"],"damage_healed":0,"gold_gain":0,"player_choice":"Card Removal","damage_taken":7,"max_hp_gain":0,"max_hp_loss":0,"event_name":"Golden Wing","floor":12,"gold_loss":0},{"damage_healed":0,"gold_gain":0,"cards_transformed":["Bash"],"player_choice":"Transformed","damage_taken":0,"max_hp_gain":0,"max_hp_loss":0,"event_name":"Transmorgrifier","floor":13,"gold_loss":0,"cards_obtained":["Second Wind"]},{"damage_healed":0,"gold_gain":0,"player_choice":"Joined the Cult","damage_taken":6,"max_hp_gain":0,"max_hp_loss":0,"event_name":"Nest","floor":19,"gold_loss":0,"cards_obtained":["RitualDagger"]},{"damage_healed":0,"gold_gain":0,"player_choice":"Fought Bandits","damage_taken":0,"max_hp_gain":0,"max_hp_loss":0,"event_name":"Masked Bandits","floor":20,"gold_loss":0},{"cards_removed":["Eclipse"],"damage_healed":0,"gold_gain":0,"player_choice":"Upgrade and Remove","damage_taken":0,"max_hp_gain":0,"max_hp_loss":0,"event_name":"Designer","floor":21,"gold_loss":90,"cards_upgraded":["Second Wind"]},{"cards_removed":["Second Wind"],"damage_healed":0,"gold_gain":0,"player_choice":"Elegance","damage_taken":0,"max_hp_gain":0,"max_hp_loss":0,"event_name":"Back to Basics","floor":30,"gold_loss":0},{"damage_healed":0,"gold_gain":0,"player_choice":"Fight","damage_taken":0,"max_hp_gain":0,"max_hp_loss":0,"event_name":"Mysterious Sphere","floor":36,"gold_loss":0},{"damage_healed":76,"gold_gain":0,"player_choice":"Heal","damage_taken":0,"max_hp_gain":0,"max_hp_loss":11,"event_name":"The Moai Head","floor":38,"gold_loss":0},{"damage_healed":0,"gold_gain":0,"player_choice":"Bought 1 Potion","damage_taken":0,"max_hp_gain":0,"max_hp_loss":0,"event_name":"The Woman in Blue","floor":44,"gold_loss":0}],"is_beta":false,"boss_relics":[{"not_picked":["Lee\u0027s Waffle","SacredBark"],"picked":"Pandora\u0027s Box"},{"not_picked":["Mark of Pain","Sling"],"picked":"Membership Card"}],"items_purged_floors":[5,48],"is_endless":false,"potions_floor_spawned":[1,6,8,20,24,35,46,47],"ascension_level":0}}