{"host":"vowwmltf0agfbljp","time":1610831818,"event":{"mods":["Bard","BaseMod","ChefMod","Downfall","Duelist Mod","Googly Eyes","Minty Spire (QoL Compilation)","Potionbrewer","StSLib","The Druid","The Elementalist","The Forsaken","The Necromancer","The Poker Player","TheFirefly","TheVacant"],"gold_per_floor":[112,112,112,60,60,60,60,60,60,89,89,100,30,30,30,135,135,135,135,135,135,135,135,135,135,135,66,66,66,66],"floor_reached":29,"language":"ENG","playtime":1433,"items_purged":[],"score":239,"play_id":"27436d76-5fb6-4bb9-8f9a-7f6ad4c17288","local_time":"20210116151658","is_ascension_mode":false,"campfire_choices":[{"data":"theDruid:BriarArmor","floor":6,"key":"SMITH"},{"data":"theDruid:Swipe","floor":8,"key":"SMITH"},{"data":"theDruid:BristlingBulwark","floor":11,"key":"SMITH"},{"data":"theDruid:BristlingDefense","floor":15,"key":"SMITH"},{"floor":23,"key":"REST"}],"circlet_count":0,"master_deck":["theDruid:Strike_O","theDruid:Strike_O+1","theDruid:Strike_O","theDruid:Strike_O","theDruid:Defend_O","theDruid:Defend_O","theDruid:Defend_O+1","theDruid:Defend_O+1","theDruid:BriarArmor+1","theDruid:WildSlash+1","theDruid:Swipe+1","theDruid:FeralPlants","theDruid:IronClaw","theDruid:BristlingBulwark+1","theDruid:BristlingDefense","theDruid:BristlingDefense+1","theDruid:SurvivalInstincts","theDruid:IronClaw","theDruid:IronClaw","theDruid:ThornStrike+1","theDruid:BrambleLash+1","theDruid:SpiritCall","theDruid:BristlingDefense"],"relics":["theDruid:CrownOfTheWilds","NlothsMask","Centennial Puzzle","Ectoplasm","Whetstone","Blue Candle"],"acts_visited":["Exordium","TheCity"],"potions_floor_usage":[16,25,25,25,25,28,29],"damage_taken":[{"damage":5,"enemies":"Jaw Worm","floor":1,"turns":2},{"damage":19,"enemies":"Gremlin Nob","floor":10,"turns":4},{"damage":0,"enemies":"Cultist","floor":12,"turns":3},{"damage":44,"enemies":"Slime Boss","floor":16,"turns":9},{"damage":12,"enemies":"Chosen","floor":18,"turns":5},{"damage":18,"enemies":"3 Byrds","floor":20,"turns":5},{"damage":13,"enemies":"Centurion and Healer","floor":22,"turns":7},{"damage":28,"enemies":"Shelled Parasite and Fungi","floor":24,"turns":5},{"damage":24,"enemies":"Gremlin Leader","floor":25,"turns":5},{"damage":16,"enemies":"Cultist and Chosen","floor":28,"turns":5},{"damage":12,"enemies":"Centurion and Healer","floor":29,"turns":1}],"seed_played":"3437025644077018731","potions_obtained":[{"floor":12,"key":"LiquidBronze"},{"floor":18,"key":"Explosive Potion"},{"floor":19,"key":"EntropicBrew"},{"floor":19,"key":"PowerPotion"},{"floor":25,"key":"SpeedPotion"},{"floor":28,"key":"potionbrewer:ToxicPotion"}],"is_trial":false,"path_per_floor":["M","$","?","$","?","R","?","R","T","E","R","M","$","?","R","B",null,"M","?","M","?","M","R","M","E","T","?","M","M"],"character_chosen":"DRUID","items_purchased":["theDruid:IronClaw","theDruid:BristlingDefense"],"campfire_rested":1,"item_purchase_floors":[4,13],"current_hp_per_floor":[70,70,70,70,55,55,55,55,55,36,36,36,36,61,61,17,75,63,63,45,45,32,54,26,2,2,22,6,0,0],"gold":66,"neow_bonus":"THREE_CARDS","is_daily":false,"chose_seed":false,"campfire_upgraded":4,"win_rate":0.0,"timestamp":1610831818,"path_taken":["M","$","?","?","?","R","?","R","T","E","R","M","$","?","R","BOSS","M","?","?","?","M","R","?","E","T","?","M","M"],"items_purchased_type":["Card","Card"],"build_version":"2020-12-22","purchased_purges":0,"victory":false,"max_hp_per_floor":[75,75,75,75,75,75,75,75,75,75,75,75,75,75,75,75,75,75,75,75,75,75,75,75,75,75,75,75,75,75],"card_choices":[{"not_picked":["theDruid:IronClaw","theDruid:BloodiedFur"],"picked":"theDruid:Swipe","floor":0},{"not_picked":["theDruid:ExposingSlash","theDruid:Slingshot"],"picked":"theDruid:FeralPlants","floor":1},{"not_picked":["theDruid:ViralBites","theDruid:NaturalAgility"],"picked":"theDruid:BristlingBulwark","floor":10},{"not_picked":["theDruid:Swipe","theDruid:Impale"],"picked":"theDruid:BristlingDefense","floor":12},{"not_picked":["theDruid:SerratedFlesh","theDruid:Rabid"],"picked":"theDruid:SurvivalInstincts","floor":16},{"not_picked":["theDruid:BackupSupplies+1","theDruid:WildArmor"],"picked":"theDruid:IronClaw","floor":18},{"not_picked":["theDruid:ExposingSlash","theDruid:FuriousSlash"],"picked":"theDruid:IronClaw","floor":20},{"not_picked":["theDruid:Thornburst","theDruid:Entangle+1"],"picked":"theDruid:ThornStrike+1","floor":22},{"not_picked":["theDruid:Gore","theDruid:WildArmor"],"picked":"theDruid:BrambleLash+1","floor":24},{"not_picked":["theDruid:HerbalismKit","theDruid:BagofTricks+1"],"picked":"theDruid:SpiritCall","floor":25},{"not_picked":["theDruid:Fortitude","theDruid:TwilightsCall"],"picked":"theDruid:BristlingDefense","floor":28}],"player_experience":533564,"relics_obtained":[{"floor":10,"key":"Centennial Puzzle"},{"floor":25,"key":"Whetstone"},{"floor":26,"key":"Blue Candle"}],"event_choices":[{"damage_healed":0,"gold_gain":0,"player_choice":"Trade","damage_taken":0,"relics_obtained":["NlothsMask"],"max_hp_gain":0,"max_hp_loss":0,"event_name":"FaceTrader","floor":3,"gold_loss":0},{"damage_healed":0,"gold_gain":0,"player_choice":"Entered Light","damage_taken":15,"max_hp_gain":0,"max_hp_loss":0,"event_name":"Shining Light","floor":5,"gold_loss":0,"cards_upgraded":["theDruid:Defend_O","theDruid:Defend_O"]},{"damage_healed":25,"gold_gain":0,"player_choice":"Banana","damage_taken":0,"max_hp_gain":0,"max_hp_loss":0,"event_name":"Big Fish","floor":14,"gold_loss":0},{"damage_healed":0,"gold_gain":0,"player_choice":"Got Potions","damage_taken":0,"max_hp_gain":0,"max_hp_loss":0,"event_name":"Lab","floor":19,"gold_loss":0},{"damage_healed":0,"gold_gain":0,"player_choice":"Ignored","damage_taken":0,"max_hp_gain":0,"max_hp_loss":0,"event_name":"Golden Shrine","floor":21,"gold_loss":0}],"is_beta":false,"boss_relics":[{"not_picked":["Astrolabe","theForsaken:PaleLantern"],"picked":"Ectoplasm"}],"items_purged_floors":[],"is_endless":false,"potions_floor_spawned":[12,18,25,28],"killed_by":"Centurion and Healer","ascension_level":0}}