{"host":"0iey8v53xvwqxh5z","time":1610840746,"event":{"mods":["BaseMod","BetterRewards","Hermit","Hubris","Minty Spire (QoL Compilation)","Relic Stats","Replay The Spire","Shop Mod","StSLib","The Cursed"],"gold_per_floor":[112,125,204,218,235,235,27,27,27,27,61,75,175,186,186,285,285,305,318,318,338,351,379,379,394,463,477,507,507,536,546,546,645,645,655,668,668,44,61,91,168,197,265,265,293,293,293,322,322,322,322,322,86,111,111],"floor_reached":56,"language":"ENG","playtime":3580,"items_purged":["Strike_P"],"score":1924,"play_id":"eb70a8d0-6b29-4091-ae52-9aeff771121c","local_time":"20210116184546","is_ascension_mode":true,"campfire_choices":[{"floor":6,"key":"REST"},{"data":"BattleHymn","floor":8,"key":"SMITH"},{"data":"Eruption","floor":15,"key":"SMITH"},{"floor":29,"key":"REST"},{"floor":32,"key":"REST"},{"floor":44,"key":"RECALL"},{"floor":47,"key":"REST"},{"data":"WaveOfTheHand","floor":49,"key":"SMITH"},{"data":"PanicButton","floor":52,"key":"SMITH"}],"circlet_count":0,"master_deck":["Strike_P+1","Strike_P+1","Strike_P+1","Defend_P+1","Defend_P+1","Defend_P+1","Defend_P+1","Eruption+1","Vigilance+1","ThirdEye+1","Adaptation+1","Replay:BluntJabs+1","CarveReality+1","FlurryOfBlows+1","BattleHymn+1","Sanctity+1","CrushJoints+1","ReachHeaven+1","LessonLearned+1","JustLucky+1","Crescendo+1","Pain","FollowUp+1","ClearTheMind+1","Wallop+1","Wallop+1","MasterReality+1","FearNoEvil+1","EmptyBody+1","Vault+1","LikeWater+1","hubris:Insight+1","PanicButton+1","Finesse+1","LikeWater+1","WaveOfTheHand+1","LikeWater+1","EmptyFist+1","Wallop+1","TalkToTheHand+1","Replay:ManipulateFuture+1","Flash of Steel+1","Replay:ManipulateFuture+1"],"relics":["HolyWater","hubris:Potato","Counterbalance","Oddly Smooth Stone","hubris:SphereOfDissonance","ReplayTheSpireMod:TigerMarble","Molten Egg 2","Lantern","hubris:TerracottaHorce","WarpedTongs","Replay:Bottled Flurry","Gremlin Horn","War Paint","PreservedInsect","DollysMirror","Frozen Egg 2","hubris:ToyBattleship","Unceasing Top","InkBottle","Pen Nib","Replay:Baseball","Frozen Eye","White Beast Statue"],"acts_visited":["Exordium","TheCity","TheBeyond","TheEnding"],"potions_floor_usage":[18,18,21,23,28,28,46,46,50],"damage_taken":[{"damage":0,"enemies":"Cultist","floor":1,"turns":4},{"damage":0,"enemies":"Jaw Worm","floor":2,"turns":4},{"damage":0,"enemies":"Small Slimes","floor":4,"turns":1},{"damage":10,"enemies":"Exordium Thugs","floor":5,"turns":2},{"damage":0,"enemies":"Lagavulin","floor":11,"turns":2},{"damage":2,"enemies":"Lots of Slimes","floor":12,"turns":3},{"damage":0,"enemies":"Blue Slaver","floor":14,"turns":2},{"damage":0,"enemies":"Slime Boss","floor":16,"turns":2},{"damage":0,"enemies":"3 Byrds","floor":18,"turns":3},{"damage":9,"enemies":"Spheric Guardian","floor":19,"turns":4},{"damage":11,"enemies":"Centurion and Healer","floor":21,"turns":4},{"damage":0,"enemies":"Snake Plant","floor":22,"turns":3},{"damage":4,"enemies":"Book of Stabbing","floor":23,"turns":3},{"damage":10,"enemies":"Shelled Parasite and Fungi","floor":25,"turns":6},{"damage":0,"enemies":"Snecko","floor":27,"turns":3},{"damage":10,"enemies":"Gremlin Leader","floor":28,"turns":3},{"damage":8,"enemies":"Slavers","floor":30,"turns":3},{"damage":0,"enemies":"Sentry and Sphere","floor":31,"turns":2},{"damage":28,"enemies":"hubris:MusketHawk","floor":33,"turns":6},{"damage":0,"enemies":"3 Shapes","floor":35,"turns":6},{"damage":4,"enemies":"Orb Walker","floor":36,"turns":2},{"damage":0,"enemies":"Transient","floor":39,"turns":6},{"damage":0,"enemies":"R_Hoarder","floor":40,"turns":3},{"damage":0,"enemies":"Reptomancer","floor":42,"turns":2},{"damage":0,"enemies":"Giant Head","floor":45,"turns":7},{"damage":0,"enemies":"3 Darklings","floor":46,"turns":1},{"damage":0,"enemies":"R_Hoarder","floor":48,"turns":5},{"damage":3,"enemies":"Donu and Deca","floor":50,"turns":5},{"damage":0,"enemies":"Shield and Spear","floor":54,"turns":6},{"damage":34,"enemies":"The Heart","floor":55,"turns":11}],"seed_played":"2098023644299237715","potions_obtained":[{"floor":1,"key":"LifebloodPotion"},{"floor":5,"key":"LiquidMemories"},{"floor":11,"key":"Flashbang"},{"floor":18,"key":"SmokeBomb"},{"floor":19,"key":"Cursed Concoction"},{"floor":22,"key":"Ancient Potion"},{"floor":23,"key":"SteroidPotion"},{"floor":36,"key":"PowerPotion"},{"floor":40,"key":"BlessingOfTheForge"},{"floor":42,"key":"SkillPotion"}],"is_trial":false,"path_per_floor":["M","M","T","M","M","R","$","R","T","$","E","M","?","M","R","B",null,"M","M","?","M","M","E","?","M","T","M","E","R","E","M","R","B",null,"M","M","?","$","M","E","T","E","T","R","E","M","R","E","R","B",null,"R","$","E","B",null],"character_chosen":"WATCHER","items_purchased":["hubris:Potato","Oddly Smooth Stone","ThirdEye","Adaptation","ReplayTheSpireMod:TigerMarble","Sanctity+1","DollysMirror","WaveOfTheHand","Frozen Egg 2","LikeWater+1","Frozen Eye","Flash of Steel+1"],"campfire_rested":4,"item_purchase_floors":[0,0,0,0,7,7,38,38,38,38,53,53],"current_hp_per_floor":[40,40,40,40,30,51,51,51,51,51,51,49,49,49,49,49,66,66,57,57,46,46,42,42,32,32,32,22,43,35,35,56,28,61,61,57,47,47,47,47,47,47,47,47,47,47,68,68,68,65,70,70,70,70,36],"gold":111,"neow_bonus":"","is_daily":false,"chose_seed":false,"campfire_upgraded":4,"win_rate":0.0,"timestamp":1610840746,"path_taken":["M","M","?","?","M","R","$","R","T","?","E","M","?","M","R","BOSS","M","M","?","M","?","E","?","M","T","?","E","R","E","M","R","BOSS","M","M","?","$","M","E","?","E","T","R","E","M","R","E","R","BOSS","R","$","E","BOSS"],"items_purchased_type":["Relic","Relic","Card","Card","Relic","Card","Relic","Card","Relic","Card","Relic","Card"],"build_version":"2020-12-22","purchased_purges":1,"victory":true,"max_hp_per_floor":[72,72,72,72,72,72,72,72,72,72,72,72,72,72,72,72,72,72,72,72,72,72,72,72,72,72,72,72,72,72,72,72,72,72,72,72,72,72,72,72,72,72,72,72,72,72,72,72,72,72,72,72,72,72,72],"relic_stats":{"Gremlin Horn":[12,12],"counters":[541,2732],"PreservedInsect":401,"Pen Nib":[9],"War Paint":["ThirdEye","Vigilance"],"obtain_stats":[{"Replay:Accelerometer":42,"hubris:MysteriousPyramids":42,"Sling":53,"Ring of Searing":46,"Blood Vial":25,"Replay:Wanted Poster":38,"hubris:HerbalPaste":53,"hubris:AstralHammer":44,"Fusion Hammer":17,"HandDrill":57,"Replay:Bottled Flurry":23,"Replay:Bottled Steam":36,"TheCursedMod:BlackMagic101":0,"MerchantsRug":19,"Eternal Feather":23,"Pen Nib":31,"Bird Faced Urn":14,"ReplayTheSpireMod:Ring of Collecting":2,"Unceasing Top":0,"hubris:Reverence":54,"Regal Pillow":6,"Torii":0,"GremlinMask":29,"hubris:EmptyBottle":0,"Ancient Tea Set":44,"Pet Ghost":10,"hubris:Backtick":17,"Toolbox":3,"hubris:CuriousFeather":0,"Chemical X":0,"Replay:Bottled Eggs":28,"InkBottle":40,"Potion Belt":45,"Lee\u0027s Waffle":0,"Golden Idol":3,"hubris:64BitClover":28,"PreservedInsect":26,"Ring of Greed":5,"hubris:Towel":37,"Replay:Arrowhead":0,"hubris:Spice":0,"Ornamental Fan":0,"Ring of Misfortune":20,"Garlic":26,"Durian":9,"hubris:BottledRain":9,"Ice Cream":39,"Calipers":0,"Gremlin Horn":20,"Nilry\u0027s Codex":19,"hubris:VirtuousBlindfold":34,"hubris:TerracottaHorce":19,"Centennial Puzzle":8,"Honey Jar":0,"Philosopher\u0027s Stone":17,"Iron Hammer":0,"Girya":26,"hubris:Teleporter":13,"hubris:DuctTape":57,"ReplayTheSpireMod:CursedCoin":0,"Ring of Chaos":34,"WarpedTongs":2,"hubris:Zylophone":0,"OrangePellets":0,"hubris:PeanutButter":9,"Onion Ring":54,"Mirror":38,"Pocketwatch":0,"Juzu Bracelet":42,"Empty Cage":34,"Dream Catcher":6,"Nunchaku":53,"hubris:Icosahedron":9,"Chameleon Ring":11,"Red Mask":21,"Replay:Bottled Snecko":28,"hubris:MedicalManual":42,"Replay:WaspNest":53,"Odd Mushroom":10,"Medical Kit":0,"Mercury Hourglass":0,"Strange Spoon":0,"Cauldron":53,"Pondfish Scales":14,"HolyWater":34,"hubris:BundleOfHerbs":0,"Bag of Marbles":31,"Membership Card":0,"FossilizedHelix":6,"hubris:OldNail":0,"ReplayTheSpireMod:ShopPack":45,"Golden Egg":20,"Whetstone":44,"Ginger":0,"Boot":40,"Old Coin":5,"Replay:Ringing Soul":53,"TheCursedMod:CrystalBall":7,"hubris:DeckOfHolding":40,"MealTicket":28,"Kunai":29,"Replay:Wax Seal":0,"hubris:TinFlute":28,"Pear":58,"Counterbalance":0,"ReplayTheSpireMod:Ring of Addiction":26,"hubris:SphereOfDissonance":40,"Replay:Ancient Bell":17,"SlaversCollar":34,"Runic Dome":34,"hubris:TenFootPole":0,"Kintsugi":17,"Abe\u0027s Treasure":17,"TheCursedMod:SoulVessel":46,"TheCursedMod:FourLeafCloverCharm":17,"Lantern":53,"Blue Doll":27,"StoneCalendar":53,"Bag of Preparation":46,"Replay:Multitool":40,"Cursed Key":17,"hubris:EvacipatedBox":41,"Replay:Rubber Ducky":0,"Matryoshka":6,"Ring of Peace":11,"WingedGreaves":0,"hubris:FunFungus":43,"Ring of Panic":5,"hubris:GlazedTorus":0,"TheCursedMod:BlackMagicAdvanced":34,"Thread and Needle":0,"Frozen Egg 2":0,"MawBank":13,"Bloody Idol":27,"Orrery":0,"Bottled Lightning":54,"ReplayTheSpireMod:Ring of Challenge":20,"ReplayTheSpireMod:Lightbulb":54,"Toy Ornithopter":9,"Mark of the Bloom":49,"hubris:CrystalStatue":34,"TheCursedMod:Tack":54,"Vajra":0,"Lizard Tail":25,"HornCleat":0,"DollysMirror":28,"Strawberry":46,"Toxic Egg 2":0,"Happy Flower":53,"Ring of Hypnosis":5,"Oddly Smooth Stone":0,"Replay:Kaleidoscope":47,"Letter Opener":53,"War Paint":0,"Replay:Baseball":21,"Bottled Flame":9,"ReplayTheSpireMod:Shallot":9,"Shuriken":9,"Bronze Scales":27,"Simple Rune":23,"Molten Egg 2":21,"Black Star":34,"ReplayTheSpireMod:TigerMarble":39,"hubris:ToyBattleship":26,"Nloth\u0027s Gift":30,"Grinning Jar":11,"Meat on the Bone":15,"ReplayFunnel":21,"Darkstone Periapt":30,"TheCursedMod:BloodyHarpoon":54,"ReplayTheSpireMod:Ring of Exchange":5,"Replay:PocketPolymizer":0,"Snecko Heart":24,"Mango":0,"Incense Burner":0,"hubris:SlimyHat":28,"ClockworkSouvenir":22,"Frozen Eye":38,"SsserpentHead":5,"Replay:Bandana":7,"Mummified Hand":53,"Pantograph":22,"Gambling Chip":0,"Gremlin Food":28,"hubris:DisguiseKit":14,"BargainBundle":0,"Replay:Towering Pillar of Hats":0,"Quantum Egg":0,"TheCursedMod:MagicCandle":0,"Orichalcum":0,"White Beast Statue":0,"Peace Pipe":12,"CaptainsWheel":19,"Anchor":10,"TheCursedMod:OminousMark":34,"ChewingGum":53,"Ring of Fury":2,"Snack Pack":54,"Coffee Dripper":17,"hubris:GrandSneckoEye":17,"TungstenRod":44,"hubris:Potato":0,"hubris:NiceRug":53},{"Replay:Accelerometer":327,"hubris:MysteriousPyramids":107,"Sling":221,"Ring of Searing":385,"Blood Vial":12,"Replay:Wanted Poster":75,"hubris:HerbalPaste":144,"hubris:AstralHammer":50,"Fusion Hammer":397,"HandDrill":84,"Replay:Bottled Flurry":524,"Replay:Bottled Steam":324,"TheCursedMod:BlackMagic101":0,"MerchantsRug":398,"Eternal Feather":11,"Pen Nib":13,"Bird Faced Urn":342,"ReplayTheSpireMod:Ring of Collecting":445,"Unceasing Top":146,"hubris:Reverence":197,"Regal Pillow":309,"Torii":198,"GremlinMask":292,"hubris:EmptyBottle":25,"Ancient Tea Set":79,"Pet Ghost":61,"hubris:Backtick":370,"Toolbox":1,"hubris:CuriousFeather":171,"Chemical X":25,"Replay:Bottled Eggs":348,"InkBottle":326,"Potion Belt":20,"Lee\u0027s Waffle":115,"Golden Idol":59,"hubris:64BitClover":129,"PreservedInsect":41,"Ring of Greed":279,"hubris:Towel":47,"Replay:Arrowhead":25,"hubris:Spice":25,"Ornamental Fan":171,"Ring of Misfortune":424,"Garlic":12,"Durian":175,"hubris:BottledRain":200,"Ice Cream":105,"Calipers":57,"Gremlin Horn":37,"Nilry\u0027s Codex":180,"hubris:VirtuousBlindfold":351,"hubris:TerracottaHorce":65,"Centennial Puzzle":30,"Honey Jar":0,"Philosopher\u0027s Stone":7,"Iron Hammer":57,"Girya":69,"hubris:Teleporter":33,"hubris:DuctTape":83,"ReplayTheSpireMod:CursedCoin":246,"Ring of Chaos":493,"WarpedTongs":87,"hubris:Zylophone":25,"OrangePellets":25,"hubris:PeanutButter":4,"Onion Ring":114,"Mirror":47,"Pocketwatch":416,"Juzu Bracelet":270,"Empty Cage":213,"Dream Catcher":3,"Nunchaku":169,"hubris:Icosahedron":60,"Chameleon Ring":366,"Red Mask":97,"Replay:Bottled Snecko":129,"hubris:MedicalManual":138,"Replay:WaspNest":415,"Odd Mushroom":448,"Medical Kit":277,"Mercury Hourglass":25,"Strange Spoon":86,"Cauldron":196,"Pondfish Scales":63,"HolyWater":530,"hubris:BundleOfHerbs":86,"Bag of Marbles":45,"Membership Card":25,"FossilizedHelix":29,"hubris:OldNail":57,"ReplayTheSpireMod:ShopPack":243,"Golden Egg":207,"Whetstone":20,"Ginger":86,"Boot":269,"Old Coin":279,"Replay:Ringing Soul":144,"TheCursedMod:CrystalBall":90,"hubris:DeckOfHolding":106,"MealTicket":233,"Kunai":70,"Replay:Wax Seal":25,"hubris:TinFlute":183,"Pear":85,"Counterbalance":25,"ReplayTheSpireMod:Ring of Addiction":457,"hubris:SphereOfDissonance":19,"Replay:Ancient Bell":343,"SlaversCollar":14,"Runic Dome":236,"hubris:TenFootPole":334,"Kintsugi":229,"Abe\u0027s Treasure":154,"TheCursedMod:SoulVessel":52,"TheCursedMod:FourLeafCloverCharm":122,"Lantern":196,"Blue Doll":127,"StoneCalendar":169,"Bag of Preparation":21,"Replay:Multitool":48,"Cursed Key":35,"hubris:EvacipatedBox":465,"Replay:Rubber Ducky":25,"Matryoshka":419,"Ring of Peace":152,"WingedGreaves":115,"hubris:FunFungus":242,"Ring of Panic":279,"hubris:GlazedTorus":86,"TheCursedMod:BlackMagicAdvanced":431,"Thread and Needle":198,"Frozen Egg 2":198,"MawBank":94,"Bloody Idol":182,"Orrery":25,"Bottled Lightning":389,"ReplayTheSpireMod:Ring of Challenge":424,"ReplayTheSpireMod:Lightbulb":222,"Toy Ornithopter":251,"Mark of the Bloom":80,"hubris:CrystalStatue":73,"TheCursedMod:Tack":170,"Vajra":361,"Lizard Tail":126,"HornCleat":115,"DollysMirror":12,"Strawberry":166,"Toxic Egg 2":86,"Happy Flower":196,"Ring of Hypnosis":392,"Oddly Smooth Stone":25,"Replay:Kaleidoscope":141,"Letter Opener":275,"War Paint":25,"Replay:Baseball":9,"Bottled Flame":151,"ReplayTheSpireMod:Shallot":119,"Shuriken":30,"Bronze Scales":291,"Simple Rune":98,"Molten Egg 2":124,"Black Star":46,"ReplayTheSpireMod:TigerMarble":105,"hubris:ToyBattleship":232,"Nloth\u0027s Gift":491,"Grinning Jar":5,"Meat on the Bone":63,"ReplayFunnel":258,"Darkstone Periapt":264,"TheCursedMod:BloodyHarpoon":276,"ReplayTheSpireMod:Ring of Exchange":392,"Replay:PocketPolymizer":223,"Snecko Heart":401,"Mango":25,"Incense Burner":25,"hubris:SlimyHat":69,"ClockworkSouvenir":180,"Frozen Eye":134,"SsserpentHead":476,"Replay:Bandana":119,"Mummified Hand":220,"Pantograph":97,"Gambling Chip":146,"Gremlin Food":43,"hubris:DisguiseKit":94,"BargainBundle":361,"Replay:Towering Pillar of Hats":115,"Quantum Egg":223,"TheCursedMod:MagicCandle":25,"Orichalcum":334,"White Beast Statue":25,"Peace Pipe":62,"CaptainsWheel":123,"Anchor":176,"TheCursedMod:OminousMark":161,"ChewingGum":415,"Ring of Fury":445,"Snack Pack":24,"Coffee Dripper":95,"hubris:GrandSneckoEye":315,"TungstenRod":243,"hubris:Potato":511,"hubris:NiceRug":55},{"Replay:Accelerometer":1603,"hubris:MysteriousPyramids":566,"Sling":1169,"Ring of Searing":1948,"Blood Vial":62,"Replay:Wanted Poster":406,"hubris:HerbalPaste":727,"hubris:AstralHammer":280,"Fusion Hammer":2023,"HandDrill":443,"Replay:Bottled Flurry":2655,"Replay:Bottled Steam":1591,"TheCursedMod:BlackMagic101":0,"MerchantsRug":2026,"Eternal Feather":58,"Pen Nib":66,"Bird Faced Urn":1675,"ReplayTheSpireMod:Ring of Collecting":2215,"Unceasing Top":738,"hubris:Reverence":1023,"Regal Pillow":1511,"Torii":1030,"GremlinMask":1440,"hubris:EmptyBottle":130,"Ancient Tea Set":424,"Pet Ghost":338,"hubris:Backtick":1866,"Toolbox":3,"hubris:CuriousFeather":879,"Chemical X":130,"Replay:Bottled Eggs":1710,"InkBottle":1600,"Potion Belt":102,"Lee\u0027s Waffle":616,"Golden Idol":330,"hubris:64BitClover":664,"PreservedInsect":213,"Ring of Greed":1396,"hubris:Towel":252,"Replay:Arrowhead":130,"hubris:Spice":130,"Ornamental Fan":879,"Ring of Misfortune":2139,"Garlic":62,"Durian":896,"hubris:BottledRain":1037,"Ice Cream":557,"Calipers":327,"Gremlin Horn":188,"Nilry\u0027s Codex":930,"hubris:VirtuousBlindfold":1732,"hubris:TerracottaHorce":357,"Centennial Puzzle":151,"Honey Jar":0,"Philosopher\u0027s Stone":32,"Iron Hammer":327,"Girya":378,"hubris:Teleporter":163,"hubris:DuctTape":439,"ReplayTheSpireMod:CursedCoin":1253,"Ring of Chaos":2483,"WarpedTongs":459,"hubris:Zylophone":130,"OrangePellets":130,"hubris:PeanutButter":14,"Onion Ring":607,"Mirror":252,"Pocketwatch":2099,"Juzu Bracelet":1356,"Empty Cage":1127,"Dream Catcher":13,"Nunchaku":853,"hubris:Icosahedron":331,"Chameleon Ring":1834,"Red Mask":507,"Replay:Bottled Snecko":664,"hubris:MedicalManual":700,"Replay:WaspNest":2096,"Odd Mushroom":2235,"Medical Kit":1392,"Mercury Hourglass":130,"Strange Spoon":455,"Cauldron":1017,"Pondfish Scales":347,"HolyWater":2678,"hubris:BundleOfHerbs":455,"Bag of Marbles":237,"Membership Card":130,"FossilizedHelix":143,"hubris:OldNail":327,"ReplayTheSpireMod:ShopPack":1239,"Golden Egg":1076,"Whetstone":102,"Ginger":455,"Boot":1351,"Old Coin":1396,"Replay:Ringing Soul":727,"TheCursedMod:CrystalBall":470,"hubris:DeckOfHolding":562,"MealTicket":1209,"Kunai":384,"Replay:Wax Seal":130,"hubris:TinFlute":946,"Pear":448,"Counterbalance":130,"ReplayTheSpireMod:Ring of Addiction":2275,"hubris:SphereOfDissonance":95,"Replay:Ancient Bell":1685,"SlaversCollar":79,"Runic Dome":1218,"hubris:TenFootPole":1640,"Kintsugi":1197,"Abe\u0027s Treasure":773,"TheCursedMod:SoulVessel":289,"TheCursedMod:FourLeafCloverCharm":637,"Lantern":1017,"Blue Doll":659,"StoneCalendar":853,"Bag of Preparation":107,"Replay:Multitool":266,"Cursed Key":180,"hubris:EvacipatedBox":2310,"Replay:Rubber Ducky":130,"Matryoshka":2113,"Ring of Peace":758,"WingedGreaves":616,"hubris:FunFungus":1235,"Ring of Panic":1396,"hubris:GlazedTorus":455,"TheCursedMod:BlackMagicAdvanced":2162,"Thread and Needle":1030,"Frozen Egg 2":1030,"MawBank":487,"Bloody Idol":943,"Orrery":130,"Bottled Lightning":1968,"ReplayTheSpireMod:Ring of Challenge":2139,"ReplayTheSpireMod:Lightbulb":1173,"Toy Ornithopter":1275,"Mark of the Bloom":427,"hubris:CrystalStatue":397,"TheCursedMod:Tack":863,"Vajra":1798,"Lizard Tail":654,"HornCleat":616,"DollysMirror":62,"Strawberry":832,"Toxic Egg 2":455,"Happy Flower":1017,"Ring of Hypnosis":1982,"Oddly Smooth Stone":130,"Replay:Kaleidoscope":712,"Letter Opener":1379,"War Paint":130,"Replay:Baseball":45,"Bottled Flame":753,"ReplayTheSpireMod:Shallot":625,"Shuriken":151,"Bronze Scales":1437,"Simple Rune":510,"Molten Egg 2":644,"Black Star":245,"ReplayTheSpireMod:TigerMarble":557,"hubris:ToyBattleship":1206,"Nloth\u0027s Gift":2466,"Grinning Jar":21,"Meat on the Bone":347,"ReplayFunnel":1308,"Darkstone Periapt":1332,"TheCursedMod:BloodyHarpoon":1384,"ReplayTheSpireMod:Ring of Exchange":1982,"Replay:PocketPolymizer":1179,"Snecko Heart":2037,"Mango":130,"Incense Burner":130,"hubris:SlimyHat":378,"ClockworkSouvenir":930,"Frozen Eye":679,"SsserpentHead":2367,"Replay:Bandana":625,"Mummified Hand":1161,"Pantograph":507,"Gambling Chip":738,"Gremlin Food":227,"hubris:DisguiseKit":487,"BargainBundle":1798,"Replay:Towering Pillar of Hats":616,"Quantum Egg":1179,"TheCursedMod:MagicCandle":130,"Orichalcum":1640,"White Beast Statue":130,"Peace Pipe":342,"CaptainsWheel":643,"Anchor":902,"TheCursedMod:OminousMark":811,"ChewingGum":2096,"Ring of Fury":2215,"Snack Pack":121,"Coffee Dripper":498,"hubris:GrandSneckoEye":1546,"TungstenRod":1239,"hubris:Potato":2618,"hubris:NiceRug":311}],"Unceasing Top":[0],"InkBottle":[17],"WarpedTongs":[72]},"card_choices":[{"not_picked":["Worship","PathToVictory"],"picked":"Replay:BluntJabs","floor":1},{"not_picked":["EmptyMind","Halt"],"picked":"CarveReality","floor":2},{"not_picked":["Replay:Vibes","PathToVictory"],"picked":"FlurryOfBlows","floor":4},{"not_picked":["Protect","ReachHeaven"],"picked":"BattleHymn","floor":5},{"not_picked":["BowlingBash+1","Indignation"],"picked":"CrushJoints+1","floor":11},{"not_picked":["CarveReality+1","Judgement","BowlingBash+1"],"picked":"SKIP","floor":12},{"not_picked":["Crescendo","EmptyBody"],"picked":"ReachHeaven+1","floor":14},{"not_picked":["Replay:LoomingThreat","DevaForm"],"picked":"LessonLearned+1","floor":16},{"not_picked":["Consecrate+1","Protect+1"],"picked":"JustLucky+1","floor":18},{"not_picked":["CarveReality+1","Replay:AtTheReady"],"picked":"Crescendo+1","floor":19},{"not_picked":["Study","LikeWater"],"picked":"FollowUp+1","floor":21},{"not_picked":["Replay:BluntJabs+1","Replay:ManipulateFuture"],"picked":"ClearTheMind+1","floor":22},{"not_picked":["CrushJoints+1","ClearTheMind"],"picked":"Wallop+1","floor":23},{"not_picked":["Nirvana","Consecrate+1","Replay:ManipulateFuture"],"picked":"SKIP","floor":25},{"not_picked":["Nirvana","SashWhip+1"],"picked":"MasterReality","floor":27},{"not_picked":["EmptyBody","Evaluate+1"],"picked":"FearNoEvil+1","floor":28},{"not_picked":["Replay:BluntJabs+1","Consecrate+1","Evaluate"],"picked":"SKIP","floor":30},{"not_picked":["Sanctity","CrushJoints+1"],"picked":"EmptyBody+1","floor":31},{"not_picked":["DeusExMachina","Establishment"],"picked":"Vault","floor":33},{"not_picked":["SashWhip+1","Indignation"],"picked":"LikeWater+1","floor":35},{"not_picked":["CarveReality+1","FollowUp+1","PathToVictory+1"],"picked":"SKIP","floor":36},{"not_picked":["Magnetism","Replay:Sssssssssshield"],"picked":"hubris:Insight","floor":37},{"not_picked":["Good Instincts","Dramatic Entrance+1"],"picked":"PanicButton","floor":37},{"not_picked":["Impatience","Replay:Sssssssssshield"],"picked":"Finesse","floor":37},{"not_picked":["FollowUp+1","Replay:ManipulateFuture","EmptyFist+1"],"picked":"SKIP","floor":39},{"not_picked":["FollowUp+1","Replay:ManipulateFuture"],"picked":"EmptyFist+1","floor":39},{"not_picked":["Swivel+1","Replay:BluntJabs+1"],"picked":"Wallop+1","floor":40},{"not_picked":["CrushJoints+1","Replay:AllIn"],"picked":"TalkToTheHand+1","floor":42},{"not_picked":["EmptyFist+1","Indignation","Replay:BluntJabs+1"],"picked":"SKIP","floor":45},{"not_picked":["Replay:Vibes","Swivel"],"picked":"Replay:ManipulateFuture+1","floor":48},{"not_picked":["BowlingBash+1","Protect+1"],"picked":"Replay:ManipulateFuture+1","floor":54}],"player_experience":244818,"relics_obtained":[{"floor":3,"key":"hubris:SphereOfDissonance"},{"floor":9,"key":"Molten Egg 2"},{"floor":11,"key":"Lantern"},{"floor":23,"key":"Replay:Bottled Flurry"},{"floor":26,"key":"Gremlin Horn"},{"floor":28,"key":"War Paint"},{"floor":30,"key":"PreservedInsect"},{"floor":40,"key":"hubris:ToyBattleship"},{"floor":42,"key":"Unceasing Top"},{"floor":43,"key":"InkBottle"},{"floor":45,"key":"Pen Nib"},{"floor":48,"key":"Replay:Baseball"},{"floor":54,"key":"White Beast Statue"}],"event_choices":[{"damage_healed":0,"gold_gain":100,"player_choice":"Pray","damage_taken":0,"max_hp_gain":0,"max_hp_loss":0,"event_name":"Golden Shrine","floor":13,"gold_loss":0},{"damage_healed":0,"gold_gain":0,"player_choice":"Rummage","damage_taken":0,"relics_obtained":["WarpedTongs"],"max_hp_gain":0,"max_hp_loss":0,"event_name":"Accursed Blacksmith","floor":20,"gold_loss":0,"cards_obtained":["Pain"]},{"damage_healed":0,"gold_gain":0,"player_choice":"Copied","damage_taken":0,"max_hp_gain":0,"max_hp_loss":0,"event_name":"Duplicator","floor":24,"gold_loss":0,"cards_obtained":["Wallop"]},{"damage_healed":0,"gold_gain":0,"player_choice":"Memory 3","damage_taken":10,"max_hp_gain":0,"max_hp_loss":0,"event_name":"SensoryStone","floor":37,"gold_loss":0}],"is_beta":false,"boss_relics":[{"not_picked":["Fusion Hammer","VioletLotus"],"picked":"hubris:TerracottaHorce"},{"not_picked":["Painkiller Herb","Replay:Bronze Core"],"picked":"HolyWater"}],"items_purged_floors":[38],"is_endless":false,"potions_floor_spawned":[1,5,11,16,18,19,22,23,36,40,42,46],"ascension_level":5}}