{"host":"6bsan6hkua32tfq7","time":1610830902,"event":{"mods":["BaseMod","Better Third Choice","Colored Map","Highlight Path","Minty Spire (QoL Compilation)","StSLib"],"gold_per_floor":[118,43,43,61,77,104,104,131,131,131,150,181,181,192,192,271,271,271,271,68,85,85,85,111,111,184,196,196,206,206,225,225,299,299,318,331,331,347,372,372,397,397,448,448,467,483,483,135,135,135,135],"floor_reached":50,"language":"ENG","playtime":2837,"items_purged":["Strike_B","Writhe"],"score":1145,"play_id":"7e1dffaa-5050-450c-9766-ff8c273f2933","local_time":"20210116220142","is_ascension_mode":true,"campfire_choices":[{"data":"Doom and Gloom","floor":7,"key":"SMITH"},{"data":"Dualcast","floor":10,"key":"SMITH"},{"floor":13,"key":"REST"},{"floor":15,"key":"REST"},{"data":"Doom and Gloom","floor":23,"key":"SMITH"},{"data":"Zap","floor":25,"key":"SMITH"},{"data":"Echo Form","floor":28,"key":"SMITH"},{"floor":30,"key":"REST"},{"floor":32,"key":"REST"},{"floor":40,"key":"REST"},{"floor":42,"key":"REST"},{"data":"Creative AI","floor":44,"key":"SMITH"},{"floor":49,"key":"RECALL"}],"circlet_count":0,"master_deck":["AscendersBane","Strike_B+1","Defend_B","Defend_B","Defend_B","Zap+1","Dualcast+1","Streamline","Doom and Gloom+1","Glacier","Lockon","Gash","Conserve Battery","Go for the Eyes","Doom and Gloom+1","Steam+1","Electrodynamics+1","Writhe","Echo Form+1","Steam+1","Steam+1","Undo+1","Writhe","Auto Shields+1","Creative AI+1","Skim+1","Self Repair","Glacier+1","Shame","Parasite","Fission+1","Skim+1"],"relics":["Cracked Core","NeowsBlessing","Whetstone","Blue Candle","Toxic Egg 2","Boot","Cursed Key","Letter Opener","Toy Ornithopter","Darkstone Periapt","Snecko Eye","Pocketwatch","Regal Pillow","Strawberry"],"acts_visited":["Exordium","TheCity","TheBeyond"],"potions_floor_usage":[12,18,27,33,33,33,33,39,50,50],"damage_taken":[{"damage":0,"enemies":"2 Louse","floor":1,"turns":1},{"damage":0,"enemies":"Cultist","floor":4,"turns":1},{"damage":0,"enemies":"Jaw Worm","floor":5,"turns":1},{"damage":11,"enemies":"Gremlin Nob","floor":6,"turns":3},{"damage":28,"enemies":"Lagavulin","floor":8,"turns":7},{"damage":10,"enemies":"3 Louse","floor":11,"turns":4},{"damage":8,"enemies":"Gremlin Nob","floor":12,"turns":3},{"damage":3,"enemies":"Red Slaver","floor":14,"turns":3},{"damage":9,"enemies":"The Guardian","floor":16,"turns":12},{"damage":0,"enemies":"Shell Parasite","floor":18,"turns":1},{"damage":0,"enemies":"3 Byrds","floor":21,"turns":2},{"damage":16,"enemies":"Book of Stabbing","floor":24,"turns":4},{"damage":14,"enemies":"Centurion and Healer","floor":27,"turns":6},{"damage":18,"enemies":"Sentry and Sphere","floor":29,"turns":4},{"damage":12,"enemies":"Chosen and Byrds","floor":31,"turns":8},{"damage":64,"enemies":"Collector","floor":33,"turns":8},{"damage":14,"enemies":"3 Darklings","floor":35,"turns":5},{"damage":14,"enemies":"3 Shapes","floor":36,"turns":4},{"damage":38,"enemies":"Jaw Worm Horde","floor":38,"turns":4},{"damage":8,"enemies":"Mind Bloom Boss Battle","floor":39,"turns":5},{"damage":29,"enemies":"Giant Head","floor":41,"turns":12},{"damage":25,"enemies":"Writhing Mass","floor":45,"turns":10},{"damage":21,"enemies":"Sphere and 2 Shapes","floor":46,"turns":7},{"damage":90,"enemies":"Awakened One","floor":50,"turns":11}],"seed_played":"-4642857722243261601","potions_obtained":[{"floor":6,"key":"SteroidPotion"},{"floor":11,"key":"BlessingOfTheForge"},{"floor":16,"key":"SmokeBomb"},{"floor":24,"key":"EntropicBrew"},{"floor":31,"key":"SteroidPotion"},{"floor":38,"key":"EssenceOfDarkness"},{"floor":46,"key":"SpeedPotion"}],"is_trial":false,"path_per_floor":["M","?","?","M","M","E","R","E","T","R","M","E","R","M","R","B",null,"M","?","$","M","?","R","E","R","T","M","R","M","R","M","R","B",null,"M","M","?","M","?","R","E","R","T","R","M","M","?","$","R","B"],"character_chosen":"DEFECT","items_purchased":["Echo Form","Steam+1","Ancient Potion","Strawberry"],"campfire_rested":6,"item_purchase_floors":[20,20,48,48],"current_hp_per_floor":[64,64,64,64,64,53,53,25,25,25,15,7,28,25,46,37,63,63,63,63,63,63,63,47,47,47,38,38,20,41,29,50,6,55,41,27,47,16,20,43,21,59,65,65,60,53,53,60,60,0,0],"gold":135,"neow_bonus":"THREE_ENEMY_KILL","is_daily":false,"chose_seed":false,"campfire_upgraded":6,"win_rate":0.0,"timestamp":1610830902,"path_taken":["M","?","?","M","?","E","R","E","T","R","M","E","R","?","R","BOSS","M","?","$","M","?","R","E","R","T","M","R","?","R","M","R","BOSS","M","M","?","M","?","R","E","R","T","R","M","M","?","$","R","BOSS"],"items_purchased_type":["Card","Card","Potion","Relic"],"build_version":"2020-12-22","purchased_purges":2,"victory":false,"max_hp_per_floor":[71,71,71,71,71,71,71,71,71,71,71,71,71,71,71,71,71,71,71,71,71,71,71,71,71,71,71,71,71,71,71,71,71,71,71,71,77,77,77,77,77,77,83,83,89,89,89,96,96,96,96],"card_choices":[{"not_picked":["Conserve Battery","Cold Snap"],"picked":"Streamline","floor":1},{"not_picked":["Reinforced Body","Hologram"],"picked":"Glacier","floor":4},{"not_picked":["Reinforced Body","BootSequence"],"picked":"Lockon","floor":5},{"not_picked":["White Noise","Thunder Strike"],"picked":"Gash","floor":6},{"not_picked":["Sunder","White Noise"],"picked":"Conserve Battery","floor":8},{"not_picked":["Aggregate+1","Stack+1"],"picked":"Go for the Eyes","floor":11},{"not_picked":["Reprogram+1","Streamline"],"picked":"Doom and Gloom","floor":12},{"not_picked":["Coolheaded+1","Amplify+1"],"picked":"Steam+1","floor":14},{"not_picked":["Core Surge","Machine Learning"],"picked":"Electrodynamics","floor":16},{"not_picked":["Reinforced Body+1","Barrage+1"],"picked":"Steam+1","floor":21},{"not_picked":["Doom and Gloom","Recycle+1"],"picked":"Undo+1","floor":24},{"not_picked":["Sweeping Beam","Streamline"],"picked":"Auto Shields+1","floor":27},{"not_picked":["Hello World","Fusion+1","Stack+1"],"picked":"SKIP","floor":29},{"not_picked":["Melter+1","Leap+1","Streamline"],"picked":"SKIP","floor":31},{"not_picked":["Meteor Strike","Fission+1"],"picked":"Creative AI","floor":33},{"not_picked":["Turbo+1","Conserve Battery+1"],"picked":"Skim+1","floor":35},{"not_picked":["Static Discharge","Leap+1"],"picked":"Self Repair","floor":36},{"not_picked":["Tempest+1","Doom and Gloom+1","Chaos+1"],"picked":"SKIP","floor":38},{"not_picked":["Leap+1","Steam+1"],"picked":"Glacier+1","floor":39},{"not_picked":["Barrage","Cold Snap","White Noise+1"],"picked":"SKIP","floor":41},{"not_picked":["Static Discharge+1","Tempest+1","Steam+1"],"picked":"SKIP","floor":45},{"not_picked":["Rebound","Coolheaded+1"],"picked":"Fission+1","floor":46}],"player_experience":5280012,"relics_obtained":[{"floor":6,"key":"Whetstone"},{"floor":8,"key":"Blue Candle"},{"floor":9,"key":"Toxic Egg 2"},{"floor":12,"key":"Boot"},{"floor":24,"key":"Toy Ornithopter"},{"floor":26,"key":"Darkstone Periapt"},{"floor":39,"key":"Pocketwatch"},{"floor":41,"key":"Regal Pillow"}],"event_choices":[{"cards_removed":["Strike_B"],"damage_healed":0,"gold_gain":0,"player_choice":"Card Removal","damage_taken":0,"max_hp_gain":0,"max_hp_loss":0,"event_name":"The Cleric","floor":2,"gold_loss":75},{"damage_healed":0,"gold_gain":0,"cards_transformed":["Defend_B"],"player_choice":"Transformed","damage_taken":0,"max_hp_gain":0,"max_hp_loss":0,"event_name":"Transmorgrifier","floor":3,"gold_loss":0,"cards_obtained":["Doom and Gloom"]},{"damage_healed":0,"gold_gain":0,"player_choice":"Opened","damage_taken":0,"relics_obtained":["Letter Opener"],"max_hp_gain":0,"max_hp_loss":0,"event_name":"The Mausoleum","floor":19,"gold_loss":0,"cards_obtained":["Writhe"]},{"damage_healed":0,"gold_gain":0,"player_choice":"Upgraded","damage_taken":0,"max_hp_gain":0,"max_hp_loss":0,"event_name":"Upgrade Shrine","floor":22,"gold_loss":0,"cards_upgraded":["Electrodynamics"]},{"damage_healed":14,"gold_gain":0,"player_choice":"Writhe","damage_taken":0,"max_hp_gain":0,"max_hp_loss":0,"event_name":"Winding Halls","floor":37,"gold_loss":0,"cards_obtained":["Writhe"]},{"damage_healed":0,"gold_gain":0,"player_choice":"Fight","damage_taken":0,"max_hp_gain":0,"max_hp_loss":0,"event_name":"MindBloom","floor":39,"gold_loss":0},{"damage_healed":0,"gold_gain":0,"cards_transformed":["Strike_B"],"player_choice":"Transformed","damage_taken":0,"max_hp_gain":0,"max_hp_loss":0,"event_name":"Transmorgrifier","floor":47,"gold_loss":0,"cards_obtained":["Skim"]}],"is_beta":false,"boss_relics":[{"not_picked":["Calling Bell","Coffee Dripper"],"picked":"Cursed Key"},{"not_picked":["Tiny House","SlaversCollar"],"picked":"Snecko Eye"}],"items_purged_floors":[20,48],"is_endless":false,"potions_floor_spawned":[6,11,16,18,24,31,38,46],"killed_by":"Awakened One","ascension_level":20}}