{"host":"yvb207ks1sg3cxef","time":1610788913,"event":{"mods":["2.2 Compatiblity","BaseMod","Bestiary","Colored Powertips","Minty Spire (QoL Compilation)","Permanent Neow","Quick Restart","Relic Stats","StSLib"],"gold_per_floor":[214,214,14,24,43,43,108,140,140,159,159,185,202,216,216,320,320,334,334,351,351,365,397,347,374,374,374,404,404,429,439,439,439,439],"floor_reached":33,"language":"ENG","playtime":1894,"items_purged":["Defend_B"],"score":492,"play_id":"be6a7815-0883-4e57-8afa-104d77d236fb","local_time":"20210116145153","is_ascension_mode":true,"campfire_choices":[{"data":"Fission","floor":6,"key":"SMITH"},{"data":"Seek","floor":15,"key":"SMITH"},{"data":"Fission","floor":27,"key":"SMITH"},{"data":"Zap","floor":29,"key":"SMITH"},{"floor":32,"key":"REST"}],"circlet_count":0,"master_deck":["Strike_B+1","Strike_B+1","Strike_B+1","Defend_B+1","Defend_B+1","Defend_B+1","Zap+1","Dualcast","Conserve Battery","Ball Lightning","Fission+1","Cold Snap","Streamline","Auto Shields","Sweeping Beam+1","Genetic Algorithm","Seek+1","Echo Form","Sweeping Beam+1","Capacitor","Creative AI","Coolheaded","RitualDagger+1","Blizzard+1","Fission+1","Conserve Battery+1","Clumsy","Capacitor+1","Genetic Algorithm","Defragment"],"relics":["Cracked Core","Question Card","Molten Egg 2","Kunai","Gremlin Horn","Cursed Key","Tiny Chest","Bottled Lightning","Prayer Wheel","Ancient Tea Set","Bottled Tornado"],"acts_visited":["Exordium","TheCity"],"potions_floor_usage":[23,25,25,28,30],"damage_taken":[{"damage":3,"enemies":"2 Louse","floor":1,"turns":2},{"damage":0,"enemies":"Small Slimes","floor":4,"turns":3},{"damage":0,"enemies":"Jaw Worm","floor":5,"turns":3},{"damage":25,"enemies":"3 Sentries","floor":7,"turns":6},{"damage":14,"enemies":"Lagavulin","floor":8,"turns":7},{"damage":8,"enemies":"Blue Slaver","floor":10,"turns":3},{"damage":7,"enemies":"3 Sentries","floor":12,"turns":5},{"damage":0,"enemies":"Lots of Slimes","floor":13,"turns":1},{"damage":0,"enemies":"Exordium Thugs","floor":14,"turns":3},{"damage":0,"enemies":"Hexaghost","floor":16,"turns":9},{"damage":0,"enemies":"3 Byrds","floor":18,"turns":4},{"damage":0,"enemies":"Chosen","floor":20,"turns":6},{"damage":0,"enemies":"Snecko","floor":22,"turns":7},{"damage":17,"enemies":"Book of Stabbing","floor":23,"turns":5},{"damage":11,"enemies":"Slavers","floor":25,"turns":6},{"damage":0,"enemies":"Gremlin Leader","floor":28,"turns":6},{"damage":23,"enemies":"Book of Stabbing","floor":30,"turns":7},{"damage":5,"enemies":"Shelled Parasite and Fungi","floor":31,"turns":18},{"damage":37,"enemies":"Automaton","floor":33,"turns":6}],"seed_played":"5041226404034679466","potions_obtained":[{"floor":5,"key":"LiquidMemories"},{"floor":7,"key":"FearPotion"},{"floor":12,"key":"LiquidMemories"},{"floor":13,"key":"Swift Potion"},{"floor":23,"key":"FearPotion"},{"floor":28,"key":"SkillPotion"}],"is_trial":false,"path_per_floor":["M","?","$","M","M","R","?","E","T","M","?","E","M","M","R","B",null,"M","?","M","?","M","E","?","E","T","R","E","R","E","M","R","B"],"character_chosen":"DEFECT","items_purchased":["Ball Lightning","Fission"],"campfire_rested":1,"item_purchase_floors":[3,3],"current_hp_per_floor":[72,65,65,65,65,65,40,26,26,18,18,11,11,11,11,11,75,75,75,75,69,69,52,52,41,41,41,41,41,18,13,35,0,0],"gold":439,"neow_bonus":"HUNDRED_GOLD","is_daily":false,"chose_seed":false,"campfire_upgraded":4,"win_rate":0.0,"timestamp":1610788913,"path_taken":["M","?","$","M","M","R","?","E","T","?","?","E","M","?","R","BOSS","M","?","M","?","M","E","?","E","T","R","E","R","E","?","R","BOSS"],"items_purchased_type":["Card","Card"],"build_version":"2020-12-22","purchased_purges":1,"victory":false,"max_hp_per_floor":[75,75,75,75,75,75,75,75,75,75,75,75,75,75,75,75,75,75,75,75,75,75,75,75,75,75,75,75,75,75,75,75,75,75],"relic_stats":{"Gremlin Horn":[18,18],"counters":[19,107],"Tiny Chest":0,"Prayer Wheel":1,"Kunai":[23],"Question Card":16,"Cursed Key":1,"obtain_stats":[{"Gremlin Horn":12,"Molten Egg 2":8,"Tiny Chest":23,"Prayer Wheel":26,"Kunai":9,"Bottled Lightning":25,"Bottled Tornado":30,"Cracked Core":0,"Question Card":7,"Cursed Key":17,"Ancient Tea Set":28},{"Gremlin Horn":7,"Molten Egg 2":5,"Tiny Chest":14,"Prayer Wheel":15,"Kunai":5,"Bottled Lightning":15,"Bottled Tornado":17,"Cracked Core":0,"Question Card":3,"Cursed Key":10,"Ancient Tea Set":16},{"Gremlin Horn":29,"Molten Egg 2":21,"Tiny Chest":64,"Prayer Wheel":70,"Kunai":21,"Bottled Lightning":70,"Bottled Tornado":83,"Cracked Core":0,"Question Card":8,"Cursed Key":42,"Ancient Tea Set":76}]},"card_choices":[{"not_picked":["Stack","Compile Driver"],"picked":"Conserve Battery","floor":1},{"not_picked":["Storm","Redo"],"picked":"Cold Snap","floor":4},{"not_picked":["Loop","Cold Snap"],"picked":"Streamline","floor":5},{"not_picked":["Ball Lightning","Compile Driver","Chill"],"picked":"Auto Shields","floor":7},{"not_picked":["Force Field","Gash+1","Lockon+1"],"picked":"Sweeping Beam+1","floor":8},{"not_picked":["Recycle","Hello World","Conserve Battery"],"picked":"Genetic Algorithm","floor":10},{"not_picked":["Barrage+1","Reinforced Body","Recycle"],"picked":"Echo Form","floor":12},{"not_picked":["Melter+1","White Noise","Storm"],"picked":"Sweeping Beam+1","floor":13},{"not_picked":["Skim","Gash+1","Doom and Gloom+1"],"picked":"Capacitor","floor":14},{"not_picked":["Multi-Cast","Hyperbeam+1","Rainbow"],"picked":"Creative AI","floor":16},{"not_picked":["Turbo","Static Discharge+1","Hologram"],"picked":"Coolheaded","floor":18},{"not_picked":["Turbo+1","Leap","Beam Cell+1","Double Energy+1"],"picked":"SKIP","floor":20},{"not_picked":["Turbo","Cold Snap+1","Leap"],"picked":"Blizzard+1","floor":22},{"not_picked":["Conserve Battery","Hello World+1","Go for the Eyes+1"],"picked":"Fission","floor":23},{"not_picked":["Stack+1","Reinforced Body","Redo"],"picked":"Conserve Battery+1","floor":25},{"not_picked":["Chaos","Auto Shields","Hologram","Sweeping Beam+1"],"picked":"SKIP","floor":28},{"not_picked":["Sunder+1","Beam Cell+1","Cold Snap+1"],"picked":"Capacitor+1","floor":30},{"not_picked":["Conserve Battery","Steam Power","Ball Lightning+1"],"picked":"Genetic Algorithm","floor":31},{"not_picked":["Ball Lightning+1","Steam","Hologram"],"picked":"Defragment","floor":31}],"player_experience":357428,"relics_obtained":[{"floor":8,"key":"Molten Egg 2"},{"floor":9,"key":"Kunai"},{"floor":12,"key":"Gremlin Horn"},{"floor":23,"key":"Tiny Chest"},{"floor":25,"key":"Bottled Lightning"},{"floor":26,"key":"Prayer Wheel"},{"floor":28,"key":"Ancient Tea Set"},{"floor":30,"key":"Bottled Tornado"}],"event_choices":[{"cards_removed":["Strike_B"],"damage_healed":0,"gold_gain":0,"player_choice":"Card Removal","damage_taken":7,"max_hp_gain":0,"max_hp_loss":0,"event_name":"Golden Wing","floor":2,"gold_loss":0},{"damage_healed":0,"gold_gain":30,"player_choice":"Searched \u00273\u0027 times","damage_taken":0,"relics_obtained":["Question Card"],"max_hp_gain":0,"max_hp_loss":0,"event_name":"Dead Adventurer","floor":7,"gold_loss":0},{"damage_healed":0,"gold_gain":0,"player_choice":"1 cards matched","damage_taken":0,"max_hp_gain":0,"max_hp_loss":0,"event_name":"Match and Keep!","floor":11,"gold_loss":0,"cards_obtained":["Seek"]},{"damage_healed":0,"gold_gain":0,"player_choice":"Simplicity","damage_taken":0,"max_hp_gain":0,"max_hp_loss":0,"event_name":"Back to Basics","floor":19,"gold_loss":0,"cards_upgraded":["Strike_B","Strike_B","Strike_B","Defend_B","Defend_B","Defend_B"]},{"damage_healed":0,"gold_gain":0,"player_choice":"Joined the Cult","damage_taken":6,"max_hp_gain":0,"max_hp_loss":0,"event_name":"Nest","floor":21,"gold_loss":0,"cards_obtained":["RitualDagger"]},{"damage_healed":0,"gold_gain":0,"player_choice":"Bet on Murderer","damage_taken":0,"max_hp_gain":0,"max_hp_loss":0,"event_name":"The Joust","floor":24,"gold_loss":50}],"is_beta":false,"boss_relics":[{"not_picked":["SlaversCollar","Fusion Hammer"],"picked":"Cursed Key"}],"items_purged_floors":[3],"is_endless":false,"potions_floor_spawned":[5,7,12,13,22,23,28],"killed_by":"Automaton","ascension_level":4}}