{"host":"f2dtkdj52ep8eeb0","time":1610809578,"event":{"mods":["2.2 Compatiblity","AchievementEnabler","Aspiration","BaseMod","Block Reminder","Defuse TimeMaze Blight","Hubris","Infinite Spire","Luminous","Marisa????????","Minty Spire (QoL Compilation)","Replay The Spire","Shade Mod","Spicy Shops","StSLib","SuperFastMode","The Alterego","The Blue Laboratory","The Cursed","The Wild Card","TheSwordswoman","Treasure Hunter"],"gold_per_floor":[2291,2310,2320,1600,1637,1637,1657,1657,1657,1707,1735,1737,577,654,654,802,802,842,842,842,842,842,901,965,995,1068,1068,983,983,1040,1040,1040,1187,1187,1218,1218,613,222,279,279,345,345,394,394,419,483,508,575,575,631],"floor_reached":51,"language":"ENG","playtime":1640,"items_purged":[],"score":956,"play_id":"40048c9d-eb9d-441a-a592-0d974104ce34","local_time":"20210116100618","is_ascension_mode":false,"campfire_choices":[{"data":"ReplayTheSpireMod:Private Reserves","floor":6,"key":"SMITH"},{"floor":8,"key":"REST"},{"floor":15,"key":"REST"},{"data":"infinitespire:Execution","floor":27,"key":"SMITH"},{"floor":29,"key":"REST"},{"floor":32,"key":"DIG"},{"data":"GravityBeat","floor":40,"key":"SMITH"},{"data":"FinalSpark","floor":42,"key":"SMITH"},{"floor":49,"key":"REST"}],"circlet_count":0,"master_deck":["FinalSpark+1","Strike_MRS","Strike_MRS","Strike_MRS","Strike_MRS","Defend_MRS","Defend_MRS","Defend_MRS+1","Defend_MRS","MasterSpark","UpSweep","MysteriousBeam","PulseMagic","Acceleration+1","BlazeAway","Writhe","TH:CursedSword","IllusionStar","ReplayTheSpireMod:Private Reserves+1","UnstableBomb","ShootTheMoon","TH:ArmorSpikes","PulseMagic","WitchLeyline","infinitespire:Execution+1","NonDirectionalLaser+1","PropBag","TH:Mimic","SatelliteIllusion","OrrerysSun","TH:CopperCoins","TH:CopperCoins","DC+1","UnstableBomb+1","UnstableBomb+1","TH:PixieDust","TH:CursedSword","GravityBeat+1","TH:ArmorSpikes","StarDustReverie","DeepEcoloBomb+1","TH:DeckOfManyThings","GravityBeat+1","TH:CursedSword","MagicChant","TH:CopperCoins","TH:CursedSword","TH:CursedSword","PowerUp+1","6A","MysteriousBeam+1"],"relics":["MiniHakkero","Iron Hammer","Bag of Marbles","Replay:Bandana","infinitespire:Midas Blood","ReplayTheSpireMod:Lightbulb","War Paint","Tiny Chest","Strange Spoon","Ancient Tea Set","Chemical X","Runic Dome","alterego_mod:FleetingLove","hubris:Stopwatch","Counterbalance","Meat on the Bone","Onion Ring","aspiration:ChemicalBlood","Orichalcum","Art of War","hubris:ScarierMask","infinitespire:WardingShard","Quantum Egg","Lee\u0027s Waffle","Oddly Smooth Stone","infinitespire:Bottled Soul","Pen Nib","Replay:Towering Pillar of Hats","White Beast Statue","ReplayTheSpireMod:TigerMarble","hubris:Towel","aspiration:Lifesprig","Anchor"],"acts_visited":["Exordium","TheCity","TheBeyond"],"potions_floor_usage":[16,18,23,25,33,33,33,41,46,46,46,50,50],"damage_taken":[{"damage":11,"enemies":"Jaw Worm","floor":1,"turns":2},{"damage":8,"enemies":"2 Louse","floor":2,"turns":2},{"damage":1,"enemies":"Cultist","floor":3,"turns":3},{"damage":0,"enemies":"Blue Slaver","floor":5,"turns":1},{"damage":0,"enemies":"Exordium Thugs","floor":7,"turns":2},{"damage":18,"enemies":"Lots of Slimes","floor":10,"turns":3},{"damage":2,"enemies":"Looter","floor":11,"turns":2},{"damage":7,"enemies":"Fading Forest","floor":16,"turns":8},{"damage":2,"enemies":"Chosen","floor":18,"turns":3},{"damage":19,"enemies":"Book of Stabbing","floor":23,"turns":3},{"damage":28,"enemies":"3 Byrds","floor":24,"turns":4},{"damage":6,"enemies":"Shelled Parasite and Fungi","floor":25,"turns":2},{"damage":6,"enemies":"Slavers","floor":30,"turns":2},{"damage":40,"enemies":"Collector","floor":33,"turns":4},{"damage":13,"enemies":"3 Darklings","floor":35,"turns":3},{"damage":0,"enemies":"2 Orb Walkers","floor":39,"turns":1},{"damage":25,"enemies":"R_Hoarder","floor":41,"turns":6},{"damage":7,"enemies":"Nemesis","floor":46,"turns":3},{"damage":0,"enemies":"Orb Walker","floor":47,"turns":1},{"damage":6,"enemies":"Sphere and 2 Shapes","floor":48,"turns":2},{"damage":25,"enemies":"hubris:GrandSnecko","floor":50,"turns":5}],"seed_played":"6186623506946984392","potions_obtained":[{"floor":7,"key":"blueLaboratory:BubblePotion"},{"floor":16,"key":"PowerPotion"},{"floor":18,"key":"ColorlessPotion"},{"floor":33,"key":"blueLaboratory:PyrophylliteBrew"},{"floor":46,"key":"ShroomBrew"},{"floor":48,"key":"SteroidPotion"}],"is_trial":false,"path_per_floor":["M","M","M","$","M","R","M","R","T","M","M","?","$","?","R","B",null,"M","?","?","AVR","T","E","M","M","T","R","?","R","E","?","R","B",null,"M","T","$","$","?","R","E","R","T","?","T","E","M","M","R","B",null],"character_chosen":"MARISA","items_purchased":["Iron Hammer","Bag of Marbles","Replay:Bandana","TH:CursedSword","IllusionStar","ReplayTheSpireMod:Private Reserves","ReplayTheSpireMod:Lightbulb","War Paint","Tiny Chest","Strange Spoon","Ancient Tea Set","Chemical X","NonDirectionalLaser+1","PropBag","BlessingOfTheForge","Quantum Egg","Lee\u0027s Waffle","Oddly Smooth Stone","ColorlessPotion","infinitespire:Bottled Soul","Pen Nib"],"campfire_rested":4,"item_purchase_floors":[4,4,4,4,4,4,13,13,13,13,13,13,13,13,13,37,37,37,37,38,38],"current_hp_per_floor":[64,56,55,55,55,55,55,75,75,57,55,37,37,26,48,51,75,73,73,73,73,73,54,38,44,44,44,44,66,60,60,60,32,75,62,62,82,82,82,82,57,57,57,57,57,50,50,44,68,43],"gold":631,"neow_bonus":"THREE_CARDS","is_daily":false,"chose_seed":false,"campfire_upgraded":4,"win_rate":0.0,"timestamp":1610809578,"path_taken":["M","M","M","$","M","R","M","R","T","M","M","?","$","?","R","BOSS","M","?","?","AVR","?","E","?","M","T","R","?","R","E","?","R","BOSS","M","?","?","$","?","R","E","R","T","?","?","E","M","M","R","BOSS"],"items_purchased_type":["Relic","Relic","Relic","Card","Card","Card","Relic","Relic","Relic","Relic","Relic","Relic","Card","Card","Potion","Relic","Relic","Relic","Potion","Relic","Relic"],"build_version":"2020-12-22","purchased_purges":0,"victory":true,"max_hp_per_floor":[75,75,75,75,75,75,75,75,75,75,75,75,75,75,75,75,75,75,75,75,75,75,75,75,75,75,75,75,75,75,75,75,75,75,75,75,82,82,82,82,82,82,82,82,82,82,82,82,82,82],"card_choices":[{"not_picked":["MachineGunSpark","StarBarrage"],"picked":"MysteriousBeam","floor":0},{"not_picked":["Acceleration","MysteriousBeam"],"picked":"PulseMagic","floor":1},{"not_picked":["GasGiant","DoubleSpark"],"picked":"Acceleration","floor":2},{"not_picked":["DoubleSpark","AsteroidBelt"],"picked":"BlazeAway","floor":3},{"not_picked":["MeteoricShower","ChargingUp"],"picked":"UnstableBomb","floor":5},{"not_picked":["BlazeAway","DarkMatter"],"picked":"ShootTheMoon","floor":7},{"not_picked":["TH:ElvenBoots"],"picked":"TH:ArmorSpikes","floor":9},{"not_picked":["AsteroidBelt","BlazeAway"],"picked":"PulseMagic","floor":10},{"not_picked":["GrandCross","MilkyWay"],"picked":"WitchLeyline","floor":11},{"not_picked":["infinitespire:Starlight","infinitespire:Fortify"],"picked":"infinitespire:Execution","floor":12},{"not_picked":["TH:TreasureMap"],"picked":"TH:Mimic","floor":16},{"not_picked":["ManaRampage","EscapeVelocity"],"picked":"SatelliteIllusion","floor":16},{"not_picked":["EnergyRecoil","SporeBomb+1"],"picked":"OrrerysSun","floor":18},{"not_picked":["TH:BikiniMail"],"picked":"TH:CopperCoins","floor":22},{"not_picked":["TH:TreasureMap"],"picked":"TH:CopperCoins","floor":23},{"not_picked":["UnstableBomb","GalacticHalo"],"picked":"DC+1","floor":23},{"not_picked":["AbsoluteMagnitude","PulseMagic+1"],"picked":"UnstableBomb+1","floor":24},{"not_picked":["WitchOfGreed","OrrerysSun+1"],"picked":"UnstableBomb+1","floor":25},{"not_picked":["TH:ArmorSpikes"],"picked":"TH:PixieDust","floor":26},{"not_picked":["TH:PixieDust"],"picked":"TH:CursedSword","floor":30},{"not_picked":["AlicesGift","SatelliteIllusion"],"picked":"GravityBeat+1","floor":30},{"not_picked":["TH:EnergyPotion"],"picked":"TH:ArmorSpikes","floor":33},{"not_picked":["ManaRampage","SatelliteIllusion"],"picked":"StarDustReverie","floor":33},{"not_picked":["MysteriousBeam+1","LuminesStrike+1"],"picked":"DeepEcoloBomb+1","floor":35},{"not_picked":["TH:ArmorSpikes"],"picked":"TH:DeckOfManyThings","floor":36},{"not_picked":["DC+1","Singularity"],"picked":"GravityBeat","floor":39},{"not_picked":["TH:Mimic"],"picked":"TH:CursedSword","floor":41},{"not_picked":["BinaryStars","AsteroidBelt"],"picked":"MagicChant","floor":41},{"not_picked":["TH:ArmorSpikes"],"picked":"TH:CopperCoins","floor":43},{"not_picked":["TH:BikiniMail"],"picked":"TH:CursedSword","floor":45},{"not_picked":["TH:DeckOfManyThings"],"picked":"TH:CursedSword","floor":46},{"not_picked":["TreasureHunter","WitchOfGreed+1"],"picked":"PowerUp+1","floor":46},{"not_picked":["Acceleration+1","ShootingEcho+1"],"picked":"6A","floor":47},{"not_picked":["NonDirectionalLaser","PulseMagic+1"],"picked":"MysteriousBeam+1","floor":48}],"player_experience":327254,"relics_obtained":[{"floor":9,"key":"infinitespire:Midas Blood"},{"floor":22,"key":"Meat on the Bone"},{"floor":23,"key":"Onion Ring"},{"floor":30,"key":"Orichalcum"},{"floor":32,"key":"Art of War"},{"floor":36,"key":"infinitespire:WardingShard"},{"floor":39,"key":"Replay:Towering Pillar of Hats"},{"floor":41,"key":"White Beast Statue"},{"floor":43,"key":"ReplayTheSpireMod:TigerMarble"},{"floor":45,"key":"aspiration:Lifesprig"},{"floor":46,"key":"Anchor"}],"event_choices":[{"damage_healed":0,"gold_gain":75,"player_choice":"Gather Gold","damage_taken":11,"max_hp_gain":0,"max_hp_loss":0,"event_name":"World of Goop","floor":14,"gold_loss":0},{"damage_healed":0,"gold_gain":0,"player_choice":"Choice 1","damage_taken":0,"relics_obtained":["alterego_mod:FleetingLove"],"max_hp_gain":0,"max_hp_loss":0,"event_name":"Secret Garden","floor":19,"gold_loss":0},{"damage_healed":0,"gold_gain":0,"player_choice":"Ignored","damage_taken":0,"max_hp_gain":0,"max_hp_loss":0,"event_name":"Vampires","floor":20,"gold_loss":0},{"damage_healed":0,"gold_gain":0,"player_choice":"Obtained Relic","damage_taken":0,"relics_obtained":["aspiration:ChemicalBlood"],"max_hp_gain":0,"max_hp_loss":0,"event_name":"Addict","floor":28,"gold_loss":85},{"damage_healed":0,"gold_gain":0,"player_choice":"Fight","damage_taken":0,"max_hp_gain":0,"max_hp_loss":0,"event_name":"Mysterious Sphere","floor":39,"gold_loss":0}],"is_beta":false,"boss_relics":[{"not_picked":["Kintsugi","Velvet Choker"],"picked":"Runic Dome"},{"not_picked":["Snecko Eye","Cursed Key"],"picked":"hubris:ScarierMask"}],"items_purged_floors":[],"is_endless":false,"potions_floor_spawned":[2,7,11,16,18,33,39,46,47,48],"ascension_level":0}}