{"host":"jvd5k9mqzerszifx","time":1610805900,"event":{"mods":["AchievementEnabler","Act Like it!","BaseMod","Better Note","Better Third Choice","Colored Map","Colored Powertips","Conspire","DeckTracker","Gensokyo","GungeonMod","Hallownest","Hermit","Hubris","Infinite Spire","Jorbs\u0027s Wanderer Trilogy","Koishi","Marisa（F雨　魔理沙）","Minty Spire (QoL Compilation)","MostiFishMod","Relic Stats","Replay The Spire","Reworked Bosses","Spicy Shops","StSLib","The Administrix","The Bug Knight","The Cursed","The Factory","The Hierophant","The Jungle","The Servant 0.9.4","【功能Mod】聪明的最终Boss"],"gold_per_floor":[142,142,187,229,229,229,6,99,99,171,270,146,146,188,188,479,479,533,179,221,410,560,560,662,662,662,662,704,752,800,860,902,902,902,1214,1214,1280,1430,1481,1877,1877,1877,1982,1982,2063,2270,1314,1464,1578,1671,1671,1791,1791,1791,874,1033,1279],"floor_reached":58,"language":"ZHS","playtime":14954,"items_purged":[],"score":1551,"play_id":"d9ac0b1e-762b-432c-8a55-61e8f319d6f9","local_time":"20210116220500","is_ascension_mode":true,"campfire_choices":[{"data":"DemoMod:Strike_Huntress","floor":6.0,"key":"PURGE"},{"data":"DemoMod:Strike_Huntress","floor":6.0,"key":"PURGE"},{"data":"DemoMod:Defend_Huntress","floor":6.0,"key":"PURGE"},{"data":"DemoMod:Defend_Huntress","floor":6.0,"key":"PURGE"},{"data":"DemoMod:Defend_Huntress","floor":6.0,"key":"SMITH"},{"data":"DemoMod:Defend_Huntress","floor":6.0,"key":"SMITH"},{"data":"DemoMod:Roll","floor":6.0,"key":"SMITH"},{"data":"DemoMod:ManualReload","floor":6.0,"key":"SMITH"},{"data":"DemoMod:RustySidearm","floor":6.0,"key":"SMITH"},{"data":"DemoMod:CrossBow","floor":6.0,"key":"SMITH"},{"data":"DemoMod:FastSwitch","floor":6.0,"key":"SMITH"},{"data":"DemoMod:Camera","floor":6.0,"key":"SMITH"},{"data":"DemoMod:LifeOrb","floor":6.0,"key":"SMITH"},{"floor":6.0,"key":"REST"},{"data":"DemoMod:HuntsMan","floor":15.0,"key":"SMITH"},{"data":"DemoMod:ShadowBullets","floor":15.0,"key":"SMITH"},{"data":"DemoMod:JK47","floor":15.0,"key":"SMITH"},{"data":"DemoMod:DoubleVision","floor":15.0,"key":"SMITH"},{"data":"DemoMod:BoxingGlove","floor":15.0,"key":"SMITH"},{"data":"DemoMod:RustySidearm+1","floor":15.0,"key":"PURGE"},{"data":"DemoMod:Defend_Huntress+1","floor":15.0,"key":"PURGE"},{"floor":15.0,"key":"RECALL"},{"data":"DemoMod:SuppressiveFire","floor":23,"key":"SMITH"},{"data":"DemoMod:MegaHand","floor":23,"key":"SMITH"},{"data":"DemoMod:MegaHand","floor":23,"key":"SMITH"},{"data":"DemoMod:TripleGun","floor":23,"key":"SMITH"},{"data":"DemoMod:SAA","floor":23,"key":"SMITH"},{"data":"DemoMod:CrossBow+1","floor":23,"key":"PURGE"},{"data":"DemoMod:Defend_Huntress+1","floor":23,"key":"PURGE"},{"floor":23,"key":"REST"},{"data":"DemoMod:ShadowBullets","floor":25,"key":"SMITH"},{"floor":25,"key":"REST"},{"floor":27,"key":"REST"},{"data":"DemoMod:Behold!","floor":33,"key":"SMITH"},{"data":"DemoMod:ShadowBullets","floor":33,"key":"SMITH"},{"data":"DemoMod:SuppressiveFire+1","floor":33,"key":"PURGE"},{"floor":33,"key":"REST"},{"data":"DemoMod:Elimentaler","floor":42,"key":"SMITH"},{"data":"DemoMod:BlankBullets","floor":42,"key":"SMITH"},{"data":"DemoMod:BalloonGun","floor":42,"key":"SMITH"},{"data":"DemoMod:AbyssalTentacle","floor":42,"key":"SMITH"},{"data":"DemoMod:ProbeStrike","floor":42,"key":"SMITH"},{"data":"DemoMod:DoubleSwitch","floor":42,"key":"SMITH"},{"data":"ReplayTheSpireMod:Chaos Vortex","floor":42,"key":"SMITH"},{"data":"ReplayTheSpireMod:Chaos Vortex+1","floor":42,"key":"SMITH"},{"data":"ReplayTheSpireMod:Chaos Vortex+2","floor":42,"key":"SMITH"},{"data":"DemoMod:HardPowerCard+1","floor":42,"key":"PURGE"},{"data":"DemoMod:HardPowerCard+1","floor":42,"key":"PURGE"},{"data":"DemoMod:HardPowerCard+1","floor":42,"key":"PURGE"},{"data":"DemoMod:MegaHand+1","floor":42,"key":"PURGE"},{"data":"DemoMod:ShadowBullets+1","floor":42,"key":"PURGE"},{"data":"DemoMod:ShadowBullets+1","floor":42,"key":"PURGE"},{"data":"DemoMod:ShadowBullets+1","floor":42,"key":"SMITH"},{"data":"DemoMod:ShadowBullets+2","floor":42,"key":"SMITH"},{"data":"DemoMod:ShadowBullets+3","floor":42,"key":"SMITH"},{"data":"DemoMod:ShadowBullets+4","floor":42,"key":"SMITH"},{"data":"DemoMod:ShadowBullets+5","floor":42,"key":"SMITH"},{"data":"DemoMod:ShadowBullets+6","floor":42,"key":"SMITH"},{"data":"DemoMod:ShadowBullets+7","floor":42,"key":"SMITH"},{"data":"DemoMod:ShadowBullets+8","floor":42,"key":"SMITH"},{"data":"DemoMod:BlankBullets+1","floor":42,"key":"SMITH"},{"data":"DemoMod:BlankBullets+2","floor":42,"key":"SMITH"},{"data":"DemoMod:BlankBullets+3","floor":42,"key":"SMITH"},{"data":"DemoMod:BlankBullets+4","floor":42,"key":"SMITH"},{"data":"DemoMod:BlankBullets+5","floor":42,"key":"SMITH"},{"data":"DemoMod:BlankBullets+6","floor":42,"key":"SMITH"},{"data":"DemoMod:BlankBullets+7","floor":42,"key":"SMITH"},{"data":"DemoMod:BlankBullets+8","floor":42,"key":"SMITH"},{"data":"DemoMod:BlankBullets+9","floor":42,"key":"SMITH"},{"data":"DemoMod:BlankBullets+10","floor":42,"key":"SMITH"},{"data":"DemoMod:BlankBullets+11","floor":42,"key":"SMITH"},{"data":"DemoMod:BlankBullets+12","floor":42,"key":"SMITH"},{"data":"DemoMod:BlankBullets+13","floor":42,"key":"SMITH"},{"data":"DemoMod:BlankBullets+14","floor":42,"key":"SMITH"},{"data":"DemoMod:BlankBullets+15","floor":42,"key":"SMITH"},{"data":"DemoMod:BlankBullets+16","floor":42,"key":"SMITH"},{"data":"DemoMod:BlankBullets+17","floor":42,"key":"SMITH"},{"data":"DemoMod:AbyssalTentacle+1","floor":42,"key":"SMITH"},{"data":"DemoMod:AbyssalTentacle+2","floor":42,"key":"SMITH"},{"data":"DemoMod:AbyssalTentacle+3","floor":42,"key":"SMITH"},{"data":"DemoMod:AbyssalTentacle+4","floor":42,"key":"SMITH"},{"data":"DemoMod:ProbeStrike+1","floor":42,"key":"PURGE"},{"data":"DemoMod:AbyssalTentacle+5","floor":44,"key":"SMITH"},{"data":"DemoMod:AbyssalTentacle+6","floor":44,"key":"SMITH"},{"data":"DemoMod:AbyssalTentacle+7","floor":44,"key":"SMITH"},{"data":"DemoMod:AbyssalTentacle+8","floor":44,"key":"SMITH"},{"data":"DemoMod:AbyssalTentacle+9","floor":44,"key":"SMITH"},{"data":"DemoMod:AbyssalTentacle+10","floor":44,"key":"SMITH"},{"data":"DemoMod:DoubleVision+1","floor":44,"key":"SMITH"},{"data":"DemoMod:DoubleVision+2","floor":44,"key":"SMITH"},{"data":"DemoMod:DoubleVision+3","floor":44,"key":"SMITH"},{"data":"DemoMod:DoubleVision+4","floor":44,"key":"SMITH"},{"data":"DemoMod:DoubleVision+5","floor":44,"key":"SMITH"},{"data":"DemoMod:DoubleVision+6","floor":44,"key":"SMITH"},{"data":"DemoMod:DoubleVision+7","floor":44,"key":"SMITH"},{"data":"DemoMod:DoubleVision+8","floor":44,"key":"SMITH"},{"data":"DemoMod:DoubleVision+9","floor":44,"key":"SMITH"},{"data":"DemoMod:AbyssalTentacle+11","floor":44,"key":"SMITH"},{"data":"DemoMod:AbyssalTentacle+12","floor":44,"key":"SMITH"},{"data":"DemoMod:AbyssalTentacle+13","floor":44,"key":"SMITH"},{"data":"DemoMod:StickyCrossBow+1","floor":44,"key":"SMITH"},{"data":"DemoMod:AbyssalTentacle+14","floor":44,"key":"SMITH"},{"data":"DemoMod:HardPowerCard+1","floor":44,"key":"SMITH"},{"data":"DemoMod:HardPowerCard+2","floor":44,"key":"SMITH"},{"data":"DemoMod:HardPowerCard+3","floor":44,"key":"SMITH"},{"data":"DemoMod:HardPowerCard+4","floor":44,"key":"SMITH"},{"data":"DemoMod:HardPowerCard+5","floor":44,"key":"SMITH"},{"data":"DemoMod:HardPowerCard+6","floor":44,"key":"SMITH"},{"data":"DemoMod:HardPowerCard+7","floor":44,"key":"SMITH"},{"data":"DemoMod:HardPowerCard+8","floor":44,"key":"SMITH"},{"data":"DemoMod:HardPowerCard+9","floor":44,"key":"SMITH"},{"data":"DemoMod:BlankBullets+18","floor":44,"key":"SMITH"},{"data":"DemoMod:Camera+1","floor":51,"key":"PURGE"},{"data":"Pot Of Greed","floor":51,"key":"SMITH"},{"data":"hermit:Coalescence","floor":51,"key":"SMITH"},{"data":"Pot Of Greed","floor":51,"key":"SMITH"},{"data":"Pot Of Greed","floor":51,"key":"SMITH"},{"data":"DemoMod:Behold!","floor":51,"key":"SMITH"},{"data":"DemoMod:StrategicReserve","floor":51,"key":"SMITH"},{"data":"DemoMod:BlankBullets+19","floor":51,"key":"SMITH"},{"data":"DemoMod:BlankBullets+20","floor":51,"key":"SMITH"},{"data":"DemoMod:BlankBullets+21","floor":51,"key":"SMITH"},{"data":"DemoMod:BlankBullets+22","floor":51,"key":"SMITH"},{"data":"DemoMod:BlankBullets+23","floor":51,"key":"SMITH"},{"data":"DemoMod:BlankBullets+24","floor":51,"key":"SMITH"},{"data":"DemoMod:BlankBullets+25","floor":51,"key":"SMITH"},{"data":"DemoMod:BlankBullets+26","floor":51,"key":"SMITH"},{"data":"DemoMod:BlankBullets+27","floor":51,"key":"SMITH"},{"data":"DemoMod:BlankBullets+28","floor":51,"key":"SMITH"},{"data":"DemoMod:BlankBullets+29","floor":51,"key":"SMITH"},{"data":"DemoMod:BlankBullets+30","floor":51,"key":"SMITH"},{"data":"DemoMod:BlankBullets+31","floor":51,"key":"SMITH"},{"data":"DemoMod:StickyCrossBow+2","floor":51,"key":"SMITH"},{"data":"DemoMod:StickyCrossBow+3","floor":51,"key":"SMITH"},{"data":"DemoMod:StickyCrossBow+4","floor":51,"key":"SMITH"},{"data":"DemoMod:StickyCrossBow+5","floor":51,"key":"SMITH"},{"data":"DemoMod:StickyCrossBow+6","floor":51,"key":"SMITH"},{"floor":51,"key":"REST"},{"data":"ReplayTheSpireMod:Chaos Vortex+3","floor":51,"key":"SMITH"},{"data":"ReplayTheSpireMod:Chaos Vortex+4","floor":51,"key":"SMITH"},{"data":"ReplayTheSpireMod:Chaos Vortex+5","floor":51,"key":"SMITH"},{"data":"ReplayTheSpireMod:Chaos Vortex+6","floor":51,"key":"SMITH"},{"data":"DemoMod:LifeOrb+1","floor":54,"key":"PURGE"},{"data":"DemoMod:JK47+1","floor":54,"key":"PURGE"},{"data":"DemoMod:BoxingGlove+1","floor":54,"key":"PURGE"},{"data":"DemoMod:TripleGun+1","floor":54,"key":"PURGE"},{"data":"DemoMod:MegaHand+1","floor":54,"key":"PURGE"},{"data":"DemoMod:RadGun+1","floor":54,"key":"PURGE"},{"data":"DemoMod:DoubleSwitch+1","floor":54,"key":"PURGE"},{"data":"DemoMod:FastSwitch+1","floor":54,"key":"PURGE"},{"data":"DemoMod:StickyCrossBow+7","floor":54,"key":"SMITH"},{"data":"DemoMod:StickyCrossBow+8","floor":54,"key":"SMITH"},{"data":"ReplayTheSpireMod:Chaos Vortex+7","floor":54,"key":"SMITH"},{"data":"ReplayTheSpireMod:Chaos Vortex+8","floor":54,"key":"SMITH"},{"data":"ReplayTheSpireMod:Chaos Vortex+9","floor":54,"key":"SMITH"},{"data":"ReplayTheSpireMod:Chaos Vortex+10","floor":54,"key":"SMITH"},{"data":"ReplayTheSpireMod:Chaos Vortex+11","floor":54,"key":"SMITH"},{"data":"ReplayTheSpireMod:Chaos Vortex+12","floor":54,"key":"SMITH"},{"floor":54,"key":"REST"}],"circlet_count":0,"master_deck":["DemoMod:Roll+1","DemoMod:ManualReload+1","DemoMod:ShadowBullets+9","DemoMod:DoubleVision+10","DemoMod:CursedBullets+1","DemoMod:EasyReloadBullets+1","DemoMod:Evolver","DemoMod:Behold!+1","DemoMod:StickyCrossBow+9","DemoMod:Elimentaler+1","DemoMod:BlankBullets+32","DemoMod:BalloonGun+1","DemoMod:HardPowerCard+10","DemoMod:SniperShot+1","DemoMod:AbyssalTentacle+15","ReplayTheSpireMod:Chaos Vortex+13","DemoMod:StrategicReserve+1","DemoMod:Behold!+1","DemoMod:CursedBullets+1","Pot Of Greed+1","Pot Of Greed+1","Pot Of Greed+1","hermit:Coalescence+1","DemoMod:EasyReloadBullets+1","The Bomb+1"],"relics":["DemoMod:Dog","Peace Pipe","Ginger","Turnip","Unceasing Top","Omamori","Ice Cream","The Courier","Medical Kit","WingedGreaves","HandDrill","Frozen Eye","Blue Candle","DaveBox","BirthdayGift-Icosahedron","SynthV:TestCard","Membership Card","Bag of Marbles","DemoMod:HoleyGrail","DemoMod:WhiteGuonStone","Darkstone Periapt","DemoMod:PortableTableDevice","SsserpentHead","SlaversCollar","Prayer Wheel","DemoMod:SevenLeafClover","Bronze Scales","Dodecahedron","Du-Vu Doll","DemoMod:RatBoots","DemoMod:ResourcefulSack","DemoMod:PartiallyEatenCheese","Runic Pyramid","DemoMod:Test1","conspire:InfiniteJournal","MealTicket","hubris:DisguiseKit","DemoMod:GlassGuonStoneRelic","Replay:Wax Seal","Ornamental Fan","DemoMod:Orange","infinitespire:Lucky Rock","Frozen Egg 2","DollysMirror","BrkXgEgg","Replay:Towering Pillar of Hats","DemoMod:ChaffGrenade","DemoMod:RedGuonStone","Oddly Smooth Stone","hubris:TenFootPole","infinitespire:Satchel","infinitespire:Bottled Soul","DemoMod:PoisonVial","Replay:Bandana","Grinning Jar","DemoMod:Plus1Bullets","ImprovedEquipment","DemoMod:VorpalBullet","conspire:Flyswatter","OrangePellets","Happy Flower","Strawberry","conspire:TopHat","Nunchaku","DemoMod:WeirdEgg","DemoMod:ClearGuonStone","Garlic"],"acts_visited":["Exordium","TheCity","TheCity","Gensokyo:Gensokyoest","TheEnding"],"potions_floor_usage":[],"damage_taken":[{"damage":18.0,"enemies":"Cultist","floor":1.0,"turns":7.0},{"damage":0.0,"enemies":"infinitespire:Voidling","floor":3.0,"turns":3.0},{"damage":0.0,"enemies":"Small Slimes","floor":4.0,"turns":3.0},{"damage":0.0,"enemies":"Gremlin Nob","floor":8.0,"turns":3.0},{"damage":0.0,"enemies":"Looter","floor":10.0,"turns":2.0},{"damage":0.0,"enemies":"HollowMod:MossKnight","floor":11.0,"turns":3.0},{"damage":0.0,"enemies":"Exordium Thugs","floor":14.0,"turns":3.0},{"damage":0.0,"enemies":"Hexaghost","floor":16.0,"turns":7.0},{"damage":0.0,"enemies":"Spheric Guardian","floor":18.0,"turns":1.0},{"damage":0.0,"enemies":"Shell Parasite","floor":20.0,"turns":2.0},{"damage":0,"enemies":"Centurion and Healer","floor":21,"turns":2},{"damage":0,"enemies":"conspire:SneckoGhost","floor":24,"turns":2},{"damage":0,"enemies":"DemoMod:Veteran_shot_gun_kin_and_red_shotgun_kin","floor":28,"turns":1},{"damage":0,"enemies":"DemoMod:2_Veteran_bullet_kins_and_red_shotgun_kin","floor":29,"turns":1},{"damage":0,"enemies":"DemoMod:2_Mousers","floor":30,"turns":2},{"damage":0,"enemies":"DemoMod:Veteran_shot_gun_kin_and_blue_shotgun_kin","floor":31,"turns":2},{"damage":0,"enemies":"DemoMod:Veteran_shot_gun_kin_and_blue_shotgun_kin_with_gunsinger","floor":32,"turns":2},{"damage":0,"enemies":"DemoMod:ResourcefulRat","floor":35,"turns":9},{"damage":0,"enemies":"Gensokyo:3_Bats","floor":37,"turns":1},{"damage":0,"enemies":"Gensokyo:3_Boulders","floor":39,"turns":2},{"damage":24,"enemies":"Gensokyo:Marisa","floor":43,"turns":2},{"damage":0,"enemies":"Gensokyo:SeedOfUnknown","floor":46,"turns":3},{"damage":0,"enemies":"Gensokyo:Kasen","floor":49,"turns":2},{"damage":0,"enemies":"Gensokyo:AtlasGolem","floor":50,"turns":2},{"damage":0,"enemies":"Gensokyo:Scarlet_Devils","floor":52,"turns":3},{"damage":0,"enemies":"Shield and Spear","floor":56,"turns":2},{"damage":0,"enemies":"The Heart","floor":57,"turns":3}],"seed_played":"4325326780252317938","potions_obtained":[{"floor":8.0,"key":"Venom Potion"},{"floor":10.0,"key":"SteroidPotion"}],"is_trial":false,"path_per_floor":["M","?","M","M","?","R","$","E","T","M","E","$","?","M","R","B",null,"M","$","M","M","?","R","E","R","T","R","M","M","M","M","M","R","B","B",null,"M","?","M","?","AVR","R","E","R","T","M","$","?","E","M","R","B",null,"R","$","E","B",null],"character_chosen":"HUNTRESS","items_purchased":["Membership Card","Bag of Marbles","DemoMod:GnawedKey","DemoMod:PortableTableDevice","DemoMod:DoubleVision","Prayer Wheel","DemoMod:SevenLeafClover","Bronze Scales","Dodecahedron","infinitespire:Lucky Rock","Frozen Egg 2","DollysMirror","BrkXgEgg","Replay:Towering Pillar of Hats","DemoMod:ChaffGrenade","DemoMod:RedGuonStone","Oddly Smooth Stone","hubris:TenFootPole","infinitespire:Satchel","infinitespire:Bottled Soul","DemoMod:PoisonVial","Replay:Bandana","DemoMod:Plus1Bullets","ImprovedEquipment","DemoMod:VorpalBullet","conspire:Flyswatter","The Bomb+1","OrangePellets","Happy Flower","Strawberry","conspire:TopHat","Nunchaku","DemoMod:WeirdEgg","DemoMod:ClearGuonStone"],"campfire_rested":7,"item_purchase_floors":[7,7,7,12,12,19,19,19,19,47,47,47,47,47,47,47,47,47,47,47,47,47,55,55,55,55,55,55,55,55,55,55,55,55],"current_hp_per_floor":[52,52,53,54,54,70,70,70,70,70,70,70,70,70,70,70,70,70,70,70,70,70,70,70,70,70,70,70,70,70,70,70,70,70,70,70,70,60,61,61,61,61,38,38,50,51,66,66,67,68,82,82,82,82,89,89,89],"gold":1279,"neow_bonus":"REMOVE_CARD","is_daily":false,"chose_seed":false,"campfire_upgraded":126,"win_rate":0.0,"timestamp":1610805900,"path_taken":["M","?","M","?","?","R","$","E","T","?","E","$","?","M","R","BOSS","M","$","M","?","?","R","E","R","T","R","M","M","M","M","M","R","BOSS","BOSS","M","?","M","?","AVR","R","E","R","T","?","$","?","E","M","R","BOSS","R","$","E","BOSS"],"items_purchased_type":["Relic","Relic","Relic","Relic","Card","Relic","Relic","Relic","Relic","Relic","Relic","Relic","Relic","Relic","Relic","Relic","Relic","Relic","Relic","Relic","Relic","Relic","Relic","Relic","Relic","Relic","Card","Relic","Relic","Relic","Relic","Relic","Relic","Relic"],"build_version":"2020-12-22","purchased_purges":0,"victory":true,"max_hp_per_floor":[70,70,70,70,70,70,70,70,70,70,70,70,70,70,70,70,70,70,70,70,70,70,70,70,70,70,70,70,70,70,70,70,70,70,70,70,70,70,70,70,70,70,70,70,82,82,82,82,82,82,82,82,82,82,89,89,89],"relic_stats":{"Darkstone Periapt":0,"Happy Flower":[1],"counters":[28,75],"Blue Candle":[0],"Ginger":[5],"Medical Kit":[10],"Peace Pipe":33,"SsserpentHead":900,"OrangePellets":[3],"Nunchaku":[1],"Ornamental Fan":[44],"Bronze Scales":[94],"Prayer Wheel":12,"MealTicket":15,"Turnip":[3],"HandDrill":[32],"obtain_stats":[{"Ice Cream":0,"DemoMod:PoisonVial":47,"DemoMod:GlassGuonStoneRelic":3,"BirthdayGift-Icosahedron":1,"Ginger":0,"DemoMod:Test1":36,"DollysMirror":47,"Strawberry":55,"DemoMod:RedGuonStone":47,"Prayer Wheel":19,"MealTicket":40,"HandDrill":0,"Replay:Wax Seal":43,"DemoMod:ClearGuonStone":55,"Dodecahedron":19,"DemoMod:Orange":45,"Happy Flower":55,"Blue Candle":0,"DemoMod:ChaffGrenade":47,"Oddly Smooth Stone":47,"DemoMod:RatBoots":36,"Du-Vu Doll":24,"SlaversCollar":17,"OrangePellets":55,"Bronze Scales":19,"hubris:TenFootPole":47,"DemoMod:ResourcefulSack":36,"Grinning Jar":49,"Unceasing Top":0,"conspire:Flyswatter":55,"Darkstone Periapt":11,"DaveBox":0,"DemoMod:HoleyGrail":8,"DemoMod:Plus1Bullets":55,"DemoMod:WhiteGuonStone":9,"conspire:TopHat":55,"conspire:InfiniteJournal":36,"DemoMod:SevenLeafClover":19,"Frozen Eye":0,"SsserpentHead":13,"Replay:Bandana":47,"Nunchaku":55,"infinitespire:Bottled Soul":47,"WingedGreaves":0,"DemoMod:GnawedKey":7,"Runic Pyramid":36,"DemoMod:PortableTableDevice":12,"hubris:DisguiseKit":41,"DemoMod:Dog":0,"Replay:Towering Pillar of Hats":47,"ImprovedEquipment":55,"DemoMod:WeirdEgg":55,"DemoMod:PartiallyEatenCheese":36,"The Courier":0,"BrkXgEgg":47,"Omamori":0,"infinitespire:Lucky Rock":47,"Frozen Egg 2":47,"Medical Kit":0,"Peace Pipe":0,"SynthV:TestCard":1,"Ornamental Fan":43,"infinitespire:Satchel":47,"Turnip":0,"Bag of Marbles":7,"Garlic":56,"Membership Card":7,"DemoMod:VorpalBullet":55},{"Ice Cream":0,"DemoMod:PoisonVial":23,"DemoMod:GlassGuonStoneRelic":2,"BirthdayGift-Icosahedron":1,"Ginger":0,"DemoMod:Test1":19,"DollysMirror":23,"Strawberry":26,"DemoMod:RedGuonStone":23,"Prayer Wheel":9,"MealTicket":21,"HandDrill":0,"Replay:Wax Seal":22,"DemoMod:ClearGuonStone":26,"Dodecahedron":9,"DemoMod:Orange":22,"Happy Flower":26,"Blue Candle":0,"DemoMod:ChaffGrenade":23,"Oddly Smooth Stone":23,"DemoMod:RatBoots":19,"Du-Vu Doll":12,"SlaversCollar":8,"OrangePellets":26,"Bronze Scales":9,"hubris:TenFootPole":23,"DemoMod:ResourcefulSack":19,"Grinning Jar":24,"Unceasing Top":0,"conspire:Flyswatter":26,"Darkstone Periapt":6,"DaveBox":0,"DemoMod:HoleyGrail":4,"DemoMod:Plus1Bullets":26,"DemoMod:WhiteGuonStone":4,"conspire:TopHat":26,"conspire:InfiniteJournal":19,"DemoMod:SevenLeafClover":9,"Frozen Eye":0,"SsserpentHead":6,"Replay:Bandana":23,"Nunchaku":26,"infinitespire:Bottled Soul":23,"WingedGreaves":0,"DemoMod:GnawedKey":3,"Runic Pyramid":19,"DemoMod:PortableTableDevice":6,"hubris:DisguiseKit":21,"DemoMod:Dog":0,"Replay:Towering Pillar of Hats":23,"ImprovedEquipment":26,"DemoMod:WeirdEgg":26,"DemoMod:PartiallyEatenCheese":19,"The Courier":0,"BrkXgEgg":23,"Omamori":0,"infinitespire:Lucky Rock":23,"Frozen Egg 2":23,"Medical Kit":0,"Peace Pipe":0,"SynthV:TestCard":1,"Ornamental Fan":22,"infinitespire:Satchel":23,"Turnip":0,"Bag of Marbles":3,"Garlic":27,"Membership Card":3,"DemoMod:VorpalBullet":26},{"Ice Cream":0,"DemoMod:PoisonVial":65,"DemoMod:GlassGuonStoneRelic":10,"BirthdayGift-Icosahedron":2,"Ginger":0,"DemoMod:Test1":58,"DollysMirror":65,"Strawberry":72,"DemoMod:RedGuonStone":65,"Prayer Wheel":31,"MealTicket":61,"HandDrill":0,"Replay:Wax Seal":63,"DemoMod:ClearGuonStone":72,"Dodecahedron":31,"DemoMod:Orange":63,"Happy Flower":72,"Blue Candle":0,"DemoMod:ChaffGrenade":65,"Oddly Smooth Stone":65,"DemoMod:RatBoots":58,"Du-Vu Doll":37,"SlaversCollar":30,"OrangePellets":72,"Bronze Scales":31,"hubris:TenFootPole":65,"DemoMod:ResourcefulSack":58,"Grinning Jar":67,"Unceasing Top":0,"conspire:Flyswatter":72,"Darkstone Periapt":20,"DaveBox":0,"DemoMod:HoleyGrail":16,"DemoMod:Plus1Bullets":72,"DemoMod:WhiteGuonStone":16,"conspire:TopHat":72,"conspire:InfiniteJournal":58,"DemoMod:SevenLeafClover":31,"Frozen Eye":0,"SsserpentHead":20,"Replay:Bandana":65,"Nunchaku":72,"infinitespire:Bottled Soul":65,"WingedGreaves":0,"DemoMod:GnawedKey":13,"Runic Pyramid":58,"DemoMod:PortableTableDevice":20,"hubris:DisguiseKit":61,"DemoMod:Dog":0,"Replay:Towering Pillar of Hats":65,"ImprovedEquipment":72,"DemoMod:WeirdEgg":72,"DemoMod:PartiallyEatenCheese":58,"The Courier":0,"BrkXgEgg":65,"Omamori":0,"infinitespire:Lucky Rock":65,"Frozen Egg 2":65,"Medical Kit":0,"Peace Pipe":0,"SynthV:TestCard":7,"Ornamental Fan":63,"infinitespire:Satchel":65,"Turnip":0,"Bag of Marbles":13,"Garlic":73,"Membership Card":13,"DemoMod:VorpalBullet":72}],"Unceasing Top":[0]},"card_choices":[{"not_picked":["DemoMod:PotionOfGunFriendShip","DemoMod:CursedBullets"],"picked":"DemoMod:FastSwitch","floor":1.0},{"not_picked":["DemoMod:Unmoved","DemoMod:Casey"],"picked":"DemoMod:Camera","floor":1.0},{"not_picked":["DemoMod:JK47","DemoMod:Unmoved","DemoMod:Ejector","DemoMod:AWP"],"picked":"DemoMod:HardPowerCard","floor":3.0},{"not_picked":["DemoMod:SkilledReload","DemoMod:GunslingerForm","DemoMod:ZorGun","DemoMod:DoubleSwitch"],"picked":"DemoMod:LifeOrb","floor":4.0},{"not_picked":["DemoMod:CursedBullets","DemoMod:Unmoved","DemoMod:FortunesFavor","DemoMod:BoxingGlove"],"picked":"DemoMod:HuntsMan","floor":8.0},{"not_picked":["DemoMod:Unmoved","DemoMod:Replace","DemoMod:PotionOfGunFriendShip","DemoMod:GunstockTap"],"picked":"DemoMod:ShadowBullets","floor":10.0},{"not_picked":["DemoMod:HardPowerCard","DemoMod:DirectionalPad","DemoMod:FeignSurrender","DemoMod:BattleInHaste"],"picked":"DemoMod:JK47","floor":11.0},{"not_picked":["DemoMod:FastSwitch","DemoMod:JK47","DemoMod:Desperate","DemoMod:MegaHand"],"picked":"DemoMod:BoxingGlove","floor":14.0},{"not_picked":["DemoMod:Slinger","DemoMod:Gungine","DemoMod:GunslingerForm","DemoMod:Eureka"],"picked":"DemoMod:SuppressiveFire","floor":16.0},{"not_picked":["DemoMod:PracticeMakesPerfect","DemoMod:BoxingGlove","DemoMod:HuntsMan","DemoMod:HighKaliber"],"picked":"DemoMod:MegaHand","floor":18.0},{"not_picked":["DemoMod:TeaPot","DemoMod:DoubleSwitch","DemoMod:JK47","DemoMod:ZorGun"],"picked":"DemoMod:MegaHand","floor":20},{"not_picked":["DemoMod:HighKaliber","DemoMod:Casey","DemoMod:Camera","DemoMod:RadGun+1"],"picked":"DemoMod:SAA","floor":20},{"not_picked":["DemoMod:Rummage","DemoMod:FastSwitch","DemoMod:Polaris+1","DemoMod:EasyReloadBullets"],"picked":"DemoMod:TripleGun","floor":21},{"not_picked":["DemoMod:SkilledReload","DemoMod:Purify","DemoMod:FullFirepower","DemoMod:Unmoved"],"picked":"DemoMod:CursedBullets+1","floor":21},{"not_picked":["DemoMod:JK47","DemoMod:Slinger","DemoMod:ProbeStrike+1","DemoMod:RadGun+1"],"picked":"DemoMod:ShadowBullets","floor":24},{"not_picked":["DemoMod:Ejector","DemoMod:PotionOfGunFriendShip","DemoMod:HighKaliber","DemoMod:Replace+1"],"picked":"DemoMod:RadGun+1","floor":28},{"not_picked":["DemoMod:DirectionalPad+1","DemoMod:MachoBrace+1","DemoMod:ConditionalReflex","DemoMod:Slinger","DemoMod:SAA"],"picked":"SKIP","floor":28},{"not_picked":["DemoMod:MegaHand","DemoMod:Camera","DemoMod:GunShield+1","DemoMod:Casey"],"picked":"DemoMod:EasyReloadBullets+1","floor":29},{"not_picked":["DemoMod:DirectionalPad+1","DemoMod:Unmoved+1","DemoMod:PotionOfGunFriendShip","DemoMod:DoubleSwitch+1"],"picked":"DemoMod:Evolver","floor":29},{"not_picked":["DemoMod:AC15+1","DemoMod:PotionOfGunFriendShip+1","DemoMod:ProbeStrike+1","DemoMod:MachoBrace"],"picked":"DemoMod:Behold!","floor":30},{"not_picked":["DemoMod:DirectionalPad+1","DemoMod:ConditionalReflex+1","DemoMod:Casey","DemoMod:MachoBrace","DemoMod:GunstockTap+1"],"picked":"SKIP","floor":30},{"not_picked":["DemoMod:Replace+1","DemoMod:BattleInHaste+1","DemoMod:SuppressiveFire","DemoMod:FastSwitch+1"],"picked":"DemoMod:HardPowerCard+1","floor":31},{"not_picked":["DemoMod:SkilledReload","DemoMod:GunstockTap+1","DemoMod:JK47","DemoMod:FeignSurrender","DemoMod:FortunesFavor+1"],"picked":"SKIP","floor":31},{"not_picked":["DemoMod:BoxingGlove+1","DemoMod:DirectionalPad","DemoMod:SkilledReload+1","DemoMod:Ejector"],"picked":"DemoMod:StickyCrossBow+1","floor":32},{"not_picked":["DemoMod:FastSwitch+1","DemoMod:HardPowerCard","DemoMod:ChanceBullets","DemoMod:DirectionalPad+1"],"picked":"DemoMod:ShadowBullets","floor":32},{"not_picked":[],"picked":"DemoMod:Elimentaler","floor":35},{"not_picked":["DemoMod:BulletBore","DemoMod:BSG","DemoMod:Slinger","DemoMod:SuppressiveFire"],"picked":"DemoMod:BlankBullets","floor":35},{"not_picked":["DemoMod:DarkMarker","DemoMod:Elimentaler"],"picked":"DemoMod:BalloonGun","floor":36},{"not_picked":["DemoMod:StrategicReserve","DemoMod:FastSwitch+1","DemoMod:SAA","DemoMod:MachoBrace+1"],"picked":"DemoMod:HardPowerCard+1","floor":36},{"not_picked":["DemoMod:FastSwitch+1","DemoMod:Ejector+1","DemoMod:HuntsMan+1","DemoMod:Casey+1"],"picked":"DemoMod:HardPowerCard+1","floor":37},{"not_picked":["DemoMod:GunShield","DemoMod:BoxingGlove+1","DemoMod:EasyReloadBullets+1","DemoMod:SniperShot","DemoMod:JK47+1"],"picked":"SKIP","floor":37},{"not_picked":["DemoMod:HuntsMan","DemoMod:ChanceBullets+1","DemoMod:Unity","DemoMod:BattleInHaste+1"],"picked":"DemoMod:DoubleSwitch","floor":39},{"not_picked":["DemoMod:Casey","DemoMod:SAA+1","DemoMod:ConditionalReflex","DemoMod:GunstockTap"],"picked":"DemoMod:ProbeStrike","floor":39},{"not_picked":["DemoMod:GunShield+1","DemoMod:Desperate","DemoMod:Camera","DemoMod:SAA+1"],"picked":"DemoMod:SniperShot+1","floor":40},{"not_picked":["DemoMod:Replace+1","DemoMod:FeignSurrender","DemoMod:DoubleSwitch+1","DemoMod:GunShield+1"],"picked":"DemoMod:AbyssalTentacle","floor":40},{"not_picked":["DemoMod:SAA","DemoMod:Desperate","DemoMod:Casey+1","DemoMod:GunShield","hermit:SprayPray"],"picked":"DemoMod:StrategicReserve","floor":43},{"not_picked":["DemoMod:FullFirepower","DemoMod:FinishedGun"],"picked":"DemoMod:Behold!","floor":45},{"not_picked":["DemoMod:GunstockTap","DemoMod:DirectionalPad+1","DemoMod:CombinedRifle+1","DemoMod:FastSwitch+1","DemoMod:AC15","hermit:Maintenance"],"picked":"SKIP","floor":46},{"not_picked":["DemoMod:FastSwitch","DemoMod:HuntsMan","DemoMod:Rummage","DemoMod:FortunesFavor+1","DemoMod:PotionOfGunFriendShip+1","hermit:HeroicBravado"],"picked":"SKIP","floor":46},{"not_picked":["DemoMod:Purify+1","DemoMod:HardPowerCard","DemoMod:DarkMarker+1","DemoMod:AbyssalTentacle","DemoMod:StickyCrossBow+1"],"picked":"hermit:Coalescence","floor":49},{"not_picked":["DemoMod:Camera+1","DemoMod:Slinger+1","DemoMod:BattleInHaste","DemoMod:BoxingGlove+1","hermit:ItchyTrigger"],"picked":"DemoMod:EasyReloadBullets+1","floor":50},{"not_picked":["DemoMod:AC15","DemoMod:HardPowerCard","DemoMod:GunShield+1","DemoMod:Evolver","DemoMod:MachoBrace+1","hermit:Feint"],"picked":"SKIP","floor":50},{"not_picked":["DemoMod:TeaPot+1","DemoMod:DirectionalPad","DemoMod:BoxingGlove","DemoMod:DoubleSwitch","DemoMod:TableSutra+1","hermit:GoldenBullet"],"picked":"SKIP","floor":56}],"player_experience":268098,"relics_obtained":[{"floor":1.0,"key":"SynthV:TestCard"},{"floor":8.0,"key":"DemoMod:HoleyGrail"},{"floor":9.0,"key":"DemoMod:WhiteGuonStone"},{"floor":11.0,"key":"Darkstone Periapt"},{"floor":24,"key":"Du-Vu Doll"},{"floor":36,"key":"DemoMod:RatBoots"},{"floor":36,"key":"DemoMod:ResourcefulSack"},{"floor":36,"key":"DemoMod:PartiallyEatenCheese"},{"floor":36,"key":"Runic Pyramid"},{"floor":36,"key":"DemoMod:Test1"},{"floor":36,"key":"conspire:InfiniteJournal"},{"floor":40,"key":"MealTicket"},{"floor":43,"key":"Replay:Wax Seal"},{"floor":43,"key":"Ornamental Fan"},{"floor":45,"key":"DemoMod:Orange"},{"floor":49,"key":"Grinning Jar"},{"floor":56,"key":"Garlic"}],"event_choices":[{"damage_healed":0.0,"max_hp_gain":0.0,"max_hp_loss":0.0,"gold_gain":0.0,"event_name":"WeMeetAgain","player_choice":"Ignored","floor":2.0,"gold_loss":0.0,"damage_taken":0.0},{"damage_healed":0.0,"max_hp_gain":0.0,"max_hp_loss":0.0,"gold_gain":0.0,"event_name":"Upgrade Shrine","player_choice":"Upgraded","floor":5.0,"gold_loss":0.0,"damage_taken":0.0,"cards_upgraded":["DemoMod:HardPowerCard"]},{"damage_healed":0.0,"max_hp_gain":0.0,"max_hp_loss":0.0,"gold_gain":0.0,"event_name":"FaceTrader","player_choice":"Trade","floor":13.0,"gold_loss":0.0,"damage_taken":0.0,"relics_obtained":["SsserpentHead"]},{"damage_healed":0,"gold_gain":0,"player_choice":"Bought 0 Potions","damage_taken":0,"max_hp_gain":0,"max_hp_loss":0,"event_name":"The Woman in Blue","floor":22,"gold_loss":0}],"is_beta":false,"boss_relics":[{"not_picked":["Replay:Grab Bag","HereWithMe"],"picked":"SlaversCollar"},{"not_picked":[]}],"items_purged_floors":[],"is_endless":false,"potions_floor_spawned":[8,10,16,21,31,32,37,39],"ascension_level":1}}