{"host":"mmxi1hjn5usmb1ga","time":1610822518,"event":{"mods":["BaseMod","BetterRewards","Downfall","Minty Spire (QoL Compilation)","Quick Restart","READ ME - Guardian Mod","READ ME - Snecko Mod","RumiaBox-露米娅的神秘盒子","Shop Mod","StSLib","Td1madao Mod","The Bug Knight","Yuri Mod","[IsaacMod]以撒尖塔"],"gold_per_floor":[99,99,99,24,24,96,96,123,30,60,60,10,21,41,53,153,153,3,20,5,5,188,205,205,234,253,269,119,139,157,175,189,294,294,244,95,110,162,180,230,257,289,139,171,171,121,121,134,150,150,150,185,8,8,8,8,8],"floor_reached":55,"language":"ZHS","playtime":3247,"items_purged":[],"score":775,"play_id":"7cd2c3fc-6dfa-4c26-a332-443b45481cd4","local_time":"20210117024158","is_ascension_mode":false,"campfire_choices":[{"floor":1.0,"key":"RECALL"},{"data":"Slimebound:Grow","floor":12.0,"key":"SMITH"},{"data":"Slimebound:TagTeam","floor":18.0,"key":"SMITH"},{"data":"1","floor":28.0,"key":"LIFT"},{"data":"Slimebound:Teamwork","floor":35.0,"key":"SMITH"},{"data":"2","floor":43.0,"key":"LIFT"},{"data":"3","floor":46.0,"key":"LIFT"},{"data":"Slimebound:LevelUp","floor":54.0,"key":"SMITH"}],"circlet_count":0,"master_deck":["Slimebound:Strike_Slimebound","Slimebound:Strike_Slimebound","Slimebound:Defend_Slimebound","Slimebound:Defend_Slimebound+1","Slimebound:Defend_Slimebound","Slimebound:Defend_Slimebound","Slimebound:Split","Slimebound:CorrosiveSpit","Slimebound:LeechEnergy","Slimebound:Schlurp+1","Slimebound:LeadByExample","Slimebound:Grow+1","Slimebound:LevelUp","Slimebound:GrowthPunch","Slimebound:MegaLick","Slimebound:FormOfPuddle","Slimebound:SlimeBrawl","Slimebound:SelfFormingGoo","Slimebound:OneTwoCombo","Writhe","Slimebound:ServeAndProtect","Slimebound:DisruptingSlam+1","Slimebound:SlimeBrawl","Slimebound:HauntingLick","Slimebound:SplitBruiser","Slimebound:SlimeTap","Slimebound:Schlurp","Slimebound:Gluttony","Slimebound:Recollect+1","Slimebound:Dissolve","Slimebound:SplitMire","Slimebound:Teamwork+1","Slimebound:LevelUp+1","Slimebound:Dissolve+1","Slimebound:SplitBruiser+1","Slimebound:RejuvenatingLick","Slimebound:Darklings","Slimebound:HauntingLick","Slimebound:RainOfGoop","Slimebound:SplitBruiser+1","Slimebound:LevelUp","Slimebound:Prepare"],"relics":["Slimebound:AbsorbEndCombat","HushsDoor","DoctorsRemote","downfall:HeartsMalice","Slimebound:GreedOozeRelic","Sundial","PreservedInsect","Odd Mushroom","Busted Crown","downfall:HeartBlessingRed","HollowMod:LifeEnderRelic","Orrery","Girya","Red Mask","downfall:HeartBlessingBlue","SoulBox","ZombieArmy","Slimebound:PotencyRelic","FossilizedHelix","SSSystem","Oddly Smooth Stone","downfall:HeartBlessingGreen","War Paint","Blood Vial"],"acts_visited":["Exordium","TheCity","TheBeyond","TheEnding"],"potions_floor_usage":[55,55],"damage_taken":[{"damage":0.0,"enemies":"Jaw Worm","floor":2.0,"turns":1.0},{"damage":0.0,"enemies":"Small Slimes","floor":3.0,"turns":1.0},{"damage":0.0,"enemies":"2 Louse","floor":5.0,"turns":1.0},{"damage":14.0,"enemies":"3 Sentries","floor":8.0,"turns":8.0},{"damage":5.0,"enemies":"downfall:FleeingMerchant","floor":9.0,"turns":4.0},{"damage":20.0,"enemies":"The Mushroom Lair","floor":10.0,"turns":4.0},{"damage":1.0,"enemies":"2 Fungi Beasts","floor":13.0,"turns":3.0},{"damage":5.0,"enemies":"3 Louse","floor":14.0,"turns":3.0},{"damage":10.0,"enemies":"Exordium Wildlife","floor":15.0,"turns":4.0},{"damage":17.0,"enemies":"IC_STATUS_ARCHETYPE","floor":16.0,"turns":7.0},{"damage":3.0,"enemies":"3 Byrds","floor":19.0,"turns":4.0},{"damage":10.0,"enemies":"downfall:FleeingMerchant","floor":20.0,"turns":4.0},{"damage":10.0,"enemies":"downfall:FleeingMerchant","floor":22.0,"turns":3.0},{"damage":0.0,"enemies":"Snake Plant","floor":23.0,"turns":4.0},{"damage":0.0,"enemies":"Masked Bandits","floor":25.0,"turns":2.0},{"damage":0.0,"enemies":"Shelled Parasite and Fungi","floor":26.0,"turns":4.0},{"damage":18.0,"enemies":"Chosen and Byrds","floor":27.0,"turns":5.0},{"damage":10.0,"enemies":"Snecko","floor":29.0,"turns":4.0},{"damage":0.0,"enemies":"Sentry and Sphere","floor":30.0,"turns":4.0},{"damage":0.0,"enemies":"Shelled Parasite and Fungi","floor":31.0,"turns":3.0},{"damage":1.0,"enemies":"Snecko","floor":32.0,"turns":4.0},{"damage":16.0,"enemies":"DF_ARCHETYPE_CLAW","floor":33.0,"turns":8.0},{"damage":2.0,"enemies":"Orb Walker","floor":37.0,"turns":3.0},{"damage":15.0,"enemies":"2 Orb Walkers","floor":38.0,"turns":4.0},{"damage":1.0,"enemies":"3 Shapes","floor":39.0,"turns":3.0},{"damage":0.0,"enemies":"3 Shapes","floor":40.0,"turns":5.0},{"damage":4.0,"enemies":"Giant Head","floor":42.0,"turns":6.0},{"damage":0.0,"enemies":"Nemesis","floor":44.0,"turns":3.0},{"damage":0.0,"enemies":"Spire Growth","floor":48.0,"turns":4.0},{"damage":10.0,"enemies":"Sphere and 2 Shapes","floor":49.0,"turns":3.0},{"damage":22.0,"enemies":"WA_ARCHETYPE_DIVINITY","floor":50.0,"turns":7.0},{"damage":13.0,"enemies":"downfall:CharBossMerchant","floor":52.0,"turns":6.0},{"damage":44,"enemies":"downfall:NeowBoss","floor":55,"turns":14}],"seed_played":"-585483347824789208","potions_obtained":[{"floor":8.0,"key":"Guardian:BlockOnCardUsePotion"},{"floor":10.0,"key":"Dexterity Potion"},{"floor":13.0,"key":"Fire Potion"},{"floor":16.0,"key":"Fire Potion"},{"floor":25.0,"key":"Fire Potion"},{"floor":27.0,"key":"EntropicBrew"},{"floor":37.0,"key":"Fire Potion"},{"floor":42.0,"key":"Fire Potion"},{"floor":48.0,"key":"EssenceOfSteel"}],"is_trial":false,"path_per_floor":["R","M","M","?","M","T","T","E","$","?","?","R","M","M","M","B",null,"R","M","$","?","$","M","T","?","M","M","R","M","M","M","M","B",null,"R","$","M","?","M","?","T","E","R","E","?","R","?","M","M","B",null,"E","$","R","B"],"character_chosen":"SLIMEBOUND","items_purchased":["Slimebound:LevelUp","Orrery","ZombieArmy","bronze:BurnAndBuffPotion","Slimebound:LevelUp","Slimebound:Prepare"],"campfire_rested":0,"item_purchase_floors":[9,22,36,53,53,53],"current_hp_per_floor":[65,65,65,65,65,65,65,53,49,30,30,30,29,26,18,7,65,65,62,54,54,45,46,46,47,49,33,43,36,36,37,38,28,75,75,75,74,63,64,69,69,72,72,75,75,75,75,75,66,53,75,64,64,64,31,31,31],"gold":8,"neow_bonus":"THREE_ENEMY_KILL","is_daily":false,"chose_seed":false,"campfire_upgraded":4,"win_rate":0.0,"timestamp":1610822518,"path_taken":["R","M","M","?","M","?","T","E","$","?","?","R","?","M","M","BOSS","R","M","?","?","?","?","T","?","M","?","R","M","M","M","M","BOSS","R","$","M","?","M","?","T","E","R","E","?","R","?","?","M","BOSS","E","$","R","BOSS"],"items_purchased_type":["Card","Relic","Relic","Potion","Card","Card"],"build_version":"2020-12-22","purchased_purges":0,"victory":false,"max_hp_per_floor":[65,65,65,65,65,65,65,65,65,65,65,65,65,65,65,65,65,65,65,65,65,65,65,65,65,65,65,75,75,75,75,75,75,75,75,75,75,75,75,75,75,75,75,75,75,75,75,75,75,75,75,75,75,75,75,75,75],"card_choices":[{"not_picked":["Slimebound:GoopTackle","Slimebound:TongueLash"],"picked":"Slimebound:LeechEnergy","floor":2.0},{"not_picked":["Slimebound:PressTheAttack","Slimebound:TongueLash"],"picked":"Slimebound:TagTeam","floor":3.0},{"not_picked":["Slimebound:GoopSpray","Slimebound:FormOfPuddle"],"picked":"Slimebound:Schlurp","floor":5.0},{"not_picked":["Slimebound:TongueLash","Slimebound:GoopTackle"],"picked":"Slimebound:LeadByExample","floor":8.0},{"not_picked":["Slimebound:GoopTackle","Slimebound:ComboTackle"],"picked":"Slimebound:Grow","floor":9.0},{"not_picked":["Slimebound:Grow","Bomb"],"picked":"Slimebound:GrowthPunch","floor":10.0},{"not_picked":["Slimebound:LivingWall","Slimebound:GoopTackle"],"picked":"Slimebound:MegaLick","floor":13.0},{"not_picked":["Slimebound:SlimeBarrage","Slimebound:FinishingTackle"],"picked":"Slimebound:FormOfPuddle","floor":14.0},{"not_picked":["Slimebound:SplitBruiser","Slimebound:RejuvenatingLick"],"picked":"Slimebound:SlimeBrawl","floor":15.0},{"not_picked":["Slimebound:CheckThePlaybook","Slimebound:WasteNot"],"picked":"Slimebound:SelfFormingGoo","floor":16.0},{"not_picked":["Slimebound:FinishingTackle+1"],"picked":"SKIP","floor":19.0},{"not_picked":[],"picked":"Slimebound:OneTwoCombo","floor":20.0},{"not_picked":[],"picked":"Slimebound:ServeAndProtect","floor":22.0},{"not_picked":[],"picked":"Slimebound:DisruptingSlam+1","floor":22.0},{"not_picked":[],"picked":"Slimebound:SlimeBrawl","floor":22.0},{"not_picked":[],"picked":"Slimebound:HauntingLick","floor":22.0},{"not_picked":[],"picked":"Slimebound:SplitBruiser","floor":22.0},{"not_picked":[],"picked":"Slimebound:SlimeTap","floor":22.0},{"not_picked":[],"picked":"Slimebound:Schlurp","floor":23.0},{"not_picked":[],"picked":"Slimebound:Gluttony","floor":26.0},{"not_picked":[],"picked":"Slimebound:Recollect+1","floor":27.0},{"not_picked":[],"picked":"Slimebound:Dissolve","floor":29.0},{"not_picked":["Slimebound:RollThrough"],"picked":"SKIP","floor":30.0},{"not_picked":["Slimebound:RollThrough+1"],"picked":"SKIP","floor":31.0},{"not_picked":[],"picked":"Slimebound:SplitMire","floor":32.0},{"not_picked":[],"picked":"Slimebound:Teamwork","floor":33.0},{"not_picked":["Slimebound:BestDefense"],"picked":"SKIP","floor":37.0},{"not_picked":[],"picked":"Slimebound:LevelUp","floor":38.0},{"not_picked":["Slimebound:SplitBruiser"],"picked":"SKIP","floor":39.0},{"not_picked":[],"picked":"Slimebound:Dissolve+1","floor":40.0},{"not_picked":[],"picked":"Slimebound:SplitBruiser+1","floor":42.0},{"not_picked":[],"picked":"Slimebound:RejuvenatingLick","floor":44.0},{"not_picked":[],"picked":"Slimebound:HauntingLick","floor":48.0},{"not_picked":[],"picked":"Slimebound:RainOfGoop","floor":49.0},{"not_picked":[],"picked":"Slimebound:SplitBruiser+1","floor":52.0}],"player_experience":677052,"relics_obtained":[{"floor":6.0,"key":"Sundial"},{"floor":8.0,"key":"PreservedInsect"},{"floor":10.0,"key":"Odd Mushroom"},{"floor":24.0,"key":"Girya"},{"floor":25.0,"key":"Red Mask"},{"floor":38.0,"key":"Slimebound:PotencyRelic"},{"floor":40.0,"key":"FossilizedHelix"},{"floor":41.0,"key":"SSSystem"},{"floor":42.0,"key":"Oddly Smooth Stone"},{"floor":44.0,"key":"War Paint"},{"floor":52.0,"key":"Blood Vial"}],"event_choices":[{"damage_healed":0.0,"max_hp_gain":0.0,"max_hp_loss":0.0,"gold_gain":0.0,"event_name":"Mushrooms","player_choice":"Fought Mushrooms","floor":10.0,"gold_loss":0.0,"damage_taken":0.0},{"cards_removed":["Slimebound:Tackle"],"damage_healed":0.0,"max_hp_gain":0.0,"max_hp_loss":0.0,"gold_gain":0.0,"event_name":"The Cleric","player_choice":"Card Removal","floor":11.0,"gold_loss":0.0,"damage_taken":0.0},{"damage_healed":0.0,"max_hp_gain":0.0,"max_hp_loss":0.0,"gold_gain":0.0,"event_name":"Masked Bandits","player_choice":"Fought Bandits","floor":25.0,"gold_loss":0.0,"damage_taken":0.0},{"damage_healed":0.0,"max_hp_gain":0.0,"max_hp_loss":0.0,"gold_gain":0.0,"event_name":"Mysterious Sphere","player_choice":"Fight","floor":38.0,"gold_loss":0.0,"damage_taken":0.0},{"cards_removed":["Slimebound:Strike_Slimebound"],"damage_healed":0.0,"max_hp_gain":0.0,"max_hp_loss":0.0,"gold_gain":0.0,"event_name":"Falling","player_choice":"Removed Attack","floor":47.0,"gold_loss":0.0,"damage_taken":0.0}],"is_beta":false,"boss_relics":[{"not_picked":["Runic Pyramid","Philosopher\u0027s Stone"],"picked":"Busted Crown"},{"not_picked":[]},{"not_picked":["Slimebound:TarBlob","MagicMushroom"],"picked":"SoulBox"},{"not_picked":[]}],"items_purged_floors":[],"is_endless":false,"potions_floor_spawned":[8,10,13,16,25,27,29,30,31,37,42,48],"killed_by":"downfall:NeowBoss","ascension_level":0}}