{"host":"baymyijz6sxaqj5s","time":1610780720,"event":{"mods":["AchievementEnabler","BaseMod","Colored Map","Colored Powertips","DeckTracker","Highlight Path","KOR Keyword Fix","Keyboard Shortcuts","Minty Spire (QoL Compilation)","Quick Restart","StSLib","SuperFastMode"],"gold_per_floor":[110,110,110,122,141,141,158,172,472,472,95,145,160,235,235,331,331,331,331],"floor_reached":18,"language":"KOR","playtime":568,"items_purged":[],"score":160,"play_id":"d8b18fe6-f836-46dc-8e69-1c2a58514ace","local_time":"20210116160520","is_ascension_mode":true,"campfire_choices":[{"data":"Seeing Red","floor":6,"key":"SMITH"},{"data":"Bash","floor":10,"key":"SMITH"},{"floor":15,"key":"REST"}],"circlet_count":0,"master_deck":["Strike_R","Strike_R","Strike_R","Strike_R","Defend_R","Defend_R","Defend_R","Defend_R","Bash+1","Seeing Red+1","Barricade","Shrug It Off","Reaper","Enlightenment","Double Tap"],"relics":["Burning Blood","Old Coin","Runic Pyramid"],"acts_visited":["Exordium","TheCity"],"potions_floor_usage":[7,13,16,16],"damage_taken":[{"damage":12,"enemies":"Small Slimes","floor":1,"turns":6},{"damage":1,"enemies":"Cultist","floor":4,"turns":4},{"damage":1,"enemies":"Jaw Worm","floor":5,"turns":6},{"damage":15,"enemies":"Large Slime","floor":7,"turns":6},{"damage":15,"enemies":"3 Louse","floor":8,"turns":7},{"damage":23,"enemies":"Exordium Wildlife","floor":13,"turns":7},{"damage":62,"enemies":"Hexaghost","floor":16,"turns":15},{"damage":38,"enemies":"Shell Parasite","floor":18,"turns":19}],"seed_played":"-3522210716752195212","potions_obtained":[{"floor":4,"key":"Regen Potion"},{"floor":5,"key":"SteroidPotion"},{"floor":8,"key":"AttackPotion"},{"floor":13,"key":"Dexterity Potion"}],"is_trial":false,"path_per_floor":["M","?","$","M","M","R","M","M","T","R","$","?","M","?","R","B",null,"M"],"character_chosen":"IRONCLAD","items_purchased":["Barricade","Shrug It Off","Reaper","Enlightenment"],"campfire_rested":1,"item_purchase_floors":[11,11,11,11],"current_hp_per_floor":[82,82,82,87,88,88,79,70,70,70,70,70,74,63,88,38,88,62,62],"gold":331,"neow_bonus":"TEN_PERCENT_HP_BONUS","is_daily":false,"chose_seed":false,"campfire_upgraded":2,"win_rate":0.0,"timestamp":1610780720,"path_taken":["M","?","$","?","M","R","M","M","T","R","$","?","M","?","R","BOSS","M"],"items_purchased_type":["Card","Card","Card","Card"],"build_version":"2020-12-22","purchased_purges":0,"victory":false,"max_hp_per_floor":[88,88,88,88,88,88,88,88,88,88,88,88,88,88,88,88,88,88,88],"card_choices":[{"not_picked":["Perfected Strike","Fire Breathing","Havoc"],"picked":"SKIP","floor":1},{"not_picked":["Feel No Pain","Headbutt","Hemokinesis"],"picked":"SKIP","floor":4},{"not_picked":["Cleave","Reckless Charge"],"picked":"Seeing Red","floor":5},{"not_picked":["Clothesline","Shockwave","Infernal Blade"],"picked":"SKIP","floor":7},{"not_picked":["Dark Embrace","Wild Strike","Clash"],"picked":"SKIP","floor":8},{"not_picked":["Headbutt","Clothesline","Sever Soul"],"picked":"SKIP","floor":13},{"not_picked":["Bludgeon","Feed"],"picked":"Double Tap","floor":16}],"player_experience":86509,"relics_obtained":[{"floor":9,"key":"Old Coin"}],"event_choices":[{"cards_removed":["Strike_R"],"damage_healed":0,"gold_gain":0,"player_choice":"Purged","damage_taken":0,"max_hp_gain":0,"max_hp_loss":0,"event_name":"Purifier","floor":2,"gold_loss":0},{"damage_healed":0,"gold_gain":50,"player_choice":"Gained Gold","damage_taken":0,"max_hp_gain":0,"max_hp_loss":0,"event_name":"Golden Wing","floor":12,"gold_loss":0},{"damage_healed":0,"gold_gain":75,"player_choice":"Gather Gold","damage_taken":11,"max_hp_gain":0,"max_hp_loss":0,"event_name":"World of Goop","floor":14,"gold_loss":0}],"is_beta":false,"boss_relics":[{"not_picked":["Coffee Dripper","Astrolabe"],"picked":"Runic Pyramid"}],"items_purged_floors":[],"is_endless":false,"potions_floor_spawned":[4,5,8,13],"killed_by":"Shell Parasite","ascension_level":1}}