{"host":"19tvufa8xx4wr4o1","time":1610762246,"event":{"mods":["AchievementEnabler","BaseMod","Better Sensory Stone","Better Third Choice","Highlight Path","Minty Spire (QoL Compilation)","Relic Stats","StSLib"],"gold_per_floor":[119,119,119,51,71,71,110,110,110,154,175,215,238,281,281,375,375,399,413,3,23,48,83,107,107,107,126,164,164,8,8,8,107,107,130,12,25,39,39,39],"floor_reached":39,"language":"ENG","playtime":1640,"items_purged":[],"score":921,"play_id":"1e58b630-d048-4c49-b04e-8307290314d6","local_time":"20210115195726","is_ascension_mode":true,"campfire_choices":[{"data":"Accuracy","floor":6.0,"key":"SMITH"},{"data":"Neutralize","floor":8.0,"key":"SMITH"},{"data":"Phantasmal Killer","floor":15.0,"key":"SMITH"},{"floor":25.0,"key":"REST"},{"data":"Malaise","floor":29.0,"key":"SMITH"},{"data":"Cloak And Dagger","floor":32.0,"key":"SMITH"}],"circlet_count":0,"master_deck":["AscendersBane","Strike_G","Strike_G","Strike_G","Strike_G","Strike_G","Defend_G","Defend_G","Defend_G","Defend_G","Defend_G","Survivor","Neutralize+1","Cloak And Dagger+1","Accuracy+1","Leg Sweep","Dagger Throw","Dash","Infinite Blades","Cloak And Dagger+1","Choke","Phantasmal Killer+1","Malaise+1","Blade Dance","Noxious Fumes","Footwork","Glass Knife","Accuracy","Malaise","Bullet Time","Footwork+1","Backflip+1","Well Laid Plans","Bouncing Flask"],"relics":["Ring of the Snake","NeowsBlessing","Golden Idol","Mummified Hand","Bag of Preparation","Toy Ornithopter","Potion Belt","Oddly Smooth Stone","Black Star","Meat on the Bone","Question Card","Bottled Lightning","Bronze Scales","Pen Nib","MealTicket","Membership Card","Prayer Wheel","SacredBark","Snake Skull"],"acts_visited":["Exordium","TheCity","TheBeyond"],"potions_floor_usage":[38],"damage_taken":[{"damage":0.0,"enemies":"Jaw Worm","floor":1.0,"turns":1.0},{"damage":0.0,"enemies":"Cultist","floor":5.0,"turns":1.0},{"damage":0.0,"enemies":"Lagavulin","floor":7.0,"turns":1.0},{"damage":8.0,"enemies":"Gremlin Nob","floor":10.0,"turns":5.0},{"damage":0.0,"enemies":"2 Louse","floor":11.0,"turns":2.0},{"damage":21.0,"enemies":"3 Sentries","floor":12.0,"turns":6.0},{"damage":0.0,"enemies":"Red Slaver","floor":13.0,"turns":3.0},{"damage":16.0,"enemies":"Gremlin Nob","floor":14.0,"turns":4.0},{"damage":0.0,"enemies":"Hexaghost","floor":16.0,"turns":8.0},{"damage":4.0,"enemies":"Spheric Guardian","floor":18.0,"turns":4.0},{"damage":1.0,"enemies":"Shell Parasite","floor":19.0,"turns":5.0},{"damage":1.0,"enemies":"Snake Plant","floor":21.0,"turns":7.0},{"damage":4.0,"enemies":"Centurion and Healer","floor":22.0,"turns":6.0},{"damage":23.0,"enemies":"Gremlin Leader","floor":23.0,"turns":7.0},{"damage":14.0,"enemies":"Cultist and Chosen","floor":24.0,"turns":5.0},{"damage":0.0,"enemies":"Snake Plant","floor":27.0,"turns":5.0},{"damage":15.0,"enemies":"Book of Stabbing","floor":28.0,"turns":7.0},{"damage":31.0,"enemies":"Automaton","floor":33.0,"turns":8.0},{"damage":12.0,"enemies":"3 Shapes","floor":35.0,"turns":6.0},{"damage":14,"enemies":"Orb Walker","floor":37,"turns":4},{"damage":12,"enemies":"Sphere and 2 Shapes","floor":38,"turns":5},{"damage":45,"enemies":"Maw","floor":39,"turns":10}],"seed_played":"5148263726287567554","potions_obtained":[{"floor":5.0,"key":"Weak Potion"},{"floor":7.0,"key":"FearPotion"},{"floor":10.0,"key":"GhostInAJar"},{"floor":18.0,"key":"Regen Potion"},{"floor":19.0,"key":"DistilledChaos"},{"floor":21.0,"key":"Dexterity Potion"},{"floor":23.0,"key":"Strength Potion"},{"floor":27.0,"key":"Swift Potion"},{"floor":35,"key":"Energy Potion"}],"is_trial":false,"path_per_floor":["M","?","?","$","M","R","E","R","T","E","M","E","M","E","R","B",null,"M","M","$","M","M","E","M","R","T","M","E","R","$","?","R","B",null,"M","$","M","M","M"],"character_chosen":"THE_SILENT","items_purchased":["Accuracy","Footwork","Meat on the Bone","Glass Knife","Membership Card","Well Laid Plans","Snake Skull"],"campfire_rested":1,"item_purchase_floors":[4,20,20,20,30,36,36],"current_hp_per_floor":[59,59,59,59,59,59,59,59,59,51,51,30,30,14,14,14,49,50,49,49,48,44,46,37,55,55,55,45,45,60,60,60,41,55,43,58,44,37,0,0],"gold":39,"neow_bonus":"THREE_ENEMY_KILL","is_daily":false,"chose_seed":false,"campfire_upgraded":5,"win_rate":0.0,"timestamp":1610762246,"path_taken":["M","?","?","$","M","R","E","R","T","E","M","E","?","E","R","BOSS","M","M","$","M","M","E","M","R","T","?","E","R","$","?","R","BOSS","M","$","M","M","M"],"items_purchased_type":["Card","Card","Relic","Card","Relic","Card","Relic"],"build_version":"2020-12-22","purchased_purges":0,"victory":false,"max_hp_per_floor":[66,60,60,60,60,60,60,60,60,60,60,60,60,60,60,60,60,60,60,60,60,60,60,60,60,60,60,60,60,60,60,60,60,60,60,60,60,60,60,60],"relic_stats":{"counters":[22,110],"Golden Idol":143,"Pen Nib":[8],"Snake Skull":[7],"Bag of Preparation":[38],"Question Card":12,"Mummified Hand":[68],"Bronze Scales":[138],"MealTicket":30,"Prayer Wheel":4,"Black Star":2,"obtain_stats":[{"Potion Belt":12,"NeowsBlessing":0,"Golden Idol":2,"SacredBark":34,"Oddly Smooth Stone":14,"Pen Nib":28,"Snake Skull":36,"Bag of Preparation":9,"Question Card":23,"Mummified Hand":7,"Bronze Scales":26,"MealTicket":28,"Prayer Wheel":31,"Black Star":17,"Bottled Lightning":23,"Membership Card":30,"Toy Ornithopter":10,"Ring of the Snake":0,"Meat on the Bone":20},{"Potion Belt":6,"NeowsBlessing":0,"Golden Idol":1,"SacredBark":18,"Oddly Smooth Stone":8,"Pen Nib":17,"Snake Skull":19,"Bag of Preparation":3,"Question Card":14,"Mummified Hand":3,"Bronze Scales":15,"MealTicket":17,"Prayer Wheel":17,"Black Star":9,"Bottled Lightning":14,"Membership Card":17,"Toy Ornithopter":4,"Ring of the Snake":0,"Meat on the Bone":11},{"Potion Belt":16,"NeowsBlessing":0,"Golden Idol":1,"SacredBark":85,"Oddly Smooth Stone":23,"Pen Nib":77,"Snake Skull":91,"Bag of Preparation":3,"Question Card":60,"Mummified Hand":3,"Bronze Scales":65,"MealTicket":77,"Prayer Wheel":77,"Black Star":31,"Bottled Lightning":60,"Membership Card":77,"Toy Ornithopter":8,"Ring of the Snake":0,"Meat on the Bone":40}],"Toy Ornithopter":30,"Ring of the Snake":[44],"Meat on the Bone":12},"card_choices":[{"not_picked":["Underhanded Strike","Sucker Punch"],"picked":"Cloak And Dagger","floor":1.0},{"not_picked":["Dodge and Roll","Outmaneuver"],"picked":"Leg Sweep","floor":5.0},{"not_picked":["Outmaneuver","Sucker Punch"],"picked":"Dagger Throw","floor":7.0},{"not_picked":["Escape Plan","Finisher"],"picked":"Dash","floor":10.0},{"not_picked":["Cloak And Dagger","Dagger Throw"],"picked":"Infinite Blades","floor":11.0},{"not_picked":["Setup","Backstab"],"picked":"Cloak And Dagger","floor":12.0},{"not_picked":["Setup","Bane"],"picked":"Choke","floor":13.0},{"not_picked":["Prepared","Underhanded Strike"],"picked":"Phantasmal Killer","floor":14.0},{"not_picked":["Glass Knife","Phantasmal Killer"],"picked":"Malaise","floor":16.0},{"not_picked":["Tactician","Masterful Stab"],"picked":"Blade Dance","floor":18.0},{"not_picked":["PiercingWail","Cloak And Dagger"],"picked":"Noxious Fumes","floor":19.0},{"not_picked":["Acrobatics","Endless Agony","Finisher"],"picked":"SKIP","floor":21.0},{"not_picked":["Slice","Flechettes","Sucker Punch"],"picked":"SKIP","floor":22.0},{"not_picked":["Cloak And Dagger","Concentrate","Dagger Spray"],"picked":"SKIP","floor":23.0},{"not_picked":["Cloak And Dagger","Concentrate","Dagger Spray"],"picked":"SKIP","floor":23.0},{"not_picked":["Poisoned Stab","Tactician","Flying Knee+1","Distraction"],"picked":"SKIP","floor":24.0},{"not_picked":["Outmaneuver","Slice","Terror"],"picked":"Accuracy","floor":27.0},{"not_picked":["Choke","Deflect","Blade Dance"],"picked":"Malaise","floor":28.0},{"not_picked":["Unload","Grand Finale","Malaise"],"picked":"Bullet Time","floor":33.0},{"not_picked":["Bane","Acrobatics","Poisoned Stab"],"picked":"Footwork+1","floor":35},{"not_picked":["PiercingWail","Prepared+1","Blade Dance"],"picked":"Backflip+1","floor":35},{"not_picked":["Cloak And Dagger","Distraction","Die Die Die","Dagger Spray"],"picked":"SKIP","floor":37},{"not_picked":["Catalyst+1","Tactician","Prepared+1","Reflex"],"picked":"SKIP","floor":37},{"not_picked":["Dash","Heel Hook","Underhanded Strike"],"picked":"Bouncing Flask","floor":38},{"not_picked":["Concentrate+1","Cloak And Dagger","All Out Attack","Skewer"],"picked":"SKIP","floor":38}],"player_experience":586405,"relics_obtained":[{"floor":7.0,"key":"Mummified Hand"},{"floor":9.0,"key":"Bag of Preparation"},{"floor":10.0,"key":"Toy Ornithopter"},{"floor":12.0,"key":"Potion Belt"},{"floor":14.0,"key":"Oddly Smooth Stone"},{"floor":23.0,"key":"Question Card"},{"floor":23.0,"key":"Bottled Lightning"},{"floor":26.0,"key":"Bronze Scales"},{"floor":28.0,"key":"Pen Nib"},{"floor":28.0,"key":"MealTicket"}],"event_choices":[{"damage_healed":0.0,"max_hp_gain":0.0,"max_hp_loss":6.0,"gold_gain":0.0,"event_name":"Golden Idol","player_choice":"Lose Max HP","floor":2.0,"gold_loss":0.0,"damage_taken":0.0,"relics_obtained":["Golden Idol"]},{"damage_healed":0.0,"max_hp_gain":0.0,"max_hp_loss":0.0,"gold_gain":0.0,"event_name":"Upgrade Shrine","player_choice":"Upgraded","floor":3.0,"gold_loss":0.0,"damage_taken":0.0,"cards_upgraded":["Cloak And Dagger"]},{"damage_healed":0.0,"max_hp_gain":0.0,"max_hp_loss":0.0,"gold_gain":0.0,"event_name":"WeMeetAgain","player_choice":"Gave Potion","floor":31.0,"gold_loss":0.0,"damage_taken":0.0,"relics_obtained":["Prayer Wheel"]}],"is_beta":false,"boss_relics":[{"not_picked":["Calling Bell","Pandora\u0027s Box"],"picked":"Black Star"},{"not_picked":["Runic Dome","Velvet Choker"],"picked":"SacredBark"}],"items_purged_floors":[],"is_endless":false,"potions_floor_spawned":[5,7,10,18,19,21,23,27,35],"killed_by":"Maw","ascension_level":15}}