{"host":"ga4s3hj9m6nkn6gp","time":1610800840,"event":{"mods":["AchievementEnabler","BaseMod","Bestiary","Colored Powertips","Highlight Path","Minty Spire (QoL Compilation)","Relic Stats","everything is the same but u backflip on backflip"],"gold_per_floor":[111,111,4,15,15,47,67,67,67,80,92,123,123,135,135,212,212,230,280,280,291,369,369,369,369],"floor_reached":24,"language":"ENG","playtime":1021,"items_purged":[],"score":462,"play_id":"cbf00ec9-d368-4169-948f-65081a996797","local_time":"20210116134040","is_ascension_mode":true,"campfire_choices":[{"data":"Discovery","floor":8,"key":"SMITH"},{"data":"Dash","floor":13,"key":"SMITH"},{"data":"Predator","floor":15,"key":"SMITH"},{"data":"Wraith Form v2","floor":23,"key":"SMITH"}],"circlet_count":0,"master_deck":["AscendersBane","Survivor","Neutralize","Predator+1","Discovery+1","Dash+1","Malaise","Well Laid Plans","Blade Dance","Footwork","A Thousand Cuts","Escape Plan","Tools of the Trade","Bouncing Flask","Unload","Catalyst","Venomology","Wraith Form v2+1","Bouncing Flask"],"relics":["Ring of the Snake","NeowsBlessing","Gambling Chip","Mercury Hourglass","Smiling Mask","War Paint","Pandora\u0027s Box","Kunai"],"acts_visited":["Exordium","TheCity"],"potions_floor_usage":[12,16,16,21,21,24,24],"damage_taken":[{"damage":0.0,"enemies":"2 Louse","floor":1.0,"turns":1.0},{"damage":0,"enemies":"Cultist","floor":4,"turns":1},{"damage":0,"enemies":"Gremlin Nob","floor":6,"turns":1},{"damage":1,"enemies":"Jaw Worm","floor":7,"turns":3},{"damage":4,"enemies":"Exordium Wildlife","floor":10,"turns":3},{"damage":0,"enemies":"Looter","floor":11,"turns":3},{"damage":25,"enemies":"Lagavulin","floor":12,"turns":8},{"damage":0,"enemies":"2 Fungi Beasts","floor":14,"turns":2},{"damage":14,"enemies":"Slime Boss","floor":16,"turns":9},{"damage":5,"enemies":"Shell Parasite","floor":18,"turns":5},{"damage":4,"enemies":"2 Thieves","floor":21,"turns":4},{"damage":3,"enemies":"Gremlin Leader","floor":24,"turns":7}],"seed_played":"5220045227758843965","potions_obtained":[{"floor":6,"key":"EssenceOfSteel"},{"floor":7,"key":"Poison Potion"},{"floor":14,"key":"Explosive Potion"},{"floor":18,"key":"Fire Potion"},{"floor":21,"key":"AttackPotion"}],"is_trial":false,"path_per_floor":["M","?","$","M","T","E","M","R","T","M","M","E","R","M","R","B",null,"M","?","?","M","T","R","E"],"character_chosen":"THE_SILENT","items_purchased":["Discovery"],"campfire_rested":0,"item_purchase_floors":[3],"current_hp_per_floor":[59,59,59,59,59,59,58,58,58,54,54,29,29,29,29,15,53,48,48,30,26,26,26,23,23],"gold":369,"neow_bonus":"THREE_ENEMY_KILL","is_daily":false,"chose_seed":false,"campfire_upgraded":4,"win_rate":0.0,"timestamp":1610800840,"path_taken":["M","?","?","M","?","E","M","R","T","M","?","E","R","M","R","BOSS","M","?","?","M","?","R","E"],"items_purchased_type":["Card"],"build_version":"2020-12-22","purchased_purges":0,"victory":false,"max_hp_per_floor":[66,66,66,66,66,66,66,66,66,66,66,66,66,66,66,66,66,66,66,71,71,71,71,71,71],"relic_stats":{"counters":[12,46],"Gambling Chip":[42],"Pandora\u0027s Box":["Footwork","A Thousand Cuts","Escape Plan","Tools of the Trade","Bouncing Flask","Unload","Catalyst","Venomology","Wraith Form v2","Bouncing Flask"],"Kunai":[1],"War Paint":["Defend_G","Defend_G"],"Smiling Mask":0,"obtain_stats":[{"NeowsBlessing":0,"Gambling Chip":5,"Pandora\u0027s Box":17,"Kunai":22,"War Paint":12,"Smiling Mask":9,"Ring of the Snake":0,"Mercury Hourglass":6},{"NeowsBlessing":0,"Gambling Chip":2,"Pandora\u0027s Box":9,"Kunai":11,"War Paint":7,"Smiling Mask":4,"Ring of the Snake":0,"Mercury Hourglass":3},{"NeowsBlessing":0,"Gambling Chip":2,"Pandora\u0027s Box":31,"Kunai":39,"War Paint":20,"Smiling Mask":6,"Ring of the Snake":0,"Mercury Hourglass":3}],"Ring of the Snake":[24],"Mercury Hourglass":[151]},"card_choices":[{"not_picked":["PiercingWail","Dodge and Roll"],"picked":"Predator","floor":1},{"not_picked":["Choke","Finisher"],"picked":"Dash","floor":4},{"not_picked":["Riddle With Holes","Outmaneuver"],"picked":"Malaise","floor":6},{"not_picked":["Predator","Acrobatics"],"picked":"Well Laid Plans","floor":7},{"not_picked":["Quick Slash","PiercingWail","Prepared"],"picked":"SKIP","floor":10},{"not_picked":["Setup","Flying Knee","Deflect"],"picked":"SKIP","floor":11},{"not_picked":["Doppelganger","PiercingWail"],"picked":"Blade Dance","floor":12},{"not_picked":["Deadly Poison","Dodge and Roll","Heel Hook"],"picked":"SKIP","floor":14},{"not_picked":["Dagger Spray","Finisher","Dagger Throw+1"],"picked":"SKIP","floor":18},{"not_picked":["Outmaneuver","Flying Knee","Masterful Stab+1"],"picked":"SKIP","floor":21}],"player_experience":638718,"relics_obtained":[{"floor":5,"key":"Gambling Chip"},{"floor":6,"key":"Mercury Hourglass"},{"floor":9,"key":"Smiling Mask"},{"floor":12,"key":"War Paint"},{"floor":22,"key":"Kunai"}],"event_choices":[{"damage_healed":0,"gold_gain":0,"player_choice":"0 cards matched","damage_taken":0,"max_hp_gain":0,"max_hp_loss":0,"event_name":"Match and Keep!","floor":2,"gold_loss":0,"cards_obtained":[]},{"damage_healed":0,"gold_gain":50,"player_choice":"Stole From Cult","damage_taken":0,"max_hp_gain":0,"max_hp_loss":0,"event_name":"Nest","floor":19,"gold_loss":0},{"damage_healed":0,"gold_gain":0,"player_choice":"Shed Blood","damage_taken":23,"max_hp_gain":5,"max_hp_loss":0,"event_name":"Forgotten Altar","floor":20,"gold_loss":0}],"is_beta":false,"boss_relics":[{"not_picked":["Ectoplasm","Empty Cage"],"picked":"Pandora\u0027s Box"}],"items_purged_floors":[],"is_endless":false,"potions_floor_spawned":[6,7,11,14,18,21],"killed_by":"Gremlin Leader","ascension_level":20}}