{"host":"a1eatafr7pisesky","time":1610816689,"event":{"mods":["100% Spire Juice","AchievementEnabler","BaseMod","Colored Map","Keyboard Shortcuts","Minty Spire (QoL Compilation)","Say the Spire","StSLib","SuperFastMode","everything is the same but u backflip on backflip"],"gold_per_floor":[109,59,9,20,38,38,69,69,69,103,103,103,103,103,103,200,80,95,109,122,122,142,142,171,171,102,132,143,160,85,96,96,96,96],"floor_reached":33,"language":"KOR","playtime":881,"items_purged":[],"score":310,"play_id":"95d831d7-3a1a-4c26-946d-c62df33373f8","local_time":"20210117020449","is_ascension_mode":true,"campfire_choices":[{"data":"Moonworks:IndiscriminateFireSupport","floor":6.0,"key":"SMITH"},{"data":"Moonworks:WindyEnchantment","floor":8.0,"key":"SMITH"},{"floor":12,"key":"REST"},{"floor":15,"key":"REST"},{"data":"Moonworks:NicePresent","floor":23,"key":"SMITH"},{"floor":25,"key":"REST"},{"data":"Moonworks:MiracleRedBeanIceCream","floor":32,"key":"SMITH"}],"circlet_count":0,"master_deck":["Moonworks:Defend+1","Moonworks:Defend+1","Moonworks:Defend+1","Moonworks:Ambush","Moonworks:LongDistanceShot","Moonworks:MiracleWalker","Moonworks:ImOnFire+1","Moonworks:IndiscriminateFireSupport+1","Moonworks:CookingTime","Moonworks:WindyEnchantment+1","Moonworks:IndiscriminateFireSupport+1","Moonworks:MetallicMonocoque","Moonworks:SakisCookie","Moonworks:Dash+1","Moonworks:IntelligenceOfficer","Moonworks:NicePresent+1","Moonworks:OutOfAmmo","Moonworks:BackdoorTrade","Moonworks:MiracleRedBeanIceCream+1","Moonworks:StiffCrystal+1"],"relics":["Moonworks:BrokenBomb","Moonworks:Homemark","Molten Egg 2","War Paint","Bottled Lightning","Runic Pyramid","Question Card","Bronze Scales","Strawberry"],"acts_visited":["Exordium","TheCity"],"potions_floor_usage":[24,24,24,33,33],"damage_taken":[{"damage":0.0,"enemies":"Small Slimes","floor":1.0,"turns":3.0},{"damage":0.0,"enemies":"2 Louse","floor":4.0,"turns":2.0},{"damage":11.0,"enemies":"Jaw Worm","floor":5.0,"turns":4.0},{"damage":7.0,"enemies":"3 Sentries","floor":7.0,"turns":2.0},{"damage":27.0,"enemies":"Gremlin Nob","floor":10.0,"turns":4.0},{"damage":13,"enemies":"Slime Boss","floor":16,"turns":6},{"damage":29,"enemies":"Shell Parasite","floor":18,"turns":6},{"damage":2,"enemies":"2 Thieves","floor":19,"turns":2},{"damage":0,"enemies":"Sentry and Sphere","floor":20,"turns":1},{"damage":0,"enemies":"Cultist and Chosen","floor":22,"turns":4},{"damage":27,"enemies":"Gremlin Leader","floor":24,"turns":4},{"damage":10,"enemies":"Slavers","floor":27,"turns":2},{"damage":14,"enemies":"Snake Plant","floor":28,"turns":3},{"damage":0,"enemies":"3 Cultists","floor":29,"turns":3},{"damage":10,"enemies":"Shelled Parasite and Fungi","floor":31,"turns":1},{"damage":26,"enemies":"Champ","floor":33,"turns":10}],"seed_played":"-5861495771257167068","potions_obtained":[{"floor":4.0,"key":"Explosive Potion"},{"floor":7.0,"key":"DistilledChaos"},{"floor":18,"key":"SkillPotion"},{"floor":22,"key":"SkillPotion"},{"floor":27,"key":"Block Potion"},{"floor":29,"key":"Regen Potion"}],"is_trial":false,"path_per_floor":["M","?","$","M","M","R","E","R","T","E","?","R","?","?","R","B",null,"M","M","M","?","M","R","E","R","T","E","M","M","?","M","R","B"],"character_chosen":"THE_STARBREAKER","items_purchased":["Moonworks:IndiscriminateFireSupport"],"campfire_rested":3,"item_purchase_floors":[3],"current_hp_per_floor":[60,60,60,60,49,49,45,45,45,18,11,29,29,17,35,25,60,34,32,32,32,35,35,11,29,29,29,18,21,21,11,11,8,8],"gold":96,"neow_bonus":"TRANSFORM_CARD","is_daily":false,"chose_seed":false,"campfire_upgraded":4,"win_rate":0.0,"timestamp":1610816689,"path_taken":["M","?","$","M","M","R","E","R","T","E","?","R","?","?","R","BOSS","M","M","M","?","?","R","E","R","T","E","M","M","?","M","R","BOSS"],"items_purchased_type":["Card"],"build_version":"2020-12-22","purchased_purges":0,"victory":false,"max_hp_per_floor":[60,60,60,60,60,60,60,60,60,60,60,60,60,60,60,60,60,60,60,60,60,60,60,60,60,60,67,67,67,67,67,67,67,67],"card_choices":[{"not_picked":["Moonworks:StiffCrystal","Moonworks:AwakeningOfTalent"],"picked":"Moonworks:ImOnFire","floor":1.0},{"not_picked":["Moonworks:SelfDestruct","Moonworks:ImOnFire"],"picked":"Moonworks:CookingTime","floor":4.0},{"not_picked":["Moonworks:DeployBits","Moonworks:Flamethrower"],"picked":"Moonworks:WindyEnchantment","floor":5.0},{"not_picked":["Moonworks:CastOff","Moonworks:AwakeningOfTalent+1","Moonworks:EvilSpyWorkPreparation"],"picked":"SKIP","floor":7.0},{"not_picked":["Moonworks:DeployBits","Moonworks:Assault+1"],"picked":"Moonworks:IndiscriminateFireSupport+1","floor":10},{"not_picked":["Moonworks:Encore","Moonworks:ShieldCounter"],"picked":"Moonworks:MetallicMonocoque","floor":16},{"not_picked":["Moonworks:Assault+1","Moonworks:JonathanRush+1"],"picked":"Moonworks:SakisCookie","floor":18},{"not_picked":["Moonworks:CookingTime+1","Moonworks:JonathanRush+1"],"picked":"Moonworks:Dash+1","floor":19},{"not_picked":["Moonworks:Assault+1","Moonworks:Poppoformation"],"picked":"Moonworks:IntelligenceOfficer","floor":20},{"not_picked":["Moonworks:Assault+1","Moonworks:JonathanRush+1"],"picked":"Moonworks:NicePresent","floor":22},{"not_picked":["Moonworks:BigMagnum","Moonworks:SakisCookie"],"picked":"Moonworks:OutOfAmmo","floor":24},{"not_picked":["Moonworks:LulusLuckyEgg+1","Moonworks:JonathanRush+1","Moonworks:UnluckyCharm"],"picked":"Moonworks:BackdoorTrade","floor":27},{"not_picked":["Moonworks:EvilSpyWorkPreparation+1","Moonworks:LulusLuckyEgg+1","Moonworks:RocketCannon+1","Moonworks:Assault+1"],"picked":"SKIP","floor":28},{"not_picked":["Moonworks:IndiscriminateFireSupport+1","Moonworks:IntelligenceOfficer","Moonworks:UnpaidWork"],"picked":"Moonworks:MiracleRedBeanIceCream","floor":29},{"not_picked":["Moonworks:DeployBits","Moonworks:NicePresent","Moonworks:CookingTime+1"],"picked":"Moonworks:StiffCrystal+1","floor":31}],"player_experience":321812,"relics_obtained":[{"floor":7.0,"key":"Molten Egg 2"},{"floor":9.0,"key":"War Paint"},{"floor":10,"key":"Bottled Lightning"},{"floor":24,"key":"Question Card"},{"floor":26,"key":"Bronze Scales"},{"floor":27,"key":"Strawberry"}],"event_choices":[{"cards_removed":["Moonworks:Strike"],"damage_healed":0.0,"max_hp_gain":0.0,"max_hp_loss":0.0,"gold_gain":0.0,"event_name":"The Cleric","player_choice":"Card Removal","floor":2.0,"gold_loss":50.0,"damage_taken":0.0},{"cards_removed":["Moonworks:Strike"],"damage_healed":0,"gold_gain":0,"player_choice":"Card Removal","damage_taken":7,"max_hp_gain":0,"max_hp_loss":0,"event_name":"Golden Wing","floor":11,"gold_loss":0},{"damage_healed":0,"gold_gain":0,"player_choice":"Ignored","damage_taken":0,"max_hp_gain":0,"max_hp_loss":0,"event_name":"Liars Game","floor":13,"gold_loss":0},{"damage_healed":0,"gold_gain":0,"player_choice":"Entered Light","damage_taken":12,"max_hp_gain":0,"max_hp_loss":0,"event_name":"Shining Light","floor":14,"gold_loss":0,"cards_upgraded":["Moonworks:ImOnFire","Moonworks:Defend"]},{"cards_removed":["Moonworks:Strike"],"damage_healed":0,"gold_gain":0,"player_choice":"Purged","damage_taken":0,"max_hp_gain":0,"max_hp_loss":0,"event_name":"Purifier","floor":21,"gold_loss":0},{"cards_removed":["Moonworks:Defend"],"damage_healed":0,"gold_gain":0,"player_choice":"Gave Gold","damage_taken":0,"max_hp_gain":0,"max_hp_loss":0,"event_name":"Beggar","floor":30,"gold_loss":75}],"is_beta":false,"boss_relics":[{"not_picked":["Pandora\u0027s Box","Cursed Key"],"picked":"Runic Pyramid"}],"items_purged_floors":[],"is_endless":false,"potions_floor_spawned":[4,7,18,22,27,29],"killed_by":"Champ","ascension_level":1}}