{"host":"1q02rw1wpi0nrsss","time":1610840586,"event":{"mods":["AchievementEnabler","BaseMod","DeckTracker","Minty Spire (QoL Compilation)","Permanent Neow","Quick Restart","Rare Cards Sparkle"],"gold_per_floor":[209,228,239,8,8,38,38,38,88,88,101,114,145,162,162,265,265,281,196,196,121,21,21,31,60,60,12,12,23,52,63,63,63,63],"floor_reached":33,"language":"ENG","playtime":1371,"items_purged":["Strike_G","Strike_G"],"score":428,"play_id":"3465a826-ee8a-4261-b64f-82c4d64760f2","local_time":"20210116154306","is_ascension_mode":true,"campfire_choices":[{"data":"Dash","floor":8.0,"key":"SMITH"},{"floor":15,"key":"REST"},{"data":"Neutralize","floor":23,"key":"SMITH"},{"data":"Glass Knife","floor":28,"key":"SMITH"},{"floor":32,"key":"REST"}],"circlet_count":0,"master_deck":["Strike_G","Defend_G","Defend_G","Defend_G","Defend_G","Defend_G","Survivor","Neutralize+1","Poisoned Stab","Dash+1","Infinite Blades","Glass Knife+1","Dagger Spray","Dodge and Roll","Poisoned Stab","After Image","Terror+1","PiercingWail+1"],"relics":["Ring of the Snake","Snake Skull","Omamori","Bag of Marbles","Boot","Juzu Bracelet","Cursed Key","PreservedInsect","MutagenicStrength","Girya","Bottled Flame","Tingsha"],"acts_visited":["Exordium","TheCity"],"potions_floor_usage":[16,30,30,33,33],"damage_taken":[{"damage":3.0,"enemies":"Jaw Worm","floor":1.0,"turns":6.0},{"damage":0.0,"enemies":"2 Louse","floor":2.0,"turns":3.0},{"damage":0.0,"enemies":"Small Slimes","floor":3.0,"turns":3.0},{"damage":18.0,"enemies":"Lagavulin","floor":6.0,"turns":7.0},{"damage":12.0,"enemies":"Red Slaver","floor":11.0,"turns":5.0},{"damage":1.0,"enemies":"2 Fungi Beasts","floor":12.0,"turns":3.0},{"damage":8.0,"enemies":"3 Sentries","floor":13.0,"turns":6.0},{"damage":0,"enemies":"Blue Slaver","floor":14,"turns":3},{"damage":29,"enemies":"Slime Boss","floor":16,"turns":9},{"damage":0,"enemies":"Shell Parasite","floor":18,"turns":4},{"damage":0,"enemies":"Chosen","floor":24,"turns":3},{"damage":9,"enemies":"Book of Stabbing","floor":25,"turns":5},{"damage":3,"enemies":"Snake Plant","floor":29,"turns":3},{"damage":14,"enemies":"Gremlin Leader","floor":30,"turns":2},{"damage":0,"enemies":"Cultist and Chosen","floor":31,"turns":4},{"damage":50,"enemies":"Automaton","floor":33,"turns":10}],"seed_played":"3879457144192158321","potions_obtained":[{"floor":2.0,"key":"Energy Potion"},{"floor":6.0,"key":"Energy Potion"},{"floor":11.0,"key":"GhostInAJar"},{"floor":29,"key":"Explosive Potion"},{"floor":30,"key":"GamblersBrew"},{"floor":31,"key":"DuplicationPotion"}],"is_trial":false,"path_per_floor":["M","M","M","$","?","E","?","R","T","?","M","M","E","M","R","B",null,"M","?","?","?","$","R","M","E","T","$","R","M","E","M","R","B"],"character_chosen":"THE_SILENT","items_purchased":["Snake Skull","Explosive Potion"],"campfire_rested":2,"item_purchase_floors":[4,27],"current_hp_per_floor":[60,60,60,60,53,35,35,35,35,35,23,22,14,14,35,6,54,54,54,54,54,54,54,54,45,45,45,45,42,28,28,49,0,0],"gold":63,"neow_bonus":"HUNDRED_GOLD","is_daily":false,"chose_seed":false,"campfire_upgraded":3,"win_rate":0.0,"timestamp":1610840586,"path_taken":["M","M","M","$","?","E","?","R","T","?","?","M","E","M","R","BOSS","M","?","?","?","?","R","M","E","T","$","R","M","E","M","R","BOSS"],"items_purchased_type":["Relic","Potion"],"build_version":"2020-12-22","purchased_purges":2,"victory":false,"max_hp_per_floor":[70,70,70,70,70,70,70,70,70,70,70,70,70,70,70,70,70,70,70,70,70,70,70,70,70,70,70,70,70,70,70,70,70,70],"card_choices":[{"not_picked":["Choke","Underhanded Strike"],"picked":"Poisoned Stab","floor":1.0},{"not_picked":["Cloak And Dagger","Flechettes"],"picked":"Dash","floor":2.0},{"not_picked":["Choke","Slice","Underhanded Strike"],"picked":"SKIP","floor":3.0},{"not_picked":["Choke","Calculated Gamble"],"picked":"Infinite Blades","floor":6.0},{"not_picked":["Prepared","Calculated Gamble"],"picked":"Glass Knife","floor":11.0},{"not_picked":["Flying Knee","Acrobatics"],"picked":"Dagger Spray","floor":12.0},{"not_picked":["Accuracy","Choke"],"picked":"Dodge and Roll","floor":13.0},{"not_picked":["Dash","Finisher"],"picked":"Poisoned Stab","floor":14},{"not_picked":["Unload","Night Terror"],"picked":"After Image","floor":16},{"not_picked":["Dagger Spray+1","Poisoned Stab","Underhanded Strike"],"picked":"SKIP","floor":18},{"not_picked":["Backflip+1","Catalyst+1"],"picked":"Terror+1","floor":24},{"not_picked":["Dagger Spray","Unload","Skewer"],"picked":"SKIP","floor":25},{"not_picked":["Concentrate","Slice","Tactician+1"],"picked":"SKIP","floor":29},{"not_picked":["Masterful Stab","Quick Slash+1","Terror"],"picked":"SKIP","floor":30},{"not_picked":["Dagger Throw","Sucker Punch"],"picked":"PiercingWail+1","floor":31}],"player_experience":400494,"relics_obtained":[{"floor":6.0,"key":"Omamori"},{"floor":9.0,"key":"Bag of Marbles"},{"floor":10.0,"key":"Boot"},{"floor":13.0,"key":"Juzu Bracelet"},{"floor":25,"key":"Girya"},{"floor":26,"key":"Bottled Flame"},{"floor":30,"key":"Tingsha"}],"event_choices":[{"cards_removed":["Strike_G"],"damage_healed":0.0,"max_hp_gain":0.0,"max_hp_loss":0.0,"gold_gain":0.0,"event_name":"Golden Wing","player_choice":"Card Removal","floor":5.0,"gold_loss":0.0,"damage_taken":7.0},{"damage_healed":0.0,"max_hp_gain":0.0,"max_hp_loss":0.0,"gold_gain":0.0,"event_name":"Liars Game","player_choice":"Ignored","floor":7.0,"gold_loss":0.0,"damage_taken":0.0},{"damage_healed":0.0,"max_hp_gain":0.0,"max_hp_loss":0.0,"gold_gain":0.0,"event_name":"Wheel of Change","player_choice":"Relic","floor":10.0,"gold_loss":0.0,"damage_taken":0.0},{"damage_healed":0,"gold_gain":0,"player_choice":"Obtained Relic","damage_taken":0,"relics_obtained":["PreservedInsect"],"max_hp_gain":0,"max_hp_loss":0,"event_name":"Addict","floor":19,"gold_loss":85},{"damage_healed":0,"gold_gain":0,"player_choice":"Inject Mutagens","damage_taken":0,"relics_obtained":["MutagenicStrength"],"max_hp_gain":0,"max_hp_loss":0,"event_name":"Drug Dealer","floor":20,"gold_loss":0},{"cards_removed":["Strike_G"],"damage_healed":0,"gold_gain":0,"player_choice":"Gave Gold","damage_taken":0,"max_hp_gain":0,"max_hp_loss":0,"event_name":"Beggar","floor":21,"gold_loss":75}],"is_beta":false,"boss_relics":[{"not_picked":["Coffee Dripper","Snecko Eye"],"picked":"Cursed Key"}],"items_purged_floors":[4,22],"is_endless":false,"potions_floor_spawned":[2,6,11,29,30,31],"killed_by":"Automaton","ascension_level":9}}