{"host":"4id8injl4bo2b6ih","time":1610820227,"event":{"mods":["Act Like it!","BaseMod","Better Third Choice","Colored Map","Downfall","Friendly Minions","Hermit","Highlight Path","Ironclad Rager","Minty Spire (QoL Compilation)","Relic Stats","Robot Space Explorer","Shop Mod","Spicy Shops","StSLib"],"gold_per_floor":[99,115,135,135,145,160,160,160,190,90,103,103,3,16,36,133,133,133,148,148,162,36,36,89,89,89,74,74,102,102,114,124,226,226,226,242,252,252,252,252,252,285,300,319,331,349,249,262,275,275,275,275,275],"floor_reached":52,"language":"ENG","playtime":4542,"items_purged":[],"score":683,"play_id":"34d108b5-d532-43a1-8fa3-7385dc51ebd9","local_time":"20210116190347","is_ascension_mode":false,"campfire_choices":[{"data":"bronze:Goto","floor":1.0,"key":"SMITH"},{"floor":8.0,"key":"RECALL"},{"data":"bronze:Shell","floor":10.0,"key":"SMITH"},{"data":"bronze:Replicate","floor":13.0,"key":"SMITH"},{"data":"bronze:Verify","floor":18.0,"key":"SMITH"},{"data":"bronze:Repulsor","floor":25.0,"key":"SMITH"},{"data":"bronze:Overload","floor":28.0,"key":"SMITH"},{"floor":30.0,"key":"REST"},{"data":"bronze:Shell","floor":35.0,"key":"SMITH"},{"data":"bronze:ClassDefault","floor":40,"key":"SMITH"},{"floor":47,"key":"REST"}],"circlet_count":0,"master_deck":["bronze:Strike","bronze:Strike","bronze:Strike","bronze:Defend","bronze:Defend+1","bronze:Defend","bronze:Defend","bronze:Replicate+1","bronze:Goto+1","bronze:ChildClass+1","bronze:Repulsor","bronze:OilSpill","bronze:Fortify","bronze:Shell+1","bronze:Allocate","bronze:ClassDefault+1","bronze:Repair","bronze:Verify+1","bronze:OilSpill+1","bronze:Overload+1","bronze:Shield","bronze:Repulsor+1","downfall:Bewildered","bronze:OilSpill+1","bronze:Shield+1","bronze:Shell+1","bronze:HardenedForm","Parasite","bronze:ForceShield+1","bronze:CloningBeam+1","bronze:ItsAFeature","bronze:Flail+1","bronze:Overload+1"],"relics":["bronze:BronzeCore","Lantern","Question Card","downfall:HeartBlessingRed","downfall:HeartBlessingGreen","Cursed Key","War Paint","MealTicket","Bag of Preparation","Busted Crown","Mummified Hand","downfall:HeartBlessingBlue"],"acts_visited":["Exordium","TheCity","TheBeyond","TheEnding"],"potions_floor_usage":[46,52],"damage_taken":[{"damage":7.0,"enemies":"2 Louse","floor":2.0,"turns":3.0},{"damage":0.0,"enemies":"Small Slimes","floor":3.0,"turns":3.0},{"damage":0.0,"enemies":"Cultist","floor":5.0,"turns":4.0},{"damage":2.0,"enemies":"Exordium Wildlife","floor":6.0,"turns":5.0},{"damage":1.0,"enemies":"Gremlin Nob","floor":9.0,"turns":3.0},{"damage":8.0,"enemies":"Blue Slaver","floor":11.0,"turns":4.0},{"damage":14.0,"enemies":"Exordium Thugs","floor":14.0,"turns":4.0},{"damage":5.0,"enemies":"3 Louse","floor":15.0,"turns":4.0},{"damage":33.0,"enemies":"IC_STATUS_ARCHETYPE","floor":16.0,"turns":10.0},{"damage":12.0,"enemies":"Spheric Guardian","floor":19.0,"turns":6.0},{"damage":18.0,"enemies":"Chosen","floor":21.0,"turns":6.0},{"damage":2.0,"enemies":"downfall:FleeingMerchant","floor":22.0,"turns":4.0},{"damage":9.0,"enemies":"downfall:FleeingMerchant","floor":27.0,"turns":4.0},{"damage":62.0,"enemies":"Slavers","floor":29.0,"turns":8.0},{"damage":0.0,"enemies":"Snecko","floor":31.0,"turns":3.0},{"damage":2.0,"enemies":"Snake Plant","floor":32.0,"turns":4.0},{"damage":8.0,"enemies":"WA_ARCHETYPE_CALM","floor":33.0,"turns":14.0},{"damage":4.0,"enemies":"3 Darklings","floor":36.0,"turns":7.0},{"damage":0.0,"enemies":"3 Shapes","floor":37.0,"turns":5.0},{"damage":16,"enemies":"Nemesis","floor":42,"turns":7},{"damage":23,"enemies":"Transient","floor":43,"turns":5},{"damage":1,"enemies":"4 Shapes","floor":44,"turns":6},{"damage":8,"enemies":"Sphere and 2 Shapes","floor":45,"turns":7},{"damage":8,"enemies":"Transient","floor":46,"turns":5},{"damage":10,"enemies":"Spire Growth","floor":48,"turns":5},{"damage":7,"enemies":"4 Shapes","floor":49,"turns":7},{"damage":43,"enemies":"SI_POISON_ARCHETYPE","floor":50,"turns":8},{"damage":111,"enemies":"downfall:CharBossMerchant","floor":52,"turns":8}],"seed_played":"2242697494599125487","potions_obtained":[{"floor":3.0,"key":"Energy Potion"},{"floor":5.0,"key":"AttackPotion"},{"floor":6.0,"key":"Weak Potion"},{"floor":21.0,"key":"sneckomod:MuddlingPotion"},{"floor":26.0,"key":"downfall:CursedFountainPotion"},{"floor":29.0,"key":"Swift Potion"},{"floor":31.0,"key":"Ancient Potion"},{"floor":43,"key":"bronze:BuildAFunctionPotion"},{"floor":46,"key":"GamblersBrew"},{"floor":49,"key":"ColorlessPotion"}],"is_trial":false,"path_per_floor":["R","M","M","?","M","M","T","R","E","R","M","?","R","M","M","B",null,"R","M","?","M","$","?","T","R","?","$","R","E","R","M","M","B",null,"R","M","M","?","?","R","T","E","M","M","M","M","R","M","M","B",null,"E"],"character_chosen":"THE_AUTOMATON","items_purchased":["bronze:Repulsor","War Paint"],"campfire_rested":2,"item_purchase_floors":[22,22],"current_hp_per_floor":[77,70,70,75,75,73,73,73,72,72,64,64,64,50,45,19,82,82,74,74,71,76,76,76,76,76,81,81,26,50,57,62,61,82,82,81,82,82,82,82,82,73,57,56,55,47,84,81,81,45,92,0,0],"gold":275,"neow_bonus":"TEN_PERCENT_HP_BONUS","is_daily":false,"chose_seed":false,"campfire_upgraded":8,"win_rate":0.0,"timestamp":1610820227,"path_taken":["R","M","M","?","M","M","T","R","E","R","M","?","R","M","M","BOSS","R","M","?","M","$","?","T","R","?","$","R","E","R","?","M","BOSS","R","M","M","?","?","R","T","E","?","M","M","M","R","M","M","BOSS","E"],"items_purchased_type":["Card","Relic"],"build_version":"2020-12-22","purchased_purges":0,"victory":false,"max_hp_per_floor":[77,77,77,82,82,82,82,82,82,82,82,82,82,82,82,82,82,82,82,82,82,82,82,82,82,82,82,82,82,82,82,82,82,82,82,82,82,82,82,82,82,82,82,82,82,82,92,92,92,92,92,92,92],"relic_stats":{"Busted Crown":18,"counters":[28,159],"Mummified Hand":[56],"MealTicket":6,"Bag of Preparation":[28],"War Paint":["bronze:Defend","bronze:ChildClass"],"Question Card":21,"Cursed Key":2,"obtain_stats":[{"Lantern":7,"bronze:BronzeCore":0,"Busted Crown":34,"downfall:HeartBlessingRed":10,"Mummified Hand":42,"downfall:HeartBlessingBlue":47,"downfall:HeartBlessingGreen":13,"MealTicket":24,"Bag of Preparation":29,"War Paint":22,"Question Card":9,"Cursed Key":17},{"Lantern":4,"bronze:BronzeCore":0,"Busted Crown":17,"downfall:HeartBlessingRed":5,"Mummified Hand":20,"downfall:HeartBlessingBlue":24,"downfall:HeartBlessingGreen":6,"MealTicket":12,"Bag of Preparation":14,"War Paint":12,"Question Card":5,"Cursed Key":9},{"Lantern":15,"bronze:BronzeCore":0,"Busted Crown":89,"downfall:HeartBlessingRed":18,"Mummified Hand":108,"downfall:HeartBlessingBlue":131,"downfall:HeartBlessingGreen":22,"MealTicket":56,"Bag of Preparation":68,"War Paint":56,"Question Card":18,"Cursed Key":40}]},"card_choices":[{"not_picked":["bronze:Deprecate","bronze:DarkDash"],"picked":"bronze:ChildClass","floor":2.0},{"not_picked":["bronze:ChosenStrike","bronze:Shell"],"picked":"bronze:Repulsor","floor":3.0},{"not_picked":["bronze:Shield","bronze:Frontload"],"picked":"bronze:OilSpill","floor":5.0},{"not_picked":["bronze:Overheat","bronze:ForLoop"],"picked":"bronze:Fortify","floor":6.0},{"not_picked":["bronze:OilSpill","bronze:CloningBeam"],"picked":"bronze:Shell","floor":9.0},{"not_picked":["bronze:DelayedGuard","bronze:OilSpill","bronze:BugBarrage"],"picked":"bronze:Allocate","floor":11.0},{"not_picked":["bronze:ForLoop","bronze:Deprecate","bronze:WhirlingStrike"],"picked":"bronze:ClassDefault","floor":14.0},{"not_picked":["bronze:Repulsor","bronze:Deprecate","bronze:Invalidate"],"picked":"bronze:Repair","floor":15.0},{"not_picked":["bronze:HardenedForm","bronze:AlphaBuild","bronze:Assembly"],"picked":"bronze:Verify","floor":16.0},{"not_picked":["bronze:DelayedGuard","bronze:BugBarrage","bronze:Invalidate+1"],"picked":"bronze:OilSpill+1","floor":19.0},{"not_picked":["bronze:BugBarrage","bronze:CloningBeam","bronze:Philosophize"],"picked":"bronze:Overload","floor":21.0},{"not_picked":["bronze:DigitalCarnage","bronze:CutThrough","bronze:FollowUp"],"picked":"bronze:Shield","floor":22.0},{"not_picked":["bronze:Repulsor","bronze:FineTuning","bronze:Repair"],"picked":"bronze:OilSpill+1","floor":27.0},{"not_picked":["bronze:ForLoop","bronze:WhirlingStrike","bronze:Safeguard"],"picked":"bronze:Shield+1","floor":29.0},{"not_picked":["bronze:Safeguard","bronze:WildBeam+1","bronze:ChildClass","bronze:BuggyMess"],"picked":"SKIP","floor":31.0},{"not_picked":["bronze:FineTuning","bronze:DelayedGuard","bronze:Overload"],"picked":"bronze:Shell","floor":32.0},{"not_picked":["bronze:ThunderWave","bronze:AlphaBuild","bronze:Break"],"picked":"bronze:HardenedForm","floor":33.0},{"not_picked":["bronze:CutThrough","bronze:Shield"],"picked":"SKIP","floor":36.0},{"not_picked":["bronze:DelayedSlice","bronze:Frontload"],"picked":"SKIP","floor":37.0},{"not_picked":["bronze:Overheat"],"picked":"bronze:ForceShield+1","floor":42},{"not_picked":["bronze:DelayedSlice","bronze:CutThrough"],"picked":"SKIP","floor":43},{"not_picked":["bronze:Turbo"],"picked":"bronze:CloningBeam+1","floor":44},{"not_picked":["bronze:BugBarrage","bronze:Shell"],"picked":"SKIP","floor":45},{"not_picked":["bronze:Fortify"],"picked":"bronze:ItsAFeature","floor":46},{"not_picked":["bronze:CloningBeam"],"picked":"bronze:Flail+1","floor":48},{"not_picked":["bronze:Iterate+1"],"picked":"bronze:Overload+1","floor":49}],"player_experience":437538,"relics_obtained":[{"floor":7.0,"key":"Lantern"},{"floor":9.0,"key":"Question Card"},{"floor":24.0,"key":"MealTicket"},{"floor":29.0,"key":"Bag of Preparation"},{"floor":42,"key":"Mummified Hand"}],"event_choices":[{"damage_healed":0.0,"max_hp_gain":5.0,"max_hp_loss":0.0,"gold_gain":0.0,"event_name":"Big Fish","player_choice":"Donut","floor":4.0,"gold_loss":0.0,"damage_taken":0.0},{"damage_healed":0.0,"max_hp_gain":0.0,"max_hp_loss":0.0,"gold_gain":0.0,"event_name":"Ghosts","player_choice":"Ignored","floor":20.0,"gold_loss":0.0,"damage_taken":0.0},{"damage_healed":0.0,"max_hp_gain":0.0,"max_hp_loss":0.0,"gold_gain":0.0,"event_name":"Vampires","player_choice":"Ignored","floor":23.0,"gold_loss":0.0,"damage_taken":0.0},{"cards_removed":["bronze:Backtrace"],"damage_healed":0,"gold_gain":0,"player_choice":"Removed Attack","damage_taken":0,"max_hp_gain":0,"max_hp_loss":0,"event_name":"Falling","floor":38,"gold_loss":0}],"is_beta":false,"boss_relics":[{"not_picked":["Empty Cage","Black Star"],"picked":"Cursed Key"},{"not_picked":["Tiny House","Snecko Eye"],"picked":"Busted Crown"}],"items_purged_floors":[],"is_endless":false,"potions_floor_spawned":[3,5,6,21,29,31,32,43,46,49],"killed_by":"downfall:CharBossMerchant","ascension_level":0}}