{"host":"2i0myh7fqij2ti1z","time":1610785383,"event":{"mods":["Aspiration","BaseMod","Better Third Choice","Colored Powertips","Conspire","Evolution","FoggyMod","GifTheSpireLib","Highlight Path","Hubris","Minty Spire (QoL Compilation)","Permanent Neow","Quick Restart","Random Character Button","Random Character Mod","Replay The Spire","Shop Mod","Spicy Shops","StSLib","Stuff the Spire","Wandering Minibosses","vexMod","óô»ðÖ¸ÄÏ"],"gold_per_floor":[113,113,320,5,5,30,30,30,56,90,90,76,95,120,120,222,272,292,16,16,16,29,58,58,120,120,120,145,244,271,71,71,200,200,248,208,274,274,274,357,430,468,544,616,262,262,288,349,349,392,392,392,93,128,128],"floor_reached":56,"language":"ENG","playtime":3086,"items_purged":["Defend_R","Strike_R","Strike_R","Strike_R","Defend_R+1","conspire:SpireCoStock","Defend_R+1"],"score":1465,"play_id":"2fdee057-9056-4506-b86b-9b07b3664d6c","local_time":"20210116162303","is_ascension_mode":true,"campfire_choices":[{"floor":7,"key":"REST"},{"data":"Bash","floor":15,"key":"SMITH"},{"data":"Defend_R","floor":15,"key":"SMITH"},{"data":"Metallicize","floor":27,"key":"SMITH"},{"data":"Bite","floor":27,"key":"SMITH"},{"data":"conspire:SpireCoStock","floor":32,"key":"SMITH"},{"data":"conspire:SpireCoStock","floor":32,"key":"SMITH"},{"data":"Madness","floor":46,"key":"SMITH"},{"data":"Madness","floor":46,"key":"SMITH"},{"floor":49,"key":"RECALL"},{"data":"Bite","floor":52,"key":"SMITH"},{"data":"Bite","floor":52,"key":"SMITH"}],"circlet_count":0,"master_deck":["Bash+1","Bludgeon+1","Hemogenesis+1","Rupture+1","Bite+1","Bite+1","Bite+1","Bite+1","Bite+1","Armaments+1","Metallicize+1","Exhume","Madness+1","Madness+1","Body Slam+1","Berserk","Flex+1","Bloodletting+1","Shrug It Off"],"relics":["EVO:Axolotl","StuffTheSpire:RunicHypercube","Gremlin Food","vexMod:BarristanHead","aspiration:SeaSaltIceCream","aspiration:Nostalgia","Sizzling Blood","Bronze Scales","Replay:Arrowhead","MerchantsRug","StuffTheSpire:Expresso","Tiny House","conspire:TreasureMap","CultistMask","PreservedInsect","hubris:SphereOfDissonance","Lantern","aspiration:HatOfInfinitePower","Electric Blood","aspiration:Lifesprig","conspire:Boomerang","StuffTheSpire:OldFever","Boot","ClockworkSouvenir","aspiration:ChemicalBlood","hubris:PeanutButter"],"acts_visited":["Exordium","TheCity","TheBeyond","TheEnding"],"potions_floor_usage":[10,14,33,33,33,50,50,54,55,55],"damage_taken":[{"damage":28,"enemies":"Jaw Worm","floor":1,"turns":6},{"damage":22,"enemies":"3 Sentries","floor":6,"turns":6},{"damage":0,"enemies":"Gremlin Nob","floor":10,"turns":2},{"damage":0,"enemies":"2 Louse","floor":13,"turns":2},{"damage":30,"enemies":"3 Sentries","floor":14,"turns":7},{"damage":4,"enemies":"Hexaghost","floor":16,"turns":6},{"damage":0,"enemies":"Spheric Guardian","floor":18,"turns":2},{"damage":3,"enemies":"2 Thieves","floor":22,"turns":2},{"damage":40,"enemies":"Replay:Snechameleon","floor":23,"turns":5},{"damage":21,"enemies":"Slavers","floor":28,"turns":5},{"damage":2,"enemies":"Replay:Snechameleon","floor":30,"turns":2},{"damage":61,"enemies":"Champ","floor":33,"turns":11},{"damage":38,"enemies":"3 Darklings","floor":35,"turns":2},{"damage":8,"enemies":"Orb Walker","floor":37,"turns":2},{"damage":38,"enemies":"R_Hoarder","floor":40,"turns":5},{"damage":26,"enemies":"conspire:MimicChest","floor":41,"turns":4},{"damage":10,"enemies":"Giant Head","floor":42,"turns":3},{"damage":83,"enemies":"Nemesis","floor":44,"turns":5},{"damage":19,"enemies":"Reptomancer","floor":47,"turns":2},{"damage":16,"enemies":"4 Shapes","floor":48,"turns":3},{"damage":41,"enemies":"Replay:Hell Engine","floor":50,"turns":4},{"damage":21,"enemies":"Shield and Spear","floor":54,"turns":3},{"damage":70,"enemies":"The Heart","floor":55,"turns":5}],"seed_played":"1048852376001633533","potions_obtained":[{"floor":6,"key":"SteroidPotion"},{"floor":10,"key":"SteroidPotion"},{"floor":13,"key":"SkillPotion"},{"floor":17,"key":"conspire:TimeTravelPotion"},{"floor":18,"key":"BlessingOfTheForge"},{"floor":37,"key":"LiquidBronze"},{"floor":42,"key":"BlessingOfTheForge"},{"floor":44,"key":"Ancient Potion"},{"floor":50,"key":"Block Potion"},{"floor":50,"key":"Strength Potion"},{"floor":55,"key":"GamblersBrew"}],"is_trial":false,"path_per_floor":["M","?","?","$","?","E","R","T","T","E","?","$","M","E","R","B",null,"M","$","?","?","M","E","?","$","T","R","E","?","E","?","R","B",null,"M","?","M","?","?","E","?","E","T","E","$","R","E","M","R","B",null,"R","$","E","B",null],"character_chosen":"IRONCLAD","items_purchased":["Gremlin Food","vexMod:TimeEaterHat","MerchantsRug","Rupture+1","conspire:TreasureMap","Metallicize","ClockworkSouvenir","Shrug It Off"],"campfire_rested":1,"item_purchase_floors":[4,12,12,19,19,25,45,53],"current_hp_per_floor":[52,36,36,36,36,14,38,42,42,46,46,46,50,24,24,24,89,89,89,62,62,62,36,36,36,36,36,33,33,39,39,39,62,62,51,51,62,62,54,33,25,60,60,33,33,33,62,62,62,62,62,62,62,56,51],"gold":128,"neow_bonus":"BOSS_RELIC","is_daily":false,"chose_seed":false,"campfire_upgraded":10,"win_rate":0.0,"timestamp":1610785383,"path_taken":["M","?","?","$","?","E","R","?","T","E","?","?","?","E","R","BOSS","M","$","?","?","?","E","?","?","T","R","E","?","E","?","R","BOSS","M","?","?","?","?","E","?","E","T","E","$","R","E","?","R","BOSS","R","$","E","BOSS"],"items_purchased_type":["Relic","Relic","Relic","Card","Relic","Card","Relic","Card"],"build_version":"2020-12-22","purchased_purges":7,"victory":true,"max_hp_per_floor":[80,80,80,80,80,80,80,84,84,84,84,84,84,84,84,84,89,89,89,62,62,62,62,62,62,62,62,62,62,62,62,62,62,62,62,62,62,62,62,62,62,62,62,62,62,62,62,62,62,62,62,62,62,62,62],"card_choices":[{"not_picked":["Headbutt","Clothesline","Run Through"],"picked":"SKIP","floor":1},{"not_picked":["Clothesline","Anger"],"picked":"Metallicize","floor":3},{"not_picked":["conspire:HitWhereItHurts","conspire:ExplosiveBarrier","Fire Breathing"],"picked":"SKIP","floor":6},{"not_picked":["Twin Strike","Shrug It Off","Sentinel"],"picked":"SKIP","floor":10},{"not_picked":["Sever Soul","Dark Embrace","Shrug It Off"],"picked":"SKIP","floor":13},{"not_picked":["Havoc","Warcry","Demonic Infusion"],"picked":"SKIP","floor":14},{"not_picked":["Eclipse","Exhume"],"picked":"Hemogenesis","floor":16},{"not_picked":["True Grit","Havoc","Abandon"],"picked":"SKIP","floor":18},{"not_picked":["Power Through","Dropkick+1","Perfected Strike"],"picked":"SKIP","floor":22},{"not_picked":["Exhume","StuffTheSpire:RagingBull+1"],"picked":"Armaments+1","floor":23},{"not_picked":["Massacre+1","Burning Pact","Sentinel"],"picked":"SKIP","floor":28},{"not_picked":["Iron Wave","Anger+1","Spot Weakness"],"picked":"SKIP","floor":30},{"not_picked":["Fiend Fire","StuffTheSpire:TitanForm"],"picked":"Exhume","floor":33},{"not_picked":["StuffTheSpire:Incineration+1","Carnage","Pummel"],"picked":"SKIP","floor":35},{"not_picked":["Anger+1","ReplayTheSpireMod:Strike From Hell","Thunderclap+1"],"picked":"SKIP","floor":37},{"not_picked":["StuffTheSpire:Resist+1","Demonic Infusion","Evolve"],"picked":"SKIP","floor":40},{"not_picked":["Anger","Headbutt"],"picked":"Body Slam+1","floor":41},{"not_picked":["Armaments","StuffTheSpire:Incineration+1"],"picked":"Berserk","floor":42},{"not_picked":["StuffTheSpire:Incineration","Perfected Strike+1"],"picked":"Flex+1","floor":44},{"not_picked":["Run Through+1","Carnage"],"picked":"Bloodletting+1","floor":47},{"not_picked":["Sword Boomerang","Cleave","Anger"],"picked":"SKIP","floor":48},{"not_picked":["Warcry+1","Havoc","Abandon+1"],"picked":"SKIP","floor":54}],"player_experience":233691,"relics_obtained":[{"floor":6,"key":"vexMod:BarristanHead"},{"floor":8,"key":"aspiration:SeaSaltIceCream"},{"floor":9,"key":"Bronze Scales"},{"floor":10,"key":"Replay:Arrowhead"},{"floor":14,"key":"StuffTheSpire:Expresso"},{"floor":23,"key":"PreservedInsect"},{"floor":26,"key":"hubris:SphereOfDissonance"},{"floor":28,"key":"Lantern"},{"floor":30,"key":"aspiration:HatOfInfinitePower"},{"floor":40,"key":"aspiration:Lifesprig"},{"floor":41,"key":"conspire:Boomerang"},{"floor":42,"key":"StuffTheSpire:OldFever"},{"floor":44,"key":"Boot"},{"floor":47,"key":"aspiration:ChemicalBlood"},{"floor":54,"key":"hubris:PeanutButter"}],"event_choices":[{"damage_healed":52,"gold_gain":0,"player_choice":"Upgrade","damage_taken":16,"max_hp_gain":0,"max_hp_loss":80,"event_name":"betterThird:BetterShining","floor":2,"gold_loss":0,"cards_upgraded":["Strike_R","Defend_R"]},{"damage_healed":0,"gold_gain":0,"player_choice":"Became a vampire","damage_taken":0,"max_hp_gain":0,"max_hp_loss":27,"event_name":"Vampires","floor":20,"gold_loss":0,"cards_obtained":["Bite","Bite","Bite","Bite","Bite"]},{"damage_healed":0,"gold_gain":0,"player_choice":"Trade","damage_taken":0,"relics_obtained":["CultistMask"],"max_hp_gain":0,"max_hp_loss":0,"event_name":"FaceTrader","floor":21,"gold_loss":0},{"damage_healed":0,"gold_gain":0,"player_choice":"Upgraded","damage_taken":0,"max_hp_gain":0,"max_hp_loss":0,"event_name":"Upgrade Shrine","floor":24,"gold_loss":0,"cards_upgraded":["Hemogenesis"]},{"damage_healed":0,"gold_gain":99,"player_choice":"Steal","damage_taken":0,"max_hp_gain":0,"max_hp_loss":0,"event_name":"betterThird:BetterNest","floor":29,"gold_loss":0},{"damage_healed":0,"gold_gain":0,"player_choice":"Invest 4","damage_taken":0,"max_hp_gain":0,"max_hp_loss":0,"event_name":"conspire:Investor","floor":31,"gold_loss":0},{"damage_healed":0,"gold_gain":0,"player_choice":"Upgraded Two","damage_taken":0,"max_hp_gain":0,"max_hp_loss":0,"event_name":"Designer","floor":36,"gold_loss":40,"cards_upgraded":["Bite","Bite"]},{"cards_removed":["Defend_R"],"damage_healed":0,"gold_gain":0,"player_choice":"Removed Skill","damage_taken":0,"max_hp_gain":0,"max_hp_loss":0,"event_name":"Falling","floor":38,"gold_loss":0},{"damage_healed":0,"gold_gain":0,"player_choice":"Embrace Madness","damage_taken":8,"max_hp_gain":0,"max_hp_loss":0,"event_name":"Winding Halls","floor":39,"gold_loss":0,"cards_obtained":["Madness","Madness"]}],"is_beta":false,"boss_relics":[{"not_picked":["Kintsugi","SacredBark"],"picked":"Tiny House"},{"not_picked":["aspiration:SecretTechniqueScroll","hubris:CrackedHourglass"],"picked":"Electric Blood"}],"items_purged_floors":[4,4,12,19,25,45,53],"is_endless":false,"potions_floor_spawned":[6,10,13,18,28,30,37,42,44],"ascension_level":3}}