{"host":"2ovd97vxlcfh2ypd","time":1610789505,"event":{"mods":["BaseMod","Colored Map","Colored Powertips","Highlight Path","Minty Spire (QoL Compilation)","Quick Restart","Relic Stats","StSLib","SuperFastMode","Waifu the Spire"],"gold_per_floor":[110,32,50,0,0,39,39,52,77,77,93,109,125,148,148,148,148],"floor_reached":16,"language":"ZHS","playtime":166,"items_purged":[],"score":135,"play_id":"9ac7e4b2-7ef5-4cc0-8251-0ee6d5fe3fbb","local_time":"20210116173145","is_ascension_mode":true,"campfire_choices":[{"data":"Gash","floor":7,"key":"SMITH"},{"data":"Beam Cell","floor":10,"key":"SMITH"},{"data":"Gash","floor":15,"key":"SMITH"}],"circlet_count":0,"master_deck":["Strike_B","Strike_B","Strike_B","Defend_B","Defend_B","Defend_B","Defend_B","Zap","Dualcast","Gash","Gash+1","Sweeping Beam","Leap","Gash+1","Beam Cell+1","Rip and Tear","Rip and Tear","Rebound"],"relics":["Cracked Core","NeowsBlessing","Golden Idol","Happy Flower","Nunchaku"],"acts_visited":["Exordium"],"potions_floor_usage":[],"damage_taken":[{"damage":0,"enemies":"2 Louse","floor":1,"turns":1},{"damage":0,"enemies":"Small Slimes","floor":3,"turns":1},{"damage":0,"enemies":"3 Sentries","floor":6,"turns":1},{"damage":2,"enemies":"Jaw Worm","floor":8,"turns":3},{"damage":9,"enemies":"2 Fungi Beasts","floor":11,"turns":2},{"damage":13,"enemies":"Red Slaver","floor":12,"turns":2},{"damage":2,"enemies":"Blue Slaver","floor":13,"turns":2},{"damage":5,"enemies":"Looter","floor":14,"turns":2},{"damage":27,"enemies":"The Guardian","floor":16,"turns":4}],"seed_played":"7101873891286562175","potions_obtained":[{"floor":11,"key":"LiquidBronze"},{"floor":12,"key":"FocusPotion"},{"floor":14,"key":"Strength Potion"}],"is_trial":false,"path_per_floor":["M","$","M","?","?","E","R","M","T","R","M","M","M","M","R","B"],"character_chosen":"DEFECT","items_purchased":["Gash","Sweeping Beam"],"campfire_rested":0,"item_purchase_floors":[2,2],"current_hp_per_floor":[75,75,75,75,57,57,57,55,55,55,46,33,31,26,26,0,0],"gold":148,"neow_bonus":"THREE_ENEMY_KILL","is_daily":false,"chose_seed":false,"campfire_upgraded":3,"win_rate":0.0,"timestamp":1610789505,"path_taken":["M","$","M","?","?","E","R","M","T","R","M","M","M","M","R","BOSS"],"items_purchased_type":["Card","Card"],"build_version":"2020-12-22","purchased_purges":0,"victory":false,"max_hp_per_floor":[75,75,75,75,75,75,75,75,75,75,75,75,75,75,75,75,75],"relic_stats":{"Nunchaku":[3],"Happy Flower":[5],"counters":[9,18],"Golden Idol":25,"obtain_stats":[{"Nunchaku":9,"NeowsBlessing":0,"Happy Flower":6,"Golden Idol":5,"Cracked Core":0},{"Nunchaku":4,"NeowsBlessing":0,"Happy Flower":3,"Golden Idol":2,"Cracked Core":0},{"Nunchaku":6,"NeowsBlessing":0,"Happy Flower":3,"Golden Idol":2,"Cracked Core":0}]},"card_choices":[{"not_picked":["Steam","Doom and Gloom"],"picked":"Gash","floor":1},{"not_picked":["Conserve Battery","Doom and Gloom"],"picked":"Leap","floor":3},{"not_picked":["Beam Cell","Blizzard"],"picked":"Gash","floor":6},{"not_picked":["Rebound","Streamline"],"picked":"Beam Cell","floor":8},{"not_picked":["Compile Driver","Cold Snap"],"picked":"Rip and Tear","floor":11},{"not_picked":["Reinforced Body","Chaos"],"picked":"Rip and Tear","floor":12},{"not_picked":["FTL","Self Repair"],"picked":"Rebound","floor":13},{"not_picked":["White Noise","Streamline","Ball Lightning"],"picked":"SKIP","floor":14}],"player_experience":292208,"relics_obtained":[{"floor":6,"key":"Happy Flower"},{"floor":9,"key":"Nunchaku"}],"event_choices":[{"cards_removed":["Strike_B"],"damage_healed":0,"gold_gain":0,"player_choice":"Card Removal","damage_taken":0,"max_hp_gain":0,"max_hp_loss":0,"event_name":"The Cleric","floor":4,"gold_loss":50},{"damage_healed":0,"gold_gain":0,"player_choice":"Take Damage","damage_taken":18,"relics_obtained":["Golden Idol"],"max_hp_gain":0,"max_hp_loss":0,"event_name":"Golden Idol","floor":5,"gold_loss":0}],"is_beta":false,"boss_relics":[],"items_purged_floors":[],"is_endless":false,"potions_floor_spawned":[11,12,14],"killed_by":"The Guardian","ascension_level":1}}