{"host":"szp1d6dso4pv7ddl","time":1610758073,"event":{"mods":["AchievementEnabler","Alarm Clock","BaseMod","Bestiary","Block Reminder","Colored Map","Colored Powertips","Curses Come First","Dark Map","Displayed Cursed Tome","Highlight Path","Minty Spire (QoL Compilation)","Permanent Neow","Quick Restart","Relic Sorter","Relic Stats","StSLib","Synergy Search"],"gold_per_floor":[113,63,75,87,99,127,127,162,211,236,248,280,292,315,327,441,453,481,506,518,530,530],"floor_reached":21,"language":"ENG","playtime":1308,"items_purged":[],"score":261,"play_id":"27461f25-d3ee-470f-90c6-a4be466613ea","local_time":"20210115164753","is_ascension_mode":true,"campfire_choices":[{"data":"Panache","floor":7,"key":"SMITH"},{"data":"FTL","floor":11,"key":"SMITH"},{"floor":15,"key":"REST"}],"circlet_count":0,"master_deck":["Strike_B","Strike_B","Defend_B","Defend_B","Defend_B","Zap","Dualcast","Panache+1","Ball Lightning","Double Energy","Hologram","Go for the Eyes","FTL+1","BootSequence","Conserve Battery","Buffer","Beam Cell+1"],"relics":["Cracked Core","Symbiotic Virus","Eternal Feather","MawBank","Ancient Tea Set","Empty Cage"],"acts_visited":["Exordium","TheCity"],"potions_floor_usage":[6,8,8,16,20],"damage_taken":[{"damage":1,"enemies":"2 Louse","floor":1,"turns":2},{"damage":0,"enemies":"Small Slimes","floor":3,"turns":2},{"damage":4,"enemies":"Jaw Worm","floor":4,"turns":4},{"damage":8,"enemies":"Looter","floor":5,"turns":3},{"damage":10,"enemies":"Lagavulin","floor":6,"turns":7},{"damage":22,"enemies":"3 Sentries","floor":8,"turns":4},{"damage":15,"enemies":"Lots of Slimes","floor":10,"turns":2},{"damage":0,"enemies":"2 Fungi Beasts","floor":12,"turns":2},{"damage":2,"enemies":"Exordium Wildlife","floor":14,"turns":3},{"damage":45,"enemies":"Slime Boss","floor":16,"turns":9},{"damage":12,"enemies":"Shell Parasite","floor":18,"turns":4},{"damage":5,"enemies":"2 Thieves","floor":19,"turns":3},{"damage":0,"enemies":"Masked Bandits","floor":20,"turns":2},{"damage":39,"enemies":"3 Cultists","floor":21,"turns":4}],"seed_played":"-8625119233675092915","potions_obtained":[{"floor":1,"key":"SkillPotion"},{"floor":3,"key":"Weak Potion"},{"floor":6,"key":"LiquidBronze"},{"floor":10,"key":"SmokeBomb"},{"floor":14,"key":"Regen Potion"}],"is_trial":false,"path_per_floor":["M","?","M","M","M","E","R","E","T","M","R","M","?","M","R","B",null,"M","M","?","M"],"character_chosen":"DEFECT","items_purchased":[],"campfire_rested":1,"item_purchase_floors":[],"current_hp_per_floor":[67,67,67,63,55,45,45,23,23,8,17,17,10,8,37,7,53,41,36,36,0,0],"gold":530,"neow_bonus":"RANDOM_COLORLESS_2","is_daily":false,"chose_seed":false,"campfire_upgraded":2,"win_rate":0.0,"timestamp":1610758073,"path_taken":["M","?","M","M","M","E","R","E","T","M","R","M","?","M","R","BOSS","M","M","?","M"],"items_purchased_type":[],"build_version":"2020-12-22","purchased_purges":0,"victory":false,"max_hp_per_floor":[68,68,68,68,68,68,68,68,68,68,68,68,68,68,68,68,68,68,68,68,68,68],"relic_stats":{"counters":[14,51],"Eternal Feather":18,"MawBank":144,"obtain_stats":[{"Eternal Feather":8,"Cracked Core":0,"Symbiotic Virus":6,"MawBank":9,"Ancient Tea Set":13,"Empty Cage":17},{"Eternal Feather":6,"Cracked Core":0,"Symbiotic Virus":5,"MawBank":6,"Ancient Tea Set":8,"Empty Cage":10},{"Eternal Feather":22,"Cracked Core":0,"Symbiotic Virus":18,"MawBank":22,"Ancient Tea Set":26,"Empty Cage":38}]},"card_choices":[{"not_picked":["Violence","Chrysalis"],"picked":"Panache","floor":0},{"not_picked":["Skim","Hello World"],"picked":"Ball Lightning","floor":1},{"not_picked":["White Noise","Rip and Tear"],"picked":"Double Energy","floor":3},{"not_picked":["Blizzard","Tempest"],"picked":"Hologram","floor":4},{"not_picked":["Reinforced Body","White Noise"],"picked":"Go for the Eyes","floor":5},{"not_picked":["White Noise","Blizzard","Steam"],"picked":"SKIP","floor":6},{"not_picked":["Gash","Genetic Algorithm"],"picked":"FTL","floor":8},{"not_picked":["Doom and Gloom","Coolheaded"],"picked":"BootSequence","floor":10},{"not_picked":["Sweeping Beam","Barrage"],"picked":"Conserve Battery","floor":12},{"not_picked":["Lockon","Compile Driver","Rebound"],"picked":"SKIP","floor":14},{"not_picked":["Creative AI","Machine Learning"],"picked":"Buffer","floor":16},{"not_picked":["Barrage","Turbo","Consume"],"picked":"SKIP","floor":18},{"not_picked":["Turbo+1","Recycle"],"picked":"Beam Cell+1","floor":19}],"player_experience":1177859,"relics_obtained":[{"floor":6,"key":"Symbiotic Virus"},{"floor":8,"key":"Eternal Feather"},{"floor":9,"key":"MawBank"}],"event_choices":[{"cards_removed":["Strike_B"],"damage_healed":0,"gold_gain":0,"player_choice":"Card Removal","damage_taken":0,"max_hp_gain":0,"max_hp_loss":0,"event_name":"The Cleric","floor":2,"gold_loss":50},{"damage_healed":0,"gold_gain":0,"player_choice":"Success","damage_taken":7,"relics_obtained":["Ancient Tea Set"],"max_hp_gain":0,"max_hp_loss":0,"event_name":"Scrap Ooze","floor":13,"gold_loss":0},{"damage_healed":0,"gold_gain":0,"player_choice":"Fought Bandits","damage_taken":0,"max_hp_gain":0,"max_hp_loss":0,"event_name":"Masked Bandits","floor":20,"gold_loss":0}],"is_beta":false,"boss_relics":[{"not_picked":["Runic Pyramid","SacredBark"],"picked":"Empty Cage"}],"items_purged_floors":[],"is_endless":false,"potions_floor_spawned":[1,3,6,10,14],"killed_by":"3 Cultists","ascension_level":7}}