{"host":"qjv9b7mze4c73keh","time":1610778571,"event":{"mods":["BaseMod","Minty Spire (QoL Compilation)"],"gold_per_floor":[117,117,131,131,144,187,187,221,248,263,8,8,8,24,24,145,208,222,236,335,355,280,280,293,293,293,293,293,273,298,314,314,314,314],"floor_reached":33,"language":"RUS","playtime":2466,"items_purged":["Strike_R"],"score":257,"play_id":"b9150225-db9c-4953-9787-08b31452aa1b","local_time":"20210116112931","is_ascension_mode":false,"campfire_choices":[{"floor":7,"key":"REST"},{"floor":15,"key":"REST"},{"floor":23,"key":"REST"},{"floor":25,"key":"REST"},{"floor":28,"key":"REST"},{"floor":32,"key":"REST"}],"circlet_count":0,"master_deck":["Strike_R","Strike_R","Strike_R","Defend_R","Defend_R+1","Defend_R","Defend_R","Bash","Brutality","Shrug It Off","Demon Form","Infernal Blade","Body Slam","Metamorphosis","Juggernaut","Battle Trance+1"],"relics":["Burning Blood","Pen Nib","Golden Idol","Happy Flower","HornCleat","Dream Catcher","Tiny House","White Beast Statue"],"acts_visited":["Exordium","TheCity"],"potions_floor_usage":[10,16,16,21,21,21,24,31,31,33],"damage_taken":[{"damage":6,"enemies":"Jaw Worm","floor":1,"turns":6},{"damage":6,"enemies":"2 Louse","floor":3,"turns":5},{"damage":0,"enemies":"Cultist","floor":5,"turns":4},{"damage":40,"enemies":"Gremlin Nob","floor":6,"turns":6},{"damage":32,"enemies":"3 Sentries","floor":8,"turns":9},{"damage":0,"enemies":"Looter","floor":10,"turns":4},{"damage":13,"enemies":"2 Fungi Beasts","floor":14,"turns":4},{"damage":30,"enemies":"Hexaghost","floor":16,"turns":9},{"damage":39,"enemies":"Spheric Guardian","floor":18,"turns":6},{"damage":27,"enemies":"Chosen","floor":19,"turns":7},{"damage":20,"enemies":"Snecko","floor":21,"turns":6},{"damage":34,"enemies":"Centurion and Healer","floor":24,"turns":7},{"damage":22,"enemies":"Snake Plant","floor":30,"turns":4},{"damage":23,"enemies":"Snecko","floor":31,"turns":5},{"damage":38,"enemies":"Champ","floor":33,"turns":8}],"seed_played":"6491775665189576492","potions_obtained":[{"floor":3,"key":"Swift Potion"},{"floor":6,"key":"SpeedPotion"},{"floor":8,"key":"EssenceOfSteel"},{"floor":10,"key":"ColorlessPotion"},{"floor":17,"key":"PowerPotion"},{"floor":19,"key":"Fire Potion"},{"floor":21,"key":"Fruit Juice"},{"floor":29,"key":"Fire Potion"},{"floor":30,"key":"Explosive Potion"},{"floor":31,"key":"ColorlessPotion"}],"is_trial":false,"path_per_floor":["M","?","M","?","M","E","R","E","T","M","$","?","$","M","R","B",null,"M","M","?","M","?","R","M","R","T","?","R","?","M","M","R","B"],"character_chosen":"IRONCLAD","items_purchased":["Metamorphosis"],"campfire_rested":6,"item_purchase_floors":[11],"current_hp_per_floor":[80,77,77,74,74,40,62,36,36,42,42,42,42,35,57,33,79,46,25,25,11,11,34,11,36,36,20,45,45,29,12,37,0,0],"gold":314,"neow_bonus":"ONE_RANDOM_RARE_CARD","is_daily":false,"chose_seed":false,"campfire_upgraded":0,"win_rate":0.0,"timestamp":1610778571,"path_taken":["M","?","M","?","M","E","R","E","T","M","?","?","?","M","R","BOSS","M","M","?","M","?","R","M","R","T","?","R","?","?","M","R","BOSS"],"items_purchased_type":["Card"],"build_version":"2020-12-22","purchased_purges":1,"victory":false,"max_hp_per_floor":[80,80,80,74,74,74,74,74,74,74,74,74,74,74,74,74,79,79,79,79,79,79,79,84,84,84,84,84,84,84,84,84,84,84],"card_choices":[{"not_picked":["Perfected Strike","Carnage","Clash"],"picked":"SKIP","floor":1},{"not_picked":["Infernal Blade","Heavy Blade"],"picked":"Shrug It Off","floor":3},{"not_picked":["Searing Blow","Combust"],"picked":"Demon Form","floor":5},{"not_picked":["Dual Wield","Intimidate"],"picked":"Infernal Blade","floor":6},{"not_picked":["Shrug It Off","Pommel Strike","Immolate"],"picked":"SKIP","floor":8},{"not_picked":["Heavy Blade","Cleave"],"picked":"Body Slam","floor":10},{"not_picked":["Warcry","Twin Strike","Pummel"],"picked":"SKIP","floor":14},{"not_picked":["Exhume","Immolate"],"picked":"Juggernaut","floor":16},{"not_picked":["Heavy Blade","True Grit+1","Iron Wave"],"picked":"SKIP","floor":18},{"not_picked":["Inflame","Thunderclap","Spot Weakness"],"picked":"SKIP","floor":19},{"not_picked":["Anger+1","Headbutt","Twin Strike"],"picked":"SKIP","floor":21},{"not_picked":["Warcry","Iron Wave","Clothesline"],"picked":"SKIP","floor":24},{"not_picked":["Cleave","Carnage"],"picked":"Battle Trance+1","floor":25},{"not_picked":["Thunderclap+1","Clash","Twin Strike"],"picked":"SKIP","floor":30},{"not_picked":["Blood for Blood","Battle Trance","Rage"],"picked":"SKIP","floor":31}],"player_experience":85892,"relics_obtained":[{"floor":6,"key":"Happy Flower"},{"floor":8,"key":"HornCleat"},{"floor":9,"key":"Dream Catcher"},{"floor":26,"key":"White Beast Statue"}],"event_choices":[{"damage_healed":0,"gold_gain":0,"player_choice":"Success","damage_taken":3,"relics_obtained":["Pen Nib"],"max_hp_gain":0,"max_hp_loss":0,"event_name":"Scrap Ooze","floor":2,"gold_loss":0},{"damage_healed":0,"gold_gain":0,"player_choice":"Lose Max HP","damage_taken":0,"relics_obtained":["Golden Idol"],"max_hp_gain":0,"max_hp_loss":6,"event_name":"Golden Idol","floor":4,"gold_loss":0},{"damage_healed":0,"gold_gain":0,"player_choice":"Ignored","damage_taken":0,"max_hp_gain":0,"max_hp_loss":0,"event_name":"Liars Game","floor":12,"gold_loss":0},{"damage_healed":0,"gold_gain":99,"player_choice":"Stole From Cult","damage_taken":0,"max_hp_gain":0,"max_hp_loss":0,"event_name":"Nest","floor":20,"gold_loss":0},{"cards_removed":["Strike_R"],"damage_healed":0,"gold_gain":0,"player_choice":"Gave Gold","damage_taken":0,"max_hp_gain":0,"max_hp_loss":0,"event_name":"Beggar","floor":22,"gold_loss":75},{"damage_healed":0,"gold_gain":0,"player_choice":"Obtained Book","damage_taken":16,"max_hp_gain":0,"max_hp_loss":0,"event_name":"Cursed Tome","floor":27,"gold_loss":0},{"damage_healed":0,"gold_gain":0,"player_choice":"Bought 1 Potion","damage_taken":0,"max_hp_gain":0,"max_hp_loss":0,"event_name":"The Woman in Blue","floor":29,"gold_loss":0}],"is_beta":false,"boss_relics":[{"not_picked":["Snecko Eye","Runic Dome"],"picked":"Tiny House"}],"items_purged_floors":[11],"is_endless":false,"potions_floor_spawned":[3,6,8,10,19,21,30,31],"killed_by":"Champ","ascension_level":0}}