{"host":"i4yzoangb31cseo0","time":1610810837,"event":{"mods":["AchievementEnabler","BaseMod","Colored Powertips","Curses Come First","Downfall","Hermit","Minty Spire (QoL Compilation)","StSLib","The Servant 0.9.4"],"gold_per_floor":[118,118,68,68,83,97,112,124,203,9,26,26,26,41,41,143,143,155,165,181,192,192,192,117,137,160,38,38,56,56,66,66,168,168,183,183,48,98,198,226,226,101,126,126,161,175,185,202,202,202,202],"floor_reached":50,"language":"ENG","playtime":3971,"items_purged":["Regret"],"score":596,"play_id":"380277b5-77c8-490d-ab34-930814c9ba80","local_time":"20210117015717","is_ascension_mode":false,"campfire_choices":[{"floor":12,"key":"REST"},{"floor":15,"key":"REST"},{"floor":23,"key":"REST"},{"floor":32,"key":"REST"},{"floor":41,"key":"REST"},{"floor":44,"key":"REST"},{"floor":49,"key":"REST"}],"circlet_count":0,"master_deck":["Defend_B","Defend_B+1","Defend_B+1","Zap","Dualcast","Stack","Genetic Algorithm","Ball Lightning","Redo","Darkness","Ball Lightning+1","Loop","Multi-Cast","Go for the Eyes+1","Doom and Gloom+1","Defragment","Slimebound:Tackle+1","Slimebound:Tackle+1","Machine Learning","FTL+1","Thinking Ahead","Double Energy","Conserve Battery","Compile Driver+1","Thunder Strike+1","FTL+1","Defragment","Consume","Heatsinks+1","Leap","Sweeping Beam+1","Sunder+1","Static Discharge","Stack","Heatsinks+1","Turbo+1","Melter+1","Beam Cell+1"],"relics":["Cracked Core","Lantern","CaptainsWheel","Molten Egg 2","Membership Card","Question Card","Nuclear Battery","Centennial Puzzle","Busted Crown","Orrery","Peace Pipe","Omamori","Regal Pillow","Toy Ornithopter","Shuriken"],"acts_visited":["Exordium","TheCity","TheBeyond"],"potions_floor_usage":[20,21,33,33,33,40,47,50],"damage_taken":[{"damage":2,"enemies":"2 Louse","floor":1,"turns":2},{"damage":2,"enemies":"Jaw Worm","floor":5,"turns":3},{"damage":2,"enemies":"Small Slimes","floor":6,"turns":3},{"damage":0,"enemies":"Exordium Wildlife","floor":7,"turns":3},{"damage":15,"enemies":"Gremlin Gang","floor":8,"turns":5},{"damage":2,"enemies":"Blue Slaver","floor":11,"turns":3},{"damage":0,"enemies":"Large Slime","floor":14,"turns":3},{"damage":0,"enemies":"Slime Boss","floor":16,"turns":7},{"damage":0,"enemies":"Chosen","floor":18,"turns":3},{"damage":7,"enemies":"Shell Parasite","floor":19,"turns":4},{"damage":3,"enemies":"Snake Plant","floor":20,"turns":3},{"damage":10,"enemies":"Cultist and Chosen","floor":21,"turns":5},{"damage":4,"enemies":"3 Cultists","floor":25,"turns":4},{"damage":18,"enemies":"Centurion and Healer","floor":29,"turns":3},{"damage":3,"enemies":"Snecko","floor":31,"turns":5},{"damage":63,"enemies":"Automaton","floor":33,"turns":8},{"damage":3,"enemies":"Orb Walker","floor":35,"turns":2},{"damage":0,"enemies":"Mind Bloom Boss Battle","floor":38,"turns":5},{"damage":69,"enemies":"Giant Head","floor":40,"turns":9},{"damage":25,"enemies":"Nemesis","floor":45,"turns":7},{"damage":3,"enemies":"3 Shapes","floor":46,"turns":2},{"damage":19,"enemies":"Writhing Mass","floor":47,"turns":6},{"damage":12,"enemies":"Sphere and 2 Shapes","floor":48,"turns":3},{"damage":54,"enemies":"Donu and Deca","floor":50,"turns":5}],"seed_played":"-2393911609967266824","potions_obtained":[{"floor":1,"key":"bronze:BurnAndBuffPotion"},{"floor":11,"key":"hexamod:SoulburnPotion"},{"floor":14,"key":"EssenceOfDarkness"},{"floor":16,"key":"Swift Potion"},{"floor":29,"key":"EssenceOfDarkness"},{"floor":30,"key":"Fire Potion"},{"floor":30,"key":"AttackPotion"},{"floor":33,"key":"SmokeBomb"},{"floor":38,"key":"champ:CounterPotion"},{"floor":46,"key":"EssenceOfSteel"},{"floor":48,"key":"DuplicationPotion"}],"is_trial":false,"path_per_floor":["M","?","?","?","M","M","M","M","T","$","M","R","T","M","R","B",null,"M","M","M","M","?","R","?","M","T","$","?","M","?","M","R","B",null,"M","?","$","?","?","E","R","$","T","R","E","M","M","M","R","B"],"character_chosen":"DEFECT","items_purchased":["Membership Card","FTL+1","Thinking Ahead","FTL+1","Defragment","Orrery","Static Discharge","Stack","Regal Pillow"],"campfire_rested":7,"item_purchase_floors":[10,27,27,37,37,37,42,42,42],"current_hp_per_floor":[73,73,73,58,56,54,54,39,39,39,37,59,59,59,75,75,75,75,68,65,55,55,75,75,71,71,71,71,53,53,50,72,9,75,72,72,72,72,72,3,25,25,25,62,37,34,20,8,45,0,0],"gold":202,"neow_bonus":"RANDOM_COMMON_RELIC","is_daily":false,"chose_seed":false,"campfire_upgraded":0,"win_rate":0.0,"timestamp":1610810837,"path_taken":["M","?","?","?","M","M","M","M","T","$","?","R","?","M","R","BOSS","M","?","M","M","?","R","?","?","T","?","?","?","?","M","R","BOSS","M","?","$","?","?","E","R","$","T","R","E","?","M","M","R","BOSS"],"items_purchased_type":["Relic","Card","Card","Card","Card","Relic","Card","Card","Relic"],"build_version":"2020-12-22","purchased_purges":1,"victory":false,"max_hp_per_floor":[75,75,75,75,75,75,75,75,75,75,75,75,75,75,75,75,75,75,75,75,75,75,75,75,75,75,75,75,75,75,75,75,75,75,75,75,75,75,75,75,75,75,75,75,75,75,75,75,75,75,75],"card_choices":[{"not_picked":["Reinforced Body","Darkness"],"picked":"Stack","floor":1},{"not_picked":["Sweeping Beam","Rebound"],"picked":"Genetic Algorithm","floor":5},{"not_picked":["Gash","Auto Shields"],"picked":"Ball Lightning","floor":6},{"not_picked":["Blizzard","Leap"],"picked":"Redo","floor":7},{"not_picked":["Recycle","Coolheaded"],"picked":"Darkness","floor":8},{"not_picked":["Turbo","BootSequence"],"picked":"Ball Lightning+1","floor":11},{"not_picked":["Gash+1","Leap","Compile Driver+1"],"picked":"Loop","floor":14},{"not_picked":["Rainbow","Meteor Strike+1","Fission"],"picked":"Multi-Cast","floor":16},{"not_picked":["Steam","Beam Cell+1","Streamline+1"],"picked":"Go for the Eyes+1","floor":18},{"not_picked":["Cold Snap+1","Gash+1","Stack+1"],"picked":"Doom and Gloom+1","floor":19},{"not_picked":["Go for the Eyes+1","Gash+1","Redo"],"picked":"Defragment","floor":20},{"not_picked":["Glacier+1","Chill","Conserve Battery"],"picked":"Sweeping Beam+1","floor":21},{"not_picked":["Gash+1","BootSequence","Go for the Eyes+1"],"picked":"Machine Learning","floor":25},{"not_picked":["Steam","Compile Driver+1","Beam Cell+1"],"picked":"Conserve Battery","floor":29},{"not_picked":["Cold Snap+1","Barrage+1","Reprogram"],"picked":"Compile Driver+1","floor":31},{"not_picked":["Reboot","Rainbow","Creative AI"],"picked":"Thunder Strike+1","floor":33},{"not_picked":["Glacier+1","Compile Driver+1"],"picked":"SKIP","floor":35},{"not_picked":["Streamline+1"],"picked":"Consume","floor":37},{"not_picked":["Leap"],"picked":"Heatsinks+1","floor":37},{"not_picked":["Turbo"],"picked":"Leap","floor":37},{"not_picked":["Go for the Eyes+1"],"picked":"Sweeping Beam+1","floor":38},{"not_picked":["Go for the Eyes+1"],"picked":"Sunder+1","floor":40},{"not_picked":["Gash+1"],"picked":"Heatsinks+1","floor":45},{"not_picked":["Streamline+1"],"picked":"Turbo+1","floor":46},{"not_picked":["Self Repair"],"picked":"Melter+1","floor":47},{"not_picked":["Streamline+1"],"picked":"Beam Cell+1","floor":48}],"player_experience":96706,"relics_obtained":[{"floor":9,"key":"Molten Egg 2"},{"floor":13,"key":"Question Card"},{"floor":26,"key":"Centennial Puzzle"},{"floor":38,"key":"Peace Pipe"},{"floor":40,"key":"Omamori"},{"floor":43,"key":"Toy Ornithopter"},{"floor":45,"key":"Shuriken"}],"event_choices":[{"damage_healed":0,"gold_gain":0,"player_choice":"Box","damage_taken":0,"relics_obtained":["CaptainsWheel"],"max_hp_gain":0,"max_hp_loss":0,"event_name":"Big Fish","floor":2,"gold_loss":0,"cards_obtained":["Regret"]},{"cards_removed":["Strike_B"],"damage_healed":0,"gold_gain":0,"player_choice":"Card Removal","damage_taken":0,"max_hp_gain":0,"max_hp_loss":0,"event_name":"The Cleric","floor":3,"gold_loss":50},{"damage_healed":0,"gold_gain":0,"player_choice":"Entered Light","damage_taken":15,"max_hp_gain":0,"max_hp_loss":0,"event_name":"Shining Light","floor":4,"gold_loss":0,"cards_upgraded":["Defend_B","Defend_B"]},{"cards_removed":["Defend_B"],"damage_healed":0,"gold_gain":0,"player_choice":"Gave Gold","damage_taken":0,"max_hp_gain":0,"max_hp_loss":0,"event_name":"Beggar","floor":24,"gold_loss":75},{"damage_healed":0,"gold_gain":0,"cards_transformed":["Sweeping Beam"],"player_choice":"Transformed","damage_taken":0,"max_hp_gain":0,"max_hp_loss":0,"event_name":"Transmorgrifier","floor":28,"gold_loss":0,"cards_obtained":["Double Energy"]},{"damage_healed":0,"gold_gain":0,"player_choice":"Got Potions","damage_taken":0,"max_hp_gain":0,"max_hp_loss":0,"event_name":"Lab","floor":30,"gold_loss":0},{"cards_removed":["Slimebound:Tackle"],"damage_healed":0,"gold_gain":0,"player_choice":"Removed Attack","damage_taken":0,"max_hp_gain":0,"max_hp_loss":0,"event_name":"Falling","floor":36,"gold_loss":0},{"damage_healed":0,"gold_gain":0,"player_choice":"Fight","damage_taken":0,"max_hp_gain":0,"max_hp_loss":0,"event_name":"MindBloom","floor":38,"gold_loss":0},{"damage_healed":0,"gold_gain":100,"player_choice":"Pray","damage_taken":0,"max_hp_gain":0,"max_hp_loss":0,"event_name":"Golden Shrine","floor":39,"gold_loss":0}],"is_beta":false,"boss_relics":[{"not_picked":["Coffee Dripper","Calling Bell"],"picked":"Nuclear Battery"},{"not_picked":["bronze:MakeshiftBattery","FrozenCore"],"picked":"Busted Crown"}],"items_purged_floors":[10],"is_endless":false,"potions_floor_spawned":[1,11,14,16,18,19,29,33,38,46,48],"killed_by":"Donu and Deca","ascension_level":0}}