{"host":"1q02rw1wpi0nrsss","time":1610774508,"event":{"mods":["AchievementEnabler","BaseMod","DeckTracker","Minty Spire (QoL Compilation)","Permanent Neow","Quick Restart","Rare Cards Sparkle"],"gold_per_floor":[116,41,51,71,91,126,138,138,138,138,138,152,152,164,164,262,262,262,176,176,176,176,176,176,176,176,176,176,176,176,15,15,15,15],"floor_reached":33,"language":"ENG","playtime":1404,"items_purged":["Strike_R"],"score":434,"play_id":"838c6740-6bd0-4733-863c-0e03231c48cc","local_time":"20210115212148","is_ascension_mode":true,"campfire_choices":[{"data":"Bludgeon","floor":8.0,"key":"SMITH"},{"data":"Whirlwind","floor":10.0,"key":"SMITH"},{"data":"Bloodletting","floor":15.0,"key":"SMITH"},{"data":"Trip","floor":23.0,"key":"SMITH"},{"data":"Feed","floor":27.0,"key":"SMITH"},{"floor":32.0,"key":"REST"}],"circlet_count":0,"master_deck":["AscendersBane","Strike_R+1","Strike_R","Strike_R","Strike_R","Defend_R","Defend_R","Defend_R","Defend_R","Bash","Clothesline","Bludgeon+1","Whirlwind+1","Combust","Bloodletting+1","Shrug It Off+1","Warcry","Feel No Pain+1","Feed+1","Metallicize+1","Trip+1","Flame Barrier+1","Armaments+1","Impervious","Inflame+1"],"relics":["Burning Blood","Self Forming Clay","Frozen Egg 2","Charon\u0027s Ashes","Ectoplasm","Nunchaku","Molten Egg 2","Ancient Tea Set"],"acts_visited":["Exordium","TheCity"],"potions_floor_usage":[],"damage_taken":[{"damage":11.0,"enemies":"Jaw Worm","floor":1.0,"turns":6.0},{"damage":0.0,"enemies":"Small Slimes","floor":3.0,"turns":3.0},{"damage":1.0,"enemies":"Cultist","floor":4.0,"turns":3.0},{"damage":2.0,"enemies":"2 Fungi Beasts","floor":5.0,"turns":3.0},{"damage":40.0,"enemies":"Lagavulin","floor":6.0,"turns":6.0},{"damage":13.0,"enemies":"Exordium Wildlife","floor":7.0,"turns":2.0},{"damage":3.0,"enemies":"Blue Slaver","floor":12.0,"turns":3.0},{"damage":3.0,"enemies":"Exordium Thugs","floor":14.0,"turns":3.0},{"damage":23.0,"enemies":"Hexaghost","floor":16.0,"turns":10.0},{"damage":3.0,"enemies":"3 Byrds","floor":18.0,"turns":2.0},{"damage":1.0,"enemies":"Chosen","floor":21.0,"turns":3.0},{"damage":11.0,"enemies":"Centurion and Healer","floor":24.0,"turns":6.0},{"damage":0.0,"enemies":"Snecko","floor":25.0,"turns":3.0},{"damage":40.0,"enemies":"Slavers","floor":28.0,"turns":7.0},{"damage":28.0,"enemies":"3 Cultists","floor":29.0,"turns":6.0},{"damage":18.0,"enemies":"Gremlin Leader","floor":30.0,"turns":5.0},{"damage":43,"enemies":"Automaton","floor":33,"turns":10}],"seed_played":"-4190850171757857819","potions_obtained":[{"floor":0.0,"key":"Fire Potion"},{"floor":0.0,"key":"BloodPotion"},{"floor":0.0,"key":"LiquidBronze"},{"floor":1.0,"key":"DuplicationPotion"},{"floor":7.0,"key":"Block Potion"},{"floor":12.0,"key":"Block Potion"},{"floor":14.0,"key":"ElixirPotion"},{"floor":16.0,"key":"Block Potion"},{"floor":18.0,"key":"SpeedPotion"},{"floor":28.0,"key":"Dexterity Potion"}],"is_trial":false,"path_per_floor":["M","$","M","M","M","E","M","R","T","R","?","M","?","M","R","B",null,"M","$","?","M","?","R","M","M","T","R","E","M","E","$","R","B"],"character_chosen":"IRONCLAD","items_purchased":["Trip","Impervious","Inflame+1"],"campfire_rested":1,"item_purchase_floors":[19,31,31],"current_hp_per_floor":[67,67,73,78,80,62,55,55,55,55,39,42,42,45,45,28,67,73,73,73,78,78,78,73,79,79,79,49,31,19,19,46,3,3],"gold":15,"neow_bonus":"THREE_SMALL_POTIONS","is_daily":false,"chose_seed":false,"campfire_upgraded":5,"win_rate":0.0,"timestamp":1610774508,"path_taken":["M","$","M","M","M","E","M","R","T","R","?","M","?","M","R","BOSS","M","$","?","?","?","R","M","M","T","R","E","M","E","?","R","BOSS"],"items_purchased_type":["Card","Card","Card"],"build_version":"2020-12-22","purchased_purges":1,"victory":false,"max_hp_per_floor":[80,80,80,80,80,80,80,80,80,80,80,80,80,80,80,80,80,83,83,83,83,83,83,83,83,83,83,87,91,91,91,91,91,91],"card_choices":[{"not_picked":["Flex","Bloodletting"],"picked":"Clothesline","floor":1.0},{"not_picked":["Clothesline","Dropkick"],"picked":"Bludgeon","floor":3.0},{"not_picked":["Battle Trance","Thunderclap"],"picked":"Whirlwind","floor":4.0},{"not_picked":["Cleave","Dropkick"],"picked":"Combust","floor":5.0},{"not_picked":["Perfected Strike","True Grit"],"picked":"Bloodletting","floor":6.0},{"not_picked":["Warcry","Reckless Charge"],"picked":"Shrug It Off","floor":7.0},{"not_picked":["Iron Wave","Carnage"],"picked":"Warcry","floor":12.0},{"not_picked":["Sword Boomerang","Dropkick"],"picked":"Feel No Pain+1","floor":14.0},{"not_picked":["Fiend Fire","Bludgeon"],"picked":"Feed","floor":16.0},{"not_picked":["Uppercut+1","Wild Strike+1"],"picked":"Metallicize+1","floor":18.0},{"not_picked":["Clash+1","Thunderclap"],"picked":"Flame Barrier+1","floor":21.0},{"not_picked":["Shrug It Off","Dropkick","Anger+1"],"picked":"SKIP","floor":24.0},{"not_picked":["Seeing Red","Immolate","Thunderclap"],"picked":"SKIP","floor":25.0},{"not_picked":["Evolve+1","Feel No Pain+1","Warcry"],"picked":"SKIP","floor":28.0},{"not_picked":["Cleave+1","Dropkick+1"],"picked":"Armaments+1","floor":29.0},{"not_picked":["Cleave+1","Twin Strike+1","Whirlwind+1"],"picked":"SKIP","floor":30.0}],"player_experience":394785,"relics_obtained":[{"floor":6.0,"key":"Self Forming Clay"},{"floor":9.0,"key":"Frozen Egg 2"},{"floor":26.0,"key":"Nunchaku"},{"floor":28.0,"key":"Molten Egg 2"},{"floor":30.0,"key":"Ancient Tea Set"}],"event_choices":[{"damage_healed":0.0,"max_hp_gain":0.0,"max_hp_loss":0.0,"gold_gain":0.0,"event_name":"Shining Light","player_choice":"Entered Light","floor":11.0,"gold_loss":0.0,"damage_taken":16.0,"cards_upgraded":["Strike_R","Shrug It Off"]},{"damage_healed":0.0,"max_hp_gain":0.0,"max_hp_loss":0.0,"gold_gain":0.0,"event_name":"Dead Adventurer","player_choice":"Searched \u00271\u0027 times","floor":13.0,"gold_loss":0.0,"damage_taken":0.0,"relics_obtained":["Charon\u0027s Ashes"]},{"damage_healed":0.0,"max_hp_gain":0.0,"max_hp_loss":0.0,"gold_gain":0.0,"event_name":"Match and Keep!","player_choice":"0 cards matched","floor":20.0,"gold_loss":0.0,"damage_taken":0.0,"cards_obtained":[]},{"damage_healed":0.0,"max_hp_gain":0.0,"max_hp_loss":0.0,"gold_gain":99.0,"event_name":"Nest","player_choice":"Stole From Cult","floor":22.0,"gold_loss":0.0,"damage_taken":0.0}],"is_beta":false,"boss_relics":[{"not_picked":["SacredBark","Calling Bell"],"picked":"Ectoplasm"}],"items_purged_floors":[2],"is_endless":false,"potions_floor_spawned":[1,7,12,14,16,18,28],"killed_by":"Automaton","ascension_level":10}}