{"host":"37zexulz95aemuse","time":1610795347,"event":{"mods":["2.2 Compatiblity","BaseMod","CapriCore","GungeonMod","Koishi","Lobotomy","Marisa£¨Ùöéë¡¡Øª×âÞÞ£©","Minty Spire (QoL Compilation)","Replay The Spire","StSLib","The Bug Knight","The Cursed","The Gatherer","The Immortal","The Jungle","WarShipGirlsR/??á´Ò³R mod"],"gold_per_floor":[116,116,126,146,71,71,84,84,84,106,133,144,116,135,135,135,135,135],"floor_reached":16,"language":"KOR","playtime":1341,"items_purged":["Scorched"],"score":102,"play_id":"e6faeaf8-9c5e-49e2-84ab-f2de7b6b21eb","local_time":"20210116200907","is_ascension_mode":false,"campfire_choices":[{"floor":6,"key":"REST"},{"floor":8,"key":"REST"},{"floor":15,"key":"REST"}],"circlet_count":0,"master_deck":["MokouMod:Strike","MokouMod:Strike","MokouMod:Strike","MokouMod:Strike","MokouMod:Strike","MokouMod:Defend","MokouMod:Defend","MokouMod:Defend","MokouMod:Defend","MokouMod:HeatSpark","MokouMod:Fireball","FairyFestival","Murderer","MokouMod:TemporalFireSeal","Wellcheers","SingingMachine","MokouMod:Afterburner","VoidDream","BlackSwan","MokouMod:ScorchingColumn"],"relics":["MokouMod:PhoenixFeather","CogitoBucket","DemoMod:MemoryAlloy","Odd Mushroom","DemoMod:OrangeGuonStone","BackwardClock"],"acts_visited":["Exordium"],"potions_floor_usage":[10,14,16],"damage_taken":[{"damage":9,"enemies":"Jaw Worm","floor":1,"turns":5},{"damage":36,"enemies":"Cultist","floor":3,"turns":3},{"damage":25,"enemies":"Small Slimes","floor":4,"turns":3},{"damage":0,"enemies":"3 Louse","floor":7,"turns":2},{"damage":2,"enemies":"The Mushroom Lair","floor":10,"turns":3},{"damage":49,"enemies":"Lagavulin","floor":11,"turns":5},{"damage":61,"enemies":"Gremlin Gang","floor":12,"turns":6},{"damage":24,"enemies":"Exordium Thugs","floor":14,"turns":3},{"damage":60,"enemies":"The Guardian","floor":16,"turns":9}],"seed_played":"3735386396831130952","potions_obtained":[{"floor":7,"key":"SpeedPotion"},{"floor":12,"key":"Adrenaline Potion"},{"floor":14,"key":"Fire Potion"}],"is_trial":false,"path_per_floor":["M","?","M","M","$","R","M","R","T","?","E","M","?","M","R","B"],"character_chosen":"MKU","items_purchased":[],"campfire_rested":3,"item_purchase_floors":[],"current_hp_per_floor":[66,66,30,5,5,27,29,51,51,51,7,5,5,18,40,0,0,0],"gold":135,"neow_bonus":"","is_daily":false,"chose_seed":false,"campfire_upgraded":0,"win_rate":0.0,"timestamp":1610795347,"path_taken":["M","?","M","?","$","R","M","R","T","?","E","M","?","M","R","BOSS"],"items_purchased_type":[],"build_version":"2020-12-22","purchased_purges":1,"victory":false,"max_hp_per_floor":[75,75,75,75,75,75,75,75,75,75,75,75,75,75,75,75,75,75],"card_choices":[{"not_picked":["Murderer","WallGazer"],"picked":"Scorched","floor":1},{"not_picked":["MokouMod:Sear","MokouMod:DanceofFlames"],"picked":"MokouMod:Fireball","floor":1},{"not_picked":["MHz","Wellcheers"],"picked":"FairyFestival","floor":3},{"not_picked":["MokouMod:Trailblazer","MokouMod:BlazingComet","MokouMod:FlickeringFlame"],"picked":"SKIP","floor":3},{"not_picked":["MHz","OldLady"],"picked":"Murderer","floor":4},{"not_picked":["MokouMod:SearingShot","MokouMod:DanceofFlames"],"picked":"MokouMod:TemporalFireSeal","floor":4},{"not_picked":["OSAHOGD","BeautyBeast"],"picked":"Wellcheers","floor":7},{"not_picked":["MokouMod:HeatFactory","MokouMod:Sear","MokouMod:Firecracker"],"picked":"SKIP","floor":7},{"not_picked":["Scorched","PunishingBird"],"picked":"SingingMachine","floor":10},{"not_picked":["MokouMod:ResoluteFlare","MokouMod:FlareStarter"],"picked":"MokouMod:Afterburner","floor":10},{"not_picked":["SpiderBud","PunishingBird"],"picked":"VoidDream","floor":11},{"not_picked":["MokouMod:Sear","MokouMod:RetainTemperature","MokouMod:SearingShot"],"picked":"SKIP","floor":11},{"not_picked":["Mercenary","OSAHOGD"],"picked":"BlackSwan","floor":12},{"not_picked":["MokouMod:SearingShot","MokouMod:BlazingComet","MokouMod:RoaringFlare"],"picked":"SKIP","floor":12},{"not_picked":["MokouMod:InfernalWave","MokouMod:SearingShot"],"picked":"MokouMod:ScorchingColumn","floor":14}],"player_experience":91898,"relics_obtained":[{"floor":9,"key":"DemoMod:MemoryAlloy"},{"floor":10,"key":"Odd Mushroom"},{"floor":11,"key":"DemoMod:OrangeGuonStone"}],"event_choices":[{"damage_healed":0,"gold_gain":0,"player_choice":"Ignored","damage_taken":0,"max_hp_gain":0,"max_hp_loss":0,"event_name":"NoteForYourself","floor":2,"gold_loss":0},{"damage_healed":0,"gold_gain":0,"player_choice":"Fought Mushrooms","damage_taken":0,"max_hp_gain":0,"max_hp_loss":0,"event_name":"Mushrooms","floor":10,"gold_loss":0},{"damage_healed":0,"gold_gain":0,"player_choice":"Left Gold","damage_taken":0,"max_hp_gain":0,"max_hp_loss":0,"event_name":"World of Goop","floor":13,"gold_loss":28}],"is_beta":false,"boss_relics":[],"items_purged_floors":[5],"is_endless":false,"potions_floor_spawned":[7,12,14],"killed_by":"The Guardian","ascension_level":0}}