{"host":"gx7yyrn1gkym3qpb","time":1610764058,"event":{"mods":["AchievementEnabler","BaseMod","Better Altar","Better Match","Better Note","Better Sensory Stone","Better Skull","Better Third Choice","Highlight Path","Minty Spire (QoL Compilation)","Permanent Neow","Quick Restart","StSLib","Unceasing Turn Reminder"],"gold_per_floor":[111,122,122,122,137,167,167,200,225,225,225],"floor_reached":10,"language":"ENG","playtime":320,"items_purged":[],"score":144,"play_id":"a0306933-28fa-4c6c-88ae-aa9b0489a41c","local_time":"20210115212738","is_ascension_mode":true,"campfire_choices":[{"floor":7,"key":"REST"}],"circlet_count":0,"master_deck":["AscendersBane","Strike_G","Strike_G","Strike_G","Strike_G","Strike_G","Defend_G","Defend_G","Defend_G","Defend_G","Defend_G","Survivor","Neutralize","Terror","Backstab","Cloak And Dagger","Malaise","Bouncing Flask"],"relics":["Ring of the Snake","Unceasing Top","Matryoshka","Bronze Scales","White Beast Statue","Snake Skull","Ancient Tea Set"],"acts_visited":["Exordium"],"potions_floor_usage":[10],"damage_taken":[{"damage":2,"enemies":"Jaw Worm","floor":1,"turns":7},{"damage":0,"enemies":"2 Louse","floor":2,"turns":3},{"damage":0,"enemies":"Cultist","floor":5,"turns":2},{"damage":51,"enemies":"Lagavulin","floor":6,"turns":8},{"damage":28,"enemies":"3 Sentries","floor":8,"turns":11},{"damage":3,"enemies":"Lagavulin","floor":10,"turns":2}],"seed_played":"3659215996249209788","potions_obtained":[{"floor":6,"key":"FearPotion"},{"floor":8,"key":"ColorlessPotion"}],"is_trial":false,"path_per_floor":["M","M","?","T","M","E","R","E","T","E"],"character_chosen":"THE_SILENT","items_purchased":[],"campfire_rested":1,"item_purchase_floors":[],"current_hp_per_floor":[57,57,62,62,62,11,30,2,2,0,0],"gold":225,"neow_bonus":"ONE_RARE_RELIC","is_daily":false,"chose_seed":false,"campfire_upgraded":0,"win_rate":0.0,"timestamp":1610764058,"path_taken":["M","M","?","?","M","E","R","E","T","E"],"items_purchased_type":[],"build_version":"2020-12-22","purchased_purges":0,"victory":false,"max_hp_per_floor":[60,60,65,65,65,65,65,65,65,65,65],"card_choices":[{"not_picked":["Cloak And Dagger","Flying Knee"],"picked":"Terror","floor":1},{"not_picked":["Crippling Poison","Leg Sweep"],"picked":"Backstab","floor":2},{"not_picked":["Bane","Setup"],"picked":"Cloak And Dagger","floor":5},{"not_picked":["Backflip","Quick Slash"],"picked":"Malaise","floor":6},{"not_picked":["Predator","Escape Plan"],"picked":"Bouncing Flask","floor":8}],"player_experience":410445,"relics_obtained":[{"floor":4,"key":"Matryoshka"},{"floor":6,"key":"Bronze Scales"},{"floor":8,"key":"White Beast Statue"},{"floor":9,"key":"Snake Skull"},{"floor":9,"key":"Ancient Tea Set"}],"event_choices":[{"damage_healed":0,"gold_gain":0,"player_choice":"Donut","damage_taken":0,"max_hp_gain":5,"max_hp_loss":0,"event_name":"Big Fish","floor":3,"gold_loss":0}],"is_beta":false,"boss_relics":[],"items_purged_floors":[],"is_endless":false,"potions_floor_spawned":[6,8],"killed_by":"Lagavulin","ascension_level":18}}