{"host":"1pwde2j81wdvsae3","time":1610806534,"event":{"mods":["BaseMod","Minty Spire (QoL Compilation)","Replay The Spire","Shop Mod","StSLib"],"gold_per_floor":[114,128,128,128,128,128,151,52,52,52,88,112,112,156,156,251,251,251,251,251,251,251,251,251,251,251,251,251,251,251,251,251,251,251,251,251,251,211,211,211,211,211,211,211,211,211,211,211,211,211],"floor_reached":51,"language":"ZHS","playtime":1824,"items_purged":["Regret"],"score":1306,"play_id":"4a666cb1-8c16-4806-bf20-8a0119e995f0","local_time":"20210116221534","is_ascension_mode":true,"campfire_choices":[{"floor":6.0,"key":"REST"},{"data":"Bash","floor":10,"key":"SMITH"},{"floor":15,"key":"REST"},{"floor":32,"key":"REST"},{"floor":42,"key":"REST"},{"floor":47,"key":"REST"},{"floor":49,"key":"REST"}],"circlet_count":0,"master_deck":["AscendersBane","Strike_R","Strike_R","Strike_R","Strike_R","Strike_R","Defend_R","Defend_R+1","Defend_R","Bash+1","Defy Death","Sword Boomerang+1","Shockwave","Immolate","Wild Strike","Perfected Strike+1","Replay:Undeath\u0027s Touch+1","Flame Barrier+1","Wild Strike+1","Corruption+1","Battle Trance","Clothesline+1","Twin Strike+1","Power Through+1","Body Slam+1","Evolve+1","Armaments","Necronomicurse","Wild Strike+1","Armaments+1","Sword Boomerang+1","Limit Break","Wild Strike+1","Perfected Strike+1","Feel No Pain+1","Warcry+1","Disarm","Dropkick+1","Warcry+1","Pommel Strike+1","Fire Breathing+1","True Grit"],"relics":["Black Blood","Toy Ornithopter","Golden Idol","Charon\u0027s Ashes","Molten Egg 2","Nunchaku","Ectoplasm","InkBottle","Quantum Egg","Red Mask","Necronomicon","Vajra","Bottled Flame","Replay:Bottled Flurry","Darkstone Periapt","MawBank"],"acts_visited":["Exordium","TheCity","TheBeyond"],"potions_floor_usage":[16,23,29,31,33,33,44,44,50,50],"damage_taken":[{"damage":4.0,"enemies":"Small Slimes","floor":1.0,"turns":5.0},{"damage":9.0,"enemies":"Jaw Worm","floor":2.0,"turns":4.0},{"damage":3,"enemies":"Cultist","floor":7,"turns":4},{"damage":17,"enemies":"3 Sentries","floor":11,"turns":4},{"damage":4,"enemies":"Looter","floor":12,"turns":3},{"damage":12,"enemies":"Gremlin Nob","floor":14,"turns":3},{"damage":28,"enemies":"Hexaghost","floor":16,"turns":8},{"damage":3,"enemies":"3 Byrds","floor":18,"turns":3},{"damage":21,"enemies":"Shell Parasite","floor":20,"turns":3},{"damage":2,"enemies":"3 Cultists","floor":22,"turns":3},{"damage":12,"enemies":"Replay:Snechameleon","floor":23,"turns":4},{"damage":19,"enemies":"Centurion and Healer","floor":24,"turns":3},{"damage":3,"enemies":"Snake Plant","floor":25,"turns":3},{"damage":7,"enemies":"Masked Bandits","floor":27,"turns":3},{"damage":5,"enemies":"Gremlin Leader","floor":29,"turns":3},{"damage":8,"enemies":"Cultist and Chosen","floor":30,"turns":3},{"damage":2,"enemies":"Book of Stabbing","floor":31,"turns":2},{"damage":23,"enemies":"Automaton","floor":33,"turns":8},{"damage":15,"enemies":"3 Darklings","floor":35,"turns":4},{"damage":8,"enemies":"3 Shapes","floor":36,"turns":1},{"damage":14,"enemies":"Transient","floor":37,"turns":5},{"damage":15,"enemies":"4 Shapes","floor":39,"turns":4},{"damage":43,"enemies":"Giant Head","floor":40,"turns":7},{"damage":26,"enemies":"Sphere and 2 Shapes","floor":41,"turns":3},{"damage":8,"enemies":"Transient","floor":44,"turns":5},{"damage":15,"enemies":"Jaw Worm Horde","floor":45,"turns":2},{"damage":55,"enemies":"Nemesis","floor":46,"turns":3},{"damage":14,"enemies":"4 Shapes","floor":48,"turns":3},{"damage":79,"enemies":"Time Eater","floor":50,"turns":9}],"seed_played":"8050004148150773536","potions_obtained":[{"floor":1.0,"key":"Ancient Potion"},{"floor":2.0,"key":"Weak Potion"},{"floor":23,"key":"FearPotion"},{"floor":24,"key":"Reflective Coating"},{"floor":29,"key":"Regen Potion"},{"floor":31,"key":"Ancient Potion"},{"floor":39,"key":"ColorlessPotion"},{"floor":40,"key":"Adrenaline Potion"},{"floor":45,"key":"LifebloodPotion"},{"floor":48,"key":"Regen Potion"}],"is_trial":false,"path_per_floor":["M","M","?","?","?","R","M","$","T","R","E","M","?","E","R","B",null,"M","?","M","?","M","E","M","M","T","?","?","E","M","E","R","B",null,"M","M","M","?","M","E","M","R","T","M","M","E","R","M","R","B",null],"character_chosen":"IRONCLAD","items_purchased":["Wild Strike"],"campfire_rested":6,"item_purchase_floors":[8],"current_hp_per_floor":[74,71,71,51,35,59,62,62,62,62,51,53,53,47,71,54,74,77,77,62,62,66,65,52,55,55,54,38,44,42,56,80,68,77,74,78,76,76,73,42,28,52,52,66,63,20,44,42,66,24],"gold":211,"neow_bonus":"THREE_CARDS","is_daily":false,"chose_seed":false,"campfire_upgraded":1,"win_rate":0.0,"timestamp":1610806534,"path_taken":["M","M","?","?","?","R","M","$","T","R","E","M","?","E","R","BOSS","M","?","?","?","M","E","M","M","T","?","?","E","M","E","R","BOSS","M","M","M","?","?","E","M","R","T","M","M","E","R","M","R","BOSS"],"items_purchased_type":["Card"],"build_version":"2020-12-22","purchased_purges":1,"victory":true,"max_hp_per_floor":[80,80,80,80,80,80,80,80,80,80,80,80,80,80,80,80,80,80,80,80,80,80,80,80,80,80,80,80,80,80,80,80,80,80,80,80,80,80,80,80,80,80,80,80,80,80,80,80,80,80],"card_choices":[{"not_picked":["Iron Wave","Havoc"],"picked":"Defy Death","floor":0.0},{"not_picked":["Shockwave","Iron Wave"],"picked":"Sword Boomerang","floor":1.0},{"not_picked":["Run Through","ReplayTheSpireMod:Strike From Hell"],"picked":"Shockwave","floor":2.0},{"not_picked":["Clash","Shrug It Off"],"picked":"Immolate","floor":7},{"not_picked":["Burning Pact","Flex"],"picked":"Perfected Strike+1","floor":11},{"not_picked":["Perfected Strike+1","Cleave+1"],"picked":"Replay:Undeath\u0027s Touch+1","floor":12},{"not_picked":["Spot Weakness","Twin Strike+1"],"picked":"Wild Strike+1","floor":14},{"not_picked":["Demon Form","Offering"],"picked":"Corruption","floor":16},{"not_picked":["Iron Wave+1","Defy Death+1"],"picked":"Battle Trance","floor":18},{"not_picked":["Sword Boomerang+1","Heavy Blade+1"],"picked":"Clothesline+1","floor":20},{"not_picked":["Second Wind","ReplayTheSpireMod:Stacked"],"picked":"Twin Strike+1","floor":22},{"not_picked":["Seeing Red","Headbutt+1"],"picked":"Power Through+1","floor":23},{"not_picked":["Havoc","Dual Wield"],"picked":"Body Slam+1","floor":24},{"not_picked":["Corruption","Twin Strike+1"],"picked":"Evolve","floor":25},{"not_picked":["Clash+1","Abandon"],"picked":"Armaments","floor":27},{"not_picked":["Rampage+1","True Grit"],"picked":"Wild Strike+1","floor":29},{"not_picked":["ReplayTheSpireMod:Corrosion Curse","Run Through+1"],"picked":"Armaments","floor":30},{"not_picked":["Iron Wave+1","Run Through+1"],"picked":"Sword Boomerang+1","floor":31},{"not_picked":["Replay:Many Hands","Demonic Infusion"],"picked":"Limit Break","floor":33},{"not_picked":["Anger+1","Havoc"],"picked":"Wild Strike+1","floor":35},{"not_picked":["Cleave+1","Power Through"],"picked":"Perfected Strike+1","floor":36},{"not_picked":["Hemokinesis+1","Sentinel"],"picked":"Feel No Pain+1","floor":37},{"not_picked":["Clothesline+1","Rupture"],"picked":"Warcry+1","floor":39},{"not_picked":["Feel No Pain","Replay:Undeath\u0027s Touch+1"],"picked":"Disarm","floor":40},{"not_picked":["Headbutt+1","Havoc"],"picked":"Dropkick+1","floor":41},{"not_picked":["Iron Wave+1","Clash+1"],"picked":"Warcry+1","floor":44},{"not_picked":["Iron Wave+1","Feel No Pain"],"picked":"Pommel Strike+1","floor":45},{"not_picked":["Perfected Strike+1","Uppercut+1"],"picked":"Fire Breathing+1","floor":46},{"not_picked":["Anger+1","Sword Boomerang+1"],"picked":"True Grit","floor":48}],"player_experience":215385,"relics_obtained":[{"floor":9,"key":"Charon\u0027s Ashes"},{"floor":11,"key":"Molten Egg 2"},{"floor":14,"key":"Nunchaku"},{"floor":23,"key":"InkBottle"},{"floor":26,"key":"Quantum Egg"},{"floor":27,"key":"Red Mask"},{"floor":28,"key":"Necronomicon"},{"floor":29,"key":"Vajra"},{"floor":31,"key":"Bottled Flame"},{"floor":40,"key":"Replay:Bottled Flurry"},{"floor":43,"key":"Darkstone Periapt"},{"floor":46,"key":"MawBank"}],"event_choices":[{"damage_healed":0.0,"max_hp_gain":0.0,"max_hp_loss":0.0,"gold_gain":0.0,"event_name":"Big Fish","player_choice":"Box","floor":3.0,"gold_loss":0.0,"damage_taken":0.0,"relics_obtained":["Toy Ornithopter"],"cards_obtained":["Regret"]},{"damage_healed":0.0,"max_hp_gain":0.0,"max_hp_loss":0.0,"gold_gain":0.0,"event_name":"Golden Idol","player_choice":"Take Damage","floor":4.0,"gold_loss":0.0,"damage_taken":20.0,"relics_obtained":["Golden Idol"]},{"damage_healed":0.0,"max_hp_gain":0.0,"max_hp_loss":0.0,"gold_gain":0.0,"event_name":"Shining Light","player_choice":"Entered Light","floor":5.0,"gold_loss":0.0,"damage_taken":16.0,"cards_upgraded":["Sword Boomerang","Defend_R"]},{"damage_healed":0,"gold_gain":0,"player_choice":"Upgraded","damage_taken":0,"max_hp_gain":0,"max_hp_loss":0,"event_name":"Upgrade Shrine","floor":19,"gold_loss":0,"cards_upgraded":["Corruption"]},{"damage_healed":0,"gold_gain":0,"player_choice":"Ignored","damage_taken":0,"max_hp_gain":0,"max_hp_loss":0,"event_name":"Beggar","floor":21,"gold_loss":0},{"damage_healed":0,"gold_gain":0,"player_choice":"Fought Bandits","damage_taken":0,"max_hp_gain":0,"max_hp_loss":0,"event_name":"Masked Bandits","floor":27,"gold_loss":0},{"damage_healed":0,"gold_gain":0,"player_choice":"Obtained Book","damage_taken":16,"max_hp_gain":0,"max_hp_loss":0,"event_name":"Cursed Tome","floor":28,"gold_loss":0},{"damage_healed":0,"gold_gain":0,"player_choice":"Upgraded Two","damage_taken":0,"max_hp_gain":0,"max_hp_loss":0,"event_name":"Designer","floor":38,"gold_loss":40,"cards_upgraded":["Evolve","Armaments"]}],"is_beta":false,"boss_relics":[{"not_picked":["Empty Cage","Astrolabe"],"picked":"Ectoplasm"},{"not_picked":["Busted Crown","Runic Pyramid"],"picked":"Black Blood"}],"items_purged_floors":[8],"is_endless":false,"potions_floor_spawned":[1,2,12,23,24,27,29,30,31,39,40,41,45,48],"ascension_level":13}}