{"host":"krqozg1tp0zpuvz3","time":1610770780,"event":{"mods":["AchievementEnabler","BaseMod","Better Altar","Better Match","Better Note","Better Sensory Stone","Better Third Choice","BetterRewards","Colored Map","DeckTracker","Keyboard Shortcuts","Minty Spire (QoL Compilation)","Permanent Neow","Relic Stats","Shop Mod","StSLib","SuperFastMode"],"gold_per_floor":[115,76,1,16,28,63,63,63,63,63,79,94,109,119,119,217,217,227,127,127,141,141,141,16,16,71,82,82,109,129,148,148,250,250,261,271,271,290,340,340,375,375,430,450,450,47,47,67,67,67],"floor_reached":51,"language":"KOR","playtime":2097,"items_purged":["Strike_P","Strike_P","Defend_P","Parasite"],"score":1161,"play_id":"286f2e79-cd54-43f9-83c6-53aee4ce6e4a","local_time":"20210116131940","is_ascension_mode":true,"campfire_choices":[{"floor":7,"key":"REST"},{"floor":15,"key":"REST"},{"data":"Eruption","floor":23,"key":"SMITH"},{"data":"Adaptation","floor":25,"key":"SMITH"},{"floor":28,"key":"REST"},{"data":"Scrawl","floor":32,"key":"SMITH"},{"data":"ClearTheMind","floor":40,"key":"SMITH"},{"data":"FlurryOfBlows","floor":42,"key":"SMITH"},{"data":"MentalFortress","floor":45,"key":"SMITH"},{"data":"Defend_P","floor":49,"key":"PURGE"}],"circlet_count":0,"master_deck":["Strike_P","Strike_P","Defend_P","Eruption+1","Vigilance","Scrawl+1","MentalFortress+1","Crescendo","Indignation","FearNoEvil","Adaptation+1","ClearTheMind+1","ClearTheMind","FlurryOfBlows+1"],"relics":["PureWater","Peace Pipe","Pocketwatch","Dream Catcher","FossilizedHelix","Bottled Tornado","VioletLotus","Blood Vial","Bag of Marbles","White Beast Statue","Coffee Dripper","Mango","Bag of Preparation","CeramicFish","Mercury Hourglass"],"acts_visited":["Exordium","TheCity","TheBeyond"],"potions_floor_usage":[14,21,21,36,47,50],"damage_taken":[{"damage":0,"enemies":"Small Slimes","floor":1,"turns":3},{"damage":3,"enemies":"2 Louse","floor":4,"turns":2},{"damage":0,"enemies":"Cultist","floor":5,"turns":2},{"damage":18,"enemies":"Lagavulin","floor":6,"turns":7},{"damage":0,"enemies":"Looter","floor":11,"turns":2},{"damage":8,"enemies":"Blue Slaver","floor":12,"turns":3},{"damage":0,"enemies":"Exordium Thugs","floor":13,"turns":4},{"damage":0,"enemies":"Looter","floor":14,"turns":2},{"damage":0,"enemies":"Slime Boss","floor":16,"turns":6},{"damage":6,"enemies":"Chosen","floor":18,"turns":3},{"damage":6,"enemies":"2 Thieves","floor":21,"turns":4},{"damage":0,"enemies":"Snecko","floor":27,"turns":4},{"damage":0,"enemies":"Gremlin Leader","floor":29,"turns":2},{"damage":0,"enemies":"Sentry and Sphere","floor":30,"turns":2},{"damage":0,"enemies":"Shelled Parasite and Fungi","floor":31,"turns":1},{"damage":0,"enemies":"Champ","floor":33,"turns":3},{"damage":0,"enemies":"3 Darklings","floor":35,"turns":2},{"damage":0,"enemies":"3 Shapes","floor":36,"turns":1},{"damage":0,"enemies":"Writhing Mass","floor":38,"turns":2},{"damage":0,"enemies":"Mind Bloom Boss Battle","floor":39,"turns":5},{"damage":0,"enemies":"Giant Head","floor":41,"turns":2},{"damage":0,"enemies":"3 Darklings","floor":44,"turns":1},{"damage":0,"enemies":"Sphere and 2 Shapes","floor":47,"turns":1},{"damage":0,"enemies":"Spire Growth","floor":48,"turns":1},{"damage":0,"enemies":"Donu and Deca","floor":50,"turns":2}],"seed_played":"-3343084268546298618","potions_obtained":[{"floor":6,"key":"LiquidMemories"},{"floor":11,"key":"SneckoOil"},{"floor":13,"key":"GamblersBrew"},{"floor":14,"key":"Ambrosia"},{"floor":21,"key":"SmokeBomb"},{"floor":27,"key":"Swift Potion"},{"floor":30,"key":"Explosive Potion"},{"floor":36,"key":"BottledMiracle"},{"floor":38,"key":"Regen Potion"},{"floor":48,"key":"PowerPotion"}],"is_trial":false,"path_per_floor":["M","?","$","M","M","E","R","?","T","?","M","M","M","M","R","B",null,"M","$","?","M","?","R","$","R","T","M","R","E","M","M","R","B",null,"M","M","?","M","?","R","E","R","T","M","R","$","M","M","R","B",null],"character_chosen":"WATCHER","items_purchased":["Scrawl","MentalFortress","Pocketwatch","Dream Catcher","Mercury Hourglass"],"campfire_rested":3,"item_purchase_floors":[0,0,0,0,46],"current_hp_per_floor":[40,40,40,37,37,19,40,40,40,40,40,32,32,32,53,53,72,66,66,47,43,43,43,43,43,43,45,66,68,70,72,72,72,72,72,72,72,72,86,86,86,86,86,86,86,83,83,83,83,83],"gold":67,"neow_bonus":"","is_daily":false,"chose_seed":false,"campfire_upgraded":6,"win_rate":0.0,"timestamp":1610770780,"path_taken":["M","?","$","M","M","E","R","?","T","?","M","M","?","M","R","BOSS","M","$","?","M","?","R","$","R","T","M","R","E","M","?","R","BOSS","M","M","?","M","?","R","E","R","T","M","R","$","M","M","R","BOSS"],"items_purchased_type":["Card","Card","Relic","Relic","Relic"],"build_version":"2020-12-22","purchased_purges":4,"victory":true,"max_hp_per_floor":[72,72,72,72,72,72,72,72,72,72,72,72,72,72,72,72,72,72,72,72,72,72,72,72,72,72,72,72,72,72,72,72,72,72,72,72,72,72,86,86,86,86,86,86,86,83,83,83,83,83],"relic_stats":{"Peace Pipe":1,"Blood Vial":10,"Dream Catcher":3,"counters":[194,564],"CeramicFish":0,"VioletLotus":[105],"Bag of Preparation":[8],"obtain_stats":[{"Ice Cream":13,"Tiny House":17,"CeramicFish":43,"Vajra":38,"Ginger":48,"Bottled Tornado":10,"Boot":6,"Sling":0,"Sozu":17,"Blood Vial":0,"Lizard Tail":0,"HornCleat":30,"Sundial":22,"DollysMirror":0,"MealTicket":19,"Prayer Wheel":0,"VioletLotus":34,"HandDrill":0,"Kunai":42,"Toxic Egg 2":9,"Girya":36,"Pear":26,"Happy Flower":0,"Astrolabe":17,"Dead Branch":0,"Blue Candle":26,"Pen Nib":0,"Letter Opener":0,"War Paint":0,"Question Card":0,"Bottled Flame":43,"Shuriken":0,"Bird Faced Urn":0,"Unceasing Top":7,"Pocketwatch":0,"Darkstone Periapt":26,"Regal Pillow":42,"Lantern":20,"Torii":44,"Singing Bowl":9,"Melange":0,"Mango":9,"StoneCalendar":0,"Incense Burner":0,"Bag of Preparation":0,"Juzu Bracelet":42,"Cursed Key":34,"Nunchaku":6,"Dream Catcher":36,"Gambling Chip":0,"WingedGreaves":0,"Red Mask":21,"InkBottle":9,"Golden Idol":3,"PreservedInsect":13,"betterThird:NestCultRelic":22,"Omamori":43,"Frozen Egg 2":24,"Orichalcum":9,"Odd Mushroom":10,"GoldenEye":0,"White Beast Statue":9,"Mercury Hourglass":9,"Peace Pipe":46,"Strange Spoon":48,"Cauldron":0,"Anchor":0,"CaptainsWheel":0,"Ornamental Fan":39,"Orrery":19,"HolyWater":34,"Turnip":41,"Bag of Marbles":0,"Coffee Dripper":34,"PureWater":0,"FossilizedHelix":11,"TungstenRod":0},{"Ice Cream":66,"Tiny House":29,"CeramicFish":190,"Vajra":77,"Ginger":45,"Bottled Tornado":51,"Boot":89,"Sling":111,"Sozu":55,"Blood Vial":84,"Lizard Tail":84,"HornCleat":73,"Sundial":11,"DollysMirror":112,"MealTicket":68,"Prayer Wheel":116,"VioletLotus":132,"HandDrill":22,"Kunai":137,"Toxic Egg 2":120,"Girya":77,"Pear":13,"Happy Flower":58,"Astrolabe":8,"Dead Branch":22,"Blue Candle":71,"Pen Nib":22,"Letter Opener":162,"War Paint":116,"Question Card":107,"Bottled Flame":43,"Shuriken":46,"Bird Faced Urn":116,"Unceasing Top":51,"Pocketwatch":116,"Darkstone Periapt":97,"Regal Pillow":80,"Lantern":96,"Torii":81,"Singing Bowl":145,"Melange":16,"Mango":25,"StoneCalendar":84,"Incense Burner":16,"Bag of Preparation":22,"Juzu Bracelet":105,"Cursed Key":38,"Nunchaku":25,"Dream Catcher":39,"Gambling Chip":22,"WingedGreaves":58,"Red Mask":31,"InkBottle":90,"Golden Idol":24,"PreservedInsect":53,"betterThird:NestCultRelic":161,"Omamori":80,"Frozen Egg 2":12,"Orichalcum":21,"Odd Mushroom":26,"GoldenEye":84,"White Beast Statue":5,"Mercury Hourglass":51,"Peace Pipe":44,"Strange Spoon":45,"Cauldron":116,"Anchor":141,"CaptainsWheel":148,"Ornamental Fan":102,"Orrery":56,"HolyWater":75,"Turnip":104,"Bag of Marbles":111,"Coffee Dripper":185,"PureWater":0,"FossilizedHelix":64,"TungstenRod":111},{"Ice Cream":221,"Tiny House":95,"CeramicFish":559,"Vajra":253,"Ginger":133,"Bottled Tornado":162,"Boot":290,"Sling":332,"Sozu":180,"Blood Vial":274,"Lizard Tail":274,"HornCleat":241,"Sundial":35,"DollysMirror":333,"MealTicket":231,"Prayer Wheel":344,"VioletLotus":384,"HandDrill":74,"Kunai":391,"Toxic Egg 2":355,"Girya":253,"Pear":43,"Happy Flower":194,"Astrolabe":28,"Dead Branch":74,"Blue Candle":237,"Pen Nib":74,"Letter Opener":465,"War Paint":344,"Question Card":323,"Bottled Flame":128,"Shuriken":141,"Bird Faced Urn":344,"Unceasing Top":162,"Pocketwatch":344,"Darkstone Periapt":306,"Regal Pillow":263,"Lantern":305,"Torii":265,"Singing Bowl":405,"Melange":52,"Mango":80,"StoneCalendar":274,"Incense Burner":52,"Bag of Preparation":74,"Juzu Bracelet":319,"Cursed Key":117,"Nunchaku":80,"Dream Catcher":120,"Gambling Chip":74,"WingedGreaves":194,"Red Mask":99,"InkBottle":292,"Golden Idol":77,"PreservedInsect":171,"betterThird:NestCultRelic":464,"Omamori":263,"Frozen Egg 2":39,"Orichalcum":73,"Odd Mushroom":82,"GoldenEye":274,"White Beast Statue":15,"Mercury Hourglass":162,"Peace Pipe":131,"Strange Spoon":133,"Cauldron":344,"Anchor":397,"CaptainsWheel":425,"Ornamental Fan":312,"Orrery":185,"HolyWater":249,"Turnip":316,"Bag of Marbles":332,"Coffee Dripper":547,"PureWater":0,"FossilizedHelix":213,"TungstenRod":332}],"Pocketwatch":[41],"Mercury Hourglass":[21]},"card_choices":[{"not_picked":["Protect","WreathOfFlame"],"picked":"Crescendo","floor":1},{"not_picked":["Swivel","DeceiveReality"],"picked":"Indignation","floor":4},{"not_picked":["SignatureMove","Vengeance"],"picked":"FearNoEvil","floor":5},{"not_picked":["ConjureBlade","Crescendo"],"picked":"Adaptation","floor":6},{"not_picked":["JustLucky","Indignation","Meditate"],"picked":"SKIP","floor":11},{"not_picked":["EmptyBody","FearNoEvil","PathToVictory"],"picked":"SKIP","floor":12},{"not_picked":["Prostrate","Halt"],"picked":"ClearTheMind","floor":13},{"not_picked":["BattleHymn","JustLucky","PathToVictory"],"picked":"SKIP","floor":14},{"not_picked":["Swivel","ClearTheMind","CarveReality"],"picked":"SKIP","floor":18},{"not_picked":["LikeWater","CutThroughFate","Wallop"],"picked":"SKIP","floor":21},{"not_picked":["Crescendo","EmptyBody","ThirdEye+1"],"picked":"SKIP","floor":27},{"not_picked":["FearNoEvil","Consecrate","Prostrate"],"picked":"SKIP","floor":29},{"not_picked":["Prostrate","SignatureMove","EmptyFist+1"],"picked":"SKIP","floor":30},{"not_picked":["Vengeance","Worship","Prostrate"],"picked":"SKIP","floor":31},{"not_picked":["EmptyBody","BattleHymn+1","Halt"],"picked":"SKIP","floor":35},{"not_picked":["BowlingBash","ForeignInfluence","Wireheading"],"picked":"SKIP","floor":36},{"not_picked":["ClearTheMind+1","SashWhip+1","ReachHeaven+1"],"picked":"SKIP","floor":38},{"not_picked":["DeceiveReality+1","WaveOfTheHand"],"picked":"FlurryOfBlows","floor":39},{"not_picked":["CrushJoints","ClearTheMind+1","EmptyFist"],"picked":"SKIP","floor":41},{"not_picked":["Prostrate","JustLucky+1","Consecrate+1"],"picked":"SKIP","floor":44},{"not_picked":["FearNoEvil","Meditate","BattleHymn+1"],"picked":"SKIP","floor":48}],"player_experience":311207,"relics_obtained":[{"floor":6,"key":"FossilizedHelix"},{"floor":9,"key":"Bottled Tornado"},{"floor":26,"key":"Bag of Marbles"},{"floor":29,"key":"White Beast Statue"},{"floor":39,"key":"Mango"},{"floor":41,"key":"Bag of Preparation"},{"floor":43,"key":"CeramicFish"}],"event_choices":[{"damage_healed":0,"gold_gain":0,"player_choice":"Left","damage_taken":0,"max_hp_gain":0,"max_hp_loss":0,"event_name":"betterThird:BetterGoop","floor":2,"gold_loss":39},{"damage_healed":0,"gold_gain":1,"player_choice":"1","damage_taken":0,"max_hp_gain":0,"max_hp_loss":0,"event_name":"betterStone:BetterStone","floor":8,"gold_loss":0},{"damage_healed":0,"gold_gain":0,"cards_transformed":["Defend_P"],"player_choice":"Transformed","damage_taken":0,"max_hp_gain":0,"max_hp_loss":0,"event_name":"Transmorgrifier","floor":10,"gold_loss":0,"cards_obtained":["ClearTheMind"]},{"damage_healed":0,"gold_gain":0,"player_choice":" Vial ","damage_taken":19,"relics_obtained":["Blood Vial"],"max_hp_gain":66,"max_hp_loss":47,"event_name":"betterAltar:BetterAltar","floor":20,"potions_obtained":[],"relics_lost":[],"gold_loss":0},{"damage_healed":0,"gold_gain":0,"player_choice":"Ignored","damage_taken":0,"max_hp_gain":0,"max_hp_loss":0,"event_name":"Ghosts","floor":22,"gold_loss":0},{"damage_healed":0,"gold_gain":0,"player_choice":"Ignored","damage_taken":0,"max_hp_gain":0,"max_hp_loss":0,"event_name":"Tomb of Lord Red Mask","floor":37,"gold_loss":0},{"damage_healed":0,"gold_gain":0,"player_choice":"Fight","damage_taken":0,"max_hp_gain":0,"max_hp_loss":0,"event_name":"MindBloom","floor":39,"gold_loss":0}],"is_beta":false,"boss_relics":[{"not_picked":["Ectoplasm","Busted Crown"],"picked":"VioletLotus"},{"not_picked":["Black Star","Cursed Key"],"picked":"Coffee Dripper"}],"items_purged_floors":[3,19,24,46],"is_endless":false,"potions_floor_spawned":[6,11,13,14,21,27,30,31,33,35,36,38,39,41,44,47,48],"ascension_level":4}}