{"host":"v1m5rkjj38qutr02","time":1610781913,"event":{"mods":["Act Like it!","BaseMod","Challenge The Spire","Conspire","Gensokyo","GungeonMod","Hallownest","Minty Spire (QoL Compilation)","Replay The Spire","StSLib","The Bug Knight","Youmu£®ªÍ∆«—˝√Œ£©"],"gold_per_floor":[113,113,92,43,43,43,77,27,27,27,44,44,44],"floor_reached":12,"language":"ZHS","playtime":131,"items_purged":[],"score":149,"play_id":"e9a3617f-4761-4e31-88ca-3e970c200db7","local_time":"20210116152513","is_ascension_mode":true,"campfire_choices":[{"data":"Zap","floor":6,"key":"SMITH"},{"data":"White Noise","floor":10,"key":"SMITH"}],"circlet_count":0,"master_deck":["AscendersBane","Strike_B","Strike_B","Strike_B","Defend_B","Defend_B","Defend_B","Defend_B","Zap+1","Dualcast","Conserve Battery","White Noise+1","Coolheaded"],"relics":["Cracked Core","NeowsBlessing","DemoMod:GlassGuonStoneRelic","Replay:Bottled Snecko","Chameleon Ring","Molten Egg 2"],"acts_visited":["Exordium"],"potions_floor_usage":[],"damage_taken":[{"damage":0,"enemies":"2 Louse","floor":1,"turns":1},{"damage":0,"enemies":"3 Sentries","floor":7,"turns":1},{"damage":0,"enemies":"Small Slimes","floor":11,"turns":1},{"damage":0,"enemies":"Lagavulin","floor":12,"turns":1}],"seed_played":"566429894185909621","potions_obtained":[{"floor":1,"key":"Milkshake"}],"is_trial":false,"path_per_floor":["M","?","?","$","?","R","E","$","T","R","M","E"],"character_chosen":"DEFECT","items_purchased":["Conserve Battery","Coolheaded"],"campfire_rested":0,"item_purchase_floors":[4,8],"current_hp_per_floor":[68,61,61,61,58,58,58,58,58,58,58,58,58],"gold":44,"neow_bonus":"THREE_ENEMY_KILL","is_daily":false,"chose_seed":false,"campfire_upgraded":2,"win_rate":0.0,"timestamp":1610781913,"path_taken":["M","?","?","$","?","R","E","?","T","R","M","E"],"items_purchased_type":["Card","Card"],"build_version":"2020-12-22","purchased_purges":0,"victory":false,"max_hp_per_floor":[75,75,75,75,75,75,75,75,75,75,75,75,75],"card_choices":[{"not_picked":["Cold Snap","Streamline","BasicCrystalCard"],"picked":"SKIP","floor":1},{"not_picked":["Ball Lightning","Reinforced Body"],"picked":"White Noise","floor":7},{"not_picked":["Conserve Battery","Compile Driver+1","Rip and Tear+1"],"picked":"SKIP","floor":11}],"player_experience":413118,"relics_obtained":[{"floor":7,"key":"Chameleon Ring"},{"floor":9,"key":"Molten Egg 2"}],"event_choices":[{"cards_removed":["Strike_B"],"damage_healed":0,"gold_gain":0,"player_choice":"Card Removal","damage_taken":7,"max_hp_gain":0,"max_hp_loss":0,"event_name":"Golden Wing","floor":2,"gold_loss":0},{"damage_healed":0,"gold_gain":0,"player_choice":"Left Gold","damage_taken":0,"max_hp_gain":0,"max_hp_loss":0,"event_name":"World of Goop","floor":3,"gold_loss":21},{"damage_healed":0,"gold_gain":0,"player_choice":"Success","damage_taken":3,"relics_obtained":["Replay:Bottled Snecko"],"max_hp_gain":0,"max_hp_loss":0,"event_name":"Scrap Ooze","floor":5,"gold_loss":0}],"is_beta":false,"boss_relics":[],"items_purged_floors":[],"is_endless":false,"potions_floor_spawned":[1],"killed_by":"Lagavulin","ascension_level":10}}