{"host":"Ian","time":1610797276,"event":{"mods":["BaseMod","Bestiary","Block Reminder","Colored Map","Highlight Path","Key Reminder","Minty Spire (QoL Compilation)","Relic Stats"],"gold_per_floor":[115,115,130,149,149,149,180,192,216,231,231,242,253,287,287,364,364,381,381,101,101,101,101,131,109,109,109,128,53,53,53],"floor_reached":30,"language":"ENG","playtime":1454,"items_purged":["Strike_R"],"score":570,"play_id":"4738ef77-573a-4464-88f7-30f95687e04c","local_time":"20210116114116","is_ascension_mode":true,"campfire_choices":[{"data":"Uppercut","floor":6,"key":"SMITH"},{"data":"Havoc","floor":11,"key":"SMITH"},{"data":"Havoc","floor":15,"key":"SMITH"},{"floor":23,"key":"REST"},{"floor":27,"key":"REST"}],"circlet_count":0,"master_deck":["AscendersBane","Strike_R","Strike_R","Strike_R","Strike_R","Defend_R","Defend_R","Defend_R","Defend_R","Bash+1","Disarm","Burning Pact","Uppercut+1","Second Wind","Havoc+1","Warcry","Havoc+1","Offering","Fiend Fire","Power Through","Power Through","Evolve","Master of Strategy","Writhe","Juggernaut","Power Through"],"relics":["Burning Blood","Dead Branch","NlothsMask","Pen Nib","Ancient Tea Set","SlaversCollar","StoneCalendar","Ornamental Fan","Blue Candle"],"acts_visited":["Exordium","TheCity"],"potions_floor_usage":[24,30],"damage_taken":[{"damage":7,"enemies":"2 Louse","floor":1,"turns":3},{"damage":13,"enemies":"Small Slimes","floor":3,"turns":4},{"damage":1,"enemies":"Cultist","floor":4,"turns":3},{"damage":30,"enemies":"Gremlin Nob","floor":7,"turns":4},{"damage":8,"enemies":"Large Slime","floor":8,"turns":4},{"damage":6,"enemies":"Exordium Thugs","floor":10,"turns":3},{"damage":6,"enemies":"Exordium Wildlife","floor":12,"turns":4},{"damage":26,"enemies":"Large Slime","floor":13,"turns":5},{"damage":6,"enemies":"Lagavulin","floor":14,"turns":3},{"damage":44,"enemies":"The Guardian","floor":16,"turns":14},{"damage":16,"enemies":"Shell Parasite","floor":18,"turns":2},{"damage":25,"enemies":"Slavers","floor":24,"turns":6},{"damage":19,"enemies":"2 Thieves","floor":25,"turns":5},{"damage":20,"enemies":"Centurion and Healer","floor":28,"turns":7},{"damage":32,"enemies":"Snecko","floor":30,"turns":6}],"seed_played":"8123747691002003433","potions_obtained":[{"floor":1,"key":"Swift Potion"},{"floor":3,"key":"Swift Potion"},{"floor":12,"key":"FairyPotion"},{"floor":13,"key":"BlessingOfTheForge"},{"floor":18,"key":"SpeedPotion"},{"floor":28,"key":"Block Potion"}],"is_trial":false,"path_per_floor":["M","?","M","M","?","R","E","M","T","M","R","M","M","E","R","B",null,"M","?","$","?","?","R","E","M","T","R","M","$","M"],"character_chosen":"IRONCLAD","items_purchased":["Evolve","Master of Strategy"],"campfire_rested":2,"item_purchase_floors":[20,20],"current_hp_per_floor":[67,67,60,65,65,65,41,39,39,39,39,39,19,19,19,24,57,47,47,47,28,28,49,30,17,17,38,24,24,0,0],"gold":53,"neow_bonus":"ONE_RARE_RELIC","is_daily":false,"chose_seed":false,"campfire_upgraded":3,"win_rate":0.0,"timestamp":1610797276,"path_taken":["M","?","M","M","?","R","E","M","T","M","R","M","?","E","R","BOSS","M","?","?","?","?","R","E","M","T","R","M","$","M"],"items_purchased_type":["Card","Card"],"build_version":"2020-12-18","purchased_purges":1,"victory":false,"max_hp_per_floor":[68,68,68,68,68,68,68,68,68,68,68,68,68,68,68,68,68,68,68,68,73,73,73,73,73,73,73,73,73,73,73],"relic_stats":{"counters":[15,73],"Ornamental Fan":[0],"Dead Branch":[115],"Blue Candle":[1],"StoneCalendar":[61],"Pen Nib":[8],"obtain_stats":[{"SlaversCollar":17,"Ornamental Fan":24,"Dead Branch":0,"Blue Candle":26,"StoneCalendar":22,"Pen Nib":7,"Ancient Tea Set":14,"Burning Blood":0,"NlothsMask":5},{"SlaversCollar":10,"Ornamental Fan":12,"Dead Branch":0,"Blue Candle":13,"StoneCalendar":11,"Pen Nib":4,"Ancient Tea Set":9,"Burning Blood":0,"NlothsMask":3},{"SlaversCollar":47,"Ornamental Fan":55,"Dead Branch":0,"Blue Candle":60,"StoneCalendar":49,"Pen Nib":14,"Ancient Tea Set":33,"Burning Blood":0,"NlothsMask":10}],"Burning Blood":84},"card_choices":[{"not_picked":["Intimidate","Armaments"],"picked":"Disarm","floor":1},{"not_picked":["Flex","Iron Wave"],"picked":"Burning Pact","floor":3},{"not_picked":["Rupture","Perfected Strike"],"picked":"Uppercut","floor":4},{"not_picked":["Iron Wave","Rampage"],"picked":"Second Wind","floor":7},{"not_picked":["Combust","Blood for Blood"],"picked":"Havoc","floor":8},{"not_picked":["Heavy Blade","Pommel Strike"],"picked":"Warcry","floor":10},{"not_picked":["Heavy Blade","Thunderclap"],"picked":"Havoc","floor":12},{"not_picked":["Second Wind","Armaments"],"picked":"Offering","floor":13},{"not_picked":["Warcry","Body Slam","Sword Boomerang"],"picked":"SKIP","floor":14},{"not_picked":["Berserk","Double Tap"],"picked":"Fiend Fire","floor":16},{"not_picked":["Evolve","Clothesline"],"picked":"Power Through","floor":18},{"not_picked":["Thunderclap","Power Through"],"picked":"Juggernaut","floor":24},{"not_picked":["Warcry","Pommel Strike","Flex"],"picked":"SKIP","floor":25},{"not_picked":["Entrench","Impervious"],"picked":"Power Through","floor":28}],"player_experience":2693665,"relics_obtained":[{"floor":7,"key":"Pen Nib"},{"floor":14,"key":"Ancient Tea Set"},{"floor":24,"key":"Ornamental Fan"},{"floor":26,"key":"Blue Candle"}],"event_choices":[{"damage_healed":0,"gold_gain":0,"player_choice":"Grow","damage_taken":0,"max_hp_gain":0,"max_hp_loss":0,"event_name":"Living Wall","floor":2,"gold_loss":0,"cards_upgraded":["Bash"]},{"damage_healed":0,"gold_gain":0,"player_choice":"Trade","damage_taken":0,"relics_obtained":["NlothsMask"],"max_hp_gain":0,"max_hp_loss":0,"event_name":"FaceTrader","floor":5,"gold_loss":0},{"damage_healed":0,"gold_gain":0,"player_choice":"Read","damage_taken":0,"max_hp_gain":0,"max_hp_loss":0,"event_name":"The Library","floor":19,"gold_loss":0,"cards_obtained":["Power Through"]},{"damage_healed":0,"gold_gain":0,"player_choice":"Shed Blood","damage_taken":24,"max_hp_gain":5,"max_hp_loss":0,"event_name":"Forgotten Altar","floor":21,"gold_loss":0},{"damage_healed":0,"gold_gain":0,"player_choice":"Opened","damage_taken":0,"relics_obtained":["StoneCalendar"],"max_hp_gain":0,"max_hp_loss":0,"event_name":"The Mausoleum","floor":22,"gold_loss":0,"cards_obtained":["Writhe"]}],"is_beta":true,"boss_relics":[{"not_picked":["Busted Crown","Black Blood"],"picked":"SlaversCollar"}],"items_purged_floors":[29],"is_endless":false,"potions_floor_spawned":[1,3,10,12,13,18,28],"killed_by":"Snecko","ascension_level":20}}