{"host":"hl2lcm3kcu0x5jvn","time":1610783561,"event":{"mods":["AchievementEnabler","BaseMod","Conspire","Downfall","Friendly Minions","Highlight Path","Hubris","Infinite Spire","Lobotomy","Minty Spire (QoL Compilation)","Shop Mod","StSLib","everything is the same but u backflip on backflip","vexMod"],"gold_per_floor":[109,59,59,75,75,75,75,75,75,95,95,112,131,143,143,255,255,258,258,258,277,291,323,337,337],"floor_reached":24,"language":"ENG","playtime":2004,"items_purged":[],"score":208,"play_id":"beec3b06-4b9d-406b-b795-289d7983992e","local_time":"20210116145241","is_ascension_mode":false,"campfire_choices":[{"data":"conspire:SpireCoStock","floor":6,"key":"SMITH"},{"data":"Ball Lightning","floor":8,"key":"SMITH"},{"data":"Go for the Eyes","floor":11,"key":"SMITH"},{"floor":15,"key":"REST"}],"circlet_count":0,"master_deck":["Strike_B","Strike_B+1","Strike_B","Strike_B","Defend_B","Defend_B","Defend_B+1","Defend_B","Zap","Dualcast","DreamingCurrent","Ball Lightning+1","conspire:SpireCoStock+1","OldLady","conspire:Rain","WallGazer","Go for the Eyes+1","PunishingBird","Sweeping Beam","CherryBlossoms","Rebound","Genetic Algorithm","ShyLook","Echo Form","White Noise","FairyFestival","MeatLantern","Self Repair","BigBird","Lockon","OSAHOGD","Barrage+1"],"relics":["Cracked Core","CogitoBucket","infinitespire:CursedDice","vexMod:FocusSash","AdjustmentMirror","hubris:Backtick","infinitespire:ShieldingShard","Enchiridion","Mummified Hand","Potion Belt"],"acts_visited":["Exordium","TheCity"],"potions_floor_usage":[16,22,23,24],"damage_taken":[{"damage":0,"enemies":"Small Slimes","floor":1,"turns":3},{"damage":14,"enemies":"2 Louse","floor":4,"turns":2},{"damage":19,"enemies":"infinitespire:Voidling","floor":10,"turns":5},{"damage":16,"enemies":"Looter","floor":12,"turns":3},{"damage":22,"enemies":"Exordium Wildlife","floor":13,"turns":3},{"damage":116,"enemies":"Exordium Thugs","floor":14,"turns":11},{"damage":57,"enemies":"Slime Boss","floor":16,"turns":9},{"damage":43,"enemies":"2 Thieves","floor":18,"turns":4},{"damage":25,"enemies":"Spheric Guardian","floor":21,"turns":3},{"damage":53,"enemies":"Centurion and Healer","floor":22,"turns":15},{"damage":79,"enemies":"Slavers","floor":23,"turns":7},{"damage":109,"enemies":"Sentry and Sphere","floor":24,"turns":11}],"seed_played":"-5224004631900764562","potions_obtained":[{"floor":10,"key":"GamblersBrew"},{"floor":12,"key":"LiquidMemories"},{"floor":14,"key":"BlessingOfTheForge"},{"floor":21,"key":"Explosive Potion"},{"floor":22,"key":"GamblersBrew"}],"is_trial":false,"path_per_floor":["M","?","?","M","?","R","?","R","T","M","R","M","M","M","R","B",null,"M","?","T","M","M","E","M"],"character_chosen":"DEFECT","items_purchased":[],"campfire_rested":1,"item_purchase_floors":[],"current_hp_per_floor":[75,75,60,58,58,58,58,58,58,69,69,71,65,21,43,48,75,50,34,34,33,75,54,0,0],"gold":337,"neow_bonus":"","is_daily":false,"chose_seed":false,"campfire_upgraded":3,"win_rate":0.0,"timestamp":1610783561,"path_taken":["M","?","?","M","?","R","?","R","T","?","R","M","M","M","R","BOSS","M","?","?","?","M","E","M"],"items_purchased_type":[],"build_version":"2020-12-22","purchased_purges":0,"victory":false,"max_hp_per_floor":[75,75,75,75,75,75,75,75,75,75,75,75,75,75,75,75,75,75,75,75,75,75,75,75,75],"card_choices":[{"not_picked":["OldLady","LongBird"],"picked":"DreamingCurrent","floor":1},{"not_picked":["Leap","Rebound"],"picked":"Ball Lightning","floor":1},{"not_picked":["Murderer","BeautyBeast"],"picked":"OldLady","floor":4},{"not_picked":["Compile Driver","Redo"],"picked":"conspire:Rain","floor":4},{"not_picked":["GalaxyChild","Murderer"],"picked":"WallGazer","floor":10},{"not_picked":["Barrage","Double Energy"],"picked":"Go for the Eyes","floor":10},{"not_picked":["HappyTeddy","Bloodbath","FairyFestival"],"picked":"Singing Bowl","floor":12},{"not_picked":["CherryBlossoms","Scorched"],"picked":"PunishingBird","floor":12},{"not_picked":["Chill","Beam Cell"],"picked":"Sweeping Beam","floor":12},{"not_picked":["SingingMachine","VoidDream"],"picked":"CherryBlossoms","floor":13},{"not_picked":["Compile Driver","Go for the Eyes"],"picked":"Rebound","floor":13},{"not_picked":["Leap","Go for the Eyes"],"picked":"Genetic Algorithm","floor":14},{"not_picked":["Murderer","Scorched"],"picked":"ShyLook","floor":16},{"not_picked":["All For One","Multi-Cast"],"picked":"Echo Form","floor":16},{"not_picked":["Cold Snap","Rebound"],"picked":"White Noise","floor":18},{"not_picked":["Variant","LittleHelper","Murderer"],"picked":"Singing Bowl","floor":18},{"not_picked":["BeautyBeast","RedShoes"],"picked":"FairyFestival","floor":18},{"not_picked":["Murderer","MHz"],"picked":"MeatLantern","floor":21},{"not_picked":["Hello World","hubris:PowerSurge"],"picked":"Self Repair","floor":21},{"not_picked":["BeautyBeast","Bloodbath"],"picked":"BigBird","floor":22},{"not_picked":["Cold Snap","Stack+1"],"picked":"Lockon","floor":22},{"not_picked":["Funeral","QueenBee","Porccubus"],"picked":"Singing Bowl","floor":23},{"not_picked":["LittlePrince","BeautyBeast"],"picked":"OSAHOGD","floor":23},{"not_picked":["Leap+1","Gash"],"picked":"Barrage+1","floor":23}],"player_experience":108647,"relics_obtained":[{"floor":9,"key":"vexMod:FocusSash"},{"floor":19,"key":"Enchiridion"},{"floor":20,"key":"Mummified Hand"},{"floor":23,"key":"Potion Belt"}],"event_choices":[{"damage_healed":0,"gold_gain":0,"player_choice":"Invest 1","damage_taken":0,"max_hp_gain":0,"max_hp_loss":0,"event_name":"conspire:Investor","floor":2,"gold_loss":0},{"damage_healed":0,"gold_gain":0,"player_choice":"Entered Light","damage_taken":15,"max_hp_gain":0,"max_hp_loss":0,"event_name":"Shining Light","floor":3,"gold_loss":0,"cards_upgraded":["Defend_B","Strike_B"]},{"damage_healed":0,"gold_gain":0,"player_choice":"Box","damage_taken":0,"relics_obtained":["infinitespire:CursedDice"],"max_hp_gain":0,"max_hp_loss":0,"event_name":"Big Fish","floor":5,"gold_loss":0,"cards_obtained":["Regret"]},{"cards_removed":["Regret"],"damage_healed":0,"gold_gain":0,"player_choice":"Removed Curses","damage_taken":0,"max_hp_gain":0,"max_hp_loss":0,"event_name":"Fountain of Cleansing","floor":7,"gold_loss":0},{"damage_healed":0,"gold_gain":0,"player_choice":"Obtained Book","damage_taken":16,"max_hp_gain":0,"max_hp_loss":0,"event_name":"Cursed Tome","floor":19,"gold_loss":0}],"is_beta":false,"boss_relics":[{"not_picked":["Pandora\u0027s Box","Runic Dome"],"picked":"hubris:Backtick"}],"items_purged_floors":[],"is_endless":false,"potions_floor_spawned":[10,12,14,21,22],"killed_by":"Sentry and Sphere","ascension_level":0}}