{"host":"37dk0reb6x0du8wx","time":1610772610,"event":{"mods":["BaseMod","Colored Map","DeckTracker","Minty Spire (QoL Compilation)","Quick Restart","StSLib"],"gold_per_floor":[117,117,117,134,309,339,339,339,339,35,49,14,34,34,34,134,134,150,150,150,150,350,377,377,377,377,377,377],"floor_reached":27,"language":"KOR","playtime":444,"items_purged":[],"score":300,"play_id":"96b77a67-1fff-4148-b3be-f1f6a54c9bac","local_time":"20210116135010","is_ascension_mode":true,"campfire_choices":[{"data":"Zap","floor":7,"key":"SMITH"},{"data":"Defragment","floor":15,"key":"SMITH"},{"floor":25,"key":"REST"}],"circlet_count":0,"master_deck":["Strike_B","Defend_B","Defend_B","Defend_B+1","Defend_B","Zap+1","Dualcast","Conserve Battery","Doubt","Defragment+1","Consume","Multi-Cast","Conserve Battery","Loop"],"relics":["Cracked Core","NeowsBlessing","GremlinMask","The Courier","Symbiotic Virus","Juzu Bracelet","Runic Capacitor","Empty Cage","MutagenicStrength","Strawberry","Kunai"],"acts_visited":["Exordium","TheCity"],"potions_floor_usage":[18,23,27],"damage_taken":[{"damage":0,"enemies":"Jaw Worm","floor":1,"turns":1},{"damage":0,"enemies":"Small Slimes","floor":4,"turns":2},{"damage":0,"enemies":"Lagavulin","floor":6,"turns":1},{"damage":3,"enemies":"Cultist","floor":11,"turns":4},{"damage":1,"enemies":"Looter","floor":13,"turns":4},{"damage":38,"enemies":"Hexaghost","floor":16,"turns":9},{"damage":9,"enemies":"Shell Parasite","floor":18,"turns":5},{"damage":27,"enemies":"Book of Stabbing","floor":23,"turns":5},{"damage":68,"enemies":"Slavers","floor":27,"turns":4}],"seed_played":"6515536267200304438","potions_obtained":[{"floor":4,"key":"Weak Potion"},{"floor":6,"key":"Weak Potion"},{"floor":11,"key":"Energy Potion"},{"floor":23,"key":"Strength Potion"}],"is_trial":false,"path_per_floor":["M","?","?","M","?","E","R","?","T","$","M","?","M","$","R","B",null,"M","?","?","?","?","E","?","R","T","E"],"character_chosen":"DEFECT","items_purchased":["Defragment","Juzu Bracelet","Runic Capacitor"],"campfire_rested":1,"item_purchase_floors":[10,10,10],"current_hp_per_floor":[75,60,60,60,60,60,60,53,53,53,50,68,67,67,67,29,75,66,52,52,52,52,32,32,58,58,0,0],"gold":377,"neow_bonus":"THREE_ENEMY_KILL","is_daily":false,"chose_seed":false,"campfire_upgraded":2,"win_rate":0.0,"timestamp":1610772610,"path_taken":["M","?","?","?","?","E","R","?","T","$","M","?","M","$","R","BOSS","M","?","?","?","?","E","?","R","T","E"],"items_purchased_type":["Card","Relic","Relic"],"build_version":"2020-12-22","purchased_purges":0,"victory":false,"max_hp_per_floor":[75,75,75,75,75,75,75,75,75,75,75,75,75,75,75,75,75,75,80,80,80,80,87,87,87,87,87,87],"card_choices":[{"not_picked":["Ball Lightning","Aggregate","Barrage"],"picked":"SKIP","floor":1},{"not_picked":["Fusion","Melter"],"picked":"Conserve Battery","floor":4},{"not_picked":["Rebound","FTL","Beam Cell"],"picked":"SKIP","floor":6},{"not_picked":["Coolheaded","Beam Cell","Streamline"],"picked":"SKIP","floor":11},{"not_picked":["Compile Driver","Echo Form"],"picked":"Consume","floor":13},{"not_picked":["Core Surge","Echo Form"],"picked":"Multi-Cast","floor":16},{"not_picked":["Force Field","Go for the Eyes"],"picked":"Conserve Battery","floor":18},{"not_picked":["Double Energy+1","Compile Driver+1","Aggregate"],"picked":"SKIP","floor":23}],"player_experience":194500,"relics_obtained":[{"floor":6,"key":"The Courier"},{"floor":9,"key":"Symbiotic Virus"},{"floor":23,"key":"Strawberry"},{"floor":26,"key":"Kunai"}],"event_choices":[{"damage_healed":0,"gold_gain":0,"player_choice":"Entered Light","damage_taken":15,"max_hp_gain":0,"max_hp_loss":0,"event_name":"Shining Light","floor":2,"gold_loss":0,"cards_upgraded":["Defend_B","Strike_B"]},{"damage_healed":0,"gold_gain":0,"player_choice":"Trade","damage_taken":0,"relics_obtained":["GremlinMask"],"max_hp_gain":0,"max_hp_loss":0,"event_name":"FaceTrader","floor":3,"gold_loss":0},{"damage_healed":0,"gold_gain":175,"player_choice":"AGREE","damage_taken":0,"max_hp_gain":0,"max_hp_loss":0,"event_name":"Liars Game","floor":5,"gold_loss":0,"cards_obtained":["Doubt"]},{"cards_removed":["Strike_B"],"damage_healed":0,"gold_gain":0,"player_choice":"Card Removal","damage_taken":7,"max_hp_gain":0,"max_hp_loss":0,"event_name":"Golden Wing","floor":8,"gold_loss":0},{"damage_healed":18,"gold_gain":0,"player_choice":"Healed","damage_taken":0,"max_hp_gain":0,"max_hp_loss":0,"event_name":"The Cleric","floor":12,"gold_loss":35},{"damage_healed":0,"gold_gain":0,"player_choice":"Shed Blood","damage_taken":19,"max_hp_gain":5,"max_hp_loss":0,"event_name":"Forgotten Altar","floor":19,"gold_loss":0},{"damage_healed":0,"gold_gain":0,"player_choice":"Ignored","damage_taken":0,"max_hp_gain":0,"max_hp_loss":0,"event_name":"Vampires","floor":20,"gold_loss":0},{"damage_healed":0,"gold_gain":0,"player_choice":"Inject Mutagens","damage_taken":0,"relics_obtained":["MutagenicStrength"],"max_hp_gain":0,"max_hp_loss":0,"event_name":"Drug Dealer","floor":21,"gold_loss":0},{"damage_healed":0,"gold_gain":250,"player_choice":"Bet on Owner","damage_taken":0,"max_hp_gain":0,"max_hp_loss":0,"event_name":"The Joust","floor":22,"gold_loss":50},{"damage_healed":0,"gold_gain":0,"player_choice":"Read","damage_taken":0,"max_hp_gain":0,"max_hp_loss":0,"event_name":"The Library","floor":24,"gold_loss":0,"cards_obtained":["Loop"]}],"is_beta":false,"boss_relics":[{"not_picked":["Nuclear Battery","SacredBark"],"picked":"Empty Cage"}],"items_purged_floors":[],"is_endless":false,"potions_floor_spawned":[4,6,11,23],"killed_by":"Slavers","ascension_level":4}}