{"host":"npubv26u89aif4fa","time":1610828242,"event":{"mods":["Astrologer","BaseMod","Better Vampires","Better-Laid Plans","Colored Powertips","GifTheSpireLib","GungeonMod","HornydragonMod","Hubris","Jedi Mod","Minty Spire (QoL Compilation)","Quick Restart","Remilia（蕾米莉亚）","Replay The Spire","StSLib","Td1madao Mod","The Administrix","The Alterego","The Bug Knight","The Cursed","The Runesmith","Yuri Mod","残留之物"],"gold_per_floor":[119,119,119,119,134,134,145,145,145,165,196,221,231,261,261,360,360,477,492,492,504,517,536,140,140,164,248,264,297,297,312,312,510,510,526,526,546,182,196,227,227,256,256,273,286,161,172,185,185,185,185,185,35,63,63],"floor_reached":56,"language":"ZHS","playtime":4396,"items_purged":["Strike_P","Vigilance","EmptyMind","Defend_P"],"score":1193,"play_id":"275ad09a-7d4a-4ce6-9748-b5a3c0181922","local_time":"20210117041722","is_ascension_mode":false,"campfire_choices":[{"data":"PathToVictory","floor":6.0,"key":"SMITH"},{"floor":8.0,"key":"RECALL"},{"data":"DeceiveReality","floor":15.0,"key":"SMITH"},{"data":"Replay:ManipulateFuture","floor":25.0,"key":"SMITH"},{"data":"PathToVictory","floor":30.0,"key":"SMITH"},{"data":"Replay:LoomingThreat","floor":41.0,"key":"SMITH"},{"data":"Replay:LoomingThreat","floor":49,"key":"SMITH"},{"data":"Sanctity","floor":52,"key":"SMITH"}],"circlet_count":0,"master_deck":["Defend_P","Defend_P","Defend_P","PathToVictory+1","Replay:ManipulateFuture+1","Sanctity+1","DeceiveReality+1","Scrawl","Replay:Cycle+1","Replay:AtTheReady","Wireheading","SpiritShield+1","Perseverance+1","PathToVictory+1","AbeCurse","Replay:LoomingThreat+1","Replay:LoomingThreat+1","PathToVictory+1"],"relics":["PureWater","Oddly Smooth Stone","hubris:Icosahedron","Gremlin Horn","Pen Nib","PlaceholderMod:DeVermisMysteriis","DemoMod:GlassGuonStoneRelic","jedi:hotpepper","Art of War","Garlic","Vajra","Centennial Puzzle","Replay:Drink Me","Ancient Tea Set","Bag of Preparation","Lantern","hubris:SphereOfDissonance","Replay:Rubber Ducky"],"acts_visited":["Exordium","TheCity","TheBeyond","TheEnding"],"potions_floor_usage":[55,55,55],"damage_taken":[{"damage":3.0,"enemies":"Small Slimes","floor":1.0,"turns":5.0},{"damage":8.0,"enemies":"Jaw Worm","floor":5.0,"turns":5.0},{"damage":0.0,"enemies":"2 Louse","floor":7.0,"turns":2.0},{"damage":0.0,"enemies":"Exordium Wildlife","floor":10.0,"turns":5.0},{"damage":13.0,"enemies":"Gremlin Nob","floor":11.0,"turns":4.0},{"damage":5.0,"enemies":"Exordium Thugs","floor":13.0,"turns":5.0},{"damage":26.0,"enemies":"3 Sentries","floor":14.0,"turns":17.0},{"damage":4.0,"enemies":"Fading Forest","floor":16.0,"turns":11.0},{"damage":0.0,"enemies":"Shell Parasite","floor":18.0,"turns":6.0},{"damage":0.0,"enemies":"Chosen","floor":19.0,"turns":6.0},{"damage":0.0,"enemies":"Centurion and Healer","floor":21.0,"turns":8.0},{"damage":0.0,"enemies":"Sentry and Sphere","floor":22.0,"turns":7.0},{"damage":0.0,"enemies":"Snake Plant","floor":23.0,"turns":7.0},{"damage":0.0,"enemies":"Shelled Parasite and Fungi","floor":28.0,"turns":8.0},{"damage":0.0,"enemies":"Book of Stabbing","floor":29.0,"turns":10.0},{"damage":0.0,"enemies":"Chosen and Byrds","floor":31.0,"turns":5.0},{"damage":44.0,"enemies":"Pondfish","floor":33.0,"turns":12.0},{"damage":0.0,"enemies":"3 Shapes","floor":35.0,"turns":4.0},{"damage":0.0,"enemies":"Orb Walker","floor":37.0,"turns":3.0},{"damage":0.0,"enemies":"Spire Growth","floor":39.0,"turns":4.0},{"damage":0.0,"enemies":"Giant Head","floor":40.0,"turns":6.0},{"damage":0.0,"enemies":"Reptomancer","floor":42.0,"turns":6.0},{"damage":0.0,"enemies":"Jaw Worm Horde","floor":44.0,"turns":4.0},{"damage":0.0,"enemies":"Sphere and 2 Shapes","floor":45.0,"turns":4.0},{"damage":0,"enemies":"Writhing Mass","floor":47,"turns":3},{"damage":0,"enemies":"Maw","floor":48,"turns":3},{"damage":0,"enemies":"Donu and Deca","floor":50,"turns":8},{"damage":0,"enemies":"Shield and Spear","floor":54,"turns":4},{"damage":0,"enemies":"The Heart","floor":55,"turns":6}],"seed_played":"-8973858591073731562","potions_obtained":[{"floor":5.0,"key":"Adrenaline Potion"},{"floor":7.0,"key":"Elixir"},{"floor":11.0,"key":"PlaceholderMod:PlaceholderPotion"},{"floor":13.0,"key":"Elixir"},{"floor":14.0,"key":"jedi:StrikingPotion"},{"floor":22.0,"key":"Block Potion"},{"floor":35.0,"key":"BottledMiracle"},{"floor":39.0,"key":"DuplicationPotion"},{"floor":40.0,"key":"DemoMod:LeadSkinPotion"}],"is_trial":false,"path_per_floor":["M","?","?","?","M","R","M","R","T","M","E","T","M","E","R","B",null,"M","M","?","M","M","M","$","R","T","?","M","E","R","M","R","B",null,"M","?","M","$","M","E","R","E","T","M","M","$","M","M","R","B",null,"R","$","E","B",null],"character_chosen":"WATCHER","items_purchased":["Garlic","Wireheading","Ancient Tea Set","Replay:LoomingThreat"],"campfire_rested":0,"item_purchase_floors":[24,24,38,38],"current_hp_per_floor":[69,69,69,74,69,69,69,69,69,69,56,56,51,25,25,21,57,57,57,42,42,42,42,42,42,42,28,28,28,28,28,45,1,43,43,43,43,43,43,43,43,43,43,43,43,43,43,43,43,43,43,43,43,43,43],"gold":63,"neow_bonus":"RANDOM_COMMON_RELIC","is_daily":false,"chose_seed":false,"campfire_upgraded":7,"win_rate":0.0,"timestamp":1610828242,"path_taken":["M","?","?","?","M","R","?","R","T","M","E","?","?","E","R","BOSS","M","M","?","M","?","?","$","R","T","?","?","E","R","M","R","BOSS","M","?","M","$","M","E","R","E","T","M","M","$","M","M","R","BOSS","R","$","E","BOSS"],"items_purchased_type":["Relic","Card","Relic","Card"],"build_version":"2020-12-22","purchased_purges":4,"victory":true,"max_hp_per_floor":[72,72,72,77,77,77,77,77,77,77,77,77,77,77,77,77,57,57,57,57,57,57,57,57,57,57,57,57,57,57,57,57,57,43,43,43,43,43,43,43,43,43,43,43,43,43,43,43,43,43,43,43,43,43,43],"card_choices":[{"not_picked":["Replay:Vibes","JustLucky"],"picked":"PathToVictory","floor":1.0},{"not_picked":["Replay:Hum","SignatureMove","Halt"],"picked":"SKIP","floor":5.0},{"not_picked":["Crescendo","BowlingBash","SignatureMove"],"picked":"SKIP","floor":7.0},{"not_picked":["JustLucky","Halt"],"picked":"Replay:ManipulateFuture","floor":10.0},{"not_picked":["Worship","EmptyMind","JustLucky"],"picked":"SKIP","floor":11.0},{"not_picked":["Pray","ThirdEye"],"picked":"Sanctity","floor":13.0},{"not_picked":["Pray","ThirdEye"],"picked":"DeceiveReality","floor":14.0},{"not_picked":["Brilliance","Alpha"],"picked":"Scrawl","floor":16.0},{"not_picked":["Crescendo+1","Halt","EmptyBody"],"picked":"SKIP","floor":18.0},{"not_picked":["InnerPeace","Crescendo"],"picked":"Replay:Cycle+1","floor":19.0},{"not_picked":["FlurryOfBlows","JustLucky","Crescendo"],"picked":"SKIP","floor":21.0},{"not_picked":["ForeignInfluence","CrushJoints"],"picked":"Replay:AtTheReady","floor":22.0},{"not_picked":["Pray+1","Swivel","JustLucky"],"picked":"SKIP","floor":23.0},{"not_picked":["LikeWater","Vengeance+1"],"picked":"SpiritShield","floor":27.0},{"not_picked":["EmptyFist+1","FollowUp"],"picked":"Perseverance+1","floor":28.0},{"not_picked":["Prostrate","Crescendo"],"picked":"PathToVictory","floor":29.0},{"not_picked":["Replay:AtTheReady+1","Consecrate+1","Adaptation"],"picked":"SKIP","floor":31.0},{"not_picked":["FlyingSleeves","Replay:DivineShield","Replay:ManipulateFuture"],"picked":"SKIP","floor":35.0},{"not_picked":["ThirdEye+1","Replay:BluntJabs+1","Vengeance+1"],"picked":"SKIP","floor":37.0},{"not_picked":["FlyingSleeves","ThirdEye+1","ClearTheMind"],"picked":"SKIP","floor":39.0},{"not_picked":["Evaluate","CrushJoints+1","WheelKick+1"],"picked":"SKIP","floor":40.0},{"not_picked":["Prostrate+1","BowlingBash","ConjureBlade"],"picked":"SKIP","floor":42.0},{"not_picked":["Replay:ManipulateFuture","Replay:AtTheReady"],"picked":"PathToVictory+1","floor":44.0},{"not_picked":["WreathOfFlame","Fasting2+1","FollowUp"],"picked":"SKIP","floor":45.0},{"not_picked":["Consecrate","EmptyBody","Scrawl"],"picked":"SKIP","floor":47},{"not_picked":["Tantrum","Vengeance+1","Protect"],"picked":"SKIP","floor":48},{"not_picked":["Crescendo","Replay:ManipulateFuture","Vengeance"],"picked":"SKIP","floor":54}],"player_experience":307969,"relics_obtained":[{"floor":11.0,"key":"Gremlin Horn"},{"floor":12.0,"key":"Pen Nib"},{"floor":14.0,"key":"PlaceholderMod:DeVermisMysteriis"},{"floor":26.0,"key":"Vajra"},{"floor":29.0,"key":"Centennial Puzzle"},{"floor":40.0,"key":"Bag of Preparation"},{"floor":42.0,"key":"Lantern"},{"floor":43.0,"key":"hubris:SphereOfDissonance"},{"floor":54,"key":"Replay:Rubber Ducky"}],"event_choices":[{"damage_healed":0.0,"max_hp_gain":0.0,"max_hp_loss":0.0,"gold_gain":0.0,"cards_transformed":["Eruption"],"event_name":"Living Wall","player_choice":"Change","floor":2.0,"gold_loss":0.0,"damage_taken":0.0,"cards_obtained":["EmptyMind"]},{"damage_healed":0.0,"max_hp_gain":5.0,"max_hp_loss":0.0,"gold_gain":0.0,"event_name":"Big Fish","player_choice":"Donut","floor":4.0,"gold_loss":0.0,"damage_taken":0.0},{"damage_healed":0.0,"max_hp_gain":0.0,"max_hp_loss":0.0,"gold_gain":0.0,"event_name":"Tomb of Lord Red Mask","player_choice":"Ignored","floor":36.0,"gold_loss":0.0,"damage_taken":0.0}],"is_beta":false,"boss_relics":[{"not_picked":["Calling Bell","Astrolabe"],"picked":"jedi:hotpepper"},{"not_picked":["hubris:RunicObelisk","Philosopher\u0027s Stone"],"picked":"Replay:Drink Me"}],"items_purged_floors":[24,38,46,53],"is_endless":false,"potions_floor_spawned":[5,7,11,13,14,19,22,28,35,39,40,45],"ascension_level":0}}