{"host":"h4qgcirtxz6qax9j","time":1610808220,"event":{"mods":["AchievementEnabler","BaseMod","Colored Powertips","Minty Spire (QoL Compilation)","StSLib","SuperFastMode","The Animator"],"gold_per_floor":[116,132,145,174,190,190,190,190],"floor_reached":7,"language":"KOR","playtime":340,"items_purged":[],"score":45,"play_id":"096f9de2-d7f7-4dab-85b4-cb179716c7c3","local_time":"20210116234340","is_ascension_mode":false,"campfire_choices":[{"floor":6,"key":"REST"}],"circlet_count":0,"master_deck":["animator:Strike_Konosuba","animator:Defend_Konosuba","animator:Strike","animator:Strike","animator:Strike","animator:Defend","animator:Defend","animator:Defend","animator:Kazuma","animator:Aqua","animator:Shimakaze","animator:UneriGinkaku","animator:ChlammyZell","animator:Megumin","animator:Vanir"],"relics":["animator:LivingPicture","animator:TheMissingPiece"],"acts_visited":["Exordium"],"potions_floor_usage":[7],"damage_taken":[{"damage":9,"enemies":"Jaw Worm","floor":1,"turns":6},{"damage":5,"enemies":"Small Slimes","floor":2,"turns":4},{"damage":0,"enemies":"2 Louse","floor":3,"turns":3},{"damage":40,"enemies":"Gremlin Gang","floor":4,"turns":4},{"damage":12,"enemies":"Blue Slaver","floor":5,"turns":8},{"damage":39,"enemies":"Lagavulin","floor":7,"turns":8}],"seed_played":"6146966135105495015","potions_obtained":[{"floor":3,"key":"DistilledChaos"},{"floor":4,"key":"PowerPotion"}],"is_trial":false,"path_per_floor":["M","M","M","M","M","R","E"],"character_chosen":"THE_ANIMATOR","items_purchased":[],"campfire_rested":1,"item_purchase_floors":[],"current_hp_per_floor":[57,54,56,18,9,29,0,0],"gold":190,"neow_bonus":"RANDOM_COLORLESS","is_daily":false,"chose_seed":false,"campfire_upgraded":0,"win_rate":0.0,"timestamp":1610808220,"path_taken":["M","M","M","M","M","R","E"],"items_purchased_type":[],"build_version":"2020-12-22","purchased_purges":0,"victory":false,"max_hp_per_floor":[66,66,66,66,67,67,67,67],"card_choices":[{"not_picked":["animator:MisaKurobane","animator:NononJakuzure"],"picked":"animator:Shimakaze","floor":0},{"not_picked":["animator:HiiragiShinya","animator:Verdia"],"picked":"animator:UneriGinkaku","floor":1},{"not_picked":["animator:Togame","animator:Jibril"],"picked":"animator:ChlammyZell","floor":2},{"not_picked":["animator:Alexander","animator:Chris","animator:Shinoa"],"picked":"SKIP","floor":3},{"not_picked":["animator:Mitsurugi","animator:Kazuma"],"picked":"animator:Megumin","floor":4},{"not_picked":["animator:IzunaHatsuse","animator:Yoichi"],"picked":"animator:Vanir","floor":5}],"player_experience":56076,"relics_obtained":[],"event_choices":[],"is_beta":false,"boss_relics":[],"items_purged_floors":[],"is_endless":false,"potions_floor_spawned":[3,4],"killed_by":"Lagavulin","ascension_level":0}}