{"host":"beeeuwojhehoern2","time":1610808784,"event":{"mods":["100% Spire Juice","Act Like it!","Aspiration","BaseMod","Conspire","Gensokyo","KinomotoSakuraMod(Ä¾Ö®±¾Ó£)","Koishi","KomeijiMod","Marisa£¨ìFÓê¡¡Ä§ÀíÉ³£©","Minty Spire (QoL Compilation)","Pale of the Ancients","Reimu£¨²©ÀöÁéÃÎ£©","Replay The Spire","Spicy Shops","StSLib","TestMod","The Administrix","The Alterego","TheHeartMod","Yakumo Yukari mod","Youmu£¨»êÆÇÑýÃÎ£©","Yuyuko","vexMod","¡¾¹¦ÄÜMod¡¿»ìãçÖ®»·ÐÞ¸´²¹¶¡","¡¾ÒÅÎï¿¨ÅÆ¡¿REMEMod"],"gold_per_floor":[119,8,8,24,38,72,72,153,178,178,178,178,75,95,95,394,34,44,8,26,26,1,251,266,291,291,291,186,186,20,20,20,122,122,142,4,4,4,4,32,32,63,89,102,102,327,343,17,17,17],"floor_reached":51,"language":"ZHS","playtime":5770,"items_purged":[],"score":849,"play_id":"0ac795c7-37aa-409c-a8e5-8a2cdd507f5f","local_time":"20210116225304","is_ascension_mode":false,"campfire_choices":[{"floor":7.0,"key":"REST"},{"data":"Moonworks:Poppoformation","floor":12.0,"key":"SMITH"},{"floor":15.0,"key":"REST"},{"floor":27,"key":"REST"},{"floor":29,"key":"REST"},{"floor":32,"key":"REST"},{"floor":41,"key":"REST"},{"floor":45,"key":"REST"},{"floor":49,"key":"REST"}],"circlet_count":0,"master_deck":["Moonworks:Strike","Moonworks:Strike","Moonworks:Strike","Moonworks:Strike","Moonworks:Defend","Moonworks:Defend","Moonworks:Defend","Moonworks:Ambush+1","Moonworks:LongDistanceShot","Moonworks:EvilSpyWorkPreparation+1","DeusExMachina+1","CommonCold","Moonworks:Poppoformation+1","Moonworks:ReproductionOfRecords","Moonworks:ShieldCounter","Moonworks:Heat300Percent+1","Moonworks:SakisCookie","Moonworks:ExtendedPhotonRifle+1","Moonworks:PlushieMaster+1","Moonworks:LulusLuckyEgg","Moonworks:EvilSpyWorkPreparation","Moonworks:FullSpeedAlicianrone+1","Moonworks:EvilMastermind","testmod-VirtualReality","testmod-BloodBlade","Forethought","Gensokyo:TurboGranny","Moonworks:AngelHand","Moonworks:Wanted","Moonworks:MiracleWalker+1","Gensokyo:LockedMedkit","Moonworks:CookingTime","Moonworks:ShieldCounter","Moonworks:JonathanRush","Moonworks:RagingMadness","Moonworks:SweetBattle","Moonworks:EvilSpyWorkPreparation+1","Moonworks:LulusLuckyEgg+1","Moonworks:RocketCannon","Moonworks:MiracleWalker"],"relics":["Moonworks:BrokenBomb","Moonworks:Homemark","REME_ComplimentaryCards","testmod-TestBox","NeowsBlessing","Ring of Fury","ReplayTheSpireMod:Ring of Addiction","Chameleon Ring","Potion Belt","Simple Rune","Replay:WaspNest","Pet Ghost","Replay:PocketPolymizer","vexMod:ImprovementManual","Kunai","Ginger","ReplayTheSpireMod:ShopPack","Honey Jar","testmod-ThousandKnives","REME_ComplimentaryCards","aspiration:SeaSaltIceCream","aspiration:Nostalgia","Koishi:ImaginaryFriend","Bag of Marbles","Mummified Hand","testmod-AssaultLearning","Garlic","ClockworkSouvenir"],"acts_visited":["Gensokyo:Gensokyo","Gensokyo:Gensokyoer","Gensokyo:Gensokyoest"],"potions_floor_usage":[20,25,25,25,33,42],"damage_taken":[{"damage":0.0,"enemies":"Gensokyo:Gryphon","floor":1.0,"turns":1.0},{"damage":4.0,"enemies":"Gensokyo:3_Fairies","floor":4.0,"turns":2.0},{"damage":0.0,"enemies":"Gensokyo:2_Kodama","floor":5.0,"turns":1.0},{"damage":24.0,"enemies":"Gensokyo:Mamizou","floor":6.0,"turns":9.0},{"damage":1.0,"enemies":"Gensokyo:Gryphon_and_Rabbit","floor":13.0,"turns":4.0},{"damage":5.0,"enemies":"Gensokyo:3_Kodama","floor":14.0,"turns":2.0},{"damage":15.0,"enemies":"Gensokyo:Reimu","floor":16.0,"turns":11.0},{"damage":15,"enemies":"Gensokyo:AngelMirror","floor":18,"turns":3},{"damage":14,"enemies":"Gensokyo:3_Dogs","floor":20,"turns":2},{"damage":6,"enemies":"Gensokyo:Wraith","floor":24,"turns":5},{"damage":19,"enemies":"Gensokyo:Tenshi","floor":25,"turns":4},{"damage":22,"enemies":"Gensokyo:Swordslinger","floor":28,"turns":4},{"damage":28,"enemies":"Gensokyo:Eiki","floor":33,"turns":8},{"damage":0,"enemies":"Gensokyo:AncientGuardian","floor":35,"turns":4},{"damage":14,"enemies":"Gensokyo:Marisa","floor":40,"turns":5},{"damage":0,"enemies":"Gensokyo:Doremy","floor":42,"turns":5},{"damage":0,"enemies":"Gensokyo:3_Bats","floor":44,"turns":5},{"damage":17,"enemies":"Gensokyo:Kasen","floor":46,"turns":6},{"damage":9,"enemies":"Gensokyo:SeedOfUnknown","floor":47,"turns":6},{"damage":2,"enemies":"Gensokyo:Shinki","floor":50,"turns":11}],"seed_played":"4782379257992585026","potions_obtained":[{"floor":1.0,"key":"Explosive Potion"},{"floor":3.0,"key":"Elixir"},{"floor":3.0,"key":"Fire Potion"},{"floor":3.0,"key":"Fire Potion"},{"floor":10.0,"key":"SteroidPotion"},{"floor":10.0,"key":"testmod-TimePotion"},{"floor":13.0,"key":"SkillPotion"},{"floor":14.0,"key":"Doom Potion"},{"floor":16.0,"key":"testmod-SpacePotion"},{"floor":24,"key":"Reflective Coating"},{"floor":28,"key":"Explosive Potion"},{"floor":35,"key":"SteroidPotion"},{"floor":40,"key":"Strength Potion"},{"floor":47,"key":"Flashbang"}],"is_trial":false,"path_per_floor":["M","COS","?","M","M","E","R","T","T","R","?","R","M","M","R","B",null,"M","$","M","?","?","?","M","E","T","R","M","R","COS","?","R","B",null,"M","COS","?","?","T","E","R","E","T","M","R","E","M","$","R","B",null],"character_chosen":"THE_STARBREAKER","items_purchased":["Moonworks:RagingMadness","Moonworks:LulusLuckyEgg+1","Moonworks:RocketCannon","ClockworkSouvenir"],"campfire_rested":8,"item_purchase_floors":[19,48,48,48],"current_hp_per_floor":[60,60,60,56,56,32,50,50,50,50,50,50,49,44,56,41,56,41,41,27,37,37,37,31,12,12,29,7,23,23,23,37,9,48,48,48,28,28,28,14,27,29,29,29,42,31,26,26,38,40],"gold":17,"neow_bonus":"THREE_ENEMY_KILL","is_daily":false,"chose_seed":false,"campfire_upgraded":1,"win_rate":0.0,"timestamp":1610808784,"path_taken":["M","COS","?","M","M","E","R","?","T","R","?","R","M","M","R","BOSS","M","$","M","?","?","?","M","E","T","R","M","R","COS","?","R","BOSS","M","COS","?","?","?","E","R","E","T","M","R","E","?","$","R","BOSS"],"items_purchased_type":["Card","Card","Card","Relic"],"build_version":"2020-12-22","purchased_purges":0,"victory":true,"max_hp_per_floor":[60,60,60,60,60,60,60,60,60,58,58,58,56,56,56,56,56,56,56,56,62,62,59,57,57,57,57,57,55,55,50,48,48,48,48,48,46,46,46,44,44,44,44,44,44,42,42,42,40,40],"card_choices":[{"not_picked":["Moonworks:ImmovableObject","Moonworks:Dash"],"picked":"Moonworks:EvilSpyWorkPreparation","floor":1.0},{"not_picked":["Moonworks:UnpaidWork","Moonworks:CloudOfSeagulls"],"picked":"Moonworks:Poppoformation","floor":4.0},{"not_picked":["Moonworks:UnluckyCharm","Moonworks:Flamethrower"],"picked":"Moonworks:ReproductionOfRecords","floor":5.0},{"not_picked":["Moonworks:ScrambledEve","Moonworks:ImOnFire"],"picked":"Moonworks:ShieldCounter","floor":6.0},{"not_picked":["Moonworks:DeployBits","Moonworks:EvilSpyWorkPreparation"],"picked":"Moonworks:SakisCookie","floor":13.0},{"not_picked":["Moonworks:SakisCookie","Moonworks:ImOnFire"],"picked":"Moonworks:ExtendedPhotonRifle","floor":14.0},{"not_picked":["Moonworks:OutOfAmmo","Moonworks:AccelHyper"],"picked":"Moonworks:PlushieMaster","floor":16.0},{"not_picked":["Moonworks:JonathanRush+1","Moonworks:DeployBits"],"picked":"Moonworks:x16BigRocket","floor":18},{"not_picked":["Moonworks:EvilSpyWorkPreparation+1","Moonworks:ImOnFire+1"],"picked":"Moonworks:LulusLuckyEgg","floor":20},{"not_picked":["Moonworks:Blazing","Moonworks:DevilHand"],"picked":"Moonworks:EvilSpyWorkPreparation","floor":24},{"not_picked":["Moonworks:EvilSpyWorkPreparation","Moonworks:Assault+1"],"picked":"Moonworks:DevilHand","floor":25},{"not_picked":["Moonworks:CloudOfSeagulls","Moonworks:IntelligenceOfficer"],"picked":"Moonworks:FullSpeedAlicianrone+1","floor":28},{"not_picked":["testmod-Wormhole","testmod-PulseDistributor"],"picked":"testmod-VirtualReality","floor":30},{"not_picked":["Specialist","testmod-Mystery"],"picked":"testmod-BloodBlade","floor":30},{"not_picked":["testmod-LimitFlipper","testmod-Provocation"],"picked":"Forethought","floor":30},{"not_picked":["Gensokyo:RedCapeBlueCape","Gensokyo:EightFeetTall"],"picked":"Gensokyo:TurboGranny","floor":31},{"not_picked":["Moonworks:PlushieMaster","Moonworks:RocketCannon"],"picked":"Moonworks:Wanted","floor":33},{"not_picked":["Moonworks:CloudOfSeagulls+1","Moonworks:EvilSpyWorkPreparation","Moonworks:ForcedRevival"],"picked":"Moonworks:MiracleWalker+1","floor":35},{"not_picked":["Moonworks:SakisCookie","Moonworks:EvilSpyWorkPreparation+1","Moonworks:IntelligenceOfficer"],"picked":"Moonworks:CookingTime","floor":40},{"not_picked":["Moonworks:JonathanRush","Moonworks:Blazing","Moonworks:AngelHand"],"picked":"Moonworks:ShieldCounter","floor":42},{"not_picked":["Moonworks:StiffCrystal","Moonworks:ImOnFire","Moonworks:Assault"],"picked":"Moonworks:JonathanRush","floor":44},{"not_picked":["Moonworks:CloudOfSeagulls","Moonworks:IndiscriminateFireSupport","Moonworks:SealedMemories+1"],"picked":"Moonworks:SweetBattle","floor":46},{"not_picked":["Moonworks:IntelligenceOfficer+1","Moonworks:ForcedRevival+1","Moonworks:NicePresent"],"picked":"Moonworks:EvilSpyWorkPreparation+1","floor":47}],"player_experience":192404,"relics_obtained":[{"floor":3.0,"key":"Ring of Fury"},{"floor":3.0,"key":"ReplayTheSpireMod:Ring of Addiction"},{"floor":3.0,"key":"Chameleon Ring"},{"floor":3.0,"key":"Potion Belt"},{"floor":6.0,"key":"Simple Rune"},{"floor":8.0,"key":"Replay:WaspNest"},{"floor":9.0,"key":"Pet Ghost"},{"floor":25,"key":"Kunai"},{"floor":26,"key":"Ginger"},{"floor":39,"key":"aspiration:SeaSaltIceCream"},{"floor":40,"key":"Bag of Marbles"},{"floor":42,"key":"Mummified Hand"},{"floor":43,"key":"testmod-AssaultLearning"},{"floor":46,"key":"Garlic"}],"event_choices":[{"damage_healed":0,"gold_gain":0,"player_choice":"Swap Relic","damage_taken":0,"relics_obtained":["REME_ComplimentaryCards"],"max_hp_gain":0,"max_hp_loss":0,"event_name":"¸ø×Ô¼ºµÄºÐ×Ó","floor":38,"relics_lost":["Pear"],"gold_loss":0}],"is_beta":false,"boss_relics":[{"not_picked":["vexMod:MegatonBomb","testmod-EnergyCheck"],"picked":"vexMod:ImprovementManual"},{"not_picked":["testmod-Recursion","testmod-Nine"],"picked":"Honey Jar"}],"items_purged_floors":[],"is_endless":false,"potions_floor_spawned":[1,13,14,16,18,24,28,35,40,47],"ascension_level":0}}