{"host":"vyjryxuuuxkt43k4","time":1610778009,"event":{"mods":["AchievementEnabler","BaseMod","Colored Map","DeckTracker","Minty Spire (QoL Compilation)","Permanent Neow","Quick Restart","StSLib","SuperFastMode","everything is the same but u backflip on backflip"],"gold_per_floor":[116,133,150,150,170,210,210,223,248,47,47,60,135,178,178,309,309,324,133,147,165,265,265,299,299,299,48,91,9,24,63,63,184,184,197,212,225,125,150,150,150],"floor_reached":40,"language":"KOR","playtime":2007,"items_purged":["Defend_G","Defend_G"],"score":642,"play_id":"52ef9f1a-49ee-4820-82c2-243e18606558","local_time":"20210116152009","is_ascension_mode":true,"campfire_choices":[{"data":"Neutralize","floor":7.0,"key":"SMITH"},{"data":"Apotheosis","floor":11.0,"key":"SMITH"},{"floor":15.0,"key":"REST"},{"data":"Blade Dance","floor":23.0,"key":"SMITH"},{"data":"Footwork","floor":25.0,"key":"SMITH"},{"floor":32.0,"key":"REST"}],"circlet_count":0,"master_deck":["Strike_G","Strike_G","Strike_G","Strike_G","Strike_G","Defend_G","Defend_G","Defend_G","Survivor","Neutralize+1","Dash","Backstab","Cloak And Dagger","Dodge and Roll","Accuracy","Apotheosis+1","Footwork+1","Backflip","Glass Knife","Die Die Die","PiercingWail","Leg Sweep","Blade Dance+1","PiercingWail","Accuracy","Infinite Blades","A Thousand Cuts","Night Terror","Calculated Gamble+1","Escape Plan+1","Footwork+1"],"relics":["Ring of the Snake","Art of War","Golden Idol","StrikeDummy","MealTicket","Ancient Tea Set","Sozu","Juzu Bracelet","Kunai","Blood Vial","Gambling Chip","Cursed Key"],"acts_visited":["Exordium","TheCity","TheBeyond"],"potions_floor_usage":[],"damage_taken":[{"damage":0.0,"enemies":"Jaw Worm","floor":1.0,"turns":6.0},{"damage":0.0,"enemies":"Cultist","floor":2.0,"turns":4.0},{"damage":0.0,"enemies":"Small Slimes","floor":3.0,"turns":3.0},{"damage":1.0,"enemies":"3 Louse","floor":5.0,"turns":3.0},{"damage":18.0,"enemies":"Gremlin Nob","floor":6.0,"turns":4.0},{"damage":5.0,"enemies":"Gremlin Gang","floor":8.0,"turns":8.0},{"damage":1.0,"enemies":"Red Slaver","floor":12.0,"turns":4.0},{"damage":10.0,"enemies":"3 Sentries","floor":14.0,"turns":8.0},{"damage":0.0,"enemies":"The Guardian","floor":16.0,"turns":13.0},{"damage":0.0,"enemies":"Shell Parasite","floor":18.0,"turns":4.0},{"damage":9.0,"enemies":"Spheric Guardian","floor":20.0,"turns":5.0},{"damage":5.0,"enemies":"Chosen and Byrds","floor":21.0,"turns":6.0},{"damage":1.0,"enemies":"Slavers","floor":24.0,"turns":4.0},{"damage":6.0,"enemies":"Gremlin Leader","floor":28.0,"turns":8.0},{"damage":8.0,"enemies":"Snake Plant","floor":30.0,"turns":4.0},{"damage":32.0,"enemies":"Slavers","floor":31.0,"turns":7.0},{"damage":0.0,"enemies":"Champ","floor":33.0,"turns":9.0},{"damage":4.0,"enemies":"Orb Walker","floor":35.0,"turns":3.0},{"damage":12.0,"enemies":"3 Shapes","floor":36.0,"turns":6.0},{"damage":45.0,"enemies":"Spire Growth","floor":37.0,"turns":7.0},{"damage":25,"enemies":"3 Darklings","floor":39,"turns":7},{"damage":16,"enemies":"Reptomancer","floor":40,"turns":2}],"seed_played":"-4778907592802384385","potions_obtained":[{"floor":1.0,"key":"SpeedPotion"},{"floor":5.0,"key":"Fire Potion"},{"floor":12.0,"key":"Ancient Potion"},{"floor":16.0,"key":"PowerPotion"}],"is_trial":false,"path_per_floor":["M","M","M","?","M","E","R","M","T","$","R","M","?","E","R","B",null,"M","$","M","M","?","R","E","R","T","$","E","$","M","E","R","B",null,"M","M","M","$","M","E"],"character_chosen":"THE_SILENT","items_purchased":["Apotheosis","Footwork","PiercingWail","Leg Sweep","Kunai","Infinite Blades"],"campfire_rested":2,"item_purchase_floors":[10,10,19,19,27,29],"current_hp_per_floor":[70,70,70,53,52,34,34,29,29,44,44,43,36,26,47,47,70,70,70,61,56,56,56,55,55,55,70,64,70,62,32,53,55,70,66,56,13,28,5,0,0],"gold":150,"neow_bonus":"RANDOM_COMMON_RELIC","is_daily":false,"chose_seed":false,"campfire_upgraded":4,"win_rate":0.0,"timestamp":1610778009,"path_taken":["M","M","M","?","M","E","R","M","T","$","R","M","?","E","R","BOSS","M","$","M","M","?","R","E","R","T","$","E","?","M","E","R","BOSS","M","M","M","$","M","E"],"items_purchased_type":["Card","Card","Card","Card","Relic","Card"],"build_version":"2020-12-22","purchased_purges":2,"victory":false,"max_hp_per_floor":[70,70,70,70,70,70,70,70,70,70,70,70,70,70,70,70,70,70,70,70,70,70,70,70,70,70,70,70,70,70,70,70,70,70,70,70,70,70,70,70,70],"card_choices":[{"not_picked":["Noxious Fumes","Heel Hook"],"picked":"Dash","floor":1.0},{"not_picked":["Poisoned Stab","Cloak And Dagger"],"picked":"Backstab","floor":2.0},{"not_picked":["Slice","Underhanded Strike","Outmaneuver"],"picked":"SKIP","floor":3.0},{"not_picked":["Outmaneuver","Finisher"],"picked":"Cloak And Dagger","floor":5.0},{"not_picked":["Deflect","Prepared"],"picked":"Dodge and Roll","floor":6.0},{"not_picked":["Dodge and Roll","Dagger Throw"],"picked":"Accuracy","floor":8.0},{"not_picked":["Flechettes","Endless Agony"],"picked":"Backflip","floor":12.0},{"not_picked":["Deadly Poison","Accuracy"],"picked":"Glass Knife","floor":14.0},{"not_picked":["Tools of the Trade","Glass Knife"],"picked":"Die Die Die","floor":16.0},{"not_picked":["Deflect","Cloak And Dagger","Bane"],"picked":"SKIP","floor":18.0},{"not_picked":["Quick Slash","Dodge and Roll"],"picked":"Blade Dance","floor":20.0},{"not_picked":["Deadly Poison","Dagger Spray"],"picked":"PiercingWail","floor":21.0},{"not_picked":["Slice","Skewer","Deadly Poison"],"picked":"SKIP","floor":24.0},{"not_picked":["Dash+1","Acrobatics"],"picked":"Accuracy","floor":28.0},{"not_picked":["Dagger Spray","Distraction"],"picked":"A Thousand Cuts","floor":30.0},{"not_picked":["Envenom","Dagger Throw","Underhanded Strike"],"picked":"SKIP","floor":31.0},{"not_picked":["Grand Finale","Die Die Die"],"picked":"Night Terror","floor":33.0},{"not_picked":["Prepared","Acrobatics"],"picked":"Calculated Gamble+1","floor":35.0},{"not_picked":["Sucker Punch+1","Dodge and Roll","Prepared"],"picked":"SKIP","floor":36.0},{"not_picked":["Deflect+1","Backflip"],"picked":"Escape Plan+1","floor":37.0},{"not_picked":["All Out Attack+1","Deflect+1"],"picked":"Footwork+1","floor":39}],"player_experience":362772,"relics_obtained":[{"floor":6.0,"key":"StrikeDummy"},{"floor":9.0,"key":"MealTicket"},{"floor":14.0,"key":"Ancient Tea Set"},{"floor":24.0,"key":"Juzu Bracelet"},{"floor":28.0,"key":"Blood Vial"},{"floor":31.0,"key":"Gambling Chip"}],"event_choices":[{"damage_healed":0.0,"max_hp_gain":0.0,"max_hp_loss":0.0,"gold_gain":0.0,"event_name":"Golden Idol","player_choice":"Take Damage","floor":4.0,"gold_loss":0.0,"damage_taken":17.0,"relics_obtained":["Golden Idol"]},{"damage_healed":0.0,"max_hp_gain":0.0,"max_hp_loss":0.0,"gold_gain":75.0,"event_name":"FaceTrader","player_choice":"Touch","floor":13.0,"gold_loss":0.0,"damage_taken":7.0},{"damage_healed":0.0,"max_hp_gain":0.0,"max_hp_loss":0.0,"gold_gain":100.0,"event_name":"Golden Shrine","player_choice":"Pray","floor":22.0,"gold_loss":0.0,"damage_taken":0.0}],"is_beta":false,"boss_relics":[{"not_picked":["Velvet Choker","Runic Dome"],"picked":"Sozu"},{"not_picked":["Philosopher\u0027s Stone","Tiny House"],"picked":"Cursed Key"}],"items_purged_floors":[19,38],"is_endless":false,"potions_floor_spawned":[1,5,12,16,18,21,24,31,37],"killed_by":"Reptomancer","ascension_level":3}}