{"host":"3xls0xm49ftugio7","time":1610832181,"event":{"mods":["2.2 Compatiblity","AchievementEnabler","Act Like it!","BaseMod","Colored Powertips","GifTheSpireLib","Minty Spire (QoL Compilation)","Quick Restart","Relic Stats","StSLib"],"gold_per_floor":[111,111,111,127,140,140,171,171,171,171,171,171,14,84,84,84,84],"floor_reached":16,"language":"ENG","playtime":416,"items_purged":[],"score":192,"play_id":"623295ff-a641-48c7-a09c-2275cdf5d150","local_time":"20210116232301","is_ascension_mode":true,"campfire_choices":[{"data":"Dualcast","floor":6,"key":"SMITH"},{"floor":8,"key":"REST"},{"floor":10,"key":"REST"},{"data":"Coolheaded","floor":12,"key":"SMITH"},{"data":"Aggregate","floor":15,"key":"SMITH"}],"circlet_count":0,"master_deck":["AscendersBane","Strike_B+1","Strike_B","Strike_B","Strike_B","Defend_B+1","Defend_B+1","Defend_B","Defend_B","Zap+1","Dualcast+1","Echo Form","Auto Shields","Coolheaded+1","Rip and Tear","Meteor Strike","Aggregate+1","Glacier"],"relics":["Cracked Core","Du-Vu Doll","Gremlin Horn","War Paint","Golden Idol"],"acts_visited":["Exordium"],"potions_floor_usage":[7,16],"damage_taken":[{"damage":0,"enemies":"2 Louse","floor":1,"turns":3},{"damage":2,"enemies":"Jaw Worm","floor":4,"turns":3},{"damage":4,"enemies":"Cultist","floor":5,"turns":4},{"damage":25,"enemies":"3 Sentries","floor":7,"turns":6},{"damage":58,"enemies":"Slime Boss","floor":16,"turns":11}],"seed_played":"6123837866019400084","potions_obtained":[{"floor":1,"key":"FearPotion"},{"floor":5,"key":"SteroidPotion"}],"is_trial":false,"path_per_floor":["M","?","T","M","M","R","E","R","T","R","?","R","$","?","R","B"],"character_chosen":"DEFECT","items_purchased":["Aggregate","Glacier"],"campfire_rested":2,"item_purchase_floors":[13,13],"current_hp_per_floor":[64,45,45,43,39,39,14,33,33,52,52,52,52,52,52,0,0],"gold":84,"neow_bonus":"THREE_RARE_CARDS","is_daily":false,"chose_seed":false,"campfire_upgraded":3,"win_rate":0.0,"timestamp":1610832181,"path_taken":["M","?","?","M","?","R","E","R","T","R","?","R","$","?","R","BOSS"],"items_purchased_type":["Card","Card"],"build_version":"2020-12-22","purchased_purges":0,"victory":false,"max_hp_per_floor":[64,64,64,64,64,64,64,64,64,64,58,58,58,58,58,58,58],"relic_stats":{"Gremlin Horn":[0,0],"counters":[5,27],"Golden Idol":0,"War Paint":["Defend_B","Defend_B"],"obtain_stats":[{"Du-Vu Doll":3,"Gremlin Horn":7,"Golden Idol":11,"War Paint":9,"Cracked Core":0},{"Du-Vu Doll":1,"Gremlin Horn":4,"Golden Idol":4,"War Paint":4,"Cracked Core":0},{"Du-Vu Doll":3,"Gremlin Horn":16,"Golden Idol":16,"War Paint":16,"Cracked Core":0}]},"card_choices":[{"not_picked":["All For One","Reboot"],"picked":"Echo Form","floor":0},{"not_picked":["Leap","Melter"],"picked":"Auto Shields","floor":1},{"not_picked":["Gash","Beam Cell"],"picked":"Coolheaded","floor":4},{"not_picked":["Force Field","Capacitor"],"picked":"Rip and Tear","floor":5},{"not_picked":["Beam Cell","Turbo"],"picked":"Meteor Strike","floor":7}],"player_experience":694829,"relics_obtained":[{"floor":3,"key":"Du-Vu Doll"},{"floor":7,"key":"Gremlin Horn"},{"floor":9,"key":"War Paint"}],"event_choices":[{"damage_healed":0,"gold_gain":0,"player_choice":"Entered Light","damage_taken":19,"max_hp_gain":0,"max_hp_loss":0,"event_name":"Shining Light","floor":2,"gold_loss":0,"cards_upgraded":["Zap","Strike_B"]},{"damage_healed":0,"gold_gain":0,"player_choice":"Lose Max HP","damage_taken":0,"relics_obtained":["Golden Idol"],"max_hp_gain":0,"max_hp_loss":6,"event_name":"Golden Idol","floor":11,"gold_loss":0},{"damage_healed":0,"gold_gain":70,"player_choice":"Gained Gold","damage_taken":0,"max_hp_gain":0,"max_hp_loss":0,"event_name":"Golden Wing","floor":14,"gold_loss":0}],"is_beta":false,"boss_relics":[],"items_purged_floors":[],"is_endless":false,"potions_floor_spawned":[1,5],"killed_by":"Slime Boss","ascension_level":20}}