{"host":"4id8injl4bo2b6ih","time":1610839321,"event":{"mods":["Act Like it!","BaseMod","Better Third Choice","Colored Map","Downfall","Friendly Minions","Hermit","Highlight Path","Ironclad Rager","Minty Spire (QoL Compilation)","Relic Stats","Robot Space Explorer","Shop Mod","Spicy Shops","StSLib"],"gold_per_floor":[99,110,127,146,203,203,226,226,226,243,263,263,47,75,95,95,95],"floor_reached":16,"language":"ENG","playtime":892,"items_purged":[],"score":107,"play_id":"53814a61-c810-4eed-82cd-f8de6fbca1cf","local_time":"20210117002201","is_ascension_mode":true,"campfire_choices":[{"data":"bronze:Verify","floor":1.0,"key":"SMITH"},{"data":"bronze:OilSpill","floor":6.0,"key":"SMITH"},{"floor":9.0,"key":"REST"},{"data":"bronze:BronzeOrb","floor":12.0,"key":"SMITH"}],"circlet_count":0,"master_deck":["bronze:Strike","bronze:Strike","bronze:Strike","bronze:Strike","bronze:Defend","bronze:Defend","bronze:Defend","bronze:Defend","bronze:Replicate","bronze:Goto","bronze:Verify+1","bronze:OilSpill+1","bronze:WhirlingStrike","bronze:MaxOutput","bronze:Shield","bronze:BronzeOrb+1","bronze:Terminator","bronze:Shell","bronze:OilSpill","bronze:DarkDash"],"relics":["bronze:BronzeCore","Ice Cream","Oddly Smooth Stone","downfall:ShatteredFragment","Unceasing Top"],"acts_visited":["Exordium"],"potions_floor_usage":[16],"damage_taken":[{"damage":1.0,"enemies":"2 Louse","floor":2.0,"turns":3.0},{"damage":1.0,"enemies":"Jaw Worm","floor":3.0,"turns":3.0},{"damage":1.0,"enemies":"Cultist","floor":4.0,"turns":3.0},{"damage":13.0,"enemies":"Gremlin Nob","floor":5.0,"turns":4.0},{"damage":3.0,"enemies":"Red Slaver","floor":10.0,"turns":3.0},{"damage":0.0,"enemies":"Exordium Wildlife","floor":11.0,"turns":2.0},{"damage":0.0,"enemies":"downfall:FleeingMerchant","floor":13.0,"turns":4.0},{"damage":14.0,"enemies":"3 Sentries","floor":14.0,"turns":9.0},{"damage":0.0,"enemies":"2 Fungi Beasts","floor":15.0,"turns":3.0},{"damage":50,"enemies":"WA_ARCHETYPE_RETAIN","floor":16,"turns":6}],"seed_played":"8743358448206618697","potions_obtained":[{"floor":3.0,"key":"Ancient Potion"},{"floor":11.0,"key":"SmokeBomb"},{"floor":15.0,"key":"bronze:FreeFunctionsPotion"}],"is_trial":false,"path_per_floor":["R","M","M","M","?","R","T","?","R","M","M","R","$","E","M","B"],"character_chosen":"THE_AUTOMATON","items_purchased":["bronze:Shell"],"campfire_rested":1,"item_purchase_floors":[13],"current_hp_per_floor":[70,69,68,67,54,54,54,33,54,51,51,51,51,37,37,0,0],"gold":95,"neow_bonus":"ONE_RANDOM_RARE_CARD","is_daily":false,"chose_seed":false,"campfire_upgraded":3,"win_rate":0.0,"timestamp":1610839321,"path_taken":["R","M","M","M","?","R","T","?","R","M","M","R","?","E","M","BOSS"],"items_purchased_type":["Card"],"build_version":"2020-12-22","purchased_purges":0,"victory":false,"max_hp_per_floor":[70,70,70,70,70,70,70,70,70,70,70,70,70,70,70,70,70],"relic_stats":{"counters":[10,40],"obtain_stats":[{"Ice Cream":5,"bronze:BronzeCore":0,"downfall:ShatteredFragment":8,"Oddly Smooth Stone":7,"Unceasing Top":14},{"Ice Cream":3,"bronze:BronzeCore":0,"downfall:ShatteredFragment":4,"Oddly Smooth Stone":4,"Unceasing Top":8},{"Ice Cream":9,"bronze:BronzeCore":0,"downfall:ShatteredFragment":13,"Oddly Smooth Stone":13,"Unceasing Top":31}],"Unceasing Top":[0]},"card_choices":[{"not_picked":["bronze:Iterate","bronze:Philosophize"],"picked":"bronze:OilSpill","floor":2.0},{"not_picked":["bronze:BitShift","bronze:Iterate"],"picked":"bronze:WhirlingStrike","floor":3.0},{"not_picked":["bronze:Iterate","bronze:BugBarrage"],"picked":"bronze:MaxOutput","floor":4.0},{"not_picked":["bronze:Invalidate","bronze:CutThrough"],"picked":"bronze:Shield","floor":5.0},{"not_picked":["bronze:OilSpill","bronze:Branch"],"picked":"bronze:BronzeOrb","floor":10.0},{"not_picked":["bronze:FollowUp","bronze:Invalidate","bronze:ChosenStrike"],"picked":"SKIP","floor":11.0},{"not_picked":["bronze:BugBarrage","bronze:MaxOutput"],"picked":"bronze:Terminator","floor":13.0},{"not_picked":["bronze:DelayedGuard","bronze:FineTuning"],"picked":"bronze:OilSpill","floor":14.0},{"not_picked":["bronze:WhirlingStrike","bronze:Overload"],"picked":"bronze:DarkDash","floor":15.0}],"player_experience":450987,"relics_obtained":[{"floor":7.0,"key":"Oddly Smooth Stone"},{"floor":14.0,"key":"Unceasing Top"}],"event_choices":[],"is_beta":false,"boss_relics":[],"items_purged_floors":[],"is_endless":false,"potions_floor_spawned":[3,11,15],"killed_by":"WA_ARCHETYPE_RETAIN","ascension_level":1}}