{"host":"dftyqn972q7tuon4","time":1610767329,"event":{"mods":["AchievementEnabler","BaseMod","Better Altar","Better Match","Better Note","Better Sensory Stone","Better Skull","Better Third Choice","Colored Powertips","Highlight Path","Minty Spire (QoL Compilation)","Permanent Neow","Quick Restart","StSLib"],"gold_per_floor":[364,325,325,336,352,352,683,683,683,683,717,717,345,359,359,455,455,471,471,483,593,48,74,74,84,84,94,111,111,111,64,64,164,164,183,199,253,223,60,60,60,91,91,91,105,105,140,158,158,158],"floor_reached":51,"language":"ENG","playtime":2467,"items_purged":["Decay","Strike_B","Strike_B"],"score":1172,"play_id":"59be9987-5ce5-49ca-8bd3-d28f4f576272","local_time":"20210116042209","is_ascension_mode":true,"campfire_choices":[{"data":"Zap","floor":6.0,"key":"SMITH"},{"floor":8.0,"key":"REST"},{"floor":10.0,"key":"REST"},{"data":"Coolheaded","floor":12.0,"key":"SMITH"},{"data":"Coolheaded","floor":15.0,"key":"SMITH"},{"floor":24.0,"key":"REST"},{"floor":30,"key":"REST"},{"floor":32,"key":"REST"},{"floor":40,"key":"REST"},{"floor":44,"key":"REST"},{"floor":49,"key":"REST"}],"circlet_count":0,"master_deck":["AscendersBane","Strike_B","Strike_B","Defend_B","Defend_B","Defend_B","Defend_B","Zap+1","Dualcast","Consume","Defragment","Coolheaded+1","Electrodynamics","Coolheaded+1","Static Discharge","Rainbow","Redo","Storm","Thunder Strike","Darkness+1","Conserve Battery+1","Hologram+1","Sunder","Go for the Eyes","Creative AI","Self Repair","Reprogram+1","Darkness","Amplify","Parasite","BootSequence+1","Double Energy"],"relics":["Cracked Core","betterThird:SlimedRelic","Tiny Chest","Old Coin","Letter Opener","DataDisk","Runic Capacitor","Toy Ornithopter","Velvet Choker","WingedGreaves","Ancient Tea Set","CaptainsWheel","Calipers","Unceasing Top","Bottled Lightning","SacredBark","Torii","StoneCalendar","Bronze Scales","HornCleat","Dead Branch"],"acts_visited":["Exordium","TheCity","TheBeyond"],"potions_floor_usage":[36,37,37,42,42,47,50],"damage_taken":[{"damage":6.0,"enemies":"2 Louse","floor":1.0,"turns":4.0},{"damage":4.0,"enemies":"Jaw Worm","floor":4.0,"turns":6.0},{"damage":8.0,"enemies":"Cultist","floor":5.0,"turns":4.0},{"damage":26.0,"enemies":"Lagavulin","floor":7.0,"turns":8.0},{"damage":10.0,"enemies":"3 Sentries","floor":11.0,"turns":3.0},{"damage":0.0,"enemies":"Looter","floor":14.0,"turns":3.0},{"damage":0.0,"enemies":"The Guardian","floor":16.0,"turns":9.0},{"damage":4.0,"enemies":"Shell Parasite","floor":18.0,"turns":4.0},{"damage":1.0,"enemies":"Spheric Guardian","floor":20.0,"turns":4.0},{"damage":34.0,"enemies":"Slavers","floor":23.0,"turns":3.0},{"damage":9.0,"enemies":"Shelled Parasite and Fungi","floor":25.0,"turns":5.0},{"damage":0.0,"enemies":"Sentry and Sphere","floor":27.0,"turns":4.0},{"damage":16,"enemies":"Centurion and Healer","floor":28,"turns":4},{"damage":37,"enemies":"Champ","floor":33,"turns":9},{"damage":1,"enemies":"3 Shapes","floor":35,"turns":4},{"damage":26,"enemies":"3 Darklings","floor":36,"turns":4},{"damage":76,"enemies":"2 Orb Walkers","floor":37,"turns":5},{"damage":25,"enemies":"Giant Head","floor":42,"turns":8},{"damage":7,"enemies":"Writhing Mass","floor":45,"turns":6},{"damage":29,"enemies":"Reptomancer","floor":47,"turns":5},{"damage":13,"enemies":"Spire Growth","floor":48,"turns":6},{"damage":50,"enemies":"Time Eater","floor":50,"turns":7}],"seed_played":"7209705758587801033","potions_obtained":[{"floor":4.0,"key":"FocusPotion"},{"floor":7.0,"key":"SneckoOil"},{"floor":16.0,"key":"EssenceOfSteel"},{"floor":20.0,"key":"Strength Potion"},{"floor":23.0,"key":"Fire Potion"},{"floor":25.0,"key":"Explosive Potion"},{"floor":28,"key":"LiquidBronze"},{"floor":35,"key":"Regen Potion"},{"floor":37,"key":"Fire Potion"},{"floor":38,"key":"AttackPotion"},{"floor":38,"key":"Swift Potion"},{"floor":45,"key":"PotionOfCapacity"}],"is_trial":false,"path_per_floor":["M","?","T","M","M","R","E","R","T","R","E","R","$","M","R","B",null,"M","T","M","?","$","E","R","M","T","M","M","T","R","$","R","B",null,"M","M","?","?","$","R","T","E","T","R","M","?","E","M","R","B",null],"character_chosen":"DEFECT","items_purchased":["Runic Capacitor","Toy Ornithopter","Thunder Strike","CaptainsWheel","Go for the Eyes","Darkness"],"campfire_rested":8,"item_purchase_floors":[13,13,22,22,31,39],"current_hp_per_floor":[62,51,51,47,39,39,13,35,35,57,47,47,47,47,47,52,69,65,65,64,40,40,11,33,24,24,29,13,13,35,35,57,20,61,60,46,21,21,21,43,43,35,35,57,57,57,47,41,63,18],"gold":158,"neow_bonus":"TWO_FIFTY_GOLD","is_daily":false,"chose_seed":false,"campfire_upgraded":3,"win_rate":0.0,"timestamp":1610767329,"path_taken":["M","?","?","M","M","R","E","R","T","R","E","R","$","M","R","BOSS","M","?","M","?","$","E","R","M","T","?","M","?","R","?","R","BOSS","M","M","?","?","$","R","?","E","T","R","?","?","E","M","R","BOSS"],"items_purchased_type":["Relic","Relic","Card","Relic","Card","Card"],"build_version":"2020-12-22","purchased_purges":3,"victory":true,"max_hp_per_floor":[75,75,75,75,75,75,75,75,75,75,75,75,75,75,75,75,75,75,75,75,75,75,75,75,75,75,75,75,75,75,75,75,75,75,75,75,75,75,75,75,75,75,75,75,75,75,75,75,75,75],"card_choices":[{"not_picked":["Leap","Turbo"],"picked":"Consume","floor":1.0},{"not_picked":["Compile Driver","Genetic Algorithm"],"picked":"Defragment","floor":4.0},{"not_picked":["Reprogram","Leap"],"picked":"Coolheaded","floor":5.0},{"not_picked":["Genetic Algorithm","Static Discharge"],"picked":"Electrodynamics","floor":7.0},{"not_picked":["Cold Snap","Barrage"],"picked":"Coolheaded","floor":11.0},{"not_picked":["Gash","Sweeping Beam"],"picked":"Static Discharge","floor":14.0},{"not_picked":["All For One","Meteor Strike"],"picked":"Rainbow","floor":16.0},{"not_picked":["Sweeping Beam","Go for the Eyes"],"picked":"Redo","floor":18.0},{"not_picked":["Stack+1","Redo"],"picked":"Storm","floor":20.0},{"not_picked":["Gash+1","Stack"],"picked":"Darkness+1","floor":23.0},{"not_picked":["Doom and Gloom","Leap"],"picked":"Conserve Battery+1","floor":25.0},{"not_picked":["Go for the Eyes","Rip and Tear"],"picked":"Hologram+1","floor":27.0},{"not_picked":["Go for the Eyes","Compile Driver"],"picked":"Sunder","floor":28},{"not_picked":["Amplify","Hyperbeam"],"picked":"Creative AI","floor":33},{"not_picked":["Glacier+1","BootSequence+1"],"picked":"Self Repair","floor":35},{"not_picked":["Rip and Tear+1","Skim"],"picked":"Reprogram+1","floor":36},{"not_picked":["Gash","Barrage+1"],"picked":"Chill","floor":37},{"not_picked":["Barrage","Gash"],"picked":"Amplify","floor":42},{"not_picked":["Steam+1","Chill"],"picked":"BootSequence+1","floor":45},{"not_picked":["Beam Cell+1","Rebound","Sweeping Beam+1"],"picked":"SKIP","floor":47},{"not_picked":["Doom and Gloom","Beam Cell+1"],"picked":"Double Energy","floor":48}],"player_experience":663629,"relics_obtained":[{"floor":3.0,"key":"Tiny Chest"},{"floor":7.0,"key":"Old Coin"},{"floor":9.0,"key":"Letter Opener"},{"floor":11.0,"key":"DataDisk"},{"floor":19.0,"key":"WingedGreaves"},{"floor":23.0,"key":"Calipers"},{"floor":26.0,"key":"Unceasing Top"},{"floor":29,"key":"Bottled Lightning"},{"floor":37,"key":"Torii"},{"floor":41,"key":"StoneCalendar"},{"floor":42,"key":"Bronze Scales"},{"floor":43,"key":"HornCleat"},{"floor":47,"key":"Dead Branch"}],"event_choices":[{"damage_healed":0.0,"max_hp_gain":0.0,"max_hp_loss":0.0,"gold_gain":0.0,"event_name":"betterThird:BetterGoop","player_choice":"Slimed","floor":2.0,"gold_loss":39.0,"damage_taken":11.0},{"damage_healed":0.0,"max_hp_gain":0.0,"max_hp_loss":0.0,"gold_gain":110.0,"event_name":"betterSkull:BetterSkull","player_choice":"RE GO ","floor":21.0,"gold_loss":0.0,"damage_taken":27.0,"cards_upgraded":[],"relics_obtained":["Ancient Tea Set"]},{"damage_healed":0,"gold_gain":0,"player_choice":"Fight","damage_taken":0,"max_hp_gain":0,"max_hp_loss":0,"event_name":"Mysterious Sphere","floor":37,"gold_loss":0},{"damage_healed":0,"gold_gain":0,"player_choice":"Bought 2 Potions","damage_taken":0,"max_hp_gain":0,"max_hp_loss":0,"event_name":"The Woman in Blue","floor":38,"gold_loss":0},{"cards_removed":["Chill"],"damage_healed":0,"gold_gain":0,"player_choice":"Removed Skill","damage_taken":0,"max_hp_gain":0,"max_hp_loss":0,"event_name":"Falling","floor":46,"gold_loss":0}],"is_beta":false,"boss_relics":[{"not_picked":["Ectoplasm","Snecko Eye"],"picked":"Velvet Choker"},{"not_picked":["Fusion Hammer","Cursed Key"],"picked":"SacredBark"}],"items_purged_floors":[13,22,39],"is_endless":false,"potions_floor_spawned":[4,7,16,20,23,25,28,35,37,45],"ascension_level":10}}