{"host":"o7j6aatxjwpw1421","time":1610793381,"event":{"mods":["2.2 Compatiblity","AchievementEnabler","BaseMod","Colored Map","DeckTracker","Highlight Path","Keyboard Shortcuts","Minty Spire (QoL Compilation)","Permanent Neow","Quick Restart","StSLib","SuperFastMode","everything is the same but u backflip on backflip"],"gold_per_floor":[109,109,130,55,76,76,95,170,242,231,131,156,156,176,176,305,305,319,319,44,63,82,82,107,128,128,143,143,242,8,23,23,154,154,168,168,128,461,514,542,557,557,557,574,574,574,130,141,141,141],"floor_reached":51,"language":"KOR","playtime":5390,"items_purged":["Strike_P","Defend_P","Strike_P","Strike_P"],"score":721,"play_id":"9eef7179-656d-4a54-b436-10e0548592e4","local_time":"20210116193621","is_ascension_mode":false,"campfire_choices":[{"data":"Eruption","floor":6.0,"key":"SMITH"},{"data":"Vigilance","floor":15.0,"key":"SMITH"},{"data":"Vault","floor":23.0,"key":"SMITH"},{"data":"Ragnarok","floor":28.0,"key":"SMITH"},{"data":"BattleHymn","floor":32.0,"key":"SMITH"},{"data":"Study","floor":42.0,"key":"SMITH"},{"data":"Scrawl","floor":45.0,"key":"SMITH"},{"floor":49.0,"key":"DIG"}],"circlet_count":0,"master_deck":["Eruption+1","Vigilance+1","Prostrate","FearNoEvil","Scrawl+1","Vault+1","Ragnarok+1","BattleHymn+1","Scrawl","Vengeance+1","Meditate+1","Vault+1","Study+1","Indignation","FlurryOfBlows+1","WreathOfFlame"],"relics":["PureWater","Happy Flower","InkBottle","VioletLotus","Thread and Needle","Astrolabe","Shovel","Dream Catcher","Mummified Hand","White Beast Statue","Lantern","HandDrill","Blue Candle"],"acts_visited":["Exordium","TheCity","TheBeyond"],"potions_floor_usage":[50,50,50],"damage_taken":[{"damage":0.0,"enemies":"Cultist","floor":1.0,"turns":3.0},{"damage":2.0,"enemies":"2 Louse","floor":3.0,"turns":4.0},{"damage":3.0,"enemies":"Jaw Worm","floor":5.0,"turns":4.0},{"damage":2.0,"enemies":"3 Louse","floor":7.0,"turns":5.0},{"damage":15.0,"enemies":"Exordium Thugs","floor":10.0,"turns":4.0},{"damage":1.0,"enemies":"Looter","floor":12.0,"turns":3.0},{"damage":0.0,"enemies":"Exordium Wildlife","floor":14.0,"turns":4.0},{"damage":9.0,"enemies":"Hexaghost","floor":16.0,"turns":8.0},{"damage":0.0,"enemies":"Spheric Guardian","floor":18.0,"turns":1.0},{"damage":0.0,"enemies":"Chosen","floor":21.0,"turns":2.0},{"damage":21.0,"enemies":"Snake Plant","floor":22.0,"turns":6.0},{"damage":3.0,"enemies":"3 Cultists","floor":24.0,"turns":5.0},{"damage":0.0,"enemies":"Centurion and Healer","floor":25.0,"turns":4.0},{"damage":0.0,"enemies":"Snecko","floor":27.0,"turns":4.0},{"damage":9.0,"enemies":"Shelled Parasite and Fungi","floor":31.0,"turns":3.0},{"damage":0.0,"enemies":"Collector","floor":33.0,"turns":4.0},{"damage":0.0,"enemies":"Orb Walker","floor":35.0,"turns":2.0},{"damage":31.0,"enemies":"2 Orb Walkers","floor":39.0,"turns":4.0},{"damage":0.0,"enemies":"Reptomancer","floor":40.0,"turns":4.0},{"damage":0.0,"enemies":"3 Shapes","floor":41.0,"turns":2.0},{"damage":0.0,"enemies":"Spire Growth","floor":44.0,"turns":3.0},{"damage":0.0,"enemies":"Sphere and 2 Shapes","floor":48.0,"turns":2.0},{"damage":6,"enemies":"Donu and Deca","floor":50,"turns":5}],"seed_played":"529205626453351267","potions_obtained":[{"floor":3.0,"key":"Energy Potion"},{"floor":7.0,"key":"Strength Potion"},{"floor":14.0,"key":"Strength Potion"},{"floor":18.0,"key":"Swift Potion"},{"floor":21.0,"key":"StancePotion"},{"floor":25.0,"key":"SteroidPotion"},{"floor":33.0,"key":"LiquidBronze"},{"floor":39.0,"key":"Weak Potion"},{"floor":41.0,"key":"DistilledChaos"},{"floor":44.0,"key":"AttackPotion"},{"floor":48.0,"key":"PowerPotion"}],"is_trial":false,"path_per_floor":["M","?","M","$","M","R","M","?","T","M","$","M","?","M","R","B",null,"M","?","$","M","M","R","M","M","T","M","R","?","$","M","R","B",null,"M","?","$","?","?","E","M","R","T","M","R","T","$","M","R","B",null],"character_chosen":"WATCHER","items_purchased":["Vault","BattleHymn","PowerPotion","Study","WreathOfFlame","Lantern","HandDrill","Regen Potion"],"campfire_rested":0,"item_purchase_floors":[20,30,30,37,47,47,47,47],"current_hp_per_floor":[72,54,52,52,49,49,47,36,36,21,21,20,20,20,20,11,72,72,72,72,72,51,51,48,48,48,48,48,48,48,39,39,39,72,72,72,72,72,41,41,41,41,41,41,41,41,41,41,41,49],"gold":141,"neow_bonus":"RANDOM_COMMON_RELIC","is_daily":false,"chose_seed":false,"campfire_upgraded":7,"win_rate":0.0,"timestamp":1610793381,"path_taken":["M","?","M","$","M","R","M","?","T","M","$","M","?","M","R","BOSS","M","?","$","M","M","R","?","M","T","M","R","?","?","M","R","BOSS","M","?","$","?","?","E","M","R","T","M","R","?","$","?","R","BOSS"],"items_purchased_type":["Card","Card","Potion","Card","Card","Relic","Relic","Potion"],"build_version":"2020-12-22","purchased_purges":4,"victory":true,"max_hp_per_floor":[72,72,72,72,72,72,72,72,72,72,72,72,72,72,72,72,72,72,72,72,72,72,72,72,72,72,72,72,72,72,72,72,72,72,72,72,72,72,72,72,72,72,72,72,72,72,72,72,72,72],"card_choices":[{"not_picked":["ClearTheMind","BowlingBash","Consecrate"],"picked":"SKIP","floor":1.0},{"not_picked":["BowlingBash","SashWhip","TalkToTheHand"],"picked":"SKIP","floor":3.0},{"not_picked":["Fasting2","SignatureMove","SashWhip"],"picked":"SKIP","floor":5.0},{"not_picked":["WindmillStrike","BattleHymn"],"picked":"FlurryOfBlows","floor":7.0},{"not_picked":["ClearTheMind","FlurryOfBlows"],"picked":"Prostrate","floor":10.0},{"not_picked":["Conclude","Consecrate"],"picked":"FearNoEvil","floor":12.0},{"not_picked":["ThirdEye","Evaluate","FlurryOfBlows"],"picked":"SKIP","floor":14.0},{"not_picked":["Brilliance","MasterReality"],"picked":"Scrawl","floor":16.0},{"not_picked":["FlurryOfBlows+1","ThirdEye","Crescendo"],"picked":"SKIP","floor":18.0},{"not_picked":["FollowUp","EmptyFist+1","Conclude+1"],"picked":"SKIP","floor":21.0},{"not_picked":["Crescendo+1","EmptyBody","EmptyFist"],"picked":"SKIP","floor":22.0},{"not_picked":["Conclude","PathToVictory"],"picked":"Ragnarok","floor":24.0},{"not_picked":["ThirdEye","EmptyFist+1","FlyingSleeves"],"picked":"SKIP","floor":25.0},{"not_picked":["Prostrate","Protect","InnerPeace"],"picked":"SKIP","floor":27.0},{"not_picked":["Nirvana","CrushJoints","FlyingSleeves+1"],"picked":"SKIP","floor":31.0},{"not_picked":["Omniscience","DevaForm"],"picked":"Scrawl","floor":33.0},{"not_picked":["EmptyBody+1","Fasting2+1","FearNoEvil+1"],"picked":"SKIP","floor":35.0},{"not_picked":["ClearTheMind","FlyingSleeves"],"picked":"Indignation","floor":39.0},{"not_picked":["Meditate","EmptyFist+1"],"picked":"FlurryOfBlows+1","floor":40.0},{"not_picked":["Crescendo+1","FlurryOfBlows+1","Fasting2+1"],"picked":"SKIP","floor":41.0},{"not_picked":["Crescendo","BattleHymn+1","EmptyBody"],"picked":"SKIP","floor":44.0},{"not_picked":["JustLucky","Prostrate+1","InnerPeace"],"picked":"SKIP","floor":48.0}],"player_experience":515123,"relics_obtained":[{"floor":9.0,"key":"InkBottle"},{"floor":26.0,"key":"Thread and Needle"},{"floor":39.0,"key":"Shovel"},{"floor":40.0,"key":"Dream Catcher"},{"floor":43.0,"key":"Mummified Hand"},{"floor":46.0,"key":"White Beast Statue"},{"floor":49.0,"key":"Blue Candle"}],"event_choices":[{"damage_healed":0.0,"max_hp_gain":0.0,"max_hp_loss":0.0,"gold_gain":0.0,"event_name":"Golden Idol","player_choice":"Take Damage","floor":2.0,"gold_loss":0.0,"damage_taken":18.0,"relics_obtained":["Golden Idol"]},{"damage_healed":0.0,"max_hp_gain":0.0,"max_hp_loss":0.0,"gold_gain":75.0,"event_name":"World of Goop","player_choice":"Gather Gold","floor":8.0,"gold_loss":0.0,"damage_taken":11.0},{"damage_healed":0.0,"max_hp_gain":0.0,"max_hp_loss":0.0,"gold_gain":0.0,"event_name":"Scrap Ooze","player_choice":"Fled","floor":13.0,"gold_loss":0.0,"damage_taken":0.0},{"cards_removed":["Defend_P"],"damage_healed":0.0,"max_hp_gain":0.0,"max_hp_loss":0.0,"gold_gain":0.0,"event_name":"Wheel of Change","player_choice":"Card Removal","floor":19.0,"gold_loss":0.0,"damage_taken":0.0},{"damage_healed":0.0,"max_hp_gain":0.0,"max_hp_loss":0.0,"gold_gain":99.0,"event_name":"Nest","player_choice":"Stole From Cult","floor":29.0,"gold_loss":0.0,"damage_taken":0.0},{"cards_removed":["FlurryOfBlows"],"damage_healed":0.0,"max_hp_gain":0.0,"max_hp_loss":0.0,"gold_gain":0.0,"event_name":"Falling","player_choice":"Removed Attack","floor":36.0,"gold_loss":0.0,"damage_taken":0.0},{"damage_healed":0.0,"max_hp_gain":0.0,"max_hp_loss":0.0,"gold_gain":333.0,"event_name":"The Moai Head","player_choice":"Gave Idol","floor":38.0,"relics_lost":["Golden Idol"],"gold_loss":0.0,"damage_taken":0.0},{"damage_healed":0.0,"max_hp_gain":0.0,"max_hp_loss":0.0,"gold_gain":0.0,"event_name":"Mysterious Sphere","player_choice":"Fight","floor":39.0,"gold_loss":0.0,"damage_taken":0.0}],"is_beta":false,"boss_relics":[{"not_picked":["Cursed Key","Busted Crown"],"picked":"VioletLotus"},{"not_picked":["Philosopher\u0027s Stone","Snecko Eye"],"picked":"Astrolabe"}],"items_purged_floors":[4,11,20,30],"is_endless":false,"potions_floor_spawned":[3,7,14,18,21,25,33,39,41,44,48],"ascension_level":0}}