{"host":"6p0attdrtjqaih7v","time":1610756802,"event":{"mods":["2.2 Compatiblity","AchievementEnabler","Bard","BaseMod","Better Skull","Better Third Choice","Colored Powertips","Hermit","Highlight Path","Jorbs\u0027s Wanderer Trilogy","Key Reminder","Minty Spire (QoL Compilation)","Permanent Neow","Quick Restart","Random Character Button","Relic Stats","Replay The Spire","Robot Space Explorer","StSLib"],"gold_per_floor":[118,118,134,134,144,144,154,184,231,259,209,228,228,253,253,350,350,364,217,231,243,262,262,292,292,343,343,358,370,370,399,399,500,500,514,532,532,544,557,557,582,582,630,630,480,513,162,175,175,175],"floor_reached":51,"language":"ENG","playtime":2602,"items_purged":["RobotSpaceExplorer:ScrapMissile","RobotSpaceExplorer:Defend","RobotSpaceExplorer:Defend"],"score":1047,"play_id":"b92251f4-962d-407b-a9c5-f5d18ecd9a13","local_time":"20210115192642","is_ascension_mode":true,"campfire_choices":[{"data":"RobotSpaceExplorer:StunGrenade","floor":6,"key":"SMITH"},{"data":"RobotSpaceExplorer:MiniBoosters","floor":13,"key":"SMITH"},{"data":"RobotSpaceExplorer:ShovelStrike","floor":15,"key":"SMITH"},{"data":"RobotSpaceExplorer:ExhaustFan","floor":23,"key":"SMITH"},{"data":"RobotSpaceExplorer:Blaster","floor":25,"key":"SMITH"},{"data":"RobotSpaceExplorer:ShovelStrike","floor":30,"key":"SMITH"},{"data":"RobotSpaceExplorer:MiniLasers","floor":32,"key":"SMITH"},{"floor":40,"key":"REST"},{"floor":42,"key":"REST"},{"floor":49,"key":"REST"}],"circlet_count":0,"master_deck":["RobotSpaceExplorer:Strike","RobotSpaceExplorer:Strike","RobotSpaceExplorer:Strike","RobotSpaceExplorer:Scan+1","RobotSpaceExplorer:MiniLasers+1","RobotSpaceExplorer:Arsenal+1","RobotSpaceExplorer:StunGrenade+1","RobotSpaceExplorer:MiniDrones","RobotSpaceExplorer:ScrapToss+1","RobotSpaceExplorer:SelfCleaning","RobotSpaceExplorer:MiniDrones","RobotSpaceExplorer:MiniBoosters+1","RobotSpaceExplorer:ShovelStrike+1","RobotSpaceExplorer:Blaster+1","RobotSpaceExplorer:ExhaustFan+1","RobotSpaceExplorer:ShovelStrike+1","RobotSpaceExplorer:StunGrenade+1","RobotSpaceExplorer:RigExplosive","RobotSpaceExplorer:SwiftStep+1","RobotSpaceExplorer:SwiftStep+1","RobotSpaceExplorer:Blaster+1","RobotSpaceExplorer:MiniDrones","RobotSpaceExplorer:Probe+1","RobotSpaceExplorer:StunGrenade+1","RobotSpaceExplorer:ExhaustFan","RobotSpaceExplorer:Probe+1"],"relics":["RobotSpaceExplorer:RoboCore","Potion Belt","Letter Opener","Art of War","RobotSpaceExplorer:FoglandsKnife","Pantograph","ChewingGum","Blue Candle","Lantern","Question Card","Fusion Hammer","Blue Doll","Orichalcum","HornCleat","Guide Book"],"acts_visited":["Exordium","TheCity","TheBeyond"],"potions_floor_usage":[8,10,14,21,22,24,33,35,35,35,38,39,39,48,50,50,50,50,50,50],"damage_taken":[{"damage":1,"enemies":"Cultist","floor":1,"turns":4},{"damage":0,"enemies":"2 Louse","floor":3,"turns":2},{"damage":0,"enemies":"Jaw Worm","floor":5,"turns":3},{"damage":5,"enemies":"Red Slaver","floor":7,"turns":6},{"damage":0,"enemies":"3 Sentries","floor":8,"turns":3},{"damage":2,"enemies":"Gremlin Nob","floor":10,"turns":3},{"damage":0,"enemies":"Looter","floor":12,"turns":2},{"damage":1,"enemies":"Lagavulin","floor":14,"turns":5},{"damage":30,"enemies":"Slime Boss","floor":16,"turns":9},{"damage":0,"enemies":"3 Byrds","floor":18,"turns":3},{"damage":0,"enemies":"Spheric Guardian","floor":20,"turns":3},{"damage":0,"enemies":"Chosen and Byrds","floor":21,"turns":4},{"damage":1,"enemies":"Snecko","floor":22,"turns":6},{"damage":15,"enemies":"Replay:Snechameleon","floor":24,"turns":7},{"damage":0,"enemies":"Centurion and Healer","floor":28,"turns":4},{"damage":0,"enemies":"3 Cultists","floor":29,"turns":4},{"damage":1,"enemies":"Book of Stabbing","floor":31,"turns":5},{"damage":7,"enemies":"Champ","floor":33,"turns":12},{"damage":7,"enemies":"3 Shapes","floor":35,"turns":5},{"damage":12,"enemies":"Orb Walker","floor":36,"turns":3},{"damage":5,"enemies":"Transient","floor":38,"turns":5},{"damage":2,"enemies":"Sphere and 2 Shapes","floor":39,"turns":3},{"damage":8,"enemies":"Giant Head","floor":41,"turns":7},{"damage":0,"enemies":"Reptomancer","floor":46,"turns":5},{"damage":0,"enemies":"3 Darklings","floor":48,"turns":4},{"damage":23,"enemies":"Time Eater","floor":50,"turns":10}],"seed_played":"8821165072183909211","potions_obtained":[{"floor":5,"key":"DuplicationPotion"},{"floor":7,"key":"EssenceOfSteel"},{"floor":12,"key":"Regen Potion"},{"floor":16,"key":"SpeedPotion"},{"floor":20,"key":"AttackPotion"},{"floor":21,"key":"Block Potion"},{"floor":29,"key":"Block Potion"},{"floor":33,"key":"FearPotion"},{"floor":38,"key":"FearPotion"},{"floor":41,"key":"Reflective Coating"},{"floor":46,"key":"DistilledChaos"},{"floor":48,"key":"Swift Potion"}],"is_trial":false,"path_per_floor":["M","?","M","?","M","R","M","E","T","E","?","M","R","E","R","B",null,"M","$","M","M","M","R","E","R","T","?","M","M","R","E","R","B",null,"M","M","?","M","M","R","E","R","T","?","$","E","$","M","R","B",null],"character_chosen":"RobotSpaceExplorer","items_purchased":["RobotSpaceExplorer:ExhaustFan","RobotSpaceExplorer:RecyclePotion","RobotSpaceExplorer:ExhaustFan","Guide Book"],"campfire_rested":3,"item_purchase_floors":[19,45,47,47],"current_hp_per_floor":[67,67,67,49,49,49,44,44,44,42,42,42,42,55,55,45,68,68,68,68,68,67,67,52,52,52,52,52,52,52,51,51,68,73,66,54,54,49,47,69,61,75,75,75,75,75,75,75,75,52],"gold":175,"neow_bonus":"ONE_RANDOM_RARE_CARD","is_daily":false,"chose_seed":false,"campfire_upgraded":7,"win_rate":0.0,"timestamp":1610756802,"path_taken":["M","?","M","?","M","R","?","E","T","E","?","M","R","E","R","BOSS","M","$","M","M","M","R","E","R","T","?","?","M","R","E","R","BOSS","M","M","?","?","M","R","E","R","T","?","$","E","$","M","R","BOSS"],"items_purchased_type":["Card","Potion","Card","Relic"],"build_version":"2020-12-22","purchased_purges":3,"victory":true,"max_hp_per_floor":[75,75,75,75,75,75,75,75,75,75,75,75,75,75,75,75,75,75,75,75,75,75,75,75,75,75,75,75,75,75,75,75,75,75,75,75,75,75,75,75,75,75,75,75,75,75,75,75,75,75],"relic_stats":{"counters":[26,127],"Pantograph":44,"Blue Candle":[0],"Art of War":[3],"Letter Opener":[59],"Orichalcum":[0],"Question Card":8,"obtain_stats":[{"Potion Belt":4,"Lantern":26,"Blue Candle":24,"Guide Book":47,"RobotSpaceExplorer:RoboCore":0,"Blue Doll":41,"Letter Opener":8,"Orichalcum":43,"Question Card":31,"RobotSpaceExplorer:FoglandsKnife":10,"HornCleat":46,"Pantograph":14,"ChewingGum":17,"Fusion Hammer":34,"Art of War":9},{"Potion Belt":2,"Lantern":14,"Blue Candle":14,"Guide Book":24,"RobotSpaceExplorer:RoboCore":0,"Blue Doll":23,"Letter Opener":5,"Orichalcum":23,"Question Card":17,"RobotSpaceExplorer:FoglandsKnife":6,"HornCleat":24,"Pantograph":8,"ChewingGum":9,"Fusion Hammer":18,"Art of War":5},{"Potion Belt":6,"Lantern":60,"Blue Candle":60,"Guide Book":113,"RobotSpaceExplorer:RoboCore":0,"Blue Doll":108,"Letter Opener":18,"Orichalcum":108,"Question Card":73,"RobotSpaceExplorer:FoglandsKnife":21,"HornCleat":113,"Pantograph":28,"ChewingGum":37,"Fusion Hammer":85,"Art of War":18}]},"card_choices":[{"not_picked":["RobotSpaceExplorer:MetalStrike","RobotSpaceExplorer:GearShield"],"picked":"RobotSpaceExplorer:StunGrenade","floor":1},{"not_picked":["RobotSpaceExplorer:SurgingStrike","RobotSpaceExplorer:Ammunition"],"picked":"RobotSpaceExplorer:MiniDrones","floor":3},{"not_picked":["RobotSpaceExplorer:SwiftStep","RobotSpaceExplorer:GearShield"],"picked":"RobotSpaceExplorer:ScrapToss","floor":5},{"not_picked":["RobotSpaceExplorer:FrostMissile","RobotSpaceExplorer:DoubleFind"],"picked":"RobotSpaceExplorer:SelfCleaning","floor":7},{"not_picked":["RobotSpaceExplorer:Fix","RobotSpaceExplorer:MetalStrike"],"picked":"RobotSpaceExplorer:MiniDrones","floor":8},{"not_picked":["RobotSpaceExplorer:LuckyStrike","RobotSpaceExplorer:FranticSearch"],"picked":"RobotSpaceExplorer:MiniBoosters","floor":10},{"not_picked":["RobotSpaceExplorer:DoubleFind","RobotSpaceExplorer:ShockKick","RobotSpaceExplorer:SwiftStep"],"picked":"SKIP","floor":12},{"not_picked":["RobotSpaceExplorer:StarDust","RobotSpaceExplorer:MetalStrike"],"picked":"RobotSpaceExplorer:ShovelStrike","floor":14},{"not_picked":["RobotSpaceExplorer:Asteroid","RobotSpaceExplorer:ShockMissile"],"picked":"RobotSpaceExplorer:Blaster","floor":16},{"not_picked":["RobotSpaceExplorer:SwiftStep","RobotSpaceExplorer:Ammunition"],"picked":"RobotSpaceExplorer:ScrapMissile","floor":18},{"not_picked":["RobotSpaceExplorer:ScrapMissile","RobotSpaceExplorer:ShockMissile"],"picked":"RobotSpaceExplorer:ShovelStrike","floor":20},{"not_picked":["RobotSpaceExplorer:GlueShot","RobotSpaceExplorer:Probe+1"],"picked":"RobotSpaceExplorer:StunGrenade+1","floor":21},{"not_picked":["RobotSpaceExplorer:SurgingStrike+1","RobotSpaceExplorer:MiniDrones","RobotSpaceExplorer:GlueShot+1"],"picked":"SKIP","floor":22},{"not_picked":["RobotSpaceExplorer:Electropulse","RobotSpaceExplorer:StarDust","RobotSpaceExplorer:DoubleBlock"],"picked":"SKIP","floor":24},{"not_picked":["RobotSpaceExplorer:FreezeRay","RobotSpaceExplorer:SurgingStrike"],"picked":"RobotSpaceExplorer:RigExplosive","floor":28},{"not_picked":["RobotSpaceExplorer:FranticSearch","RobotSpaceExplorer:BigMissile"],"picked":"RobotSpaceExplorer:SwiftStep+1","floor":29},{"not_picked":["RobotSpaceExplorer:PowerGlove","RobotSpaceExplorer:Autoloader","RobotSpaceExplorer:Pulsar"],"picked":"SKIP","floor":31},{"not_picked":["RobotSpaceExplorer:Multitool","RobotSpaceExplorer:BlastShield","RobotSpaceExplorer:HighVoltage"],"picked":"RobotSpaceExplorer:Wormhole","floor":33},{"not_picked":["RobotSpaceExplorer:Counterblock","RobotSpaceExplorer:Pulsar+1","RobotSpaceExplorer:ImprovisedAttack"],"picked":"RobotSpaceExplorer:SwiftStep+1","floor":35},{"not_picked":["RobotSpaceExplorer:Reload+1","RobotSpaceExplorer:FrostMissile","RobotSpaceExplorer:GlueShot+1","RobotSpaceExplorer:SlimeMissile"],"picked":"SKIP","floor":36},{"not_picked":["RobotSpaceExplorer:Ammunition","RobotSpaceExplorer:StunGrenade","RobotSpaceExplorer:TurboDodge+1"],"picked":"RobotSpaceExplorer:MiniDrones","floor":38},{"not_picked":["RobotSpaceExplorer:GearShield","RobotSpaceExplorer:GlueShot+1","RobotSpaceExplorer:FreezingShield"],"picked":"RobotSpaceExplorer:JunkDive","floor":39},{"not_picked":["RobotSpaceExplorer:Asteroid","RobotSpaceExplorer:SwiftStep+1","RobotSpaceExplorer:StunGrenade+1"],"picked":"RobotSpaceExplorer:Probe+1","floor":41},{"not_picked":["RobotSpaceExplorer:MiniDrones+1","RobotSpaceExplorer:FrostMissile","RobotSpaceExplorer:ImprovisedAttack"],"picked":"RobotSpaceExplorer:StunGrenade+1","floor":46},{"not_picked":["RobotSpaceExplorer:PlasmaMissile","RobotSpaceExplorer:SurgingShield","RobotSpaceExplorer:Blaster"],"picked":"RobotSpaceExplorer:Probe+1","floor":48}],"player_experience":846008,"relics_obtained":[{"floor":8,"key":"Letter Opener"},{"floor":9,"key":"Art of War"},{"floor":10,"key":"RobotSpaceExplorer:FoglandsKnife"},{"floor":14,"key":"Pantograph"},{"floor":24,"key":"Blue Candle"},{"floor":26,"key":"Lantern"},{"floor":31,"key":"Question Card"},{"floor":41,"key":"Blue Doll"},{"floor":43,"key":"Orichalcum"},{"floor":46,"key":"HornCleat"}],"event_choices":[{"damage_healed":0,"gold_gain":0,"player_choice":"RE ","damage_taken":20,"relics_obtained":["Potion Belt"],"max_hp_gain":0,"max_hp_loss":0,"event_name":"betterSkull:BetterSkull","floor":4,"gold_loss":0,"cards_upgraded":[]},{"cards_removed":["RobotSpaceExplorer:Strike"],"damage_healed":0,"gold_gain":0,"player_choice":"Card Removal","damage_taken":0,"max_hp_gain":0,"max_hp_loss":0,"event_name":"The Cleric","floor":11,"gold_loss":50},{"cards_removed":["RobotSpaceExplorer:Defend"],"damage_healed":0,"gold_gain":0,"player_choice":"Purged","damage_taken":0,"max_hp_gain":0,"max_hp_loss":0,"event_name":"Purifier","floor":27,"gold_loss":0},{"damage_healed":0,"gold_gain":0,"player_choice":"Copied","damage_taken":0,"max_hp_gain":0,"max_hp_loss":0,"event_name":"Duplicator","floor":37,"gold_loss":0,"cards_obtained":["RobotSpaceExplorer:Blaster"]},{"cards_removed":["RobotSpaceExplorer:JunkDive"],"damage_healed":0,"gold_gain":0,"player_choice":"Removed Skill","damage_taken":0,"max_hp_gain":0,"max_hp_loss":0,"event_name":"Falling","floor":44,"gold_loss":0}],"is_beta":false,"boss_relics":[{"not_picked":["Black Star","Ectoplasm"],"picked":"ChewingGum"},{"not_picked":["Replay:Bronze Core","Runic Dome"],"picked":"Fusion Hammer"}],"items_purged_floors":[19,45,47],"is_endless":false,"potions_floor_spawned":[5,7,12,16,20,21,29,33,38,41,46,48],"ascension_level":6}}