{"host":"ga4s3hj9m6nkn6gp","time":1610799797,"event":{"mods":["AchievementEnabler","BaseMod","Bestiary","Colored Powertips","Highlight Path","Minty Spire (QoL Compilation)","Relic Stats","everything is the same but u backflip on backflip"],"gold_per_floor":[109,128,128,128,144,185,185,185,185],"floor_reached":8,"language":"ENG","playtime":280,"items_purged":[],"score":112,"play_id":"c8a8b361-ce95-477d-9aa8-efaf29e69a77","local_time":"20210116132317","is_ascension_mode":true,"campfire_choices":[{"floor":7,"key":"REST"}],"circlet_count":0,"master_deck":["AscendersBane","Strike_G","Strike_G","Strike_G","Strike_G","Defend_G","Defend_G","Defend_G","Defend_G","Defend_G","Survivor","Neutralize","Deadly Poison","Crippling Poison","Deadly Poison","Noxious Fumes"],"relics":["Ring of the Snake","Ginger","Golden Idol","Tingsha"],"acts_visited":["Exordium"],"potions_floor_usage":[6],"damage_taken":[{"damage":0,"enemies":"2 Louse","floor":1,"turns":3},{"damage":7,"enemies":"Small Slimes","floor":2,"turns":3},{"damage":12,"enemies":"Jaw Worm","floor":5,"turns":6},{"damage":29,"enemies":"Gremlin Nob","floor":6,"turns":4},{"damage":29,"enemies":"Lagavulin","floor":8,"turns":6}],"seed_played":"-4487760161021803249","potions_obtained":[{"floor":5,"key":"DistilledChaos"}],"is_trial":false,"path_per_floor":["M","M","?","?","M","E","R","E"],"character_chosen":"THE_SILENT","items_purchased":[],"campfire_rested":1,"item_purchase_floors":[],"current_hp_per_floor":[59,52,52,45,33,4,20,0,0],"gold":185,"neow_bonus":"ONE_RARE_RELIC","is_daily":false,"chose_seed":false,"campfire_upgraded":0,"win_rate":0.0,"timestamp":1610799797,"path_taken":["M","M","?","?","M","E","R","E"],"items_purchased_type":[],"build_version":"2020-12-22","purchased_purges":0,"victory":false,"max_hp_per_floor":[60,60,54,54,54,54,54,54,54],"relic_stats":{"counters":[5,22],"Golden Idol":11,"Tingsha":[0],"Ginger":[1],"obtain_stats":[{"Golden Idol":3,"Tingsha":6,"Ginger":0,"Ring of the Snake":0},{"Golden Idol":2,"Tingsha":4,"Ginger":0,"Ring of the Snake":0},{"Golden Idol":6,"Tingsha":16,"Ginger":0,"Ring of the Snake":0}],"Ring of the Snake":[10]},"card_choices":[{"not_picked":["Dodge and Roll","Riddle With Holes"],"picked":"Deadly Poison","floor":1},{"not_picked":["Caltrops","Dagger Spray"],"picked":"Crippling Poison","floor":2},{"not_picked":["Terror","Choke"],"picked":"Deadly Poison","floor":5},{"not_picked":["Blade Dance","Expertise"],"picked":"Noxious Fumes","floor":6}],"player_experience":638438,"relics_obtained":[{"floor":6,"key":"Tingsha"}],"event_choices":[{"damage_healed":0,"gold_gain":0,"player_choice":"Lose Max HP","damage_taken":0,"relics_obtained":["Golden Idol"],"max_hp_gain":0,"max_hp_loss":6,"event_name":"Golden Idol","floor":3,"gold_loss":0},{"cards_removed":["Strike_G"],"damage_healed":0,"gold_gain":0,"player_choice":"Card Removal","damage_taken":7,"max_hp_gain":0,"max_hp_loss":0,"event_name":"Golden Wing","floor":4,"gold_loss":0}],"is_beta":false,"boss_relics":[],"items_purged_floors":[],"is_endless":false,"potions_floor_spawned":[5],"killed_by":"Lagavulin","ascension_level":20}}