{"host":"y1oqg7uy0jc6f5mb","time":1610805807,"event":{"mods":["BaseMod","Block Reminder","Colored Map","Colored Powertips","Custom Start","DeckTracker","Highlight Path","Minty Spire (QoL Compilation)","Permanent Neow","Quick Restart","Relic Sorter","Relic Stats","StSLib"],"gold_per_floor":[109,109,124,138,153,153,186,87,113,113,140,170,193,205,217,328,340,364,389,419,451,40,40,67,67,119,119,44,72,72,83,83,178,178,188,206,206,206,256,256,276,288,288,288,299,309,323,355,355,355],"floor_reached":51,"language":"ENG","playtime":3388,"items_purged":["Warcry"],"score":922,"play_id":"f8377338-38f8-4d6d-8877-a6520774ac32","local_time":"20210116220327","is_ascension_mode":true,"campfire_choices":[{"data":"Searing Blow","floor":6.0,"key":"SMITH"},{"data":"Battle Trance","floor":10.0,"key":"SMITH"},{"data":"Inflame","floor":15.0,"key":"SMITH"},{"data":"Limit Break","floor":23.0,"key":"SMITH"},{"floor":27.0,"key":"REST"},{"data":"True Grit","floor":30.0,"key":"SMITH"},{"data":"True Grit","floor":32.0,"key":"SMITH"},{"data":"Secret Technique","floor":40.0,"key":"SMITH"},{"floor":49,"key":"REST"}],"circlet_count":0,"master_deck":["Strike_R","Strike_R","Strike_R","Strike_R","Strike_R","Defend_R","Defend_R","Defend_R","Defend_R+1","Bash+1","Feed","Headbutt","Battle Trance+1","Twin Strike","Perfected Strike+1","Dropkick","Reaper","Thunderclap","Inflame+1","Limit Break+1","Cleave+1","True Grit+1","True Grit+1","Immolate","Fire Breathing","Disarm+1","Clumsy","Rage","Perfected Strike","Exhume","Perfected Strike","Uppercut+1","Dramatic Entrance","Secret Technique+1","Good Instincts+1","Spot Weakness+1","Sword Boomerang+1","Warcry+1","Normality","Flame Barrier+1","Armaments+1","Burning Pact"],"relics":["Burning Blood","Happy Flower","Oddly Smooth Stone","MawBank","Cursed Key","Shuriken","MealTicket","Blood Vial","Bottled Flame","Sozu","Incense Burner","HornCleat","Mercury Hourglass","War Paint"],"acts_visited":["Exordium","TheCity","TheBeyond"],"potions_floor_usage":[],"damage_taken":[{"damage":6.0,"enemies":"2 Louse","floor":1.0,"turns":3.0},{"damage":1.0,"enemies":"Cultist","floor":3.0,"turns":4.0},{"damage":2.0,"enemies":"Jaw Worm","floor":4.0,"turns":3.0},{"damage":19.0,"enemies":"Lots of Slimes","floor":5.0,"turns":5.0},{"damage":30.0,"enemies":"Lagavulin","floor":7.0,"turns":6.0},{"damage":16.0,"enemies":"Gremlin Nob","floor":11.0,"turns":3.0},{"damage":5.0,"enemies":"Looter","floor":12.0,"turns":3.0},{"damage":6.0,"enemies":"Exordium Thugs","floor":13.0,"turns":3.0},{"damage":42.0,"enemies":"Hexaghost","floor":16.0,"turns":5.0},{"damage":10.0,"enemies":"2 Thieves","floor":18.0,"turns":3.0},{"damage":24.0,"enemies":"3 Byrds","floor":19.0,"turns":4.0},{"damage":12.0,"enemies":"Snecko","floor":20.0,"turns":3.0},{"damage":22.0,"enemies":"Sentry and Sphere","floor":21.0,"turns":4.0},{"damage":41.0,"enemies":"Book of Stabbing","floor":24.0,"turns":5.0},{"damage":0.0,"enemies":"Gremlin Leader","floor":29.0,"turns":5.0},{"damage":18.0,"enemies":"Snake Plant","floor":31.0,"turns":3.0},{"damage":82.0,"enemies":"Champ","floor":33.0,"turns":9.0},{"damage":28.0,"enemies":"3 Shapes","floor":35.0,"turns":4.0},{"damage":5.0,"enemies":"Orb Walker","floor":36.0,"turns":3.0},{"damage":14.0,"enemies":"Mind Bloom Boss Battle","floor":39.0,"turns":6.0},{"damage":33,"enemies":"Maw","floor":41,"turns":6},{"damage":26,"enemies":"Transient","floor":42,"turns":5},{"damage":0,"enemies":"Sphere and 2 Shapes","floor":45,"turns":2},{"damage":18,"enemies":"Spire Growth","floor":46,"turns":3},{"damage":2,"enemies":"4 Shapes","floor":47,"turns":2},{"damage":40,"enemies":"Nemesis","floor":48,"turns":7},{"damage":74,"enemies":"Time Eater","floor":50,"turns":9}],"seed_played":"8736463071391370276","potions_obtained":[{"floor":4.0,"key":"LiquidBronze"},{"floor":5.0,"key":"Regen Potion"},{"floor":7.0,"key":"Regen Potion"},{"floor":14.0,"key":"CultistPotion"},{"floor":16.0,"key":"Fire Potion"},{"floor":19.0,"key":"Explosive Potion"},{"floor":29.0,"key":"Fruit Juice"},{"floor":31.0,"key":"EntropicBrew"}],"is_trial":false,"path_per_floor":["M","?","M","M","M","R","E","$","T","R","E","M","M","?","R","B",null,"M","M","M","M","$","R","E","?","T","R","$","E","R","M","R","B",null,"M","M","?","?","?","R","M","M","T","?","M","M","M","E","R","B",null],"character_chosen":"IRONCLAD","items_purchased":["Flex","Dropkick","Immolate","Fire Breathing","Shuriken"],"campfire_rested":2,"item_purchase_floors":[8,8,22,22,22],"current_hp_per_floor":[80,80,80,83,73,73,66,66,66,66,56,60,60,60,60,39,92,88,79,88,73,73,73,41,41,41,70,85,93,93,83,83,14,103,84,87,77,77,80,80,55,76,76,76,84,74,80,69,100,59],"gold":355,"neow_bonus":"ONE_RANDOM_RARE_CARD","is_daily":false,"chose_seed":false,"campfire_upgraded":7,"win_rate":0.0,"timestamp":1610805807,"path_taken":["M","?","M","M","M","R","E","$","T","R","E","?","M","?","R","BOSS","M","M","?","M","$","R","E","?","T","R","?","E","R","M","R","BOSS","M","M","?","?","?","R","M","M","T","?","M","?","?","E","R","BOSS"],"items_purchased_type":["Card","Card","Card","Card","Relic"],"build_version":"2020-12-22","purchased_purges":1,"victory":true,"max_hp_per_floor":[80,80,80,83,86,86,89,89,89,89,89,92,92,92,92,92,92,92,95,95,95,95,95,98,98,98,98,98,98,98,98,98,103,103,106,106,106,106,106,106,106,106,106,106,106,106,106,106,106,106],"relic_stats":{"Blood Vial":24,"Sozu":4,"Happy Flower":[32],"counters":[27,118],"Shuriken":[26],"MealTicket":15,"War Paint":["Defend_R","Good Instincts"],"MawBank":132,"Cursed Key":2,"obtain_stats":[{"Happy Flower":7,"Oddly Smooth Stone":9,"Incense Burner":39,"War Paint":48,"MawBank":11,"Cursed Key":17,"Burning Blood":0,"Mercury Hourglass":44,"Blood Vial":26,"Sozu":34,"Bottled Flame":29,"HornCleat":43,"Shuriken":22,"MealTicket":24},{"Happy Flower":5,"Oddly Smooth Stone":5,"Incense Burner":20,"War Paint":26,"MawBank":6,"Cursed Key":9,"Burning Blood":0,"Mercury Hourglass":22,"Blood Vial":14,"Sozu":17,"Bottled Flame":15,"HornCleat":22,"Shuriken":13,"MealTicket":14},{"Happy Flower":21,"Oddly Smooth Stone":21,"Incense Burner":84,"War Paint":109,"MawBank":24,"Cursed Key":35,"Burning Blood":0,"Mercury Hourglass":95,"Blood Vial":54,"Sozu":71,"Bottled Flame":59,"HornCleat":95,"Shuriken":49,"MealTicket":54}],"Burning Blood":153,"Mercury Hourglass":[66]},"card_choices":[{"not_picked":["Havoc","Clothesline"],"picked":"Headbutt","floor":1.0},{"not_picked":["Heavy Blade","Twin Strike"],"picked":"Searing Blow","floor":3.0},{"not_picked":["Clash","Power Through"],"picked":"Warcry","floor":4.0},{"not_picked":["Iron Wave","Immolate"],"picked":"Perfected Strike","floor":5.0},{"not_picked":["Headbutt","Feel No Pain"],"picked":"Battle Trance","floor":7.0},{"not_picked":["Thunderclap","Clothesline"],"picked":"Reaper","floor":11.0},{"not_picked":["Flex","Body Slam"],"picked":"Thunderclap","floor":12.0},{"not_picked":["Flex","Evolve"],"picked":"Inflame","floor":13.0},{"not_picked":["Corruption","Feed"],"picked":"Limit Break","floor":16.0},{"not_picked":["Shrug It Off","Sentinel"],"picked":"Cleave+1","floor":18.0},{"not_picked":["Anger","Pummel","Warcry"],"picked":"SKIP","floor":19.0},{"not_picked":["Reckless Charge","Dropkick"],"picked":"True Grit","floor":20.0},{"not_picked":["Havoc","Ghostly Armor"],"picked":"True Grit","floor":21.0},{"not_picked":["Combust","Impervious"],"picked":"Disarm+1","floor":24.0},{"not_picked":["Warcry","Blood for Blood"],"picked":"Rage","floor":29.0},{"not_picked":["Whirlwind+1","Clothesline+1"],"picked":"Perfected Strike","floor":31.0},{"not_picked":["Feed","Limit Break"],"picked":"Exhume","floor":33.0},{"not_picked":["Power Through+1","Metallicize+1"],"picked":"Perfected Strike","floor":35.0},{"not_picked":["Iron Wave+1","Combust+1"],"picked":"Uppercut+1","floor":36.0},{"not_picked":["Panacea","Jack Of All Trades"],"picked":"Dramatic Entrance","floor":37.0},{"not_picked":["Swift Strike","Deep Breath"],"picked":"Secret Technique","floor":37.0},{"not_picked":["Madness","Panacea"],"picked":"Good Instincts","floor":37.0},{"not_picked":["Whirlwind+1","Inflame"],"picked":"Spot Weakness+1","floor":39.0},{"not_picked":["Headbutt+1","Cleave+1"],"picked":"Sword Boomerang+1","floor":41},{"not_picked":["Body Slam","Pummel+1"],"picked":"Warcry+1","floor":42},{"not_picked":["Combust+1","Power Through"],"picked":"Flame Barrier+1","floor":45},{"not_picked":["Flame Barrier+1","Heavy Blade+1"],"picked":"Armaments+1","floor":46},{"not_picked":["Wild Strike","Spot Weakness","Uppercut+1"],"picked":"SKIP","floor":47},{"not_picked":["Dual Wield","Clothesline+1"],"picked":"Burning Pact","floor":48}],"player_experience":25214,"relics_obtained":[{"floor":7.0,"key":"Happy Flower"},{"floor":9.0,"key":"Oddly Smooth Stone"},{"floor":11.0,"key":"MawBank"},{"floor":24.0,"key":"MealTicket"},{"floor":26.0,"key":"Blood Vial"},{"floor":29.0,"key":"Bottled Flame"},{"floor":39.0,"key":"Incense Burner"},{"floor":43,"key":"HornCleat"},{"floor":48,"key":"War Paint"}],"event_choices":[{"damage_healed":0.0,"max_hp_gain":0.0,"max_hp_loss":0.0,"gold_gain":0.0,"event_name":"Upgrade Shrine","player_choice":"Upgraded","floor":2.0,"gold_loss":0.0,"damage_taken":0.0,"cards_upgraded":["Bash"]},{"damage_healed":0.0,"max_hp_gain":0.0,"max_hp_loss":0.0,"gold_gain":0.0,"event_name":"Lab","player_choice":"Got Potions","floor":14.0,"gold_loss":0.0,"damage_taken":0.0},{"damage_healed":0.0,"max_hp_gain":0.0,"max_hp_loss":0.0,"gold_gain":0.0,"event_name":"Vampires","player_choice":"Ignored","floor":25.0,"gold_loss":0.0,"damage_taken":0.0},{"damage_healed":0.0,"max_hp_gain":0.0,"max_hp_loss":0.0,"gold_gain":0.0,"event_name":"SensoryStone","player_choice":"Memory 3","floor":37.0,"gold_loss":0.0,"damage_taken":10.0},{"damage_healed":0.0,"max_hp_gain":0.0,"max_hp_loss":0.0,"gold_gain":0.0,"event_name":"Tomb of Lord Red Mask","player_choice":"Ignored","floor":38.0,"gold_loss":0.0,"damage_taken":0.0},{"damage_healed":0.0,"max_hp_gain":0.0,"max_hp_loss":0.0,"gold_gain":0.0,"event_name":"MindBloom","player_choice":"Fight","floor":39.0,"gold_loss":0.0,"damage_taken":0.0},{"cards_removed":["Flex"],"damage_healed":0,"gold_gain":0,"player_choice":"Gave Card","damage_taken":0,"relics_obtained":["Mercury Hourglass"],"max_hp_gain":0,"max_hp_loss":0,"event_name":"WeMeetAgain","floor":44,"gold_loss":0}],"is_beta":false,"boss_relics":[{"not_picked":["Philosopher\u0027s Stone","Fusion Hammer"],"picked":"Cursed Key"},{"not_picked":["SlaversCollar","Velvet Choker"],"picked":"Sozu"}],"items_purged_floors":[28],"is_endless":false,"potions_floor_spawned":[4,5,7,16,19,29,31,35,45,46,48],"ascension_level":4}}