{"host":"i7jfea87xc8lz16p","time":1610839328,"event":{"mods":["AchievementEnabler","BaseMod","Colored Powertips","Minty Spire (QoL Compilation)","Relic Stats"],"gold_per_floor":[115,127,145,163,238,238,264,264,290,301,319,319,345,356,356,356,356],"floor_reached":16,"language":"ENG","playtime":431,"items_purged":[],"score":228,"play_id":"e01a13db-6090-4dd3-a692-7efd00642596","local_time":"20210117002208","is_ascension_mode":true,"campfire_choices":[{"data":"Bash","floor":6,"key":"SMITH"},{"floor":8,"key":"REST"},{"data":"Combust","floor":12,"key":"SMITH"},{"data":"Uppercut","floor":15,"key":"SMITH"}],"circlet_count":0,"master_deck":["AscendersBane","Strike_R","Strike_R","Strike_R","Strike_R","Strike_R","Defend_R+1","Defend_R+1","Defend_R","Defend_R","Bash+1","Carnage","Anger","Headbutt","Combust+1","Uppercut+1","Shrug It Off","Thunderclap"],"relics":["Burning Blood","Regal Pillow","Potion Belt","War Paint"],"acts_visited":["Exordium"],"potions_floor_usage":[],"damage_taken":[{"damage":1,"enemies":"Cultist","floor":1,"turns":3},{"damage":0,"enemies":"2 Louse","floor":2,"turns":3},{"damage":10,"enemies":"Small Slimes","floor":3,"turns":3},{"damage":13,"enemies":"Red Slaver","floor":4,"turns":3},{"damage":40,"enemies":"Lagavulin","floor":7,"turns":5},{"damage":22,"enemies":"Gremlin Gang","floor":10,"turns":5},{"damage":11,"enemies":"Blue Slaver","floor":11,"turns":3},{"damage":8,"enemies":"Gremlin Nob","floor":13,"turns":3},{"damage":3,"enemies":"Looter","floor":14,"turns":3},{"damage":45,"enemies":"Hexaghost","floor":16,"turns":9}],"seed_played":"2006893623891689417","potions_obtained":[{"floor":1,"key":"Strength Potion"},{"floor":3,"key":"Fire Potion"},{"floor":10,"key":"Explosive Potion"}],"is_trial":false,"path_per_floor":["M","M","M","M","?","R","E","R","T","M","M","R","E","M","R","B"],"character_chosen":"IRONCLAD","items_purchased":[],"campfire_rested":1,"item_purchase_floors":[],"current_hp_per_floor":[80,82,78,71,60,60,26,65,65,49,44,44,42,45,45,0,0],"gold":356,"neow_bonus":"TEN_PERCENT_HP_BONUS","is_daily":false,"chose_seed":false,"campfire_upgraded":3,"win_rate":0.0,"timestamp":1610839328,"path_taken":["M","M","M","M","?","R","E","R","T","M","M","R","E","M","R","BOSS"],"items_purchased_type":[],"build_version":"2020-12-22","purchased_purges":0,"victory":false,"max_hp_per_floor":[82,82,82,82,82,82,82,82,82,82,82,82,82,82,82,82,82],"relic_stats":{"Regal Pillow":15,"counters":[10,40],"War Paint":["Defend_R","Defend_R"],"obtain_stats":[{"Potion Belt":9,"Regal Pillow":7,"War Paint":13,"Burning Blood":0},{"Potion Belt":5,"Regal Pillow":5,"War Paint":8,"Burning Blood":0},{"Potion Belt":17,"Regal Pillow":17,"War Paint":28,"Burning Blood":0}],"Burning Blood":50},"card_choices":[{"not_picked":["Combust","Wild Strike"],"picked":"Carnage","floor":1},{"not_picked":["Reckless Charge","Rupture"],"picked":"Anger","floor":2},{"not_picked":["Havoc","Iron Wave","Twin Strike"],"picked":"SKIP","floor":3},{"not_picked":["Searing Blow","Perfected Strike"],"picked":"Headbutt","floor":4},{"not_picked":["Dropkick","Barricade"],"picked":"Combust","floor":7},{"not_picked":["Twin Strike","Wild Strike","Flex"],"picked":"SKIP","floor":10},{"not_picked":["Searing Blow","Clash"],"picked":"Uppercut","floor":11},{"not_picked":["Uppercut","Iron Wave"],"picked":"Shrug It Off","floor":13},{"not_picked":["Shrug It Off","True Grit"],"picked":"Thunderclap","floor":14}],"player_experience":1785391,"relics_obtained":[{"floor":7,"key":"Regal Pillow"},{"floor":9,"key":"Potion Belt"},{"floor":13,"key":"War Paint"}],"event_choices":[{"damage_healed":0,"gold_gain":75,"player_choice":"Gather Gold","damage_taken":11,"max_hp_gain":0,"max_hp_loss":0,"event_name":"World of Goop","floor":5,"gold_loss":0}],"is_beta":false,"boss_relics":[],"items_purged_floors":[],"is_endless":false,"potions_floor_spawned":[1,3,4,10],"killed_by":"Hexaghost","ascension_level":20}}