{"host":"9d9dhukr2jywmy0f","time":1610794169,"event":{"mods":["2.2 Compatiblity","Alarm Clock","BaseMod","Bestiary","Block Reminder","Colored Map","Colored Powertips","Curses Come First","DeckTracker","Highlight Path","Key Reminder","Minty Spire (QoL Compilation)","Quick Restart","Rare Cards Sparkle","Relic Sorter","Relic Stats","Spire Birthday Party","StSLib","SuperFastMode","Synergy Search","The Poker Player","Unceasing Turn Reminder","Unknown Chances"],"gold_per_floor":[112,37,37,37,54,54,87,87,87,105,120,135,153,184,184,287,287,301,319,339,339,165,196,71,98,98,98,98,98,98,112,112,213,213,233,233,287,287,299,326,176,201,201,201,215,40,0,0,0,0,0,0,0,25,25],"floor_reached":56,"language":"ZHS","playtime":2112,"items_purged":["PokerPlayerMod:Spade1","PokerPlayerMod:Club1","PokerPlayerMod:Heart2","PokerPlayerMod:Club2","PokerPlayerMod:Spade3"],"score":1927,"play_id":"0864e370-087b-4013-a149-f7d315015133","local_time":"20210116184929","is_ascension_mode":true,"metric_token":1494,"campfire_choices":[{"data":"PokerPlayerMod:Mulligan","floor":6.0,"key":"SMITH"},{"data":"PokerPlayerMod:TrumpStrike","floor":8.0,"key":"SMITH"},{"data":"PokerPlayerMod:BadJoker","floor":15.0,"key":"SMITH"},{"data":"PokerPlayerMod:ClubDance","floor":27.0,"key":"SMITH"},{"data":"PokerPlayerMod:Club9","floor":29.0,"key":"SMITH"},{"data":"PokerPlayerMod:WildCard","floor":32.0,"key":"SMITH"},{"data":"PokerPlayerMod:WildCard","floor":44.0,"key":"SMITH"},{"floor":49.0,"key":"RECALL"},{"data":"PokerPlayerMod:Club7","floor":52.0,"key":"SMITH"}],"circlet_count":0,"master_deck":["AscendersBane","PokerPlayerMod:Diamond3","PokerPlayerMod:Diamond4","PokerPlayerMod:Diamond5","PokerPlayerMod:Spade4","PokerPlayerMod:BadJoker+1","PokerPlayerMod:Mulligan+1","PokerPlayerMod:ClubDance+1","PokerPlayerMod:Club7","PokerPlayerMod:Club8","PokerPlayerMod:Diamond10+","PokerPlayerMod:Club10+","PokerPlayerMod:Spade10+","PokerPlayerMod:WildCard+1","PokerPlayerMod:Spade10+","PokerPlayerMod:WildCard+1"],"relics":["PokerPlayerMod:DeckCase","NeowsBlessing","FaceOfCleric","Eternal Feather","FossilizedHelix","Toy Ornithopter","Philosopher\u0027s Stone","Torii","MealTicket","Empty Cage","PokerPlayerMod:StuffedPocket","Juzu Bracelet","Akabeko","Pen Nib","Red Mask","Gambling Chip"],"acts_visited":["Exordium","TheCity","TheBeyond","TheEnding"],"potions_floor_usage":[55,55,55,55,55],"damage_taken":[{"damage":0.0,"enemies":"Cultist","floor":1.0,"turns":1.0},{"damage":0.0,"enemies":"2 Louse","floor":5.0,"turns":1.0},{"damage":0.0,"enemies":"3 Sentries","floor":7.0,"turns":1.0},{"damage":0.0,"enemies":"Small Slimes","floor":10.0,"turns":2.0},{"damage":3.0,"enemies":"Exordium Thugs","floor":11.0,"turns":4.0},{"damage":0.0,"enemies":"Blue Slaver","floor":12.0,"turns":2.0},{"damage":0.0,"enemies":"Red Slaver","floor":13.0,"turns":2.0},{"damage":0.0,"enemies":"Gremlin Nob","floor":14.0,"turns":3.0},{"damage":40.0,"enemies":"The Guardian","floor":16.0,"turns":8.0},{"damage":0.0,"enemies":"3 Byrds","floor":18.0,"turns":1.0},{"damage":0.0,"enemies":"Chosen","floor":19.0,"turns":4.0},{"damage":35.0,"enemies":"Shelled Parasite and Fungi","floor":20.0,"turns":6.0},{"damage":0.0,"enemies":"Slavers","floor":23.0,"turns":1.0},{"damage":11.0,"enemies":"Gremlin Leader","floor":25.0,"turns":4.0},{"damage":7.0,"enemies":"Chosen and Byrds","floor":31.0,"turns":3.0},{"damage":13.0,"enemies":"Automaton","floor":33.0,"turns":5.0},{"damage":0.0,"enemies":"3 Darklings","floor":35.0,"turns":1.0},{"damage":0.0,"enemies":"2 Orb Walkers","floor":37.0,"turns":3.0},{"damage":0.0,"enemies":"Orb Walker","floor":39.0,"turns":2.0},{"damage":0.0,"enemies":"Reptomancer","floor":40.0,"turns":2.0},{"damage":1.0,"enemies":"Nemesis","floor":42.0,"turns":5.0},{"damage":0.0,"enemies":"Jaw Worm Horde","floor":45.0,"turns":2.0},{"damage":12.0,"enemies":"Donu and Deca","floor":50.0,"turns":6.0},{"damage":0.0,"enemies":"Shield and Spear","floor":54.0,"turns":3.0},{"damage":59,"enemies":"The Heart","floor":55,"turns":10}],"seed_played":"-5422431324029096470","potions_obtained":[{"floor":1.0,"key":"Dexterity Potion"},{"floor":5.0,"key":"Fruit Juice"},{"floor":11.0,"key":"DuplicationPotion"},{"floor":19.0,"key":"EntropicBrew"},{"floor":23.0,"key":"Explosive Potion"},{"floor":30.0,"key":"Fruit Juice"},{"floor":30.0,"key":"BlessingOfTheForge"},{"floor":30.0,"key":"SkillPotion"},{"floor":33.0,"key":"Fire Potion"},{"floor":37.0,"key":"DuplicationPotion"},{"floor":40.0,"key":"SkillPotion"},{"floor":54.0,"key":"AttackPotion"}],"is_trial":false,"path_per_floor":["M","$","?","?","M","R","E","R","T","M","M","M","M","E","R","B",null,"M","M","M","?","$","E","$","E","T","R","$","R","?","M","R","B",null,"M","?","?","?","M","E","$","E","T","R","M","$","?","$","R","B",null,"R","$","E","B",null],"character_chosen":"THE_POKER_PLAYER","items_purchased":["PokerPlayerMod:Club9"],"campfire_rested":0,"item_purchase_floors":[22],"current_hp_per_floor":[47,47,47,47,58,58,59,59,59,60,58,61,62,64,64,25,55,56,59,32,32,32,38,38,33,33,42,57,66,75,74,76,64,74,75,74,75,75,76,77,77,78,78,78,79,79,79,79,79,68,77,80,80,81,45],"gold":25,"neow_bonus":"THREE_ENEMY_KILL","is_daily":false,"chose_seed":false,"campfire_upgraded":8,"win_rate":0.0,"timestamp":1610794169,"path_taken":["M","$","?","?","M","R","E","R","T","M","M","M","M","E","R","BOSS","M","M","?","?","?","E","$","E","T","R","$","R","?","M","R","BOSS","M","?","?","?","M","E","$","E","T","R","M","?","?","$","R","BOSS","R","$","E","BOSS"],"items_purchased_type":["Card"],"build_version":"2020-11-30","purchased_purges":5,"victory":true,"max_hp_per_floor":[52,52,52,52,58,58,59,59,59,60,61,62,63,64,64,65,65,66,67,68,68,68,69,69,70,70,70,70,70,75,76,76,77,77,78,74,75,75,76,77,77,78,78,78,79,79,79,79,79,80,80,80,80,81,82],"relic_stats":{"FaceOfCleric":24,"Torii":7,"counters":[25,82],"Gambling Chip":[3],"Eternal Feather":23,"MealTicket":15,"Pen Nib":[0],"Juzu Bracelet":1,"obtain_stats":[{"NeowsBlessing":0,"Torii":23,"Eternal Feather":7,"Pen Nib":43,"Juzu Bracelet":40,"Empty Cage":34,"Akabeko":42,"keyreminder:keyreminder":14,"PokerPlayerMod:DeckCase":0,"FaceOfCleric":4,"PokerPlayerMod:StuffedPocket":37,"Gambling Chip":54,"Philosopher\u0027s Stone":17,"MealTicket":25,"Red Mask":47,"FossilizedHelix":9,"Toy Ornithopter":14},{"NeowsBlessing":0,"Torii":13,"Eternal Feather":3,"Pen Nib":21,"Juzu Bracelet":20,"Empty Cage":16,"Akabeko":21,"keyreminder:keyreminder":8,"PokerPlayerMod:DeckCase":0,"FaceOfCleric":1,"PokerPlayerMod:StuffedPocket":18,"Gambling Chip":24,"Philosopher\u0027s Stone":9,"MealTicket":14,"Red Mask":22,"FossilizedHelix":3,"Toy Ornithopter":8},{"NeowsBlessing":0,"Torii":36,"Eternal Feather":3,"Pen Nib":61,"Juzu Bracelet":56,"Empty Cage":48,"Akabeko":61,"keyreminder:keyreminder":16,"PokerPlayerMod:DeckCase":0,"FaceOfCleric":1,"PokerPlayerMod:StuffedPocket":52,"Gambling Chip":72,"Philosopher\u0027s Stone":24,"MealTicket":40,"Red Mask":63,"FossilizedHelix":3,"Toy Ornithopter":16}],"Toy Ornithopter":47},"card_choices":[{"not_picked":["PokerPlayerMod:Spade1","PokerPlayerMod:FlyingCard","PokerPlayerMod:SpadeStrike"],"picked":"SKIP","floor":1.0},{"not_picked":["PokerPlayerMod:Spade2","PokerPlayerMod:DartThrow","PokerPlayerMod:Spade4"],"picked":"SKIP","floor":5.0},{"not_picked":["PokerPlayerMod:Diamond5","PokerPlayerMod:Club6"],"picked":"PokerPlayerMod:ClubDance","floor":7.0},{"not_picked":["PokerPlayerMod:PoorCopy","PokerPlayerMod:DartThrow","PokerPlayerMod:DiamondStrike"],"picked":"SKIP","floor":10.0},{"not_picked":["PokerPlayerMod:RoyalStrike","PokerPlayerMod:Diamond1","PokerPlayerMod:SecondChance"],"picked":"SKIP","floor":11.0},{"not_picked":["PokerPlayerMod:CloakAndDiamond","PokerPlayerMod:Extraction"],"picked":"PokerPlayerMod:Club7","floor":12.0},{"not_picked":["PokerPlayerMod:ItsShowtime","PokerPlayerMod:Overdeal","PokerPlayerMod:Spade4"],"picked":"SKIP","floor":13.0},{"not_picked":["PokerPlayerMod:HotShotCut","PokerPlayerMod:Diamond8"],"picked":"PokerPlayerMod:Club7","floor":14.0},{"not_picked":["PokerPlayerMod:Spade7","PokerPlayerMod:Spade8"],"picked":"PokerPlayerMod:Diamond10+","floor":16.0},{"not_picked":["PokerPlayerMod:Spade3","PokerPlayerMod:Club5","PokerPlayerMod:SecondChance"],"picked":"SKIP","floor":18.0},{"not_picked":["PokerPlayerMod:Club4","PokerPlayerMod:Club3","PokerPlayerMod:RiskyBet"],"picked":"SKIP","floor":19.0},{"not_picked":["PokerPlayerMod:Club4","PokerPlayerMod:Diamond2","PokerPlayerMod:Heart3"],"picked":"SKIP","floor":20.0},{"not_picked":["PokerPlayerMod:Manipulation","PokerPlayerMod:HotShotCut+1","PokerPlayerMod:DamnStraight+1"],"picked":"SKIP","floor":23.0},{"not_picked":["PokerPlayerMod:Spade4","PokerPlayerMod:Overdeal"],"picked":"PokerPlayerMod:Spade10+","floor":25.0},{"not_picked":["PokerPlayerMod:Harden","PokerPlayerMod:DiamondStrike"],"picked":"PokerPlayerMod:WildCard","floor":31.0},{"not_picked":["PokerPlayerMod:Spade9","PokerPlayerMod:Diamond8"],"picked":"PokerPlayerMod:Spade10+","floor":33.0},{"not_picked":["PokerPlayerMod:Diamond4","PokerPlayerMod:Fold+1","PokerPlayerMod:Diamond3"],"picked":"SKIP","floor":35.0},{"not_picked":["PokerPlayerMod:Manipulation+1","PokerPlayerMod:Diamond5","PokerPlayerMod:Club1"],"picked":"SKIP","floor":39.0},{"not_picked":["PokerPlayerMod:Manipulation+1","PokerPlayerMod:Diamond5","PokerPlayerMod:Club1"],"picked":"SKIP","floor":39.0},{"not_picked":["PokerPlayerMod:Heart8","PokerPlayerMod:Overdeal","PokerPlayerMod:ClubsClub+1"],"picked":"SKIP","floor":40.0},{"not_picked":["PokerPlayerMod:CloakAndDiamond","PokerPlayerMod:Spade3"],"picked":"PokerPlayerMod:WildCard","floor":42.0},{"not_picked":["PokerPlayerMod:Diamond3","PokerPlayerMod:HotShotCut","PokerPlayerMod:Club4"],"picked":"SKIP","floor":45.0},{"not_picked":["PokerPlayerMod:Spade3","PokerPlayerMod:Diamond4","PokerPlayerMod:Diamond8"],"picked":"SKIP","floor":54.0}],"player_experience":865827,"relics_obtained":[{"floor":7.0,"key":"Eternal Feather"},{"floor":9.0,"key":"FossilizedHelix"},{"floor":14.0,"key":"Toy Ornithopter"},{"floor":23.0,"key":"Torii"},{"floor":25.0,"key":"MealTicket"},{"floor":37.0,"key":"PokerPlayerMod:StuffedPocket"},{"floor":40.0,"key":"Juzu Bracelet"},{"floor":42.0,"key":"Akabeko"},{"floor":43.0,"key":"Pen Nib"},{"floor":54.0,"key":"Gambling Chip"}],"event_choices":[{"damage_healed":0.0,"max_hp_gain":0.0,"max_hp_loss":0.0,"gold_gain":0.0,"event_name":"The Cleric","player_choice":"Leave","floor":3.0,"gold_loss":0.0,"damage_taken":0.0},{"damage_healed":0.0,"max_hp_gain":0.0,"max_hp_loss":0.0,"gold_gain":0.0,"event_name":"FaceTrader","player_choice":"Trade","floor":4.0,"gold_loss":0.0,"damage_taken":0.0,"relics_obtained":["FaceOfCleric"]},{"cards_removed":["PokerPlayerMod:Diamond1"],"damage_healed":0.0,"max_hp_gain":0.0,"max_hp_loss":0.0,"gold_gain":0.0,"event_name":"PokerPlayerMod:BackToBasicsPoker","player_choice":"Elegance","floor":21.0,"gold_loss":0.0,"damage_taken":0.0},{"damage_healed":0.0,"max_hp_gain":0.0,"max_hp_loss":0.0,"gold_gain":0.0,"event_name":"Lab","player_choice":"Got Potions","floor":30.0,"gold_loss":0.0,"damage_taken":0.0},{"damage_healed":0.0,"max_hp_gain":0.0,"max_hp_loss":4.0,"gold_gain":0.0,"event_name":"Winding Halls","player_choice":"Max HP","floor":36.0,"gold_loss":0.0,"damage_taken":0.0},{"damage_healed":0.0,"max_hp_gain":0.0,"max_hp_loss":0.0,"gold_gain":0.0,"event_name":"Mysterious Sphere","player_choice":"Fight","floor":37.0,"gold_loss":0.0,"damage_taken":0.0},{"cards_removed":["PokerPlayerMod:TrumpStrike"],"damage_healed":0.0,"max_hp_gain":0.0,"max_hp_loss":0.0,"gold_gain":0.0,"event_name":"Falling","player_choice":"Removed Attack","floor":38.0,"gold_loss":0.0,"damage_taken":0.0},{"damage_healed":0.0,"max_hp_gain":0.0,"max_hp_loss":0.0,"gold_gain":0.0,"event_name":"Tomb of Lord Red Mask","player_choice":"Paid","floor":47.0,"gold_loss":40.0,"damage_taken":0.0,"relics_obtained":["Red Mask"]}],"is_beta":false,"boss_relics":[{"not_picked":["Sozu","Tiny House"],"picked":"Philosopher\u0027s Stone"},{"not_picked":["SacredBark","PokerPlayerMod:AceCard"],"picked":"Empty Cage"}],"items_purged_floors":[2,22,24,41,46],"is_endless":false,"potions_floor_spawned":[1,5,11,19,23,33,35,37,40,54],"ascension_level":10}}