{"host":"a1u4jo6xlg3w0wsm","time":1610801581,"event":{"mods":["BaseMod","Better Third Choice","DeckTracker","Downfall","Hermit","Hubris","Minty Spire (QoL Compilation)","Rare Cards Sparkle","Replay The Spire","StSLib","The Cursed"],"gold_per_floor":[119,119,137,137,162,162,200,215,215,215,233,233,271,271,271,397,397,420,420,420,3,16,16,50,50,50,59,59,59,77,86,114,139,139,139,139],"floor_reached":35,"playtime":1634,"items_purged":["hermit:Defend_Hermit"],"score":337,"play_id":"6f1fc90a-105e-44df-a709-82db3e46ee13","local_time":"20210117015301","is_ascension_mode":true,"campfire_choices":[{"data":"hermit:Roulette","floor":6.0,"key":"SMITH"},{"floor":10.0,"key":"REST"},{"floor":15.0,"key":"REST"},{"data":"1","floor":23.0,"key":"LIFT"},{"floor":27,"key":"REST"},{"floor":31,"key":"REST"},{"data":"2","floor":34,"key":"LIFT"}],"circlet_count":0,"master_deck":["hermit:Strike_Hermit+1","hermit:Strike_Hermit+1","hermit:Strike_Hermit+1","hermit:Strike_Hermit+1","hermit:Snapshot","hermit:Covet","hermit:Roulette+1","Injury","Pain","hermit:Magnum","hermit:LoneWolf","hermit:Grudge","hermit:FatalDesire","CurseOfTheBell","hermit:Vantage","hermit:Feint","hermit:BodyArmor+1","hermit:LowProfile+1","hermit:Roulette","hermit:Horror","hermit:Gestalt","hermit:Dive+1","hermit:Feint+1"],"relics":["hermit:Momento","NeowsBlessing","Bloody Idol","WarpedTongs","Pantograph","StrikeDummy","hubris:Towel","Girya","Calling Bell","Dream Catcher","hubris:BundleOfHerbs","Replay:Bottled Eggs","Tiny Chest","Mummified Hand","Lantern","CeramicFish","PreservedInsect"],"acts_visited":["Exordium","TheCity"],"potions_floor_usage":[32,32,35,35,35],"damage_taken":[{"damage":0.0,"enemies":"Cultist","floor":1.0,"turns":1.0},{"damage":0.0,"enemies":"2 Louse","floor":3.0,"turns":1.0},{"damage":0.0,"enemies":"Jaw Worm","floor":5.0,"turns":2.0},{"damage":47.0,"enemies":"Lagavulin","floor":7.0,"turns":6.0},{"damage":6.0,"enemies":"Red Slaver","floor":8.0,"turns":2.0},{"damage":6.0,"enemies":"Looter","floor":11.0,"turns":2.0},{"damage":32.0,"enemies":"3 Sentries","floor":13.0,"turns":6.0},{"damage":61.0,"enemies":"The Guardian","floor":16.0,"turns":9.0},{"damage":21.0,"enemies":"Shell Parasite","floor":18.0,"turns":3.0},{"damage":22.0,"enemies":"2 Thieves","floor":22.0,"turns":4.0},{"damage":44,"enemies":"Slavers","floor":24,"turns":3},{"damage":27,"enemies":"Snake Plant","floor":32,"turns":5},{"damage":87,"enemies":"Collector","floor":35,"turns":10}],"seed_played":"861650982960004472","potions_obtained":[{"floor":1.0,"key":"Fruit Juice"},{"floor":7.0,"key":"SneckoOil"},{"floor":13.0,"key":"Energy Potion"},{"floor":16.0,"key":"Toxic Potion"},{"floor":18.0,"key":"LiquidMemories"},{"floor":22.0,"key":"EssenceOfSteel"},{"floor":32,"key":"EntropicBrew"}],"is_trial":false,"path_per_floor":["M","?","M","?","M","R","E","M","T","R","M","?","E","?","R","B",null,"M","T","?","$","M","R","E","$","T","R","PTL","PTL","?","R","M","T","R","B"],"character_chosen":"HERMIT","items_purchased":["Mummified Hand","hermit:Vantage","hermit:Feint"],"campfire_rested":4,"item_purchase_floors":[21,21,21],"current_hp_per_floor":[80,80,80,80,80,80,33,27,27,51,45,45,13,13,37,1,80,65,65,65,65,53,53,14,14,14,43,43,43,53,80,78,80,80,0,0],"gold":139,"neow_bonus":"THREE_ENEMY_KILL","is_daily":false,"chose_seed":false,"campfire_upgraded":1,"win_rate":0.0,"timestamp":1610801581,"path_taken":["M","?","M","?","M","R","E","?","T","R","M","?","E","?","R","BOSS","M","?","?","?","M","R","E","$","T","R","PTL","PTL","?","R","M","?","R","BOSS"],"items_purchased_type":["Relic","Card","Card"],"build_version":"2020-12-13","purchased_purges":1,"victory":false,"max_hp_per_floor":[80,80,80,80,80,80,80,80,80,80,80,80,80,80,80,80,80,80,80,80,80,80,80,80,80,80,80,80,80,80,80,80,80,80,80,80],"card_choices":[{"not_picked":["hermit:Scavenge","hermit:Snipe"],"picked":"hermit:Roulette","floor":1.0},{"not_picked":["hermit:Snipe","hermit:Coalescence","hermit:Manifest"],"picked":"SKIP","floor":3.0},{"not_picked":["hermit:Misfire","hermit:HoleUp","hermit:FlashPowder"],"picked":"SKIP","floor":5.0},{"not_picked":["hermit:Vantage","hermit:SprayPray"],"picked":"hermit:Magnum","floor":7.0},{"not_picked":["hermit:Misfire","hermit:Cheat","hermit:TrackingShot"],"picked":"SKIP","floor":8.0},{"not_picked":["hermit:HoleUp","hermit:BodyArmor"],"picked":"hermit:LoneWolf","floor":11.0},{"not_picked":["hermit:HoleUp","hermit:Shortfuse"],"picked":"hermit:Grudge","floor":13.0},{"not_picked":["hermit:BlackWind","hermit:Gambit"],"picked":"hermit:FatalDesire","floor":16.0},{"not_picked":["hermit:CalledShot","hermit:TakeCover","hermit:Snipe"],"picked":"SKIP","floor":18.0},{"not_picked":["hermit:SprayPray","hermit:Feint"],"picked":"hermit:BodyArmor+1","floor":22.0},{"not_picked":["hermit:HoleUp","hermit:Desperado+1"],"picked":"hermit:LowProfile+1","floor":24},{"not_picked":["hermit:Shortfuse","hermit:Brawl"],"picked":"hermit:Roulette","floor":27},{"not_picked":["hermit:Desperado","hermit:LowProfile"],"picked":"hermit:Dive+1","floor":31},{"not_picked":["hermit:GoldenBullet","hermit:Headshot"],"picked":"hermit:Feint+1","floor":32}],"player_experience":347716,"relics_obtained":[{"floor":7.0,"key":"Pantograph"},{"floor":9.0,"key":"StrikeDummy"},{"floor":13.0,"key":"Girya"},{"floor":17.0,"key":"Dream Catcher"},{"floor":17.0,"key":"hubris:BundleOfHerbs"},{"floor":17.0,"key":"Replay:Bottled Eggs"},{"floor":19.0,"key":"Tiny Chest"},{"floor":24,"key":"Lantern"},{"floor":26,"key":"CeramicFish"},{"floor":33,"key":"PreservedInsect"}],"event_choices":[{"damage_healed":0.0,"max_hp_gain":0.0,"max_hp_loss":0.0,"gold_gain":0.0,"event_name":"Golden Idol","player_choice":"Take Wound","floor":2.0,"gold_loss":0.0,"damage_taken":0.0,"relics_obtained":["Golden Idol"],"cards_obtained":["Injury"]},{"damage_healed":0.0,"max_hp_gain":0.0,"max_hp_loss":0.0,"gold_gain":0.0,"event_name":"Accursed Blacksmith","player_choice":"Rummage","floor":4.0,"gold_loss":0.0,"damage_taken":0.0,"relics_obtained":["WarpedTongs"],"cards_obtained":["Pain"]},{"cards_removed":["hermit:Defend_Hermit"],"damage_healed":0.0,"max_hp_gain":0.0,"max_hp_loss":0.0,"gold_gain":0.0,"event_name":"Purifier","player_choice":"Purged","floor":14.0,"gold_loss":0.0,"damage_taken":0.0},{"damage_healed":0.0,"max_hp_gain":0.0,"max_hp_loss":0.0,"gold_gain":0.0,"event_name":"Forgotten Altar","player_choice":"Gave Idol","floor":20.0,"relics_lost":["Golden Idol"],"gold_loss":0.0,"damage_taken":0.0,"relics_obtained":["Bloody Idol"]},{"damage_healed":0,"gold_gain":0,"cards_transformed":["hermit:Defend_Hermit","hermit:Defend_Hermit"],"player_choice":"Became Test Subject","damage_taken":0,"max_hp_gain":0,"max_hp_loss":0,"event_name":"Drug Dealer","floor":30,"gold_loss":0,"cards_obtained":["hermit:Horror","hermit:Gestalt"]}],"is_beta":false,"boss_relics":[{"not_picked":["Replay:Grab Bag","ChewingGum"],"picked":"Calling Bell"}],"items_purged_floors":[21],"is_endless":false,"potions_floor_spawned":[1,7,13,16,18,22,32],"killed_by":"Collector","ascension_level":4}}