{"host":"t7mx8yfj1no5p62f","time":1610777621,"event":{"mods":["BaseMod","Bestiary","Colored Map","Colored Powertips","Minty Spire (QoL Compilation)","Relic Stats","StSLib","ojb\u0027s Info Mod"],"gold_per_floor":[112,112,123,141,158,158,168,168,195,195,210,237,249,288,300,386,398,424,38,52,70,82,82,109,122,122,122,122,7,7,7,7],"floor_reached":31,"language":"ENG","playtime":1276,"items_purged":["Defend_B"],"score":534,"play_id":"01557a00-2cd7-45c1-a1b8-aef279909af8","local_time":"20210116011341","is_ascension_mode":true,"campfire_choices":[{"data":"Defragment","floor":6,"key":"SMITH"},{"data":"Streamline","floor":8,"key":"SMITH"},{"data":"Loop","floor":10,"key":"SMITH"},{"data":"Ball Lightning","floor":13,"key":"SMITH"},{"data":"Seek","floor":15,"key":"SMITH"},{"floor":23,"key":"REST"},{"data":"Amplify","floor":27,"key":"SMITH"}],"circlet_count":0,"master_deck":["AscendersBane","Defend_B","Zap","Dualcast","Coolheaded","Streamline+1","Defragment+1","Loop+1","Ball Lightning+1","Seek+1","Amplify+1","Core Surge+1","Rebound+1","Conserve Battery+1","Aggregate","Doom and Gloom","FTL","Chill","Necronomicurse","Conserve Battery","Turbo","Heatsinks","Hyperbeam"],"relics":["Runic Pyramid","Happy Flower","MawBank","Potion Belt","Astrolabe","Ice Cream","Smiling Mask","Lantern","Necronomicon"],"acts_visited":["Exordium","TheCity"],"potions_floor_usage":[5,12,14,24,24],"damage_taken":[{"damage":0,"enemies":"Cultist","floor":1,"turns":3},{"damage":5,"enemies":"Small Slimes","floor":3,"turns":3},{"damage":0,"enemies":"2 Louse","floor":4,"turns":3},{"damage":0,"enemies":"2 Fungi Beasts","floor":5,"turns":4},{"damage":7,"enemies":"Looter","floor":7,"turns":4},{"damage":9,"enemies":"Large Slime","floor":11,"turns":8},{"damage":8,"enemies":"Gremlin Nob","floor":12,"turns":3},{"damage":11,"enemies":"3 Sentries","floor":14,"turns":6},{"damage":7,"enemies":"Hexaghost","floor":16,"turns":9},{"damage":0,"enemies":"Chosen","floor":18,"turns":5},{"damage":10,"enemies":"Spheric Guardian","floor":20,"turns":5},{"damage":23,"enemies":"Shelled Parasite and Fungi","floor":21,"turns":6},{"damage":7,"enemies":"Centurion and Healer","floor":22,"turns":6},{"damage":16,"enemies":"Gremlin Leader","floor":24,"turns":9},{"damage":0,"enemies":"Chosen and Byrds","floor":25,"turns":5},{"damage":5,"enemies":"Shelled Parasite and Fungi","floor":31,"turns":1}],"seed_played":"-3621556330020393103","potions_obtained":[{"floor":4,"key":"DistilledChaos"},{"floor":5,"key":"SteroidPotion"},{"floor":7,"key":"LiquidMemories"},{"floor":12,"key":"PowerPotion"},{"floor":22,"key":"Weak Potion"},{"floor":24,"key":"SteroidPotion"}],"is_trial":false,"path_per_floor":["M","?","M","M","M","R","M","R","T","R","M","E","R","E","R","B",null,"M","$","M","M","M","R","E","M","T","R","?","$","?","M"],"character_chosen":"DEFECT","items_purchased":["Ice Cream","Conserve Battery","Turbo"],"campfire_rested":1,"item_purchase_floors":[19,29,29],"current_hp_per_floor":[64,64,59,59,59,59,52,52,52,52,43,35,35,24,24,17,58,58,58,48,25,18,39,23,23,23,23,2,2,2,0,0],"gold":7,"neow_bonus":"BOSS_RELIC","is_daily":false,"chose_seed":false,"campfire_upgraded":6,"win_rate":0.0,"timestamp":1610777621,"path_taken":["M","?","M","M","M","R","?","R","T","R","M","E","R","E","R","BOSS","M","$","M","M","M","R","E","M","T","R","?","$","?","M"],"items_purchased_type":["Relic","Card","Card"],"build_version":"2020-12-22","purchased_purges":1,"victory":false,"max_hp_per_floor":[71,71,71,71,71,71,71,71,71,71,71,71,71,71,71,71,71,71,71,71,71,71,71,71,71,71,71,71,71,71,71,71],"relic_stats":{"Happy Flower":[21],"counters":[16,80],"Astrolabe":["Core Surge","Rebound","Conserve Battery"],"Necronomicon":[0],"MawBank":84,"Smiling Mask":0,"obtain_stats":[{"Potion Belt":14,"Ice Cream":19,"Lantern":26,"Happy Flower":9,"Astrolabe":17,"Necronomicon":28,"Cracked Core":0,"MawBank":12,"Smiling Mask":24,"Runic Pyramid":0},{"Potion Belt":8,"Ice Cream":10,"Lantern":15,"Happy Flower":5,"Astrolabe":9,"Necronomicon":15,"Cracked Core":0,"MawBank":7,"Smiling Mask":14,"Runic Pyramid":0},{"Potion Belt":34,"Ice Cream":48,"Lantern":79,"Happy Flower":17,"Astrolabe":43,"Necronomicon":79,"Cracked Core":0,"MawBank":28,"Smiling Mask":74,"Runic Pyramid":0}]},"card_choices":[{"not_picked":["Heatsinks","Hologram"],"picked":"Coolheaded","floor":1},{"not_picked":["Self Repair","Chill"],"picked":"Streamline","floor":3},{"not_picked":["Barrage","Redo","Hologram"],"picked":"SKIP","floor":4},{"not_picked":["Sweeping Beam","Scrape"],"picked":"Defragment","floor":5},{"not_picked":["Blizzard","Go for the Eyes"],"picked":"Loop","floor":7},{"not_picked":["Storm","Rip and Tear"],"picked":"Ball Lightning","floor":11},{"not_picked":["Sweeping Beam","Loop","Heatsinks"],"picked":"SKIP","floor":12},{"not_picked":["Cold Snap","Compile Driver"],"picked":"Seek","floor":14},{"not_picked":["Rainbow","Meteor Strike"],"picked":"Amplify","floor":16},{"not_picked":["Redo","Turbo+1"],"picked":"Aggregate","floor":18},{"not_picked":["Streamline","Sweeping Beam","Undo"],"picked":"SKIP","floor":20},{"not_picked":["Ball Lightning","Go for the Eyes","Conserve Battery"],"picked":"SKIP","floor":21},{"not_picked":["Cold Snap","Streamline"],"picked":"Doom and Gloom","floor":22},{"not_picked":["Thunder Strike","Stack"],"picked":"FTL","floor":24},{"not_picked":["Rebound+1","Cold Snap"],"picked":"Chill","floor":25}],"player_experience":1776559,"relics_obtained":[{"floor":9,"key":"Happy Flower"},{"floor":12,"key":"MawBank"},{"floor":14,"key":"Potion Belt"},{"floor":24,"key":"Smiling Mask"},{"floor":26,"key":"Lantern"},{"floor":28,"key":"Necronomicon"}],"event_choices":[{"cards_removed":["Strike_B"],"damage_healed":0,"gold_gain":0,"player_choice":"Purged","damage_taken":0,"max_hp_gain":0,"max_hp_loss":0,"event_name":"Purifier","floor":2,"gold_loss":0},{"damage_healed":0,"gold_gain":0,"player_choice":"Obtained Book","damage_taken":21,"max_hp_gain":0,"max_hp_loss":0,"event_name":"Cursed Tome","floor":28,"gold_loss":0},{"damage_healed":0,"gold_gain":0,"cards_transformed":["Defend_B","Defend_B"],"player_choice":"Became Test Subject","damage_taken":0,"max_hp_gain":0,"max_hp_loss":0,"event_name":"Drug Dealer","floor":30,"gold_loss":0,"cards_obtained":["Heatsinks","Hyperbeam"]}],"is_beta":false,"boss_relics":[{"not_picked":["Philosopher\u0027s Stone","Snecko Eye"],"picked":"Astrolabe"}],"items_purged_floors":[19],"is_endless":false,"potions_floor_spawned":[4,5,7,12,22,24],"killed_by":"Shelled Parasite and Fungi","ascension_level":20}}