{"host":"avjwtc49fhlk6kym","time":1610825396,"event":{"mods":["AchievementEnabler","BaseMod","Better Match","Better Note","Better Third Choice","Colored Map","Colored Powertips","Displayed Cursed Tome","Highlight Path","Minty Spire (QoL Compilation)","Permanent Neow","Quick Restart","StSLib"],"gold_per_floor":[12,12,31,31,54,94,94,138,192,216,216,44,68,143,143,273,273,294,294,313,19,39,39,39,39,39,58,81,105,123,38,38,159,159,182,29,29,29,53,53,74,74,74,74,74,89,89,89,89,89,89],"floor_reached":50,"language":"ENG","playtime":1956,"items_purged":["SignatureMove"],"score":454,"play_id":"e7185074-e291-4dc6-8e7c-a647d122130d","local_time":"20210116142956","is_ascension_mode":false,"campfire_choices":[{"floor":7.0,"key":"REST"},{"floor":11.0,"key":"REST"},{"data":"Apotheosis","floor":15.0,"key":"SMITH"},{"floor":23.0,"key":"REST"},{"data":"Trip","floor":25.0,"key":"SMITH"},{"floor":32.0,"key":"REST"},{"data":"CrushJoints","floor":40.0,"key":"SMITH"},{"data":"ForeignInfluence","floor":42.0,"key":"SMITH"},{"data":"Eruption","floor":45.0,"key":"SMITH"},{"data":"Devotion","floor":47.0,"key":"SMITH"},{"floor":49.0,"key":"REST"}],"circlet_count":0,"master_deck":["Eruption+1","Vigilance","Apotheosis+1","BowlingBash","Intimidate+1","ThirdEye","Protect","CrushJoints","Trip+1","FollowUp","BowlingBash","FollowUp","Devotion","BowlingBash","Vengeance","DevaForm","Adaptation","DeusExMachina","ClearTheMind","Devotion+1","Conclude","FlyingSleeves+1","ForeignInfluence+1","Consecrate","Ragnarok","ThirdEye+1","MasterReality+1","CrushJoints+1","ClearTheMind","FollowUp+1","Madness","Madness"],"relics":["Golden Idol","Ancient Tea Set","Akabeko","Pear","Regal Pillow","Pandora\u0027s Box","Nloth\u0027s Gift","Juzu Bracelet","Frozen Egg 2","Empty Cage","Anchor","Molten Egg 2"],"acts_visited":["Exordium","TheCity","TheBeyond"],"potions_floor_usage":[50],"damage_taken":[{"damage":0.0,"enemies":"Jaw Worm","floor":1.0,"turns":2.0},{"damage":0.0,"enemies":"Small Slimes","floor":3.0,"turns":2.0},{"damage":0.0,"enemies":"Cultist","floor":5.0,"turns":4.0},{"damage":32.0,"enemies":"Lagavulin","floor":6.0,"turns":5.0},{"damage":12.0,"enemies":"3 Sentries","floor":8.0,"turns":7.0},{"damage":6.0,"enemies":"2 Fungi Beasts","floor":10.0,"turns":3.0},{"damage":0.0,"enemies":"Gremlin Gang","floor":13.0,"turns":4.0},{"damage":26.0,"enemies":"Hexaghost","floor":16.0,"turns":10.0},{"damage":21.0,"enemies":"Spheric Guardian","floor":18.0,"turns":4.0},{"damage":5.0,"enemies":"3 Byrds","floor":20.0,"turns":5.0},{"damage":20.0,"enemies":"Centurion and Healer","floor":22.0,"turns":6.0},{"damage":6.0,"enemies":"Chosen and Byrds","floor":27.0,"turns":3.0},{"damage":9.0,"enemies":"Snake Plant","floor":28.0,"turns":3.0},{"damage":37.0,"enemies":"Shelled Parasite and Fungi","floor":29.0,"turns":5.0},{"damage":0.0,"enemies":"Snecko","floor":30.0,"turns":3.0},{"damage":31.0,"enemies":"Champ","floor":33.0,"turns":7.0},{"damage":33.0,"enemies":"Orb Walker","floor":35.0,"turns":5.0},{"damage":0.0,"enemies":"3 Shapes","floor":39.0,"turns":3.0},{"damage":17.0,"enemies":"Jaw Worm Horde","floor":41.0,"turns":3.0},{"damage":2.0,"enemies":"Transient","floor":44.0,"turns":4.0},{"damage":6.0,"enemies":"Spire Growth","floor":46.0,"turns":3.0},{"damage":91,"enemies":"Time Eater","floor":50,"turns":5}],"seed_played":"-8142251748755930373","potions_obtained":[{"floor":1.0,"key":"BlessingOfTheForge"},{"floor":6.0,"key":"Regen Potion"},{"floor":16.0,"key":"Ancient Potion"},{"floor":22.0,"key":"DistilledChaos"},{"floor":27.0,"key":"SmokeBomb"},{"floor":28.0,"key":"SkillPotion"},{"floor":29.0,"key":"Swift Potion"},{"floor":30.0,"key":"BottledMiracle"},{"floor":39.0,"key":"BlessingOfTheForge"},{"floor":41.0,"key":"BlessingOfTheForge"},{"floor":46.0,"key":"DuplicationPotion"}],"is_trial":false,"path_per_floor":["M","?","M","?","M","E","R","E","T","M","R","$","M","?","R","B",null,"M","?","M","$","M","R","?","R","T","M","M","M","M","?","R","B",null,"M","$","?","?","M","R","M","R","T","M","R","M","R","?","R","B"],"character_chosen":"WATCHER","items_purchased":["Trip","FollowUp","BowlingBash","Juzu Bracelet","Conclude","Anchor"],"campfire_rested":5,"item_purchase_floors":[12,12,12,21,21,36],"current_hp_per_floor":[72,54,54,37,37,5,26,39,39,33,72,72,72,61,61,35,82,61,61,56,56,36,75,75,75,75,69,60,23,23,23,62,31,82,49,49,82,82,82,82,65,65,65,63,63,57,57,47,82,0,0],"gold":89,"neow_bonus":"RANDOM_COLORLESS_2","is_daily":false,"chose_seed":false,"campfire_upgraded":6,"win_rate":0.0,"timestamp":1610825396,"path_taken":["M","?","M","?","M","E","R","E","T","?","R","$","M","?","R","BOSS","M","?","?","$","M","R","?","R","T","M","M","M","M","?","R","BOSS","M","$","?","?","M","R","M","R","T","M","R","M","R","?","R","BOSS"],"items_purchased_type":["Card","Card","Card","Relic","Card","Relic"],"build_version":"2020-12-22","purchased_purges":1,"victory":false,"max_hp_per_floor":[72,72,72,72,72,72,72,82,82,82,82,82,82,82,82,82,82,82,82,82,82,82,82,82,82,82,82,82,82,82,82,82,82,82,82,82,82,82,82,82,82,82,82,82,82,82,82,82,82,82,82],"card_choices":[{"not_picked":["Secret Technique","HandOfGreed"],"picked":"Apotheosis","floor":0.0},{"not_picked":["Nirvana","ClearTheMind"],"picked":"BowlingBash","floor":1.0},{"not_picked":["FlyingSleeves","Prostrate"],"picked":"CutThroughFate","floor":3.0},{"not_picked":["EmptyBody","Prostrate"],"picked":"ThirdEye","floor":5.0},{"not_picked":["Adaptation","Halt"],"picked":"Protect","floor":6.0},{"not_picked":["Crescendo","JustLucky"],"picked":"WaveOfTheHand","floor":8.0},{"not_picked":["EmptyMind","PathToVictory"],"picked":"CrushJoints","floor":10.0},{"not_picked":["Consecrate","Perseverance"],"picked":"FollowUp","floor":13.0},{"not_picked":["Brilliance","DeusExMachina"],"picked":"Devotion","floor":16.0},{"not_picked":["SashWhip","Crescendo+1"],"picked":"ClearTheMind","floor":18.0},{"not_picked":["CutThroughFate+1","ConjureBlade"],"picked":"Devotion","floor":20.0},{"not_picked":["JustLucky","EmptyFist"],"picked":"FlyingSleeves+1","floor":22.0},{"not_picked":["Devotion","CutThroughFate"],"picked":"ForeignInfluence","floor":27.0},{"not_picked":["JustLucky+1","DeceiveReality"],"picked":"Consecrate","floor":28.0},{"not_picked":["SashWhip","CrushJoints"],"picked":"Ragnarok","floor":29.0},{"not_picked":["Meditate","MentalFortress+1"],"picked":"ThirdEye+1","floor":30.0},{"not_picked":["SpiritShield","Blasphemy"],"picked":"MasterReality+1","floor":33.0},{"not_picked":["Weave+1","SashWhip+1"],"picked":"CrushJoints","floor":35.0},{"not_picked":["Indignation+1","FlurryOfBlows"],"picked":"ClearTheMind","floor":39.0},{"not_picked":["Meditate+1","FlyingSleeves"],"picked":"FollowUp+1","floor":41.0},{"not_picked":["FlurryOfBlows+1","Crescendo","EmptyFist+1"],"picked":"SKIP","floor":46.0}],"player_experience":390609,"relics_obtained":[{"floor":6.0,"key":"Akabeko"},{"floor":8.0,"key":"Pear"},{"floor":9.0,"key":"Regal Pillow"},{"floor":43.0,"key":"Molten Egg 2"}],"event_choices":[{"damage_healed":0.0,"max_hp_gain":0.0,"max_hp_loss":0.0,"gold_gain":0.0,"event_name":"Golden Idol","player_choice":"Take Damage","floor":2.0,"gold_loss":0.0,"damage_taken":18.0,"relics_obtained":["Golden Idol"]},{"damage_healed":0.0,"max_hp_gain":0.0,"max_hp_loss":0.0,"gold_gain":75.0,"event_name":"betterThird:BetterGoop","player_choice":"Gold","floor":14.0,"gold_loss":0.0,"damage_taken":11.0},{"damage_healed":0.0,"max_hp_gain":0.0,"max_hp_loss":0.0,"gold_gain":0.0,"event_name":"N\u0027loth","player_choice":"Traded Relic","floor":19.0,"relics_lost":["PureWater"],"gold_loss":0.0,"damage_taken":0.0,"relics_obtained":["Nloth\u0027s Gift"]},{"cards_removed":["Blasphemy"],"damage_healed":0.0,"max_hp_gain":0.0,"max_hp_loss":0.0,"gold_gain":0.0,"event_name":"betterNote:BetterNote","player_choice":"Give","floor":24.0,"gold_loss":0.0,"damage_taken":0.0,"cards_obtained":["Strike_P"]},{"damage_healed":0.0,"max_hp_gain":0.0,"max_hp_loss":0.0,"gold_gain":0.0,"event_name":"Addict","player_choice":"Obtained Relic","floor":31.0,"gold_loss":85.0,"damage_taken":0.0,"relics_obtained":["Frozen Egg 2"]},{"cards_removed":["Indignation"],"damage_healed":33.0,"max_hp_gain":0.0,"max_hp_loss":0.0,"gold_gain":0.0,"event_name":"Bonfire Elementals","player_choice":"Offered Uncommon","floor":37.0,"gold_loss":0.0,"damage_taken":0.0},{"cards_removed":["CutThroughFate"],"damage_healed":0.0,"max_hp_gain":0.0,"max_hp_loss":0.0,"gold_gain":0.0,"event_name":"Falling","player_choice":"Removed Attack","floor":38.0,"gold_loss":0.0,"damage_taken":0.0},{"damage_healed":0.0,"max_hp_gain":0.0,"max_hp_loss":0.0,"gold_gain":0.0,"event_name":"Winding Halls","player_choice":"Embrace Madness","floor":48.0,"gold_loss":0.0,"damage_taken":10.0,"cards_obtained":["Madness","Madness"]}],"is_beta":false,"boss_relics":[{"not_picked":["Fusion Hammer","Snecko Eye"],"picked":"Pandora\u0027s Box"},{"not_picked":["VioletLotus","Coffee Dripper"],"picked":"Empty Cage"}],"items_purged_floors":[21],"is_endless":false,"potions_floor_spawned":[1,6,16,22,27,28,29,30,39,41,46],"killed_by":"Time Eater","ascension_level":0}}