{"host":"pnw33a014vs8wril","time":1610809533,"event":{"mods":["BaseMod","Downfall","Highlight Path","Minty Spire (QoL Compilation)","StSLib"],"gold_per_floor":[99,119,138,138,156,156,183,183,83,113,23,23,23,33,47,144,144,44,60,60,71,103,130,130,130,142,142,35,35,45,77,90,192,192,192,241,126,126,24,24,24,24,57,57,57,57,57,71,89,89],"floor_reached":51,"language":"ENG","playtime":3659,"items_purged":["Guardian:Strike_Guardian","downfall:Malfunctioning"],"score":759,"play_id":"0c9b3ad8-270a-44ce-a963-34db07c17cbc","local_time":"20210116160533","is_ascension_mode":false,"campfire_choices":[{"data":"Flash of Steel","floor":1,"key":"SMITH"},{"floor":6,"key":"RECALL"},{"data":"Guardian:Planning","floor":9,"key":"SMITH"},{"data":"Guardian:DecasProtection","floor":13,"key":"SMITH"},{"data":"Guardian:Orbwalk","floor":18,"key":"SMITH"},{"data":"Guardian:FuturePlans","floor":25,"key":"SMITH"},{"data":"Guardian:TemporalShield","floor":27,"key":"SMITH"},{"data":"Guardian:TimeSifter","floor":29,"key":"SMITH"},{"data":"Guardian:StasisField","floor":35,"key":"SMITH"},{"data":"expansioncontent:QuickStudy","floor":40,"key":"SMITH"},{"data":"Guardian:TemporalShield","floor":42,"key":"SMITH"},{"data":"Guardian:PiercingHide","floor":46,"key":"SMITH"}],"circlet_count":0,"master_deck":["Guardian:TwinSlam+1","Flash of Steel+1","Guardian:Planning+1","Guardian:BodySlam+1","Guardian:TemporalShield+1","Guardian:DecasProtection+1","Guardian:Orbwalk+1","Guardian:PiercingHide+1","Guardian:TimeSifter+1","Guardian:Clone","Guardian:Clone","Guardian:FuturePlans+1","Guardian:StasisField+1","Guardian:ShieldCharger+1","Guardian:DecasProtection+1","Guardian:Planning+1","Guardian:Orbwalk+1","Guardian:FloatingOrbs+1","Guardian:TemporalShield+1","Guardian:FloatingOrbs+1","Guardian:PiercingHide+1","expansioncontent:QuickStudy+1","Guardian:BodySlam+1","expansioncontent:LastStand+1"],"relics":["Guardian:ModeShifter","Vajra","downfall:HeartBlessingRed","Guardian:SackOfGems","Thread and Needle","Pandora\u0027s Box","downfall:HeartBlessingGreen","Red Mask","Frozen Egg 2","Centennial Puzzle","Whetstone","Sozu","Incense Burner","Membership Card","Kunai","Happy Flower","Pear"],"acts_visited":["Exordium","TheCity","TheBeyond"],"potions_floor_usage":[14,22,22,33,33,33],"damage_taken":[{"damage":1,"enemies":"Cultist","floor":2,"turns":3},{"damage":7,"enemies":"2 Louse","floor":3,"turns":3},{"damage":5,"enemies":"Small Slimes","floor":5,"turns":4},{"damage":13,"enemies":"3 Sentries","floor":10,"turns":8},{"damage":10,"enemies":"downfall:FleeingMerchant","floor":11,"turns":4},{"damage":0,"enemies":"2 Fungi Beasts","floor":14,"turns":3},{"damage":2,"enemies":"Large Slime","floor":15,"turns":5},{"damage":21,"enemies":"SI_SHIV_ARCHETYPE","floor":16,"turns":7},{"damage":0,"enemies":"Spheric Guardian","floor":19,"turns":5},{"damage":8,"enemies":"Shell Parasite","floor":21,"turns":3},{"damage":4,"enemies":"Masked Bandits","floor":22,"turns":5},{"damage":22,"enemies":"Slavers","floor":23,"turns":7},{"damage":2,"enemies":"Centurion and Healer","floor":26,"turns":5},{"damage":0,"enemies":"downfall:FleeingMerchant","floor":28,"turns":4},{"damage":13,"enemies":"Snecko","floor":30,"turns":4},{"damage":3,"enemies":"Book of Stabbing","floor":31,"turns":4},{"damage":0,"enemies":"3 Cultists","floor":32,"turns":4},{"damage":0,"enemies":"IC_MUSHROOM_ARCHETYPE","floor":33,"turns":5},{"damage":20,"enemies":"2 Orb Walkers","floor":36,"turns":4},{"damage":0,"enemies":"downfall:FleeingMerchant","floor":37,"turns":4},{"damage":0,"enemies":"downfall:FleeingMerchant","floor":39,"turns":4},{"damage":0,"enemies":"Nemesis","floor":43,"turns":5},{"damage":0,"enemies":"3 Shapes","floor":48,"turns":5},{"damage":0,"enemies":"3 Darklings","floor":49,"turns":3},{"damage":10,"enemies":"WA_ARCHETYPE_DIVINITY","floor":50,"turns":7}],"seed_played":"-2335028333503834221","potions_obtained":[{"floor":2,"key":"AttackPotion"},{"floor":3,"key":"EntropicBrew"},{"floor":10,"key":"SpeedPotion"},{"floor":14,"key":"Ancient Potion"},{"floor":23,"key":"hexamod:SoulburnPotion"},{"floor":32,"key":"Guardian:DefensiveModePotion"},{"floor":33,"key":"LiquidMemories"}],"is_trial":false,"path_per_floor":["R","M","M","?","M","R","T","?","R","E","$","?","R","M","M","B",null,"R","M","?","M","?","E","T","R","M","R","$","R","M","E","M","B",null,"R","?","$","?","$","R","T","R","E","?","$","R","$","M","M","B",null],"character_chosen":"GUARDIAN","items_purchased":["Guardian:FloatingOrbs+1","Guardian:TemporalShield","Membership Card","Kunai","Happy Flower","expansioncontent:QuickStudy"],"campfire_rested":0,"item_purchase_floors":[28,28,39,39,39,39],"current_hp_per_floor":[80,79,72,77,72,72,72,72,72,59,49,46,46,46,44,23,85,85,85,69,61,57,35,35,35,33,33,33,33,20,17,17,17,90,90,70,70,70,70,70,70,70,80,80,80,80,80,80,80,70],"gold":89,"neow_bonus":"RANDOM_COLORLESS","is_daily":false,"chose_seed":false,"campfire_upgraded":11,"win_rate":0.0,"timestamp":1610809533,"path_taken":["R","M","M","?","M","R","T","?","R","E","$","?","R","M","M","BOSS","R","M","?","M","?","E","T","R","M","R","$","R","M","E","M","BOSS","R","?","$","?","$","R","T","R","E","?","?","R","$","M","M","BOSS"],"items_purchased_type":["Card","Card","Relic","Relic","Relic","Card"],"build_version":"2020-12-22","purchased_purges":2,"victory":true,"max_hp_per_floor":[80,80,80,85,85,85,85,85,85,85,85,85,85,85,85,85,85,85,85,90,90,90,90,90,90,90,90,90,90,90,90,90,90,90,90,90,90,90,90,90,90,90,100,100,100,100,100,100,100,100],"card_choices":[{"not_picked":["Madness","PanicButton"],"picked":"Flash of Steel","floor":0},{"not_picked":["Guardian:Gem_Blue","Guardian:RollAttack"],"picked":"Guardian:Planning","floor":2},{"not_picked":["Guardian:Clone","Guardian:VentSteam"],"picked":"Guardian:BodySlam","floor":3},{"not_picked":["Guardian:RollAttack","Guardian:Gem_Cyan"],"picked":"Guardian:Gem_White","floor":5},{"not_picked":["Guardian:Reroute","Guardian:Suspension"],"picked":"Guardian:TemporalShield","floor":10},{"not_picked":["Guardian:Suspension","Guardian:Reroute"],"picked":"Guardian:DecasProtection","floor":11},{"not_picked":["Guardian:CrystalBeam","Guardian:Gem_Red"],"picked":"Guardian:Orbwalk","floor":14},{"not_picked":["Guardian:Emergency","Guardian:FuturePlans"],"picked":"Guardian:PiercingHide","floor":15},{"not_picked":["Guardian:ConstructionForm","Guardian:SphericShield"],"picked":"Guardian:TimeSifter","floor":16},{"not_picked":["Guardian:ChargeCore","Guardian:Suspension+1"],"picked":"Guardian:ShieldCharger+1","floor":19},{"not_picked":["Guardian:Gem_Cyan","Guardian:RefractedBeam"],"picked":"Guardian:DecasProtection+1","floor":21},{"not_picked":["Guardian:Suspension","Guardian:Reroute"],"picked":"Guardian:Planning+1","floor":22},{"not_picked":["Guardian:ArmoredProtocol+1","Guardian:ShieldCharger"],"picked":"Guardian:Orbwalk+1","floor":23},{"not_picked":["Guardian:Planning","Guardian:ChargeCore+1","Guardian:WalkerClaw"],"picked":"SKIP","floor":26},{"not_picked":["Guardian:Reroute+1","Guardian:ChargeCore+1","Guardian:CrystalBeam+1"],"picked":"SKIP","floor":28},{"not_picked":["Guardian:CrystalBeam+1","Guardian:ChargeCore","Guardian:Orbwalk+1"],"picked":"SKIP","floor":30},{"not_picked":["Guardian:VentSteam","Guardian:GuardianWhirl","Guardian:GatlingBeam"],"picked":"SKIP","floor":31},{"not_picked":["Guardian:RollAttack","Guardian:TemporalStrike"],"picked":"Guardian:FloatingOrbs+1","floor":32},{"not_picked":["Guardian:Gem_Purple","Guardian:Clone+1"],"picked":"Guardian:PiercingHide+1","floor":36},{"not_picked":["Guardian:ShieldCharger","Guardian:PiercingHide+1","Guardian:RollAttack+1"],"picked":"SKIP","floor":37},{"not_picked":["Guardian:Gem_Green","Guardian:PrismaticBarrier+1","Guardian:WalkerClaw"],"picked":"SKIP","floor":39},{"not_picked":["Guardian:Gem_Green","Guardian:SpikerProtocol+1"],"picked":"Guardian:BodySlam+1","floor":43},{"not_picked":["expansioncontent:Hexaburn+1","expansioncontent:YouAreMine"],"picked":"expansioncontent:LastStand+1","floor":44},{"not_picked":["Guardian:Gem_Green","Guardian:Gem_Lightblue","Guardian:RollAttack"],"picked":"SKIP","floor":48},{"not_picked":["Guardian:Reroute","Guardian:Gem_Green","Guardian:BodySlam"],"picked":"SKIP","floor":49}],"player_experience":949644,"relics_obtained":[{"floor":7,"key":"Vajra"},{"floor":10,"key":"Guardian:SackOfGems"},{"floor":22,"key":"Red Mask"},{"floor":23,"key":"Frozen Egg 2"},{"floor":24,"key":"Centennial Puzzle"},{"floor":31,"key":"Whetstone"},{"floor":36,"key":"Incense Burner"},{"floor":43,"key":"Pear"}],"event_choices":[{"damage_healed":0,"gold_gain":0,"player_choice":"Donut","damage_taken":0,"max_hp_gain":5,"max_hp_loss":0,"event_name":"Big Fish","floor":4,"gold_loss":0},{"damage_healed":0,"gold_gain":0,"player_choice":"Success","damage_taken":3,"relics_obtained":["Thread and Needle"],"max_hp_gain":0,"max_hp_loss":0,"event_name":"Scrap Ooze","floor":12,"gold_loss":0},{"damage_healed":0,"gold_gain":0,"player_choice":"Fought Bandits","damage_taken":0,"max_hp_gain":0,"max_hp_loss":0,"event_name":"Masked Bandits","floor":22,"gold_loss":0},{"damage_healed":0,"gold_gain":0,"player_choice":"Fight","damage_taken":0,"max_hp_gain":0,"max_hp_loss":0,"event_name":"Mysterious Sphere","floor":36,"gold_loss":0},{"cards_removed":["Guardian:CurlUp"],"damage_healed":0,"gold_gain":0,"player_choice":"Removed Skill","damage_taken":0,"max_hp_gain":0,"max_hp_loss":0,"event_name":"Falling","floor":38,"gold_loss":0}],"is_beta":false,"boss_relics":[{"not_picked":["Runic Pyramid","Guardian:StasisSlotReductionRelic"],"picked":"Pandora\u0027s Box"},{"not_picked":["Guardian:ModeShifterPlus","SacredBark"],"picked":"Sozu"}],"items_purged_floors":[11,37],"is_endless":false,"potions_floor_spawned":[2,3,10,14,19,23,32,33,36,48,49],"ascension_level":0}}