{"host":"qqgw5gp46oujbhdl","time":1610773960,"event":{"mods":["Aspiration","BaseMod","BetterRewards","Downfall","Hermit","Infinite Spire","Minty Spire (QoL Compilation)","StSLib","The Death Knight","The Disciple","The Forsaken","The Hierophant","The Servant 0.9.4","The Spell Scribe","The Valiant","TheBandit","TheFirefly","Wandering Minibosses"],"gold_per_floor":[99,118,134,145,320,335,360,360,32,42,42,42,192,210,230,332,332,332,346,346,346,431,331,357,357,370,470,470,60,93,106,120,221,221,221,233,244,257,274,274,274],"floor_reached":40,"language":"POL","playtime":4774,"items_purged":["Doubt","downfall:Icky"],"score":425,"play_id":"060ba7a6-8940-40ea-83b1-74b21ce72fe4","local_time":"20210116061240","is_ascension_mode":false,"campfire_choices":[{"data":"bronze:Replicate","floor":1,"key":"SMITH"},{"data":"bronze:Virus","floor":8,"key":"SMITH"},{"floor":12,"key":"RECALL"},{"data":"bronze:RecursiveStrike","floor":18,"key":"SMITH"},{"data":"bronze:ChosenStrike","floor":23,"key":"SMITH"},{"data":"bronze:Backtrace","floor":25,"key":"SMITH"},{"data":"bronze:AlphaBuild","floor":35,"key":"SMITH"}],"circlet_count":0,"master_deck":["bronze:Strike","bronze:Strike+1","bronze:Strike","bronze:Strike+1","bronze:Defend","bronze:Defend","bronze:Defend","bronze:Defend","bronze:Replicate+1","bronze:Goto","bronze:Backtrace+1","bronze:Iterate","bronze:Virus+1","bronze:Turbo","bronze:ChosenStrike+1","bronze:CloningBeam","bronze:RecursiveStrike+1","bronze:WhirlingStrike+1","theForsaken:PlagueCurse","bronze:Optimize+1","bronze:DelayedSlice","bronze:AlphaBuild+1","bronze:Frontload+1","bronze:Fortify+1","bronze:Repulsor+1"],"relics":["bronze:PlatinumCore","Lantern","aspiration:HummingbirdHeart","Dream Catcher","Chemical X","aspiration:RitualDagger","theForsaken:PlagueMask","downfall:HeartBlessingRed","aspiration:VileToxins","StoneCalendar","bronze:CableSpool","Whetstone","Blood Vial","Sozu"],"acts_visited":["Exordium","TheCity","TheBeyond"],"potions_floor_usage":[9,9,16,31,33,33,33,37],"damage_taken":[{"damage":5,"enemies":"2 Louse","floor":2,"turns":4},{"damage":2,"enemies":"Small Slimes","floor":3,"turns":2},{"damage":0,"enemies":"Jaw Worm","floor":4,"turns":1},{"damage":12,"enemies":"Blue Slaver","floor":6,"turns":2},{"damage":0,"enemies":"downfall:FleeingMerchant","floor":9,"turns":4},{"damage":0,"enemies":"Large Slime","floor":10,"turns":3},{"damage":0,"enemies":"3 Louse","floor":14,"turns":3},{"damage":3,"enemies":"2 Fungi Beasts","floor":15,"turns":2},{"damage":27,"enemies":"IC_STATUS_ARCHETYPE","floor":16,"turns":8},{"damage":0,"enemies":"3 Byrds","floor":19,"turns":4},{"damage":15,"enemies":"Centurion and Healer","floor":26,"turns":3},{"damage":20,"enemies":"downfall:FleeingMerchant","floor":29,"turns":4},{"damage":32,"enemies":"Gremlin Leader","floor":30,"turns":5},{"damage":9,"enemies":"Shelled Parasite and Fungi","floor":31,"turns":2},{"damage":13,"enemies":"Snake Plant","floor":32,"turns":3},{"damage":90,"enemies":"DF_ARCHETYPE_CLAW","floor":33,"turns":7},{"damage":3,"enemies":"Orb Walker","floor":36,"turns":1},{"damage":37,"enemies":"3 Darklings","floor":37,"turns":7},{"damage":21,"enemies":"Sphere and 2 Shapes","floor":38,"turns":4},{"damage":21,"enemies":"Jaw Worm Horde","floor":39,"turns":3},{"damage":60,"enemies":"Nemesis","floor":40,"turns":6}],"seed_played":"-5794490355542390827","potions_obtained":[{"floor":4,"key":"PowerPotion"},{"floor":6,"key":"Block Potion"},{"floor":14,"key":"DistilledChaos"},{"floor":15,"key":"SpeedPotion"},{"floor":26,"key":"SpeedPotion"},{"floor":30,"key":"Weak Potion"},{"floor":31,"key":"BlessingOfTheForge"},{"floor":33,"key":"Block Potion"}],"is_trial":false,"path_per_floor":["R","M","M","M","?","M","T","R","$","M","?","R","?","M","M","B",null,"R","M","AVR","?","?","R","T","R","M","?","T","$","E","M","M","B",null,"R","M","M","M","M","E"],"character_chosen":"THE_AUTOMATON","items_purchased":["aspiration:HummingbirdHeart","bronze:CableSpool","Whetstone"],"campfire_rested":0,"item_purchase_floors":[9,29,29],"current_hp_per_floor":[77,72,70,70,70,58,58,58,58,58,51,51,51,51,48,21,77,77,77,77,77,63,63,63,63,48,48,48,28,76,75,71,15,77,77,77,58,52,44,0,0],"gold":274,"neow_bonus":"TEN_PERCENT_HP_BONUS","is_daily":false,"chose_seed":false,"campfire_upgraded":6,"win_rate":0.0,"timestamp":1610773960,"path_taken":["R","M","M","M","?","M","T","R","$","M","?","R","?","M","M","BOSS","R","M","AVR","?","?","R","T","R","M","?","?","$","E","M","M","BOSS","R","M","M","M","M","E"],"items_purchased_type":["Relic","Relic","Relic"],"build_version":"2020-12-22","purchased_purges":2,"victory":false,"max_hp_per_floor":[77,77,77,77,77,77,77,77,77,77,77,77,77,77,77,77,77,77,77,77,77,77,77,77,77,77,77,77,77,77,77,77,77,77,77,77,77,77,77,77,77],"card_choices":[{"not_picked":["bronze:BitShift","bronze:Boost"],"picked":"bronze:Backtrace","floor":2},{"not_picked":["bronze:WildBeam","bronze:Fortify"],"picked":"bronze:Iterate","floor":3},{"not_picked":["bronze:OilSpill","bronze:BuggyMess"],"picked":"bronze:Virus","floor":4},{"not_picked":["bronze:BitShift","bronze:Return"],"picked":"bronze:Turbo","floor":6},{"not_picked":["bronze:BitShift","bronze:Allocate"],"picked":"bronze:ChosenStrike","floor":9},{"not_picked":["bronze:BugBarrage","bronze:Backtrace","bronze:Overload"],"picked":"SKIP","floor":10},{"not_picked":["bronze:GetLatest","bronze:ForLoop"],"picked":"bronze:CloningBeam","floor":14},{"not_picked":["bronze:BitShift","bronze:DelayedGuard","bronze:Fortify"],"picked":"SKIP","floor":15},{"not_picked":["bronze:Break","bronze:ThunderWave"],"picked":"bronze:RecursiveStrike","floor":16},{"not_picked":["bronze:Overheat","bronze:Turbo+1"],"picked":"bronze:WhirlingStrike+1","floor":19},{"not_picked":["bronze:Shield","bronze:FineTuning","bronze:ThunderWave"],"picked":"SKIP","floor":26},{"not_picked":["bronze:WildBeam+1","bronze:Safeguard+1"],"picked":"bronze:Optimize+1","floor":29},{"not_picked":["bronze:DigitalCarnage","bronze:Turbo"],"picked":"bronze:DelayedSlice","floor":30},{"not_picked":["bronze:BuggyMess","bronze:ItsAFeature","bronze:Philosophize+1"],"picked":"SKIP","floor":31},{"not_picked":["bronze:Return","bronze:FollowUp","bronze:Turbo"],"picked":"SKIP","floor":32},{"not_picked":["bronze:Virus","bronze:FindAndReplace"],"picked":"bronze:AlphaBuild","floor":33},{"not_picked":["bronze:Iterate","bronze:WildBeam"],"picked":"bronze:Frontload+1","floor":36},{"not_picked":["bronze:WhirlingStrike+1","bronze:FineTuning"],"picked":"bronze:Fortify+1","floor":37},{"not_picked":["bronze:NullPointer","bronze:BronzeArmor"],"picked":"bronze:Repulsor+1","floor":38},{"not_picked":["bronze:MaxOutput","bronze:CutThrough+1","bronze:WildBeam+1"],"picked":"SKIP","floor":39}],"player_experience":355993,"relics_obtained":[{"floor":7,"key":"Lantern"},{"floor":24,"key":"aspiration:VileToxins"},{"floor":28,"key":"StoneCalendar"},{"floor":30,"key":"Blood Vial"}],"event_choices":[{"damage_healed":0,"gold_gain":0,"player_choice":"Success","damage_taken":7,"relics_obtained":["Dream Catcher"],"max_hp_gain":0,"max_hp_loss":0,"event_name":"Scrap Ooze","floor":11,"gold_loss":0},{"damage_healed":0,"gold_gain":0,"player_choice":"Obtain Plague Curse","damage_taken":0,"max_hp_gain":0,"max_hp_loss":0,"event_name":"Plague Doctor","floor":21,"gold_loss":0,"cards_obtained":["theForsaken:PlagueCurse"]}],"is_beta":false,"boss_relics":[{"not_picked":["Calling Bell","Coffee Dripper"],"picked":"bronze:PlatinumCore"},{"not_picked":["Velvet Choker","Runic Dome"],"picked":"Sozu"}],"items_purged_floors":[9,20],"is_endless":false,"potions_floor_spawned":[4,6,14,15,26,30,31,33,36,39],"killed_by":"Nemesis","ascension_level":0}}