{"host":"fem9mtxpack7r1py","time":1610771279,"event":{"mods":["BaseMod","Colored Map","Hermit","Marisa????????","Minty Spire (QoL Compilation)","Relic Stats","StSLib","The Cursed","The Disciple","The Servant 0.9.4"],"gold_per_floor":[118,134,152,152,164,164,164,194,221,241,241,241,254,24,24,136,136,158,177,276,276,276],"floor_reached":21,"language":"ENG","playtime":1777,"items_purged":["hermit:Defend_Hermit"],"score":171,"play_id":"83161fab-1a4d-4628-8def-db218f1d4a97","local_time":"20210115232759","is_ascension_mode":false,"campfire_choices":[{"data":"hermit:PistolWhip","floor":6,"key":"SMITH"},{"data":"hermit:TakeAim","floor":11,"key":"SMITH"},{"data":"hermit:Dive","floor":15,"key":"SMITH"}],"circlet_count":0,"master_deck":["hermit:Strike_Hermit","hermit:Defend_Hermit","hermit:Defend_Hermit","hermit:Snapshot","hermit:Covet","hermit:PistolWhip+1","hermit:Enervate","hermit:TakeAim+1","hermit:Brawl","hermit:Dive+1","hermit:Scavenge","hermit:Deadeye","hermit:BlackWind","hermit:HighNoon+1","hermit:GoldenBullet+1","hermit:SprayPray+1","hermit:WideOpen+1","hermit:TakeAim+1"],"relics":["hermit:Momento","Odd Mushroom","Nunchaku","Astrolabe"],"acts_visited":["Exordium","TheCity"],"potions_floor_usage":[8,8,8,16],"damage_taken":[{"damage":0,"enemies":"2 Louse","floor":1,"turns":3},{"damage":4,"enemies":"Small Slimes","floor":2,"turns":4},{"damage":4,"enemies":"Jaw Worm","floor":3,"turns":4},{"damage":6,"enemies":"3 Louse","floor":5,"turns":2},{"damage":13,"enemies":"The Mushroom Lair","floor":8,"turns":4},{"damage":9,"enemies":"Blue Slaver","floor":10,"turns":4},{"damage":0,"enemies":"Large Slime","floor":13,"turns":3},{"damage":23,"enemies":"Hexaghost","floor":16,"turns":8},{"damage":52,"enemies":"3 Byrds","floor":18,"turns":10},{"damage":25,"enemies":"2 Thieves","floor":19,"turns":5},{"damage":10,"enemies":"Shelled Parasite and Fungi","floor":21,"turns":2}],"seed_played":"7763452487681238263","potions_obtained":[{"floor":3,"key":"EntropicBrew"},{"floor":5,"key":"LiquidBronze"},{"floor":10,"key":"BlessingOfTheForge"},{"floor":19,"key":"BlessingOfTheForge"}],"is_trial":false,"path_per_floor":["M","M","M","?","M","R","?","?","T","M","R","?","M","$","R","B",null,"M","M","?","M"],"character_chosen":"HERMIT","items_purchased":["hermit:Scavenge","hermit:Deadeye"],"campfire_rested":0,"item_purchase_floors":[14,14],"current_hp_per_floor":[82,78,74,74,68,68,73,60,60,51,51,44,44,44,44,21,87,35,10,10,0,0],"gold":276,"neow_bonus":"TEN_PERCENT_HP_BONUS","is_daily":false,"chose_seed":false,"campfire_upgraded":3,"win_rate":0.0,"timestamp":1610771279,"path_taken":["M","M","M","?","M","R","?","?","T","M","R","?","M","$","R","BOSS","M","M","?","M"],"items_purchased_type":["Card","Card"],"build_version":"2020-12-22","purchased_purges":1,"victory":false,"max_hp_per_floor":[82,82,82,82,82,82,87,87,87,87,87,87,87,87,87,87,87,87,87,87,87,87],"relic_stats":{"Nunchaku":[5],"counters":[11,49],"Astrolabe":["hermit:HighNoon","hermit:GoldenBullet","hermit:SprayPray"],"obtain_stats":[{"Nunchaku":12,"Astrolabe":17,"Odd Mushroom":8,"hermit:Momento":0},{"Nunchaku":6,"Astrolabe":8,"Odd Mushroom":5,"hermit:Momento":0},{"Nunchaku":21,"Astrolabe":32,"Odd Mushroom":17,"hermit:Momento":0}]},"card_choices":[{"not_picked":["hermit:Dive","hermit:LoneWolf"],"picked":"hermit:PistolWhip","floor":1},{"not_picked":["hermit:LuckOfTheDraw","hermit:Desperado","hermit:CalledShot"],"picked":"SKIP","floor":2},{"not_picked":["hermit:Coalescence","hermit:Desperado"],"picked":"hermit:Enervate","floor":3},{"not_picked":["hermit:BodyArmor","hermit:Horror"],"picked":"hermit:TakeAim","floor":5},{"not_picked":["hermit:Ricochet","hermit:HighCaliber"],"picked":"hermit:Brawl","floor":8},{"not_picked":["hermit:WideOpen","hermit:SprayPray","hermit:Maintenance"],"picked":"SKIP","floor":10},{"not_picked":["hermit:Desperado","hermit:Brawl"],"picked":"hermit:Dive","floor":13},{"not_picked":["hermit:HeroicBravado","hermit:Purgatory"],"picked":"hermit:BlackWind","floor":16},{"not_picked":["hermit:Misfire","hermit:TakeAim"],"picked":"hermit:WideOpen+1","floor":18},{"not_picked":["hermit:TrackingShot+1","hermit:Feint"],"picked":"hermit:TakeAim+1","floor":19}],"player_experience":872637,"relics_obtained":[{"floor":8,"key":"Odd Mushroom"}],"event_choices":[{"cards_removed":["hermit:Strike_Hermit"],"damage_healed":0,"gold_gain":0,"player_choice":"Forget","damage_taken":0,"max_hp_gain":0,"max_hp_loss":0,"event_name":"Living Wall","floor":4,"gold_loss":0},{"damage_healed":0,"gold_gain":0,"player_choice":"Donut","damage_taken":0,"max_hp_gain":5,"max_hp_loss":0,"event_name":"Big Fish","floor":7,"gold_loss":0},{"damage_healed":0,"gold_gain":0,"player_choice":"Fought Mushrooms","damage_taken":0,"max_hp_gain":0,"max_hp_loss":0,"event_name":"Mushrooms","floor":8,"gold_loss":0},{"damage_healed":0,"gold_gain":0,"player_choice":"Success","damage_taken":7,"relics_obtained":["Nunchaku"],"max_hp_gain":0,"max_hp_loss":0,"event_name":"Scrap Ooze","floor":12,"gold_loss":0},{"damage_healed":0,"gold_gain":99,"player_choice":"Stole From Cult","damage_taken":0,"max_hp_gain":0,"max_hp_loss":0,"event_name":"Nest","floor":20,"gold_loss":0}],"is_beta":false,"boss_relics":[{"not_picked":["Black Star","hermit:DentedPlate"],"picked":"Astrolabe"}],"items_purged_floors":[14],"is_endless":false,"potions_floor_spawned":[3,5,10,19],"killed_by":"Shelled Parasite and Fungi","ascension_level":0}}