{"host":"zxkjcgzis4pm3za5","time":1610765513,"event":{"mods":["AchievementEnabler","Act Like it!","BaseMod","Colored Map","Colored Powertips","Friendly Minions","GifTheSpireLib","Minty Spire (QoL Compilation)","Quick Restart","RNG Fix","Random Character Button","Relic Sorter","Relic Stats","StSLib"],"gold_per_floor":[114,130,130,147,147,180,180,180,180],"floor_reached":8,"language":"ENG","playtime":229,"items_purged":[],"score":98,"play_id":"7c8e7575-a8a3-40e8-9334-aa97c6b058af","local_time":"20210116082153","is_ascension_mode":true,"campfire_choices":[{"floor":7,"key":"REST"}],"circlet_count":0,"master_deck":["AscendersBane","Strike_B","Strike_B","Strike_B","Strike_B","Defend_B","Defend_B","Defend_B","Defend_B","Zap","Dualcast","Beam Cell","Hologram","Genetic Algorithm","Melter"],"relics":["Cracked Core","Prayer Wheel","HornCleat"],"acts_visited":["Exordium"],"potions_floor_usage":[6],"damage_taken":[{"damage":2,"enemies":"Jaw Worm","floor":1,"turns":3},{"damage":1,"enemies":"Cultist","floor":2,"turns":3},{"damage":0,"enemies":"Small Slimes","floor":4,"turns":2},{"damage":38,"enemies":"Gremlin Nob","floor":6,"turns":4},{"damage":49,"enemies":"Lagavulin","floor":8,"turns":6}],"seed_played":"5640147987926644310","potions_obtained":[{"floor":1,"key":"Explosive Potion"},{"floor":2,"key":"DuplicationPotion"}],"is_trial":false,"path_per_floor":["M","M","?","M","?","E","R","E"],"character_chosen":"DEFECT","items_purchased":[],"campfire_rested":1,"item_purchase_floors":[],"current_hp_per_floor":[69,68,50,50,55,17,41,0,0],"gold":180,"neow_bonus":"TEN_PERCENT_HP_BONUS","is_daily":false,"chose_seed":false,"campfire_upgraded":0,"win_rate":0.0,"timestamp":1610765513,"path_taken":["M","M","?","M","?","E","R","E"],"items_purchased_type":[],"build_version":"2020-12-22","purchased_purges":0,"victory":false,"max_hp_per_floor":[78,78,78,78,83,83,83,83,83],"relic_stats":{"counters":[5,18],"Prayer Wheel":1,"obtain_stats":[{"HornCleat":6,"Prayer Wheel":3,"Cracked Core":0},{"HornCleat":4,"Prayer Wheel":2,"Cracked Core":0},{"HornCleat":12,"Prayer Wheel":6,"Cracked Core":0}]},"card_choices":[{"not_picked":["Go for the Eyes","Storm"],"picked":"Beam Cell","floor":1},{"not_picked":["Barrage","Leap"],"picked":"Hologram","floor":2},{"not_picked":["Hologram","Steam"],"picked":"Genetic Algorithm","floor":4},{"not_picked":["White Noise","Storm","Force Field"],"picked":"SKIP","floor":4},{"not_picked":["Scrape","Cold Snap"],"picked":"Melter","floor":6}],"player_experience":227947,"relics_obtained":[{"floor":6,"key":"HornCleat"}],"event_choices":[{"damage_healed":0,"gold_gain":0,"player_choice":"Success","damage_taken":18,"relics_obtained":["Prayer Wheel"],"max_hp_gain":0,"max_hp_loss":0,"event_name":"Scrap Ooze","floor":3,"gold_loss":0},{"damage_healed":0,"gold_gain":0,"player_choice":"Donut","damage_taken":0,"max_hp_gain":5,"max_hp_loss":0,"event_name":"Big Fish","floor":5,"gold_loss":0}],"is_beta":false,"boss_relics":[],"items_purged_floors":[],"is_endless":false,"potions_floor_spawned":[1,2],"killed_by":"Lagavulin","ascension_level":15}}