{"host":"x6nowcojk5kpg2sb","time":1610764241,"event":{"mods":["Bartender","BaseMod","Colored Powertips","Downfall","Friendly Minions","Minty Spire (QoL Compilation)","Rare Cards Sparkle","StSLib","The Bladedancer","The Bug Knight","Unceasing Turn Reminder","WarShipGirlsR/????R mod"],"gold_per_floor":[112,287,301,313,15,46,46,56,56,68,80,91,91,91,91,194,244,257,270,287,387,404,432,432,432],"floor_reached":24,"language":"ENG","playtime":2657,"items_purged":["Doubt"],"score":222,"play_id":"e8af59dd-e288-4c2c-8ff0-9bc0e071ed50","local_time":"20210115213041","is_ascension_mode":false,"campfire_choices":[{"floor":7.0,"key":"REST"},{"floor":13.0,"key":"REST"},{"floor":15.0,"key":"REST"}],"circlet_count":0,"master_deck":["rmod:strick","rmod:strick+1","rmod:strick","rmod:strick","rmod:defend","rmod:defend","rmod:defend","rmod:defend","rmod:basicallowance","rmod:maingunfire","Discovery+1","rmod:chargemoney","rmod:mineteam","rmod:circuitoustactics","Sadistic Nature","rmod:intelligenceanalysis","rmod:fletcherpendant","rmod:smokecover","rmod:firesupport","rmod:firesupport","rmod:supriseattacks","rmod:wife","rmod:maintain","rmod:ammunitionsupply","rmod:overbreakdown","rmod:aviationdawn","rmod:rockthrower"],"relics":["rmod:firstchargereward","Lizard Tail","TungstenRod","Tiny House","Eternal Feather"],"acts_visited":["Exordium","TheCity"],"potions_floor_usage":[18,20,22,23,24],"damage_taken":[{"damage":0.0,"enemies":"2 Louse","floor":1.0,"turns":3.0},{"damage":16.0,"enemies":"Jaw Worm","floor":3.0,"turns":4.0},{"damage":6.0,"enemies":"Cultist","floor":4.0,"turns":3.0},{"damage":24.0,"enemies":"3 Sentries","floor":6.0,"turns":8.0},{"damage":10.0,"enemies":"Exordium Wildlife","floor":8.0,"turns":5.0},{"damage":11.0,"enemies":"Large Slime","floor":10.0,"turns":4.0},{"damage":4.0,"enemies":"3 Louse","floor":11.0,"turns":4.0},{"damage":0.0,"enemies":"2 Fungi Beasts","floor":12.0,"turns":3.0},{"damage":17.0,"enemies":"Hexaghost","floor":16.0,"turns":8.0},{"damage":5,"enemies":"Shell Parasite","floor":18,"turns":5},{"damage":18,"enemies":"Spheric Guardian","floor":19,"turns":5},{"damage":18,"enemies":"Snake Plant","floor":20,"turns":4},{"damage":17,"enemies":"Sentry and Sphere","floor":22,"turns":5},{"damage":60,"enemies":"Slavers","floor":23,"turns":6},{"damage":8,"enemies":"3 Cultists","floor":24,"turns":3}],"seed_played":"366859023633669381","potions_obtained":[{"floor":3.0,"key":"sneckomod:MuddlingPotion"},{"floor":4.0,"key":"Dexterity Potion"},{"floor":10.0,"key":"EssenceOfSteel"},{"floor":12.0,"key":"DistilledChaos"},{"floor":17.0,"key":"SpeedPotion"},{"floor":19,"key":"Dexterity Potion"},{"floor":22,"key":"DuplicationPotion"},{"floor":23,"key":"LiquidBronze"}],"is_trial":false,"path_per_floor":["M","?","M","M","$","E","R","M","T","M","M","M","R","?","R","B",null,"M","M","M","?","M","E","M"],"character_chosen":"PRAEFECT","items_purchased":["Sadistic Nature","rmod:intelligenceanalysis"],"campfire_rested":3,"item_purchase_floors":[5,5],"current_hp_per_floor":[75,75,59,53,53,29,51,41,41,30,26,26,48,48,70,53,80,75,57,39,39,22,2,0,0],"gold":432,"neow_bonus":"RANDOM_COLORLESS","is_daily":false,"chose_seed":false,"campfire_upgraded":0,"win_rate":0.0,"timestamp":1610764241,"path_taken":["M","?","M","M","$","E","R","M","T","M","M","M","R","?","R","BOSS","M","M","M","?","?","E","M"],"items_purchased_type":["Card","Card"],"build_version":"2020-12-22","purchased_purges":1,"victory":false,"max_hp_per_floor":[75,75,75,75,75,75,75,75,75,75,75,75,75,75,75,75,80,80,80,80,80,80,80,80,80],"card_choices":[{"not_picked":["expansioncontent:LastStand","Dramatic Entrance"],"picked":"Discovery","floor":0.0},{"not_picked":["rmod:supportescort","rmod:firesupport"],"picked":"rmod:chargemoney","floor":1.0},{"not_picked":["rmod:aviationdawn","rmod:luckystar"],"picked":"rmod:mineteam","floor":3.0},{"not_picked":["rmod:combined","rmod:rockthrower"],"picked":"rmod:circuitoustactics","floor":4.0},{"not_picked":["rmod:saltedfish","rmod:robin"],"picked":"rmod:fletcherpendant","floor":6.0},{"not_picked":["rmod:aggressivemary","rmod:diamondstrike"],"picked":"rmod:smokecover","floor":8.0},{"not_picked":["rmod:combined","rmod:steelsupply"],"picked":"rmod:firesupport","floor":10.0},{"not_picked":["rmod:wolves","rmod:guardianhero"],"picked":"rmod:firesupport","floor":11.0},{"not_picked":["rmod:smokecover","rmod:circuitoustactics","rmod:gendarmerie"],"picked":"SKIP","floor":12.0},{"not_picked":["rmod:desperatesituation","rmod:u235"],"picked":"rmod:supriseattacks","floor":16.0},{"not_picked":["rmod:fuelsupply","rmod:fletcherpendant"],"picked":"rmod:wife","floor":17.0},{"not_picked":["rmod:circuitoustactics","rmod:generalist"],"picked":"rmod:maintain","floor":18},{"not_picked":["rmod:fletcherpendant","rmod:supportescort"],"picked":"rmod:ammunitionsupply","floor":19},{"not_picked":["rmod:wife","rmod:aviationdawn"],"picked":"rmod:overbreakdown","floor":20},{"not_picked":["rmod:shuttlebombing","rmod:intelligenceanalysis"],"picked":"rmod:aviationdawn","floor":22},{"not_picked":["rmod:timeschanged","rmod:royalracing"],"picked":"rmod:rockthrower","floor":23}],"player_experience":521647,"relics_obtained":[{"floor":6.0,"key":"Lizard Tail"},{"floor":9.0,"key":"TungstenRod"},{"floor":23,"key":"Eternal Feather"}],"event_choices":[{"damage_healed":0.0,"max_hp_gain":0.0,"max_hp_loss":0.0,"gold_gain":175.0,"event_name":"Liars Game","player_choice":"AGREE","floor":2.0,"gold_loss":0.0,"damage_taken":0.0,"cards_obtained":["Doubt"]},{"damage_healed":0.0,"max_hp_gain":0.0,"max_hp_loss":0.0,"gold_gain":0.0,"event_name":"Living Wall","player_choice":"Grow","floor":14.0,"gold_loss":0.0,"damage_taken":0.0,"cards_upgraded":["Discovery"]},{"damage_healed":0,"gold_gain":100,"player_choice":"Pray","damage_taken":0,"max_hp_gain":0,"max_hp_loss":0,"event_name":"Golden Shrine","floor":21,"gold_loss":0}],"is_beta":false,"boss_relics":[{"not_picked":["Snecko Eye","Runic Pyramid"],"picked":"Tiny House"}],"items_purged_floors":[5],"is_endless":false,"potions_floor_spawned":[3,4,10,12,19,22,23],"killed_by":"3 Cultists","ascension_level":0}}