{"host":"cimxalwyqyblhb3d","time":1610835322,"event":{"mods":["AchievementEnabler","BaseMod","Colored Powertips","Evolution","Minty Spire (QoL Compilation)","Quick Restart","Relic Stats","StSLib"],"gold_per_floor":[112,123,142,152,152,180,144,144,170,189,189,203,138,173,173,297,297,313,327,352,133,58,101,125,125,125,125,50,75,90,105,105,229,229,254,62,87,87,87,127,152,152,206,221,221,171,171,185,185,185,185],"floor_reached":50,"language":"FRA","playtime":2204,"items_purged":["SignatureMove","Enlightenment"],"score":631,"play_id":"d111a899-5cff-490b-847c-da0056e3194d","local_time":"20210116231522","is_ascension_mode":false,"campfire_choices":[{"data":"Pray","floor":15,"key":"SMITH"},{"data":"Ragnarok","floor":25,"key":"SMITH"},{"data":"Worship","floor":27,"key":"SMITH"},{"floor":32,"key":"REST"},{"floor":45,"key":"REST"},{"floor":47,"key":"REST"},{"floor":49,"key":"RECALL"}],"circlet_count":0,"master_deck":["BowlingBash","BowlingBash","BowlingBash","BowlingBash","EmptyBody","EmptyBody+1","EmptyBody+1","EmptyBody","Eruption","Vigilance+1","Devotion+1","Wallop","Pray+1","FollowUp","MentalFortress+1","Ragnarok+1","Meditate","Worship+1","ReachHeaven","BattleHymn+1","Prostrate","MentalFortress+1","Prostrate","FlurryOfBlows","FlurryOfBlows+1","Violence","FlurryOfBlows","Good Instincts","Deep Breath","FlurryOfBlows+1","ReachHeaven"],"relics":["HolyWater","EVO:Axolotl","War Paint","Frozen Egg 2","Strawberry","Golden Idol","Pantograph","Boot","Sozu","HandDrill","Akabeko","Singing Bowl","Smiling Mask"],"acts_visited":["Exordium","TheCity","TheBeyond"],"potions_floor_usage":[6,14,15,23,23],"damage_taken":[{"damage":0,"enemies":"2 Louse","floor":1,"turns":2},{"damage":2,"enemies":"Cultist","floor":2,"turns":4},{"damage":0,"enemies":"Jaw Worm","floor":3,"turns":3},{"damage":0,"enemies":"Exordium Wildlife","floor":4,"turns":4},{"damage":6,"enemies":"3 Sentries","floor":6,"turns":6},{"damage":0,"enemies":"3 Louse","floor":10,"turns":2},{"damage":8,"enemies":"Red Slaver","floor":12,"turns":2},{"damage":0,"enemies":"Lagavulin","floor":14,"turns":2},{"damage":17,"enemies":"Slime Boss","floor":16,"turns":7},{"damage":3,"enemies":"Shell Parasite","floor":18,"turns":5},{"damage":4,"enemies":"2 Thieves","floor":19,"turns":3},{"damage":0,"enemies":"Centurion and Healer","floor":20,"turns":4},{"damage":16,"enemies":"Slavers","floor":23,"turns":2},{"damage":20,"enemies":"Cultist and Chosen","floor":24,"turns":5},{"damage":12,"enemies":"Shelled Parasite and Fungi","floor":29,"turns":3},{"damage":0,"enemies":"Snecko","floor":30,"turns":4},{"damage":0,"enemies":"3 Cultists","floor":31,"turns":3},{"damage":2,"enemies":"Champ","floor":33,"turns":6},{"damage":3,"enemies":"Orb Walker","floor":35,"turns":4},{"damage":4,"enemies":"3 Shapes","floor":37,"turns":4},{"damage":27,"enemies":"Nemesis","floor":40,"turns":3},{"damage":8,"enemies":"Transient","floor":41,"turns":5},{"damage":37,"enemies":"Maw","floor":44,"turns":6},{"damage":29,"enemies":"4 Shapes","floor":48,"turns":3},{"damage":56,"enemies":"Donu and Deca","floor":50,"turns":4}],"seed_played":"142790682032121014","potions_obtained":[{"floor":2,"key":"SneckoOil"},{"floor":4,"key":"Block Potion"},{"floor":10,"key":"Fire Potion"},{"floor":12,"key":"EssenceOfSteel"},{"floor":14,"key":"Fruit Juice"}],"is_trial":false,"path_per_floor":["M","M","M","M","?","E","$","T","T","M","?","M","?","E","R","B",null,"M","M","M","$","$","E","M","R","T","R","$","M","M","M","R","B",null,"M","$","M","?","?","E","M","?","T","M","R","$","R","M","R","B"],"character_chosen":"WATCHER","items_purchased":["Pray","ReachHeaven","HandDrill","BattleHymn+1","Violence"],"campfire_rested":3,"item_purchase_floors":[7,21,21,22,36],"current_hp_per_floor":[82,80,80,80,80,74,74,74,81,81,81,73,73,73,78,70,87,84,80,80,80,80,64,44,44,44,44,44,32,32,32,58,81,87,84,84,80,70,70,45,39,39,39,2,29,29,56,27,27,0,0],"gold":185,"neow_bonus":"UPGRADE_CARD","is_daily":false,"chose_seed":false,"campfire_upgraded":3,"win_rate":0.0,"timestamp":1610835322,"path_taken":["M","M","M","M","?","E","$","?","T","M","?","?","?","E","R","BOSS","M","M","M","?","$","E","M","R","T","R","$","M","?","M","R","BOSS","M","$","M","?","?","E","M","?","T","?","R","$","R","M","R","BOSS"],"items_purchased_type":["Card","Card","Relic","Card","Card"],"build_version":"2020-12-22","purchased_purges":2,"victory":false,"max_hp_per_floor":[82,82,82,82,82,82,82,82,89,89,82,82,82,82,87,87,87,87,87,87,87,87,87,87,87,87,87,87,87,87,87,87,87,87,87,87,87,87,87,89,91,91,91,91,91,91,91,91,91,91,91],"relic_stats":{"Sozu":6,"Singing Bowl":4,"counters":[25,96],"Golden Idol":125,"Pantograph":59,"HandDrill":[16],"War Paint":["EmptyBody","EmptyBody"],"Boot":[62],"Smiling Mask":50,"obtain_stats":[{"Singing Bowl":40,"Golden Idol":11,"EVO:Axolotl":0,"War Paint":6,"Frozen Egg 2":8,"Boot":14,"Smiling Mask":43,"Akabeko":23,"Sozu":17,"Strawberry":9,"Pantograph":13,"HolyWater":34,"HandDrill":21,"PureWater":0},{"Singing Bowl":21,"Golden Idol":6,"EVO:Axolotl":0,"War Paint":5,"Frozen Egg 2":5,"Boot":8,"Smiling Mask":22,"Akabeko":13,"Sozu":9,"Strawberry":5,"Pantograph":7,"HolyWater":18,"HandDrill":12,"PureWater":0},{"Singing Bowl":78,"Golden Idol":21,"EVO:Axolotl":0,"War Paint":19,"Frozen Egg 2":19,"Boot":25,"Smiling Mask":83,"Akabeko":46,"Sozu":32,"Strawberry":19,"Pantograph":23,"HolyWater":67,"HandDrill":44,"PureWater":0}]},"card_choices":[{"not_picked":["Prostrate","Protect","FlurryOfBlows"],"picked":"SKIP","floor":1},{"not_picked":["SashWhip","EmptyBody","ClearTheMind"],"picked":"SKIP","floor":2},{"not_picked":["CutThroughFate","Consecrate"],"picked":"Devotion","floor":3},{"not_picked":["Adaptation","Indignation"],"picked":"Wallop","floor":4},{"not_picked":["ClearTheMind","Indignation"],"picked":"SignatureMove","floor":6},{"not_picked":["Crescendo","EmptyBody"],"picked":"FollowUp","floor":10},{"not_picked":["Sanctity","Swivel"],"picked":"MentalFortress+1","floor":12},{"not_picked":["SashWhip","Protect","ReachHeaven"],"picked":"SKIP","floor":14},{"not_picked":["DeusExMachina","Blasphemy"],"picked":"Ragnarok","floor":16},{"not_picked":["Evaluate+1","CutThroughFate+1"],"picked":"Meditate","floor":18},{"not_picked":["JustLucky","Evaluate","CutThroughFate"],"picked":"SKIP","floor":19},{"not_picked":["FlyingSleeves","MentalFortress+1"],"picked":"Worship","floor":20},{"not_picked":["EmptyMind","ForeignInfluence+1"],"picked":"Prostrate","floor":23},{"not_picked":["SashWhip","SignatureMove"],"picked":"MentalFortress+1","floor":24},{"not_picked":["WheelKick","Consecrate+1"],"picked":"Prostrate","floor":29},{"not_picked":["Halt","Evaluate","BowlingBash+1"],"picked":"SKIP","floor":30},{"not_picked":["Judgement","ClearTheMind"],"picked":"FlurryOfBlows","floor":31},{"not_picked":["ThirdEye","Meditate+1"],"picked":"FlurryOfBlows+1","floor":35},{"not_picked":["CutThroughFate","Study+1"],"picked":"FlurryOfBlows","floor":37},{"not_picked":["Swift Strike","Impatience"],"picked":"Good Instincts","floor":38},{"not_picked":["Good Instincts","Mind Blast"],"picked":"Enlightenment","floor":38},{"not_picked":["Mind Blast","Forethought"],"picked":"Deep Breath","floor":38},{"not_picked":["JustLucky","ClearTheMind+1","CrushJoints"],"picked":"Singing Bowl","floor":40},{"not_picked":["CrushJoints+1","LikeWater+1","Meditate"],"picked":"Singing Bowl","floor":41},{"not_picked":["Conclude","CrushJoints+1"],"picked":"FlurryOfBlows+1","floor":44},{"not_picked":["Perseverance","TalkToTheHand"],"picked":"ReachHeaven","floor":48}],"player_experience":508384,"relics_obtained":[{"floor":6,"key":"War Paint"},{"floor":8,"key":"Frozen Egg 2"},{"floor":9,"key":"Strawberry"},{"floor":14,"key":"Boot"},{"floor":23,"key":"Akabeko"},{"floor":40,"key":"Singing Bowl"},{"floor":43,"key":"Smiling Mask"}],"event_choices":[{"damage_healed":0,"gold_gain":0,"player_choice":"Upgraded","damage_taken":0,"max_hp_gain":0,"max_hp_loss":0,"event_name":"Upgrade Shrine","floor":5,"gold_loss":0,"cards_upgraded":["Devotion"]},{"damage_healed":0,"gold_gain":0,"player_choice":"Lose Max HP","damage_taken":0,"relics_obtained":["Golden Idol"],"max_hp_gain":0,"max_hp_loss":7,"event_name":"Golden Idol","floor":11,"gold_loss":0},{"damage_healed":0,"gold_gain":0,"player_choice":"Paid Gold","damage_taken":0,"relics_obtained":["Pantograph"],"max_hp_gain":0,"max_hp_loss":0,"event_name":"WeMeetAgain","floor":13,"gold_loss":65},{"damage_healed":0,"gold_gain":0,"player_choice":"Memory 3","damage_taken":10,"max_hp_gain":0,"max_hp_loss":0,"event_name":"SensoryStone","floor":38,"gold_loss":0},{"damage_healed":0,"gold_gain":0,"player_choice":"Ignored","damage_taken":0,"max_hp_gain":0,"max_hp_loss":0,"event_name":"Tomb of Lord Red Mask","floor":39,"gold_loss":0},{"damage_healed":0,"gold_gain":0,"player_choice":"Bought 0 Potions","damage_taken":0,"max_hp_gain":0,"max_hp_loss":0,"event_name":"The Woman in Blue","floor":42,"gold_loss":0}],"is_beta":false,"boss_relics":[{"not_picked":["Pandora\u0027s Box","Calling Bell"],"picked":"Sozu"},{"not_picked":["Snecko Eye","Runic Dome"],"picked":"HolyWater"}],"items_purged_floors":[28,46],"is_endless":false,"potions_floor_spawned":[2,4,10,12,14,19,23,30,33,44,48],"killed_by":"Donu and Deca","ascension_level":0}}