{"host":"u499vgr0907g2fby","time":1610822339,"event":{"mods":["BaseMod","Downfall","Googly Eyes","Minty Spire (QoL Compilation)","StSLib"],"gold_per_floor":[99,110,122,122,32,32,32,59,59,74,74,88,88,114,131,235,235,235,262,286,286,298,334,360,210,219,219,219,239,258,304,326,438,438,438,463,463,484,543,561,561,586,614,633,633,7,29,29,57,57,57,57],"floor_reached":50,"language":"ENG","playtime":3772,"items_purged":["Pain","Guardian:Strike_Guardian"],"score":602,"play_id":"b6dfd1f6-8b3a-4e78-ac7b-b4d646a15833","local_time":"20210116143859","is_ascension_mode":false,"campfire_choices":[{"floor":1.0,"key":"RECALL"},{"floor":9.0,"key":"REST"},{"floor":18.0,"key":"DIG"},{"floor":25.0,"key":"DIG"},{"floor":35,"key":"DIG"}],"circlet_count":0,"master_deck":["Guardian:Strike_Guardian","Guardian:Strike_Guardian","Guardian:Strike_Guardian","Guardian:Defend_Guardian","Guardian:Defend_Guardian","Guardian:Defend_Guardian","Guardian:Defend_Guardian","Guardian:CurlUp","Guardian:TwinSlam","Guardian:BronzeArmor","Guardian:Harden","Guardian:RollAttack+1","Guardian:GuardianWhirl+1","Guardian:BaubleBeam+1","CurseOfTheBell","Guardian:GuardianWhirl+1","Guardian:ArmoredProtocol+1","Guardian:SpikerProtocol+1","Guardian:AncientConstruct+1","Guardian:BodySlam+1","Guardian:GuardianWhirl+1","Guardian:SpikerProtocol+1","expansioncontent:Chronoboost+1","expansioncontent:AwakenDeath+1","Guardian:ShieldSpikes+1","Guardian:SpikerProtocol+1","Guardian:SpikerProtocol+1","Guardian:Recover","Guardian:BodySlam+1","expansioncontent:QuickStudy","Finesse","Guardian:ConstructionForm+1","Guardian:BodySlam+1"],"relics":["Sozu","WarpedTongs","Tiny Chest","Molten Egg 2","InkBottle","Du-Vu Doll","Calling Bell","CeramicFish","Kunai","Shovel","Mango","Red Mask","Pantograph","Frozen Egg 2","Ancient Tea Set","downfall:HeartBlessingGreen","downfall:HeartBlessingRed","Eternal Feather","StrikeDummy","Omamori","Guardian:StasisSlotReductionRelic","Akabeko","Ice Cream","Gremlin Horn","Orichalcum","Happy Flower"],"acts_visited":["Exordium","TheCity","TheBeyond"],"potions_floor_usage":[],"damage_taken":[{"damage":0.0,"enemies":"Small Slimes","floor":2.0,"turns":3.0},{"damage":0.0,"enemies":"Cultist","floor":3.0,"turns":3.0},{"damage":4.0,"enemies":"downfall:FleeingMerchant","floor":5.0,"turns":4.0},{"damage":55.0,"enemies":"Gremlin Nob","floor":8.0,"turns":6.0},{"damage":0.0,"enemies":"Jaw Worm","floor":10.0,"turns":2.0},{"damage":0.0,"enemies":"2 Fungi Beasts","floor":12.0,"turns":3.0},{"damage":6.0,"enemies":"Lagavulin","floor":14.0,"turns":5.0},{"damage":0.0,"enemies":"Large Slime","floor":15.0,"turns":2.0},{"damage":20.0,"enemies":"downfall:Watcher","floor":16.0,"turns":6.0},{"damage":22.0,"enemies":"Masked Bandits","floor":19.0,"turns":4.0},{"damage":0.0,"enemies":"Shell Parasite","floor":20.0,"turns":3.0},{"damage":1.0,"enemies":"Snecko","floor":22.0,"turns":5.0},{"damage":10.0,"enemies":"Book of Stabbing","floor":23.0,"turns":4.0},{"damage":11.0,"enemies":"Snake Plant","floor":29.0,"turns":3.0},{"damage":0.0,"enemies":"Centurion and Healer","floor":30.0,"turns":3.0},{"damage":0.0,"enemies":"3 Cultists","floor":32.0,"turns":2.0},{"damage":13.0,"enemies":"downfall:Defect","floor":33.0,"turns":6.0},{"damage":0,"enemies":"3 Darklings","floor":36,"turns":3},{"damage":0,"enemies":"Orb Walker","floor":38,"turns":3},{"damage":33,"enemies":"Orb Walker","floor":39,"turns":6},{"damage":20,"enemies":"Reptomancer","floor":42,"turns":4},{"damage":15,"enemies":"Writhing Mass","floor":43,"turns":4},{"damage":21,"enemies":"Maw","floor":44,"turns":6},{"damage":0,"enemies":"downfall:FleeingMerchant","floor":46,"turns":4},{"damage":0,"enemies":"3 Darklings","floor":47,"turns":3},{"damage":0,"enemies":"4 Shapes","floor":49,"turns":1},{"damage":321,"enemies":"IC_BLOCK_ARCHETYPE","floor":50,"turns":7}],"seed_played":"-6727299075884987873","potions_obtained":[],"is_trial":false,"path_per_floor":["R","M","M","?","$","?","T","E","R","M","?","M","?","E","M","B",null,"R","?","M","T","M","E","T","R","?","?","T","M","M","T","M","B",null,"R","M","?","M","?","?","T","E","M","M","T","$","M","?","M","B"],"character_chosen":"GUARDIAN","items_purchased":["Guardian:SpikerProtocol+1","Guardian:Recover","Guardian:BodySlam+1","expansioncontent:QuickStudy","Finesse","Happy Flower"],"campfire_rested":1,"item_purchase_floors":[46,46,46,46,46,46],"current_hp_per_floor":[80,80,80,80,76,73,73,18,42,42,42,42,42,36,36,16,80,94,72,72,72,71,61,61,61,61,61,61,50,50,50,50,62,94,94,94,108,108,75,70,70,50,35,14,14,14,24,94,94,0,0,0],"gold":57,"neow_bonus":"BOSS_RELIC","is_daily":false,"chose_seed":false,"campfire_upgraded":0,"win_rate":0.0,"timestamp":1610822339,"path_taken":["R","M","M","?","?","?","T","E","R","M","?","M","?","E","M","BOSS","R","?","M","?","M","E","T","R","?","?","?","M","M","?","M","BOSS","R","M","?","M","?","?","T","E","M","M","?","$","M","?","M","BOSS"],"items_purchased_type":["Card","Card","Card","Card","Card","Relic"],"build_version":"2020-12-22","purchased_purges":2,"victory":false,"max_hp_per_floor":[80,80,80,80,80,80,80,80,80,80,80,80,80,80,80,80,80,94,94,94,94,94,94,94,94,94,94,94,94,94,94,94,94,94,94,94,108,108,108,108,108,108,108,108,108,108,108,94,94,94,94,94],"card_choices":[{"not_picked":["Guardian:Gem_Red","Guardian:Gem_Lightblue"],"picked":"Guardian:Gem_Fragmented","floor":2.0},{"not_picked":["Guardian:VentSteam","Guardian:Gem_Lightblue","Guardian:TemporalStrike"],"picked":"SKIP","floor":3.0},{"not_picked":["Guardian:TimeCapacitor","Guardian:ArmoredProtocol"],"picked":"Guardian:Gem_Crimson","floor":5.0},{"not_picked":["Guardian:HyperBeam_Guardian+1","Guardian:ShieldCharger"],"picked":"Guardian:BronzeArmor","floor":8.0},{"not_picked":["Guardian:Recover","Guardian:Repulse"],"picked":"Guardian:Harden","floor":10.0},{"not_picked":["Guardian:Repulse","Guardian:Gem_Cyan"],"picked":"Guardian:RollAttack+1","floor":12.0},{"not_picked":["Guardian:Gem_Lightblue","Guardian:Gem_Green","Guardian:Preprogram"],"picked":"SKIP","floor":14.0},{"not_picked":["Guardian:ChargeUp","Guardian:Gem_Synthetic"],"picked":"Guardian:GuardianWhirl+1","floor":15.0},{"not_picked":["Guardian:TimeSifter","Guardian:FastForward"],"picked":"Guardian:BaubleBeam+1","floor":16.0},{"not_picked":["Guardian:Planning","Guardian:BronzeOrb+1"],"picked":"Guardian:GuardianWhirl+1","floor":20.0},{"not_picked":["Guardian:Recover+1","Guardian:Gem_Cyan","Guardian:Gem_Red"],"picked":"SKIP","floor":22.0},{"not_picked":["Guardian:Planning","Guardian:Gem_Fragmented"],"picked":"Guardian:ArmoredProtocol+1","floor":23.0},{"not_picked":["Guardian:PolyBeam+1","Guardian:TimeCapacitor+1","Guardian:ExploitGems"],"picked":"SKIP","floor":29.0},{"not_picked":["Guardian:ShieldCharger","Guardian:Recover","Guardian:WalkerClaw+1"],"picked":"SKIP","floor":30.0},{"not_picked":["Guardian:Reroute+1","Guardian:Gem_Green"],"picked":"Guardian:Gem_White","floor":32.0},{"not_picked":["Guardian:ExploitGems","Guardian:Gem_Orange"],"picked":"Guardian:AncientConstruct+1","floor":33.0},{"not_picked":["Guardian:Gem_Purple","Guardian:Gem_Green"],"picked":"Guardian:BodySlam+1","floor":36},{"not_picked":["Guardian:Gem_White","Guardian:ChargeCore+1"],"picked":"Guardian:GuardianWhirl+1","floor":38},{"not_picked":["Guardian:Recover+1","Guardian:Planning"],"picked":"Guardian:SpikerProtocol+1","floor":39},{"not_picked":["expansioncontent:YouAreMine","expansioncontent:PolyBeam+1"],"picked":"expansioncontent:Chronoboost+1","floor":40},{"not_picked":["expansioncontent:PrepareCrush","expansioncontent:PolyBeam+1"],"picked":"expansioncontent:AwakenDeath+1","floor":40},{"not_picked":["Guardian:Gem_Green","Guardian:Emergency","Guardian:Suspension"],"picked":"SKIP","floor":42},{"not_picked":["Guardian:Gem_Crimson","Guardian:TemporalStrike+1"],"picked":"Guardian:ShieldSpikes+1","floor":43},{"not_picked":["Guardian:PiercingHide","Guardian:Reroute+1","Guardian:CrystalBeam+1"],"picked":"SKIP","floor":44},{"not_picked":["Guardian:Gem_Lightblue","Guardian:Gem_Purple"],"picked":"Guardian:SpikerProtocol+1","floor":46},{"not_picked":["Guardian:MultiBeam+1","Guardian:Gem_Crimson"],"picked":"Guardian:ConstructionForm+1","floor":47},{"not_picked":["Guardian:PrismaticBeam+1","Guardian:BronzeOrb+1"],"picked":"Guardian:BodySlam+1","floor":49}],"player_experience":1950785,"relics_obtained":[{"floor":7.0,"key":"Molten Egg 2"},{"floor":8.0,"key":"InkBottle"},{"floor":14.0,"key":"Du-Vu Doll"},{"floor":17.0,"key":"CeramicFish"},{"floor":17.0,"key":"Kunai"},{"floor":17.0,"key":"Shovel"},{"floor":18.0,"key":"Mango"},{"floor":19.0,"key":"Red Mask"},{"floor":21.0,"key":"Pantograph"},{"floor":23.0,"key":"Frozen Egg 2"},{"floor":24.0,"key":"Ancient Tea Set"},{"floor":25.0,"key":"Eternal Feather"},{"floor":28.0,"key":"StrikeDummy"},{"floor":31.0,"key":"Omamori"},{"floor":35,"key":"Akabeko"},{"floor":39,"key":"Ice Cream"},{"floor":41,"key":"Gremlin Horn"},{"floor":42,"key":"Orichalcum"}],"event_choices":[{"damage_healed":0.0,"max_hp_gain":0.0,"max_hp_loss":0.0,"gold_gain":0.0,"event_name":"Scrap Ooze","player_choice":"Success","floor":6.0,"gold_loss":0.0,"damage_taken":3.0,"relics_obtained":["Tiny Chest"]},{"damage_healed":0.0,"max_hp_gain":0.0,"max_hp_loss":0.0,"gold_gain":0.0,"event_name":"Masked Bandits","player_choice":"Fought Bandits","floor":19.0,"gold_loss":0.0,"damage_taken":0.0},{"damage_healed":0.0,"max_hp_gain":0.0,"max_hp_loss":0.0,"gold_gain":0.0,"event_name":"The Library","player_choice":"Read","floor":26.0,"gold_loss":0.0,"damage_taken":0.0,"cards_obtained":["Guardian:SpikerProtocol"]},{"damage_healed":0.0,"max_hp_gain":0.0,"max_hp_loss":0.0,"gold_gain":0.0,"event_name":"Ghosts","player_choice":"Ignored","floor":27.0,"gold_loss":0.0,"damage_taken":0.0}],"is_beta":false,"boss_relics":[{"not_picked":["Astrolabe","Empty Cage"],"picked":"Calling Bell"},{"not_picked":["Pandora\u0027s Box","Snecko Eye"],"picked":"Guardian:StasisSlotReductionRelic"}],"items_purged_floors":[5,46],"is_endless":false,"potions_floor_spawned":[2,12,14,15,23,29,30,32,38,39,42,43,44],"killed_by":"IC_BLOCK_ARCHETYPE","ascension_level":0}}