{"host":"cw25u8qal1h0d7ia","time":1610822122,"event":{"mods":["BaseMod","Downfall","Minty Spire (QoL Compilation)","StSLib"],"gold_per_floor":[99,114,127,23,37,53,80,94,128,28,28,48,48,62,81,183,183,183,200,200,300,300,327,327,345,380,380,380,380],"floor_reached":28,"language":"ENG","playtime":3013,"items_purged":[],"score":260,"play_id":"663100aa-c6af-4741-b29f-346bab1ce10a","local_time":"20210116193522","is_ascension_mode":false,"campfire_choices":[{"data":"bronze:Goto","floor":1,"key":"SMITH"},{"data":"bronze:MaxOutput","floor":10,"key":"SMITH"},{"data":"bronze:BuggyMess","floor":13,"key":"SMITH"},{"data":"bronze:Format","floor":18,"key":"SMITH"}],"circlet_count":0,"master_deck":["bronze:Strike","bronze:Strike","bronze:Strike","bronze:Defend","bronze:Defend","bronze:Defend","bronze:Defend","bronze:Replicate","bronze:Goto+1","bronze:BronzeOrb","bronze:DelayedSlice","bronze:Repulsor","bronze:BuggyMess+1","bronze:MaxOutput+1","bronze:Boost","bronze:Repair","bronze:Deprecate","bronze:Format+1","bronze:BurnOut","RitualDagger","bronze:CloningBeam+1"],"relics":["bronze:PlatinumCore","Ancient Tea Set","Potion Belt","downfall:HeartBlessingGreen","Lantern","The Courier","MealTicket"],"acts_visited":["Exordium","TheCity"],"potions_floor_usage":[9,9,26,28,28,28],"damage_taken":[{"damage":1,"enemies":"Cultist","floor":2,"turns":3},{"damage":0,"enemies":"Jaw Worm","floor":3,"turns":5},{"damage":0,"enemies":"downfall:FleeingMerchant","floor":4,"turns":4},{"damage":6,"enemies":"2 Louse","floor":5,"turns":4},{"damage":13,"enemies":"Large Slime","floor":6,"turns":5},{"damage":0,"enemies":"2 Fungi Beasts","floor":8,"turns":3},{"damage":23,"enemies":"Gremlin Nob","floor":9,"turns":5},{"damage":0,"enemies":"Blue Slaver","floor":12,"turns":3},{"damage":0,"enemies":"Exordium Wildlife","floor":14,"turns":4},{"damage":5,"enemies":"3 Louse","floor":15,"turns":3},{"damage":24,"enemies":"DF_ARCHETYPE_STREAMLINE","floor":16,"turns":12},{"damage":7,"enemies":"Shell Parasite","floor":19,"turns":5},{"damage":40,"enemies":"Slavers","floor":23,"turns":6},{"damage":13,"enemies":"Spheric Guardian","floor":25,"turns":5},{"damage":12,"enemies":"Book of Stabbing","floor":26,"turns":4},{"damage":24,"enemies":"Cultist and Chosen","floor":28,"turns":7}],"seed_played":"2032557154755321668","potions_obtained":[{"floor":2,"key":"SpeedPotion"},{"floor":3,"key":"BlessingOfTheForge"},{"floor":6,"key":"DistilledChaos"},{"floor":14,"key":"BlessingOfTheForge"},{"floor":23,"key":"SteroidPotion"},{"floor":26,"key":"Strength Potion"}],"is_trial":false,"path_per_floor":["R","M","M","$","M","M","T","M","E","R","?","M","R","M","M","B",null,"R","M","?","?","?","E","T","M","E","?","M"],"character_chosen":"THE_AUTOMATON","items_purchased":["bronze:BuggyMess","bronze:MaxOutput"],"campfire_rested":0,"item_purchase_floors":[4,4],"current_hp_per_floor":[77,76,76,76,70,57,57,64,41,41,41,48,48,55,57,40,77,77,72,66,66,66,33,33,27,15,15,0,0],"gold":380,"neow_bonus":"TEN_PERCENT_HP_BONUS","is_daily":false,"chose_seed":false,"campfire_upgraded":4,"win_rate":0.0,"timestamp":1610822122,"path_taken":["R","M","M","$","?","M","T","M","E","R","?","M","R","M","M","BOSS","R","M","?","?","?","E","T","M","E","?","M"],"items_purchased_type":["Card","Card"],"build_version":"2020-12-22","purchased_purges":0,"victory":false,"max_hp_per_floor":[77,77,77,77,77,77,77,77,77,77,77,77,77,77,77,77,77,77,77,77,77,77,77,77,77,77,77,77,77],"card_choices":[{"not_picked":["bronze:DelayedGuard","bronze:Overheat"],"picked":"bronze:BronzeOrb","floor":2},{"not_picked":["bronze:Safeguard","bronze:Shield"],"picked":"bronze:DelayedSlice","floor":3},{"not_picked":["bronze:Assembly","bronze:Frontload"],"picked":"bronze:Repulsor","floor":4},{"not_picked":["bronze:Optimize","bronze:FineTuning"],"picked":"bronze:Boost","floor":5},{"not_picked":["bronze:Invalidate","bronze:BuggyMess"],"picked":"bronze:Repair","floor":6},{"not_picked":["bronze:DelayedGuard","bronze:Turbo","bronze:OilSpill"],"picked":"SKIP","floor":8},{"not_picked":["bronze:Return","bronze:Philosophize","bronze:ClassDefault"],"picked":"SKIP","floor":9},{"not_picked":["bronze:BugBarrage","bronze:DarkDash","bronze:Repulsor"],"picked":"SKIP","floor":12},{"not_picked":["bronze:DelayedGuard","bronze:BugBarrage"],"picked":"bronze:Deprecate","floor":14},{"not_picked":["bronze:DigitalCarnage","bronze:GetLatest"],"picked":"bronze:Format","floor":15},{"not_picked":["bronze:RecursiveStrike","bronze:ShipIt"],"picked":"bronze:BurnOut","floor":16},{"not_picked":["bronze:CutThrough+1","bronze:WildBeam","bronze:FineTuning"],"picked":"SKIP","floor":19},{"not_picked":["bronze:DigitalCarnage","bronze:Break"],"picked":"bronze:CloningBeam+1","floor":23},{"not_picked":["bronze:BitShift","bronze:Shield","bronze:Deprecate"],"picked":"SKIP","floor":25},{"not_picked":["bronze:Frontload","bronze:Iterate","bronze:FollowUp"],"picked":"SKIP","floor":26}],"player_experience":530201,"relics_obtained":[{"floor":7,"key":"Ancient Tea Set"},{"floor":9,"key":"Potion Belt"},{"floor":23,"key":"Lantern"},{"floor":24,"key":"The Courier"},{"floor":26,"key":"MealTicket"}],"event_choices":[{"damage_healed":0,"gold_gain":0,"player_choice":"Ignored","damage_taken":0,"max_hp_gain":0,"max_hp_loss":0,"event_name":"Vampires","floor":22,"gold_loss":0}],"is_beta":false,"boss_relics":[{"not_picked":["Pandora\u0027s Box","SlaversCollar"],"picked":"bronze:PlatinumCore"}],"items_purged_floors":[],"is_endless":false,"potions_floor_spawned":[2,3,6,14,23,26],"killed_by":"Cultist and Chosen","ascension_level":0}}