{"host":"szp1d6dso4pv7ddl","time":1610823590,"event":{"mods":["AchievementEnabler","Alarm Clock","BaseMod","Bestiary","Block Reminder","Colored Map","Colored Powertips","Curses Come First","Dark Map","Displayed Cursed Tome","Highlight Path","Minty Spire (QoL Compilation)","Permanent Neow","Quick Restart","Relic Sorter","Relic Stats","StSLib","Synergy Search"],"gold_per_floor":[110,110,110,124,140,172,182,182,182,193,193,193,226,226,226,331,331,348,363,381,393,412,442,457,457,533,533,533],"floor_reached":27,"language":"ENG","playtime":1986,"items_purged":[],"score":401,"play_id":"d6cf14c2-1b8f-4233-9632-f83f5dd4709f","local_time":"20210116105950","is_ascension_mode":true,"campfire_choices":[{"floor":8,"key":"REST"},{"data":"Echo Form","floor":12,"key":"SMITH"},{"floor":15,"key":"REST"},{"floor":25,"key":"REST"}],"circlet_count":0,"master_deck":["Strike_B","Strike_B","Strike_B","Defend_B","Defend_B","Defend_B","Zap+1","Dualcast","Core Surge","Steam Power+1","Doom and Gloom","Conserve Battery","Gash","Echo Form+1","Sweeping Beam","Reboot","Glacier+1","BootSequence+1","Chill","Fusion","Reinforced Body+1","Buffer","Double Energy"],"relics":["Cracked Core","Turnip","Du-Vu Doll","FossilizedHelix","Bag of Preparation","Fusion Hammer","Anchor","Eternal Feather"],"acts_visited":["Exordium","TheCity"],"potions_floor_usage":[16,21,23,27],"damage_taken":[{"damage":8,"enemies":"2 Louse","floor":1,"turns":2},{"damage":7,"enemies":"Jaw Worm","floor":4,"turns":2},{"damage":0,"enemies":"Cultist","floor":5,"turns":3},{"damage":23,"enemies":"Lagavulin","floor":6,"turns":4},{"damage":5,"enemies":"Gremlin Gang","floor":7,"turns":2},{"damage":8,"enemies":"Blue Slaver","floor":10,"turns":3},{"damage":36,"enemies":"Gremlin Nob","floor":13,"turns":4},{"damage":0,"enemies":"Slime Boss","floor":16,"turns":6},{"damage":16,"enemies":"Shell Parasite","floor":18,"turns":4},{"damage":0,"enemies":"Spheric Guardian","floor":19,"turns":4},{"damage":0,"enemies":"Chosen and Byrds","floor":20,"turns":5},{"damage":0,"enemies":"Cultist and Chosen","floor":21,"turns":4},{"damage":0,"enemies":"Snake Plant","floor":22,"turns":6},{"damage":10,"enemies":"Book of Stabbing","floor":23,"turns":6},{"damage":0,"enemies":"Snecko","floor":24,"turns":5},{"damage":58,"enemies":"Gremlin Leader","floor":27,"turns":8}],"seed_played":"3820453057277099199","potions_obtained":[{"floor":1,"key":"SneckoOil"},{"floor":4,"key":"CultistPotion"},{"floor":10,"key":"Strength Potion"},{"floor":18,"key":"FearPotion"},{"floor":22,"key":"DuplicationPotion"},{"floor":24,"key":"Block Potion"}],"is_trial":false,"path_per_floor":["M","?","?","M","M","E","M","R","T","M","?","R","E","T","R","B",null,"M","M","M","M","M","E","M","R","T","E"],"character_chosen":"DEFECT","items_purchased":[],"campfire_rested":3,"item_purchase_floors":[],"current_hp_per_floor":[60,60,46,39,39,16,11,31,31,23,45,45,9,9,29,29,58,42,42,42,42,42,32,32,52,52,0,0],"gold":533,"neow_bonus":"TRANSFORM_TWO_CARDS","is_daily":false,"chose_seed":false,"campfire_upgraded":1,"win_rate":0.0,"timestamp":1610823590,"path_taken":["M","?","?","M","M","E","M","R","T","M","?","R","E","?","R","BOSS","M","?","M","M","?","E","M","R","T","E"],"items_purchased_type":[],"build_version":"2020-12-22","purchased_purges":0,"victory":false,"max_hp_per_floor":[68,68,68,68,68,68,68,68,68,68,68,68,68,68,68,68,68,68,68,68,68,68,68,68,68,68,68,68],"relic_stats":{"counters":[16,68],"Eternal Feather":0,"Turnip":[9],"Bag of Preparation":[18],"obtain_stats":[{"Du-Vu Doll":9,"Anchor":23,"Eternal Feather":26,"Turnip":6,"Fusion Hammer":17,"Bag of Preparation":14,"Cracked Core":0,"FossilizedHelix":13},{"Du-Vu Doll":5,"Anchor":14,"Eternal Feather":15,"Turnip":4,"Fusion Hammer":8,"Bag of Preparation":7,"Cracked Core":0,"FossilizedHelix":7},{"Du-Vu Doll":13,"Anchor":55,"Eternal Feather":60,"Turnip":11,"Fusion Hammer":26,"Bag of Preparation":20,"Cracked Core":0,"FossilizedHelix":20}]},"card_choices":[{"not_picked":["White Noise","Darkness"],"picked":"Doom and Gloom","floor":1},{"not_picked":["Go for the Eyes","Turbo"],"picked":"Conserve Battery","floor":4},{"not_picked":["Rebound","Coolheaded"],"picked":"Gash","floor":5},{"not_picked":["Leap","Ball Lightning","Reprogram"],"picked":"SKIP","floor":6},{"not_picked":["Stack","Turbo","Heatsinks"],"picked":"SKIP","floor":7},{"not_picked":["Rebound","Fusion"],"picked":"Echo Form","floor":10},{"not_picked":["Go for the Eyes","White Noise"],"picked":"Sweeping Beam","floor":13},{"not_picked":["Creative AI","Thunder Strike"],"picked":"Reboot","floor":16},{"not_picked":["Ball Lightning","Redo"],"picked":"Glacier+1","floor":18},{"not_picked":["Hello World+1","Go for the Eyes"],"picked":"BootSequence+1","floor":19},{"not_picked":["Consume+1","Barrage+1"],"picked":"Chill","floor":20},{"not_picked":["Defragment","Leap"],"picked":"Fusion","floor":21},{"not_picked":["Thunder Strike","Rebound"],"picked":"Reinforced Body+1","floor":22},{"not_picked":["Streamline","BootSequence"],"picked":"Buffer","floor":23},{"not_picked":["Conserve Battery","Reprogram"],"picked":"Double Energy","floor":24}],"player_experience":1186026,"relics_obtained":[{"floor":6,"key":"Turnip"},{"floor":9,"key":"Du-Vu Doll"},{"floor":13,"key":"FossilizedHelix"},{"floor":14,"key":"Bag of Preparation"},{"floor":23,"key":"Anchor"},{"floor":26,"key":"Eternal Feather"}],"event_choices":[{"damage_healed":0,"gold_gain":0,"player_choice":"Ignored","damage_taken":0,"max_hp_gain":0,"max_hp_loss":0,"event_name":"Liars Game","floor":2,"gold_loss":0},{"damage_healed":0,"gold_gain":0,"player_choice":"Entered Light","damage_taken":14,"max_hp_gain":0,"max_hp_loss":0,"event_name":"Shining Light","floor":3,"gold_loss":0,"cards_upgraded":["Zap","Steam Power"]},{"damage_healed":22,"gold_gain":0,"player_choice":"Banana","damage_taken":0,"max_hp_gain":0,"max_hp_loss":0,"event_name":"Big Fish","floor":11,"gold_loss":0}],"is_beta":false,"boss_relics":[{"not_picked":["Tiny House","Runic Dome"],"picked":"Fusion Hammer"}],"items_purged_floors":[],"is_endless":false,"potions_floor_spawned":[1,4,10,18,19,22,24],"killed_by":"Gremlin Leader","ascension_level":7}}