{"host":"37dk0reb6x0du8wx","time":1610759635,"event":{"mods":["BaseMod","Colored Map","DeckTracker","Minty Spire (QoL Compilation)","Quick Restart","StSLib"],"gold_per_floor":[118,118,118,293,243,276,293,323,323,351,351,371,72,87,87,192,192,203,203,52,52,64,99,99,119,145,158,170,0,0,0,0],"floor_reached":31,"language":"KOR","playtime":892,"items_purged":["Doubt"],"score":383,"play_id":"b1d67fa8-de1e-4161-9494-e9364aa705e6","local_time":"20210116101355","is_ascension_mode":true,"campfire_choices":[{"floor":11,"key":"REST"},{"floor":15,"key":"REST"},{"floor":24,"key":"REST"}],"circlet_count":0,"master_deck":["Strike_B","Defend_B","Defend_B","Defend_B","Defend_B","Zap","Dualcast","Reinforced Body","Consume","Loop","Leap","Defragment","Leap+1","Conserve Battery"],"relics":["Cracked Core","NeowsBlessing","Matryoshka","Cables","Symbiotic Virus","Sundial","Oddly Smooth Stone","Singing Bowl","Omamori","Calling Bell","Blood Vial","Molten Egg 2","Ginger","DataDisk","Centennial Puzzle","Toy Ornithopter","MealTicket","Pen Nib"],"acts_visited":["Exordium","TheCity"],"potions_floor_usage":[8,16,27,28],"damage_taken":[{"damage":0,"enemies":"2 Louse","floor":1,"turns":1},{"damage":0,"enemies":"3 Sentries","floor":6,"turns":1},{"damage":0,"enemies":"Small Slimes","floor":7,"turns":1},{"damage":27,"enemies":"Lagavulin","floor":8,"turns":8},{"damage":28,"enemies":"3 Sentries","floor":10,"turns":7},{"damage":6,"enemies":"Jaw Worm","floor":12,"turns":4},{"damage":2,"enemies":"Blue Slaver","floor":14,"turns":4},{"damage":38,"enemies":"Slime Boss","floor":16,"turns":4},{"damage":21,"enemies":"Shell Parasite","floor":18,"turns":4},{"damage":5,"enemies":"3 Byrds","floor":22,"turns":6},{"damage":45,"enemies":"Book of Stabbing","floor":23,"turns":4},{"damage":29,"enemies":"Snecko","floor":25,"turns":6},{"damage":16,"enemies":"Snake Plant","floor":27,"turns":4},{"damage":1,"enemies":"Centurion and Healer","floor":28,"turns":7},{"damage":36,"enemies":"Sentry and Sphere","floor":31,"turns":6}],"seed_played":"-8705278393325008986","potions_obtained":[{"floor":6,"key":"PotionOfCapacity"},{"floor":7,"key":"Weak Potion"},{"floor":10,"key":"DuplicationPotion"},{"floor":16,"key":"Fruit Juice"},{"floor":22,"key":"Explosive Potion"},{"floor":23,"key":"CultistPotion"}],"is_trial":false,"path_per_floor":["M","?","?","?","?","E","M","E","T","E","R","M","$","M","R","B",null,"M","?","$","?","M","E","R","M","T","M","M","?","$","M"],"character_chosen":"DEFECT","items_purchased":["Loop","Omamori","DataDisk"],"campfire_rested":3,"item_purchase_floors":[13,13,20],"current_hp_per_floor":[75,75,57,57,57,57,57,30,30,4,27,21,21,21,44,13,86,65,65,65,65,62,21,47,22,22,13,19,19,34,0,0],"gold":0,"neow_bonus":"THREE_ENEMY_KILL","is_daily":false,"chose_seed":false,"campfire_upgraded":0,"win_rate":0.0,"timestamp":1610759635,"path_taken":["M","?","?","?","?","E","?","E","T","E","R","M","$","M","R","BOSS","M","?","$","?","M","E","R","M","T","M","?","?","$","M"],"items_purchased_type":["Card","Relic","Relic"],"build_version":"2020-12-22","purchased_purges":1,"victory":false,"max_hp_per_floor":[75,75,75,75,75,75,75,75,75,77,77,77,77,79,79,86,86,86,86,86,86,86,88,88,90,90,90,90,90,90,90,90],"card_choices":[{"not_picked":["Go for the Eyes","Gash","Undo"],"picked":"SKIP","floor":1},{"not_picked":["Hologram","Glacier"],"picked":"Reinforced Body","floor":6},{"not_picked":["Streamline","Stack","Compile Driver"],"picked":"SKIP","floor":7},{"not_picked":["Steam","Recycle","Coolheaded"],"picked":"SKIP","floor":8},{"not_picked":["Turbo","Skim","Redo"],"picked":"Singing Bowl","floor":10},{"not_picked":["Leap","Core Surge"],"picked":"Consume","floor":12},{"not_picked":["Heatsinks","Tempest","Ball Lightning"],"picked":"Singing Bowl","floor":14},{"not_picked":["Machine Learning","Biased Cognition","Core Surge"],"picked":"Singing Bowl","floor":16},{"not_picked":["Steam","Compile Driver+1"],"picked":"Leap","floor":18},{"not_picked":["Redo","Rebound+1"],"picked":"Defragment","floor":22},{"not_picked":["Cold Snap+1","Rebound+1","Stack"],"picked":"Singing Bowl","floor":23},{"not_picked":["Double Energy","Sunder+1","Redo"],"picked":"Singing Bowl","floor":25},{"not_picked":["Sweeping Beam+1","Blizzard+1"],"picked":"Leap+1","floor":27},{"not_picked":["Chaos","Hologram+1"],"picked":"Conserve Battery","floor":28}],"player_experience":194500,"relics_obtained":[{"floor":6,"key":"Cables"},{"floor":8,"key":"Symbiotic Virus"},{"floor":9,"key":"Sundial"},{"floor":9,"key":"Oddly Smooth Stone"},{"floor":10,"key":"Singing Bowl"},{"floor":17,"key":"Blood Vial"},{"floor":17,"key":"Molten Egg 2"},{"floor":17,"key":"Ginger"},{"floor":23,"key":"Toy Ornithopter"},{"floor":26,"key":"MealTicket"},{"floor":26,"key":"Pen Nib"}],"event_choices":[{"cards_removed":["Strike_B"],"damage_healed":0,"gold_gain":0,"player_choice":"Forget","damage_taken":0,"max_hp_gain":0,"max_hp_loss":0,"event_name":"Living Wall","floor":2,"gold_loss":0},{"damage_healed":0,"gold_gain":0,"player_choice":"Success","damage_taken":18,"relics_obtained":["Matryoshka"],"max_hp_gain":0,"max_hp_loss":0,"event_name":"Scrap Ooze","floor":3,"gold_loss":0},{"damage_healed":0,"gold_gain":175,"player_choice":"AGREE","damage_taken":0,"max_hp_gain":0,"max_hp_loss":0,"event_name":"Liars Game","floor":4,"gold_loss":0,"cards_obtained":["Doubt"]},{"cards_removed":["Strike_B"],"damage_healed":0,"gold_gain":0,"player_choice":"Card Removal","damage_taken":0,"max_hp_gain":0,"max_hp_loss":0,"event_name":"The Cleric","floor":5,"gold_loss":50},{"cards_removed":["Strike_B"],"damage_healed":0,"gold_gain":0,"player_choice":"Elegance","damage_taken":0,"max_hp_gain":0,"max_hp_loss":0,"event_name":"Back to Basics","floor":19,"gold_loss":0},{"damage_healed":0,"gold_gain":0,"player_choice":"Gave Potion","damage_taken":0,"relics_obtained":["Centennial Puzzle"],"max_hp_gain":0,"max_hp_loss":0,"event_name":"WeMeetAgain","floor":21,"gold_loss":0},{"damage_healed":0,"gold_gain":0,"player_choice":"Paid Fearfully","damage_taken":0,"max_hp_gain":0,"max_hp_loss":0,"event_name":"Masked Bandits","floor":29,"gold_loss":170}],"is_beta":false,"boss_relics":[{"not_picked":["Ectoplasm","Tiny House"],"picked":"Calling Bell"}],"items_purged_floors":[13],"is_endless":false,"potions_floor_spawned":[6,7,10,16,22,23],"killed_by":"Sentry and Sphere","ascension_level":4}}