{"host":"s9znsjs818tlhh47","time":1610782486,"event":{"mods":["2.2 Compatiblity","AchievementEnabler","Act Like it!","BaseMod","Bestiary","Better Note","Better Skull","Better Third Choice","Better Vampires","Card Forge","Colored Powertips","Evolution","Force Act Four","Gensokyo","Ironclad Rager","Marked Mod","Minty Spire (QoL Compilation)","Permanent Neow","Quick Restart","RumiaBox-露米娅的神秘盒子","StSLib","The Invoker Mod","【功能Mod】混沌之环修复补丁","【遗物卡牌】REMEMod","残留之物"],"gold_per_floor":[113,133,133,146,17,17,51,51,51,51,76,76,109,125,125,203,203,216,91,91,111,111,111,161,161,212,212,228,253,35,61,61,133,133,150,150,168,168,168,196,196,196,196,224,224,240,259,287,287,287,287,287,287,86,118,118],"floor_reached":57,"language":"ZHS","playtime":3219,"items_purged":["Defend_G","Strike_G","Caltrops+1"],"score":2959,"play_id":"829c5f50-540c-4980-9b37-dc1df35e6504","local_time":"20210116023446","is_ascension_mode":true,"campfire_choices":[{"data":"Predator","floor":6,"key":"SMITH"},{"data":"All Out Attack","floor":8,"key":"SMITH"},{"data":"REME_SpectralBlade","floor":10,"key":"SMITH"},{"floor":12,"key":"REST"},{"data":"Strike_G","floor":15,"key":"PURGE"},{"data":"Strike_G","floor":23,"key":"PURGE"},{"data":"Strike_G","floor":25,"key":"PURGE"},{"data":"Strike_G","floor":27,"key":"PURGE"},{"floor":32,"key":"REST"},{"floor":41,"key":"RECALL"},{"data":"Escape Plan","floor":45,"key":"SMITH"},{"data":"Defend_G+1","floor":49,"key":"PURGE"},{"data":"Defend_G","floor":53,"key":"PURGE"}],"circlet_count":0,"master_deck":["AscendersBane","Defend_G+1","Defend_G+1","Survivor+1","Neutralize+1","Backflip+1","Predator+1","REME_SpectralBlade+1","All Out Attack+1","Footwork+1","Quick Slash+1","Acrobatics+1","Acrobatics+1","Tactician+1","Reflex+1","Well Laid Plans+1","REME_LeechingPoison+1","Dagger Throw+1","Escape Plan+1","Concentrate+1","Heel Hook+1","Deflect+1","Deflect+1","Acrobatics+1"],"relics":["Hammer of Thor","Seething Fire","Anvil of the Gods","EVO:Axolotl","REME_ComplimentaryCards","HoveringKite","Mercury Hourglass","Juzu Bracelet","Bag of Marbles","Peace Pipe","PlaceholderMod:LiveLive","Smiling Mask","Bag of Preparation","Bronze Scales","EasyGame_NEW","Strawberry","The Courier","PlaceholderMod:DaolothFragment","Ancient Tea Set","Medical Kit","Blood Vial"],"acts_visited":["Exordium","TheCity","TheBeyond","TheEnding"],"potions_floor_usage":[13,29],"damage_taken":[{"damage":2.0,"enemies":"Jaw Worm","floor":1.0,"turns":4.0},{"damage":4,"enemies":"Cultist","floor":2,"turns":5},{"damage":4,"enemies":"Small Slimes","floor":4,"turns":4},{"damage":21,"enemies":"Gremlin Nob","floor":7,"turns":4},{"damage":7,"enemies":"3 Sentries","floor":11,"turns":5},{"damage":6,"enemies":"Lagavulin","floor":13,"turns":6},{"damage":8,"enemies":"Blue Slaver","floor":14,"turns":2},{"damage":12,"enemies":"Hexaghost","floor":16,"turns":7},{"damage":7,"enemies":"3 Byrds","floor":18,"turns":3},{"damage":0,"enemies":"Shell Parasite","floor":21,"turns":3},{"damage":0,"enemies":"Cultist and Chosen","floor":28,"turns":2},{"damage":9,"enemies":"REME_1_Revenger","floor":29,"turns":4},{"damage":0,"enemies":"Slavers","floor":31,"turns":2},{"damage":5,"enemies":"Automaton","floor":33,"turns":5},{"damage":13,"enemies":"3 Shapes","floor":35,"turns":4},{"damage":0,"enemies":"3 Darklings","floor":37,"turns":2},{"damage":14,"enemies":"Nemesis","floor":40,"turns":3},{"damage":0,"enemies":"Reptomancer","floor":44,"turns":4},{"damage":0,"enemies":"Transient","floor":46,"turns":6},{"damage":0,"enemies":"Spire Growth","floor":47,"turns":3},{"damage":9,"enemies":"Nemesis","floor":48,"turns":5},{"damage":42,"enemies":"Time Eater","floor":50,"turns":7},{"damage":20,"enemies":"Donu and Deca","floor":51,"turns":5},{"damage":0,"enemies":"Shield and Spear","floor":55,"turns":4},{"damage":70,"enemies":"The Heart","floor":56,"turns":6}],"seed_played":"299599656437148812","potions_obtained":[{"floor":3,"key":"Block Potion"},{"floor":3,"key":"Regen Potion"},{"floor":13,"key":"FairyPotion"},{"floor":29,"key":"Weak Potion"}],"is_trial":false,"path_per_floor":["M","M","?","M","$","R","E","R","T","R","E","R","E","M","R","B",null,"M","$","?","M","?","R","?","R","T","R","M","E","$","E","R","B",null,"M","?","M","?","?","E","R","?","T","E","R","M","M","E","R","B","B",null,"R","$","E","B",null],"character_chosen":"THE_SILENT","items_purchased":["REME_SpectralBlade","Underhanded Strike","Acrobatics","Bag of Preparation","Medical Kit","Deflect"],"campfire_rested":2,"item_purchase_floors":[5,5,19,30,54,54],"current_hp_per_floor":[57,53,53,49,49,49,28,28,28,28,21,40,49,41,41,29,57,50,50,50,50,50,50,50,50,50,50,50,41,41,41,60,55,63,50,50,66,66,63,56,56,56,56,70,70,70,70,70,70,36,38,62,62,62,70,8],"gold":118,"neow_bonus":"BOSS_RELIC","is_daily":false,"chose_seed":false,"campfire_upgraded":4,"win_rate":0.0,"timestamp":1610782486,"path_taken":["M","M","?","M","?","R","E","R","T","R","E","R","E","M","R","BOSS","M","$","?","M","?","R","?","R","T","R","M","E","?","E","R","BOSS","M","?","M","?","?","E","R","?","T","E","R","M","M","E","R","BOSS","BOSS","R","$","E","BOSS"],"items_purchased_type":["Card","Card","Card","Relic","Relic","Card"],"build_version":"2020-12-22","purchased_purges":3,"victory":true,"max_hp_per_floor":[66,66,66,66,66,66,66,66,66,66,66,66,66,66,66,66,66,66,66,66,66,66,66,66,66,66,66,66,66,66,66,66,66,66,66,66,66,66,63,70,70,70,70,70,70,70,70,70,70,70,70,70,70,70,70,70],"card_choices":[{"not_picked":["Dagger Spray","Quick Slash"],"picked":"Caltrops","floor":1.0},{"not_picked":["Cloak And Dagger","Bullet Time"],"picked":"Backflip","floor":2},{"not_picked":["Deadly Poison","Endless Agony"],"picked":"Predator","floor":4},{"not_picked":["Deadly Poison","Flying Knee"],"picked":"All Out Attack","floor":7},{"not_picked":["Poisoned Stab","Backflip","Underhanded Strike"],"picked":"SKIP","floor":11},{"not_picked":["Dagger Throw","Poisoned Stab"],"picked":"Footwork","floor":13},{"not_picked":["Dagger Spray","Masterful Stab","Infinite Blades"],"picked":"SKIP","floor":14},{"not_picked":["A Thousand Cuts","REME_SpectralBlade"],"picked":"Grand Finale","floor":16},{"not_picked":["Finisher","Deadly Poison"],"picked":"Quick Slash+1","floor":18},{"not_picked":["PiercingWail","Infinite Blades","Skewer"],"picked":"SKIP","floor":21},{"not_picked":["Terror","Sucker Punch"],"picked":"Acrobatics","floor":28},{"not_picked":["Cloak And Dagger","Dodge and Roll","Leg Sweep"],"picked":"SKIP","floor":29},{"not_picked":["Outmaneuver+1","Sucker Punch","Poisoned Stab"],"picked":"SKIP","floor":31},{"not_picked":["Doppelganger","Venomology"],"picked":"REME_LeechingPoison","floor":33},{"not_picked":["Outmaneuver+1","Reflex","Deadly Poison"],"picked":"SKIP","floor":35},{"not_picked":["Outmaneuver","Dodge and Roll+1","Caltrops"],"picked":"SKIP","floor":37},{"not_picked":["Reflex","Slice"],"picked":"Dagger Throw","floor":40},{"not_picked":["Heel Hook","Blade Dance"],"picked":"Escape Plan","floor":44},{"not_picked":["Heel Hook","Outmaneuver"],"picked":"Concentrate+1","floor":46},{"not_picked":["Outmaneuver","Acrobatics"],"picked":"Heel Hook","floor":47},{"not_picked":["Masterful Stab","Slice"],"picked":"Deflect+1","floor":48},{"not_picked":["Dagger Throw","Venomology"],"picked":"Acrobatics+1","floor":55}],"player_experience":310167,"relics_obtained":[{"floor":7,"key":"Mercury Hourglass"},{"floor":9,"key":"Juzu Bracelet"},{"floor":11,"key":"Bag of Marbles"},{"floor":13,"key":"Peace Pipe"},{"floor":29,"key":"Smiling Mask"},{"floor":31,"key":"Bronze Scales"},{"floor":40,"key":"Strawberry"},{"floor":43,"key":"The Courier"},{"floor":44,"key":"PlaceholderMod:DaolothFragment"},{"floor":48,"key":"Ancient Tea Set"},{"floor":55,"key":"Blood Vial"}],"event_choices":[{"damage_healed":0,"gold_gain":0,"player_choice":"Got Potions","damage_taken":0,"max_hp_gain":0,"max_hp_loss":0,"event_name":"Lab","floor":3,"gold_loss":0},{"damage_healed":0,"gold_gain":0,"player_choice":"Ignored","damage_taken":0,"max_hp_gain":0,"max_hp_loss":0,"event_name":"Vampires","floor":22,"gold_loss":0},{"damage_healed":0,"gold_gain":50,"player_choice":"Steal","damage_taken":0,"max_hp_gain":0,"max_hp_loss":0,"event_name":"betterThird:BetterNest","floor":24,"gold_loss":0},{"damage_healed":0,"gold_gain":0,"player_choice":"Ignored","damage_taken":0,"max_hp_gain":0,"max_hp_loss":0,"event_name":"Tomb of Lord Red Mask","floor":36,"gold_loss":0},{"damage_healed":0,"gold_gain":0,"player_choice":"Upgraded","damage_taken":0,"max_hp_gain":0,"max_hp_loss":0,"event_name":"Upgrade Shrine","floor":38,"gold_loss":0,"cards_upgraded":["Defend_G"]},{"damage_healed":0,"gold_gain":0,"player_choice":"Max HP","damage_taken":0,"max_hp_gain":0,"max_hp_loss":3,"event_name":"Winding Halls","floor":39,"gold_loss":0},{"cards_removed":["Grand Finale"],"damage_healed":0,"gold_gain":0,"player_choice":"Removed Attack","damage_taken":0,"max_hp_gain":0,"max_hp_loss":0,"event_name":"Falling","floor":42,"gold_loss":0}],"is_beta":false,"boss_relics":[{"not_picked":["Sozu","REME_ChargedStone"],"picked":"PlaceholderMod:LiveLive"},{"not_picked":["REME_DemonsWealth","Astrolabe"],"picked":"EasyGame_NEW"}],"items_purged_floors":[19,30,54],"is_endless":false,"potions_floor_spawned":[4,11,13,16,18,21,29,40,44,47,48,55],"ascension_level":20}}