{"host":"pf5oese4ka0eje7d","time":1610787968,"event":{"mods":["AchievementEnabler","Aspiration","BaseMod","Colored Map","JesterMod","Minty Spire (QoL Compilation)","StSLib","SuperFastMode"],"gold_per_floor":[111,111,73,87,102,102,136,58,58,58,58,68,68,101,101,197,197,217,232,244,95,113,113,139,139,139,139,139],"floor_reached":27,"language":"FRA","playtime":1271,"items_purged":[],"score":241,"play_id":"c63b00db-82e7-440c-b80c-a1f7d9ce4a50","local_time":"20210116100608","is_ascension_mode":false,"campfire_choices":[{"data":"jesterMod:Tinker","floor":6,"key":"SMITH"},{"data":"jesterMod:Illness","floor":11,"key":"SMITH"},{"data":"jesterMod:Talion","floor":13,"key":"SMITH"},{"floor":15,"key":"REST"},{"floor":23,"key":"REST"}],"circlet_count":0,"master_deck":["jesterMod:Strike","jesterMod:Strike","jesterMod:Strike","jesterMod:Sickle","jesterMod:Defend","jesterMod:Defend","jesterMod:Defend","jesterMod:Defend","jesterMod:Dodge","jesterMod:Tinker+1","jesterMod:Illness+1","jesterMod:QuickStrike","jesterMod:Anticipation","jesterMod:Talion+1","jesterMod:Hide+1","jesterMod:OblivionStrike+1","jesterMod:OblivionStrike"],"relics":["jesterMod:JesterCap","NeowsBlessing","jesterMod:LargeSleeves","Letter Opener","Bag of Preparation","Bag of Marbles","Pen Nib","Singing Bowl","Nunchaku"],"acts_visited":["Exordium","TheCity"],"potions_floor_usage":[16,24,24],"damage_taken":[{"damage":0,"enemies":"Cultist","floor":1,"turns":1},{"damage":0,"enemies":"2 Louse","floor":4,"turns":1},{"damage":0,"enemies":"Jaw Worm","floor":5,"turns":1},{"damage":16,"enemies":"Gremlin Nob","floor":7,"turns":4},{"damage":10,"enemies":"2 Fungi Beasts","floor":12,"turns":4},{"damage":5,"enemies":"Lagavulin","floor":14,"turns":8},{"damage":13,"enemies":"Slime Boss","floor":16,"turns":11},{"damage":0,"enemies":"Shell Parasite","floor":18,"turns":7},{"damage":18,"enemies":"3 Byrds","floor":19,"turns":5},{"damage":0,"enemies":"Centurion and Healer","floor":20,"turns":9},{"damage":33,"enemies":"Cultist and Chosen","floor":22,"turns":9},{"damage":35,"enemies":"Gremlin Leader","floor":24,"turns":9},{"damage":6,"enemies":"Chosen and Byrds","floor":27,"turns":4}],"seed_played":"-8208223444974253533","potions_obtained":[{"floor":5,"key":"Fire Potion"},{"floor":7,"key":"Ancient Potion"},{"floor":12,"key":"CultistPotion"},{"floor":16,"key":"BlessingOfTheForge"},{"floor":20,"key":"Explosive Potion"}],"is_trial":false,"path_per_floor":["M","$","$","M","M","R","E","$","T","?","R","M","R","E","R","B",null,"M","M","M","$","M","R","E","T","T","M"],"character_chosen":"THE_JESTER","items_purchased":["jesterMod:Illness","jesterMod:Talion","Bag of Marbles"],"campfire_rested":2,"item_purchase_floors":[3,8,21],"current_hp_per_floor":[70,70,70,70,70,70,54,54,54,54,54,44,44,39,60,47,70,70,52,52,52,19,40,5,5,5,0,0],"gold":139,"neow_bonus":"THREE_ENEMY_KILL","is_daily":false,"chose_seed":false,"campfire_upgraded":3,"win_rate":0.0,"timestamp":1610787968,"path_taken":["M","?","$","M","M","R","E","$","T","?","R","M","R","E","R","BOSS","M","M","M","$","M","R","E","?","T","M"],"items_purchased_type":["Card","Card","Relic"],"build_version":"2020-12-22","purchased_purges":0,"victory":false,"max_hp_per_floor":[70,70,70,70,70,70,70,70,70,70,70,70,70,70,70,70,70,70,70,70,70,70,70,70,70,70,70,70],"card_choices":[{"not_picked":["jesterMod:PerfectDodge","jesterMod:Swiftness"],"picked":"jesterMod:Tinker","floor":1},{"not_picked":["jesterMod:Mending","jesterMod:RecklessStrike"],"picked":"jesterMod:QuickStrike","floor":4},{"not_picked":["jesterMod:Illness","jesterMod:MudBall","jesterMod:Disposophobia"],"picked":"SKIP","floor":5},{"not_picked":["jesterMod:Illness","jesterMod:DanceOfChaos"],"picked":"jesterMod:Anticipation","floor":7},{"not_picked":["jesterMod:FlameDance","jesterMod:JackInTheBox","jesterMod:OblivionStrike"],"picked":"SKIP","floor":12},{"not_picked":["jesterMod:Discretion","jesterMod:JugglerBlade","jesterMod:Juggler"],"picked":"SKIP","floor":14},{"not_picked":["jesterMod:DancingMad","jesterMod:Hide","jesterMod:Inspiration"],"picked":"SKIP","floor":18},{"not_picked":["jesterMod:TrickyDodge","jesterMod:Prankster"],"picked":"jesterMod:Hide+1","floor":19},{"not_picked":["jesterMod:Swiftness","jesterMod:SwiftDodge","jesterMod:Prankster"],"picked":"SKIP","floor":20},{"not_picked":["jesterMod:Rebuff","jesterMod:Patience"],"picked":"jesterMod:OblivionStrike+1","floor":22},{"not_picked":["jesterMod:Pillage","jesterMod:DancingMad+1"],"picked":"jesterMod:OblivionStrike","floor":24}],"player_experience":318995,"relics_obtained":[{"floor":7,"key":"jesterMod:LargeSleeves"},{"floor":9,"key":"Letter Opener"},{"floor":14,"key":"Bag of Preparation"},{"floor":24,"key":"Pen Nib"},{"floor":25,"key":"Singing Bowl"},{"floor":26,"key":"Nunchaku"}],"event_choices":[{"cards_removed":["jesterMod:Strike"],"damage_healed":0,"gold_gain":0,"player_choice":"Offered Basic","damage_taken":0,"max_hp_gain":0,"max_hp_loss":0,"event_name":"Bonfire Elementals","floor":10,"gold_loss":0}],"is_beta":false,"boss_relics":[{"not_picked":["aspiration:SecretTechniqueScroll","Runic Pyramid","aspiration:FutureDiary"]}],"items_purged_floors":[],"is_endless":false,"potions_floor_spawned":[5,7,12,16,20],"killed_by":"Chosen and Byrds","ascension_level":0}}