{"host":"yy8mitdds7tg9c5m","time":1610820824,"event":{"mods":["Act Like it!","AlwaysNeverKeys","BaseMod","Better Note","Downfall","GifTheSpireLib","Minty Spire (QoL Compilation)","Permanent Neow","Quick Restart","StSLib","egg"],"gold_per_floor":[99,116,128,228,239,251,251,290,320,214,243,271,171,196,222,222,222,222],"floor_reached":16,"language":"ENG","playtime":3209,"items_purged":["champ:Strike"],"score":137,"play_id":"793e1fe1-eadc-46cb-8479-71f3c64e93a0","local_time":"20210116141344","is_ascension_mode":false,"campfire_choices":[{"data":"champ:Taunt","floor":1,"key":"SMITH"},{"floor":13,"key":"DIG"}],"circlet_count":0,"master_deck":["champ:Strike","champ:Strike","champ:Strike","champ:Defend","champ:Defend","champ:Defend","champ:Defend","champ:Execute","champ:Taunt+1","champ:BerserkersShout","champ:DeathBlow","champ:LastStand","champ:Encircle","champ:EnragedBash","champ:Endure","champ:FanOfKnives"],"relics":["champ:ChampionCrown","Darkstone Periapt","CeramicFish","Shovel","WingedGreaves","downfall:HeartBlessingBlue","Strawberry","Odd Mushroom"],"acts_visited":["Exordium"],"potions_floor_usage":[8,8,10,16],"damage_taken":[{"damage":11,"enemies":"Jaw Worm","floor":2,"turns":5},{"damage":20,"enemies":"2 Louse","floor":3,"turns":4},{"damage":20,"enemies":"Small Slimes","floor":5,"turns":3},{"damage":37,"enemies":"3 Louse","floor":6,"turns":5},{"damage":67,"enemies":"Lagavulin","floor":8,"turns":8},{"damage":40,"enemies":"downfall:FleeingMerchant","floor":10,"turns":4},{"damage":55,"enemies":"Gremlin Nob","floor":11,"turns":4},{"damage":17,"enemies":"2 Fungi Beasts","floor":12,"turns":2},{"damage":47,"enemies":"The Mushroom Lair","floor":14,"turns":6},{"damage":25,"enemies":"Lots of Slimes","floor":15,"turns":3},{"damage":47,"enemies":"WA_ARCHETYPE_RETAIN","floor":16,"turns":5}],"seed_played":"-4346037325308073398","potions_obtained":[{"floor":3,"key":"Weak Potion"},{"floor":6,"key":"CultistPotion"},{"floor":8,"key":"DistilledChaos"},{"floor":14,"key":"Strength Potion"},{"floor":15,"key":"Regen Potion"}],"is_trial":false,"path_per_floor":["R","M","M","?","M","M","T","E","?","$","E","M","R","?","M","B"],"character_chosen":"THE_CHAMP","items_purchased":["champ:EnragedBash"],"campfire_rested":0,"item_purchase_floors":[10],"current_hp_per_floor":[99,98,98,98,98,91,91,69,69,64,44,42,59,37,32,0,0,0],"gold":222,"neow_bonus":"TEN_PERCENT_HP_BONUS","is_daily":false,"chose_seed":false,"campfire_upgraded":1,"win_rate":0.0,"timestamp":1610820824,"path_taken":["R","M","M","?","M","M","T","E","?","$","E","M","R","?","M","BOSS"],"items_purchased_type":["Card"],"build_version":"2020-12-22","purchased_purges":1,"victory":false,"max_hp_per_floor":[99,99,99,99,99,99,99,99,99,99,99,99,116,116,116,116,116,116],"card_choices":[{"not_picked":["champ:PreciseThrust","champ:Haymaker"],"picked":"champ:BerserkersShout","floor":2},{"not_picked":["champ:BerserkersShout","champ:GutPunch","champ:BladeFlurry"],"picked":"SKIP","floor":3},{"not_picked":["champ:BerserkersShout","champ:PerfectedStrike","champ:RapidStrikes"],"picked":"SKIP","floor":5},{"not_picked":["champ:PreemptiveStrike","champ:ArenaPreparation"],"picked":"champ:DeathBlow","floor":6},{"not_picked":["champ:GutPunch","champ:FlashCut"],"picked":"champ:LastStand","floor":8},{"not_picked":["champ:FlashCut","champ:DefensiveShout"],"picked":"champ:Encircle","floor":10},{"not_picked":["champ:CalledShot","champ:Lariat","champ:FocusedDefense"],"picked":"SKIP","floor":11},{"not_picked":["champ:StanceDance","champ:TornadoPunch"],"picked":"champ:Endure","floor":12},{"not_picked":["champ:BladeFlurry","champ:BringItOn"],"picked":"champ:FanOfKnives","floor":15}],"player_experience":181982,"relics_obtained":[{"floor":7,"key":"Darkstone Periapt"},{"floor":8,"key":"CeramicFish"},{"floor":11,"key":"WingedGreaves"},{"floor":13,"key":"Strawberry"},{"floor":14,"key":"Odd Mushroom"}],"event_choices":[{"damage_healed":0,"gold_gain":0,"player_choice":"Fought Mushrooms","damage_taken":0,"max_hp_gain":0,"max_hp_loss":0,"event_name":"Mushrooms","floor":14,"gold_loss":0}],"is_beta":false,"boss_relics":[],"items_purged_floors":[10],"is_endless":false,"potions_floor_spawned":[3,6,8,14,15],"killed_by":"WA_ARCHETYPE_RETAIN","ascension_level":0}}