{"host":"88sw61cmk1203zgj","time":1610837874,"event":{"mods":["BaseMod","Minty Spire (QoL Compilation)"],"gold_per_floor":[112,112,130,150,150,150,160,193,193,2,14,14,79,98,98,194,194,214,214,198,216,232,232,245,245,245,245,272,272,272,272],"floor_reached":30,"language":"ENG","playtime":2651,"items_purged":["Strike_B"],"score":391,"play_id":"94051acb-ae61-45d3-bcea-4f3284d1fb2d","local_time":"20210116175754","is_ascension_mode":true,"campfire_choices":[{"floor":6.0,"key":"REST"},{"floor":12.0,"key":"REST"},{"data":"Defragment","floor":15.0,"key":"SMITH"},{"data":"Biased Cognition","floor":23.0,"key":"SMITH"},{"data":"Seek","floor":25.0,"key":"SMITH"},{"floor":27.0,"key":"REST"}],"circlet_count":0,"master_deck":["AscendersBane","Strike_B","Strike_B","Strike_B+1","Defend_B","Defend_B","Defend_B","Defend_B","Zap","Dualcast","Glacier+1","Darkness","Cold Snap","Redo","Defragment+1","Redo","Compile Driver","Turbo","Biased Cognition+1","Seek+1","Coolheaded"],"relics":["SlaversCollar","Boot","Matryoshka","Oddly Smooth Stone","Bronze Scales","Lizard Tail","Velvet Choker","Lantern","HornCleat"],"acts_visited":["Exordium","TheCity"],"potions_floor_usage":[30,30],"damage_taken":[{"damage":7.0,"enemies":"Jaw Worm","floor":1.0,"turns":4.0},{"damage":17.0,"enemies":"2 Louse","floor":3.0,"turns":4.0},{"damage":0.0,"enemies":"Small Slimes","floor":4.0,"turns":3.0},{"damage":3.0,"enemies":"Exordium Wildlife","floor":7.0,"turns":6.0},{"damage":1.0,"enemies":"Lagavulin","floor":8.0,"turns":7.0},{"damage":13.0,"enemies":"Gremlin Gang","floor":11.0,"turns":5.0},{"damage":10.0,"enemies":"Lagavulin Event","floor":13.0,"turns":7.0},{"damage":0.0,"enemies":"Looter","floor":14.0,"turns":5.0},{"damage":14.0,"enemies":"The Guardian","floor":16.0,"turns":12.0},{"damage":15.0,"enemies":"Shell Parasite","floor":18.0,"turns":5.0},{"damage":16.0,"enemies":"2 Thieves","floor":20.0,"turns":4.0},{"damage":7.0,"enemies":"Shelled Parasite and Fungi","floor":21.0,"turns":6.0},{"damage":23.0,"enemies":"Cultist and Chosen","floor":22.0,"turns":6.0},{"damage":15.0,"enemies":"Centurion and Healer","floor":24.0,"turns":10.0},{"damage":5.0,"enemies":"Slavers","floor":28.0,"turns":5.0},{"damage":55,"enemies":"Gremlin Leader","floor":30,"turns":7}],"seed_played":"-4067305798656107056","potions_obtained":[{"floor":1.0,"key":"GamblersBrew"},{"floor":4.0,"key":"SpeedPotion"},{"floor":8.0,"key":"Dexterity Potion"},{"floor":13.0,"key":"FearPotion"},{"floor":18.0,"key":"BlessingOfTheForge"},{"floor":28.0,"key":"EntropicBrew"}],"is_trial":false,"path_per_floor":["M","?","M","M","?","R","M","E","T","$","M","R","?","M","R","B",null,"M","?","M","M","M","R","M","R","T","R","E","?","E"],"character_chosen":"DEFECT","items_purchased":["Defragment","Redo"],"campfire_rested":3,"item_purchase_floors":[10,10],"current_hp_per_floor":[61,36,19,19,4,26,23,22,22,22,9,31,21,21,21,7,58,43,43,27,20,37,37,22,22,22,44,39,39,0,0],"gold":272,"neow_bonus":"BOSS_RELIC","is_daily":false,"chose_seed":false,"campfire_upgraded":3,"win_rate":0.0,"timestamp":1610837874,"path_taken":["M","?","M","M","?","R","M","E","T","$","M","R","?","M","R","BOSS","M","?","M","M","?","R","M","R","T","R","E","?","E"],"items_purchased_type":["Card","Card"],"build_version":"2020-12-22","purchased_purges":1,"victory":false,"max_hp_per_floor":[75,75,75,75,75,75,75,75,75,75,75,75,75,75,75,75,75,75,75,75,75,75,75,75,75,75,75,75,75,75,75],"card_choices":[{"not_picked":["Fusion","Beam Cell"],"picked":"Glacier","floor":1.0},{"not_picked":["Glacier","Tempest"],"picked":"Darkness","floor":3.0},{"not_picked":["Heatsinks","Skim"],"picked":"Cold Snap","floor":4.0},{"not_picked":["Turbo","Heatsinks"],"picked":"Redo","floor":7.0},{"not_picked":["Rebound","Hyperbeam","Streamline"],"picked":"SKIP","floor":8.0},{"not_picked":["Gash","Beam Cell"],"picked":"Compile Driver","floor":11.0},{"not_picked":["Redo","Sweeping Beam","Turbo"],"picked":"SKIP","floor":14.0},{"not_picked":["Redo","Sweeping Beam"],"picked":"Turbo","floor":14.0},{"not_picked":["Multi-Cast","Reboot"],"picked":"Biased Cognition","floor":16.0},{"not_picked":["Conserve Battery","BootSequence+1","Go for the Eyes"],"picked":"SKIP","floor":18.0},{"not_picked":["White Noise","Force Field","Lockon+1"],"picked":"SKIP","floor":20.0},{"not_picked":["Redo","Gash","Heatsinks"],"picked":"SKIP","floor":21.0},{"not_picked":["Sweeping Beam+1","Compile Driver"],"picked":"Seek","floor":22.0},{"not_picked":["Gash","Chill"],"picked":"Coolheaded","floor":24.0},{"not_picked":["Sweeping Beam","Go for the Eyes","Conserve Battery"],"picked":"SKIP","floor":28.0}],"player_experience":1489463,"relics_obtained":[{"floor":8.0,"key":"Matryoshka"},{"floor":9.0,"key":"Oddly Smooth Stone"},{"floor":9.0,"key":"Bronze Scales"},{"floor":13.0,"key":"Lizard Tail"},{"floor":26.0,"key":"Lantern"},{"floor":28.0,"key":"HornCleat"}],"event_choices":[{"damage_healed":0.0,"max_hp_gain":0.0,"max_hp_loss":0.0,"gold_gain":0.0,"event_name":"Scrap Ooze","player_choice":"Success","floor":2.0,"gold_loss":0.0,"damage_taken":25.0,"relics_obtained":["Boot"]},{"damage_healed":0.0,"max_hp_gain":0.0,"max_hp_loss":0.0,"gold_gain":0.0,"event_name":"Shining Light","player_choice":"Entered Light","floor":5.0,"gold_loss":0.0,"damage_taken":15.0,"cards_upgraded":["Glacier","Strike_B"]},{"damage_healed":0.0,"max_hp_gain":0.0,"max_hp_loss":0.0,"gold_gain":0.0,"event_name":"Dead Adventurer","player_choice":"Searched \u00271\u0027 times","floor":13.0,"gold_loss":0.0,"damage_taken":0.0},{"damage_healed":0.0,"max_hp_gain":0.0,"max_hp_loss":0.0,"gold_gain":0.0,"event_name":"NoteForYourself","player_choice":"Ignored","floor":19.0,"gold_loss":0.0,"damage_taken":0.0},{"damage_healed":0.0,"max_hp_gain":0.0,"max_hp_loss":0.0,"gold_gain":0.0,"event_name":"Ghosts","player_choice":"Ignored","floor":29.0,"gold_loss":0.0,"damage_taken":0.0}],"is_beta":false,"boss_relics":[{"not_picked":["Fusion Hammer","Tiny House"],"picked":"Velvet Choker"}],"items_purged_floors":[10],"is_endless":false,"potions_floor_spawned":[1,4,7,8,13,18,28],"killed_by":"Gremlin Leader","ascension_level":11}}