{"host":"9jj9tzo2iym4bpat","time":1610806748,"event":{"mods":["Act Like it!","BaseMod","CapriCore","Colored Map","Dark Map","Luminous","Marisa????????","Minty Spire (QoL Compilation)","Permanent Neow","StSLib","Td1madao Mod","The Animator","The Immortal","The Marked","The Servant 0.9.4","Yakumo Yukari mod"],"gold_per_floor":[133,133,208,226,401,426,426,426,426,85,85,101,101,129,129,232,232,250,250,250,50,66,96,38,38,38],"floor_reached":25,"language":"ENG","playtime":879,"items_purged":["Doubt"],"score":275,"play_id":"a237211f-9662-4150-9ea6-51be4797461e","local_time":"20210116081908","is_ascension_mode":true,"campfire_choices":[{"floor":11,"key":"REST"},{"floor":13,"key":"REST"},{"floor":15,"key":"REST"}],"circlet_count":0,"master_deck":["AT_purpleEX+1","AT_purpleEX","AT_purpleEX","AT_purpleEX","Defend_purpleEX+1","Defend_purpleEX","Defend_purpleEX","Defend_purpleEX+1","Observe_purple_1","Observe_purple_2","StateDuplicate_purple+1","ExistenceContinue_purple+1","WorldDissolvedintheRealm_purple+1","Fantasy_PerpetualMotionMachine_purple","PurpleNeedle_purple","DimensionStaggered_purple","Mirror_TwoAndThreeElementRealm_purple","GluttonyofRealm_purpleEX","WingOfChimera_purple+1","Necronomicurse","StateErode_purple+1"],"relics":["Boundary_crack","Memoryfragments_purpleEX","NeowsBlessing","Orichalcum","Matryoshka","War Paint","Whetstone","Bag of Marbles","Shuriken","Black Star","Necronomicon","Singing Bowl","Gremlin Horn","Tiny Chest","Ornamental Fan"],"acts_visited":["Exordium","TheCity"],"potions_floor_usage":[16,23,25],"damage_taken":[{"damage":0,"enemies":"2 Louse","floor":1,"turns":1},{"damage":0,"enemies":"Small Slimes","floor":4,"turns":2},{"damage":18,"enemies":"Lagavulin","floor":6,"turns":1},{"damage":0,"enemies":"Jaw Worm","floor":12,"turns":3},{"damage":30,"enemies":"Gremlin Nob","floor":14,"turns":4},{"damage":28,"enemies":"Hexaghost","floor":16,"turns":9},{"damage":19,"enemies":"2 Thieves","floor":18,"turns":4},{"damage":3,"enemies":"Shell Parasite","floor":22,"turns":5},{"damage":49,"enemies":"Gremlin Leader","floor":23,"turns":6},{"damage":22,"enemies":"Book of Stabbing","floor":25,"turns":5}],"seed_played":"7932800166697506096","potions_obtained":[{"floor":6,"key":"FearPotion"},{"floor":14,"key":"PowerPotion"},{"floor":16,"key":"LiquidBronze"},{"floor":18,"key":"LiquidMemories"}],"is_trial":false,"path_per_floor":["M","?","?","M","?","E","T","?","T","$","R","M","R","E","R","B",null,"M","?","?","?","M","E","?","E"],"character_chosen":"Youkari","items_purchased":["Fantasy_PerpetualMotionMachine_purple","Bag of Marbles","PurpleNeedle_purple"],"campfire_rested":3,"item_purchase_floors":[10,10,10],"current_hp_per_floor":[70,70,59,59,59,41,41,27,27,27,48,49,70,41,62,38,70,70,54,54,54,65,22,22,0,0],"gold":38,"neow_bonus":"THREE_ENEMY_KILL","is_daily":false,"chose_seed":false,"campfire_upgraded":0,"win_rate":0.0,"timestamp":1610806748,"path_taken":["M","?","?","?","?","E","?","?","T","?","R","M","R","E","R","BOSS","M","?","?","?","?","E","?","E"],"items_purchased_type":["Card","Relic","Card"],"build_version":"2020-12-22","purchased_purges":1,"victory":false,"max_hp_per_floor":[70,70,70,70,70,70,70,70,70,70,70,70,70,70,70,70,70,70,70,70,70,75,75,75,75,75],"card_choices":[{"not_picked":["ExternalForce_HighSpeedFlying_purple","Mirror_FormAndEmptin_purple"],"picked":"StateDuplicate_purple","floor":1},{"not_picked":["Worldmountain_purple","Mirror_FourBoundary_purple"],"picked":"ExistenceContinue_purple","floor":4},{"not_picked":["OpenedBox_purple","Umbrella_purple"],"picked":"WorldDissolvedintheRealm_purple","floor":6},{"not_picked":["StretchesForeverDream_purple","SfantasyHide_purple"],"picked":"DimensionStaggered_purple","floor":12},{"not_picked":["Worldmountain_purple","OmniscientAndOmnipotent_Monster_purple"],"picked":"Mirror_TwoAndThreeElementRealm_purple","floor":14},{"not_picked":["MagicEyes_LaplaceDemon_purple","WasteWire_Metro_purple"],"picked":"GluttonyofRealm_purpleEX","floor":16},{"not_picked":["Worldmountain_purple","Boundary_of_Extermination_purpleEX"],"picked":"WingOfChimera_purple+1","floor":18},{"not_picked":["Mirror_Drifter_purple","RuleDissolution_purple","Fantasy_PerpetualMotionMachine_purple"],"picked":"Singing Bowl","floor":22},{"not_picked":["ExternalForce_HighSpeedFlying_purple","MeetDecomposer_purple"],"picked":"StateErode_purple+1","floor":23}],"player_experience":258729,"relics_obtained":[{"floor":6,"key":"Orichalcum"},{"floor":7,"key":"Matryoshka"},{"floor":9,"key":"War Paint"},{"floor":9,"key":"Whetstone"},{"floor":14,"key":"Shuriken"},{"floor":19,"key":"Necronomicon"},{"floor":23,"key":"Gremlin Horn"},{"floor":23,"key":"Tiny Chest"}],"event_choices":[{"damage_healed":0,"gold_gain":0,"player_choice":"Leave","damage_taken":0,"max_hp_gain":0,"max_hp_loss":0,"event_name":"The Cleric","floor":2,"gold_loss":0},{"damage_healed":0,"gold_gain":75,"player_choice":"Gather Gold","damage_taken":11,"max_hp_gain":0,"max_hp_loss":0,"event_name":"World of Goop","floor":3,"gold_loss":0},{"damage_healed":0,"gold_gain":175,"player_choice":"AGREE","damage_taken":0,"max_hp_gain":0,"max_hp_loss":0,"event_name":"Liars Game","floor":5,"gold_loss":0,"cards_obtained":["Doubt"]},{"damage_healed":0,"gold_gain":0,"player_choice":"Entered Light","damage_taken":14,"max_hp_gain":0,"max_hp_loss":0,"event_name":"Shining Light","floor":8,"gold_loss":0,"cards_upgraded":["Defend_purpleEX","AT_purpleEX"]},{"damage_healed":0,"gold_gain":0,"player_choice":"Obtained Book","damage_taken":16,"max_hp_gain":0,"max_hp_loss":0,"event_name":"Cursed Tome","floor":19,"gold_loss":0},{"damage_healed":0,"gold_gain":0,"player_choice":"Ignored","damage_taken":0,"max_hp_gain":0,"max_hp_loss":0,"event_name":"Ghosts","floor":20,"gold_loss":0},{"damage_healed":0,"gold_gain":0,"player_choice":"Paid Gold","damage_taken":0,"relics_obtained":["Ornamental Fan"],"max_hp_gain":0,"max_hp_loss":0,"event_name":"WeMeetAgain","floor":24,"gold_loss":58}],"is_beta":false,"boss_relics":[{"not_picked":["SacredBark","Snecko Eye"],"picked":"Black Star"}],"items_purged_floors":[10],"is_endless":false,"potions_floor_spawned":[6,14,16,18],"killed_by":"Book of Stabbing","ascension_level":2}}