{"host":"h4qgcirtxz6qax9j","time":1610810320,"event":{"mods":["AchievementEnabler","BaseMod","Colored Powertips","Minty Spire (QoL Compilation)","StSLib","SuperFastMode","The Animator"],"gold_per_floor":[110,110,130,140,158,158,138,136,159,159,174,191,210,54,54,149,149,168,168,168],"floor_reached":19,"language":"KOR","playtime":1170,"items_purged":[],"score":163,"play_id":"1befd694-93d8-4a54-921a-05c3bd7b67a4","local_time":"20210117001840","is_ascension_mode":false,"campfire_choices":[{"data":"animator:EmiyaShirou","floor":6,"key":"SMITH"},{"data":"animator:Kuroyukihime","floor":10,"key":"SMITH"},{"floor":15,"key":"REST"}],"circlet_count":0,"master_deck":["animator:Strike_Konosuba","animator:Defend_Konosuba","animator:Strike","animator:Strike","animator:Strike","animator:Defend","animator:Defend","animator:Defend","animator:Kazuma","animator:Aqua","animator:Kuroyukihime+1","animator:OrikoMikuni","animator:DolaStephanie","animator:EmiyaShirou+1","animator:Vanir","animator:DolaRiku","animator:Kazuma","animator:Megumin+2","animator:Saber"],"relics":["animator:VividPicture","animator:TheMissingPiece","animator:PurgingStone","Potion Belt","Regal Pillow"],"acts_visited":["Exordium","TheCity"],"potions_floor_usage":[18,19],"damage_taken":[{"damage":0,"enemies":"Small Slimes","floor":1,"turns":4},{"damage":0,"enemies":"Cultist","floor":3,"turns":6},{"damage":0,"enemies":"2 Louse","floor":4,"turns":3},{"damage":10,"enemies":"Large Slime","floor":5,"turns":8},{"damage":15,"enemies":"Exordium Thugs","floor":8,"turns":7},{"damage":0,"enemies":"3 Louse","floor":11,"turns":4},{"damage":0,"enemies":"Exordium Wildlife","floor":12,"turns":3},{"damage":9,"enemies":"Exordium Thugs","floor":13,"turns":7},{"damage":42,"enemies":"The Guardian","floor":16,"turns":28},{"damage":27,"enemies":"Chosen","floor":18,"turns":10},{"damage":43,"enemies":"Masked Bandits","floor":19,"turns":5}],"seed_played":"8058604010224291982","potions_obtained":[{"floor":4,"key":"PowerPotion"},{"floor":5,"key":"DuplicationPotion"},{"floor":7,"key":"EntropicBrew"},{"floor":8,"key":"Fire Potion"},{"floor":11,"key":"SkillPotion"},{"floor":13,"key":"Fire Potion"}],"is_trial":false,"path_per_floor":["M","$","M","M","M","R","?","M","T","R","M","M","M","$","R","B",null,"M","?"],"character_chosen":"THE_ANIMATOR","items_purchased":["Regal Pillow"],"campfire_rested":1,"item_purchase_floors":[14],"current_hp_per_floor":[66,66,66,66,56,56,56,43,43,43,45,45,39,39,67,25,67,40,0,0],"gold":168,"neow_bonus":"RANDOM_COLORLESS","is_daily":false,"chose_seed":false,"campfire_upgraded":2,"win_rate":0.0,"timestamp":1610810320,"path_taken":["M","$","M","M","M","R","?","M","T","R","M","?","M","$","R","BOSS","M","?"],"items_purchased_type":["Relic"],"build_version":"2020-12-22","purchased_purges":0,"victory":false,"max_hp_per_floor":[66,66,66,66,66,66,66,66,66,66,66,66,67,67,67,67,67,67,67,67],"card_choices":[{"not_picked":["animator:LimeBell","animator:IchigoKurosaki"],"picked":"animator:Kuroyukihime","floor":0},{"not_picked":["animator:Kaijin","animator:Illya"],"picked":"animator:OrikoMikuni","floor":1},{"not_picked":["animator:Aisha","animator:ChaikaBohdan"],"picked":"animator:DolaStephanie","floor":3},{"not_picked":["animator:Kaijin","animator:Chris","animator:Sloth"],"picked":"SKIP","floor":4},{"not_picked":["animator:Illya","animator:ShinjiMatou"],"picked":"animator:EmiyaShirou","floor":5},{"not_picked":["animator:Gluttony","animator:Shuna"],"picked":"animator:Vanir","floor":8},{"not_picked":["animator:Assassin","animator:PandorasActor"],"picked":"animator:DolaRiku","floor":11},{"not_picked":["animator:WinryRockbell","animator:Aisha"],"picked":"animator:Kazuma","floor":12},{"not_picked":["animator:Darkness","animator:Verdia"],"picked":"animator:Megumin","floor":13},{"not_picked":["animator:Kyubey","animator:Ainz"],"picked":"animator:Saber","floor":16},{"not_picked":["animator:NagisaMomoe+1","animator:Sloth"],"picked":"animator:Megumin","floor":18}],"player_experience":57323,"relics_obtained":[{"floor":9,"key":"Potion Belt"}],"event_choices":[{"damage_healed":0,"gold_gain":0,"player_choice":"Bought 1 Potion","damage_taken":0,"max_hp_gain":0,"max_hp_loss":0,"event_name":"The Woman in Blue","floor":7,"gold_loss":0},{"damage_healed":0,"gold_gain":0,"player_choice":"Fought Bandits","damage_taken":0,"max_hp_gain":0,"max_hp_loss":0,"event_name":"Masked Bandits","floor":19,"gold_loss":0}],"is_beta":false,"boss_relics":[{"not_picked":["Velvet Choker","Empty Cage"],"picked":"animator:VividPicture"}],"items_purged_floors":[],"is_endless":false,"potions_floor_spawned":[4,5,8,11,13],"killed_by":"Masked Bandits","ascension_level":0}}