{"host":"5fpb1gzflhq9886n","time":1610779375,"event":{"mods":["AchievementEnabler","BaseMod","Colored Map","Colored Powertips","Minty Spire (QoL Compilation)","Permanent Neow"],"gold_per_floor":[360,360,33,49,49,78,95,95,119,135,163,163,163,187,187,306,306,331,354,264,279,294,294,334,355,401,401,5,45,45,45,45,45,45],"floor_reached":33,"language":"ENG","playtime":2038,"items_purged":["Writhe","Strike_P"],"score":409,"play_id":"c6dda066-5642-4d93-9eae-11ee998fb6d0","local_time":"20210116014255","is_ascension_mode":true,"campfire_choices":[{"floor":8.0,"key":"REST"},{"data":"Adaptation","floor":12.0,"key":"SMITH"},{"data":"Eruption","floor":15.0,"key":"SMITH"},{"floor":23.0,"key":"REST"},{"floor":27.0,"key":"REST"},{"data":"Ghostly","floor":32.0,"key":"SMITH"}],"circlet_count":0,"master_deck":["Strike_P","Strike_P","Defend_P","Defend_P+1","Defend_P","Eruption+1","Vigilance","EmptyBody","Consecrate+1","Tantrum","Wallop+1","Halt","Adaptation+1","ClearTheMind","Ragnarok","Swivel+1","Vengeance+1","BowlingBash","Halt","WheelKick","Devotion","Ghostly+1","Ghostly","Ghostly","Ghostly","Ghostly"],"relics":["HolyWater","Happy Flower","Kunai","Mercury Hourglass","Whetstone","Lantern","Golden Idol","Ancient Tea Set","Torii","Bronze Scales","GremlinMask"],"acts_visited":["Exordium","TheCity"],"potions_floor_usage":[33],"damage_taken":[{"damage":4.0,"enemies":"2 Louse","floor":1.0,"turns":2.0},{"damage":0.0,"enemies":"Cultist","floor":4.0,"turns":3.0},{"damage":23.0,"enemies":"Lagavulin","floor":6.0,"turns":8.0},{"damage":0.0,"enemies":"Jaw Worm","floor":7.0,"turns":3.0},{"damage":0.0,"enemies":"2 Fungi Beasts","floor":10.0,"turns":2.0},{"damage":0.0,"enemies":"3 Sentries","floor":11.0,"turns":2.0},{"damage":17.0,"enemies":"Exordium Thugs","floor":14.0,"turns":4.0},{"damage":7.0,"enemies":"The Guardian","floor":16.0,"turns":9.0},{"damage":13.0,"enemies":"Shell Parasite","floor":18.0,"turns":3.0},{"damage":5.0,"enemies":"Spheric Guardian","floor":19.0,"turns":3.0},{"damage":0.0,"enemies":"Centurion and Healer","floor":21.0,"turns":6.0},{"damage":23.0,"enemies":"Snake Plant","floor":22.0,"turns":4.0},{"damage":7.0,"enemies":"Gremlin Leader","floor":24.0,"turns":5.0},{"damage":9.0,"enemies":"Snecko","floor":25.0,"turns":4.0},{"damage":8.0,"enemies":"Book of Stabbing","floor":29.0,"turns":3.0},{"damage":35,"enemies":"Collector","floor":33,"turns":7}],"seed_played":"1365927292604073062","potions_obtained":[{"floor":1.0,"key":"Dexterity Potion"},{"floor":4.0,"key":"SkillPotion"},{"floor":7.0,"key":"Ambrosia"},{"floor":14.0,"key":"PowerPotion"},{"floor":16.0,"key":"StancePotion"}],"is_trial":false,"path_per_floor":["M","?","$","M","?","E","M","R","T","M","E","R","?","M","R","B",null,"M","M","?","M","M","R","E","M","T","R","$","E","?","?","R","B"],"character_chosen":"WATCHER","items_purchased":["Kunai","Torii"],"campfire_rested":3,"item_purchase_floors":[3,28],"current_hp_per_floor":[68,56,56,56,56,33,33,54,54,54,54,54,54,37,37,30,67,54,49,49,49,26,46,39,30,30,50,50,42,33,33,33,0,0],"gold":45,"neow_bonus":"TWO_FIFTY_GOLD","is_daily":false,"chose_seed":false,"campfire_upgraded":3,"win_rate":0.0,"timestamp":1610779375,"path_taken":["M","?","$","M","?","E","?","R","T","M","E","R","?","M","R","BOSS","M","M","?","?","M","R","E","M","T","R","$","E","?","?","R","BOSS"],"items_purchased_type":["Relic","Relic"],"build_version":"2020-12-22","purchased_purges":2,"victory":false,"max_hp_per_floor":[72,72,72,72,72,72,72,72,72,72,72,72,67,67,67,67,67,67,67,67,67,67,67,67,67,67,67,67,67,33,33,33,33,33],"card_choices":[{"not_picked":["Pray","Study"],"picked":"EmptyBody","floor":1.0},{"not_picked":["Adaptation","FlyingSleeves"],"picked":"Consecrate","floor":4.0},{"not_picked":["FollowUp","Crescendo"],"picked":"Tantrum","floor":6.0},{"not_picked":["Evaluate","JustLucky"],"picked":"Wallop","floor":7.0},{"not_picked":["Evaluate","CutThroughFate"],"picked":"Halt","floor":10.0},{"not_picked":["Sanctity","PathToVictory"],"picked":"Adaptation","floor":11.0},{"not_picked":["JustLucky","SignatureMove"],"picked":"ClearTheMind","floor":14.0},{"not_picked":["Devotion","Brilliance"],"picked":"Ragnarok","floor":16.0},{"not_picked":["Weave","Nirvana"],"picked":"Swivel+1","floor":18.0},{"not_picked":["SashWhip","FollowUp"],"picked":"Vengeance+1","floor":19.0},{"not_picked":["LikeWater","FlyingSleeves"],"picked":"BowlingBash","floor":21.0},{"not_picked":["ForeignInfluence+1","SignatureMove"],"picked":"Halt","floor":22.0},{"not_picked":["Study+1","Evaluate+1"],"picked":"WheelKick","floor":24.0},{"not_picked":["Halt","CrushJoints","SignatureMove"],"picked":"SKIP","floor":25.0},{"not_picked":["Collect","Wireheading"],"picked":"Devotion","floor":29.0}],"player_experience":694374,"relics_obtained":[{"floor":6.0,"key":"Mercury Hourglass"},{"floor":9.0,"key":"Whetstone"},{"floor":11.0,"key":"Lantern"},{"floor":24.0,"key":"Ancient Tea Set"},{"floor":29.0,"key":"Bronze Scales"}],"event_choices":[{"damage_healed":0.0,"max_hp_gain":0.0,"max_hp_loss":0.0,"gold_gain":0.0,"event_name":"Scrap Ooze","player_choice":"Success","floor":2.0,"gold_loss":0.0,"damage_taken":12.0,"relics_obtained":["Happy Flower"]},{"cards_removed":["Defend_P"],"damage_healed":0.0,"max_hp_gain":0.0,"max_hp_loss":0.0,"gold_gain":0.0,"event_name":"Bonfire Elementals","player_choice":"Offered Basic","floor":5.0,"gold_loss":0.0,"damage_taken":0.0},{"damage_healed":0.0,"max_hp_gain":0.0,"max_hp_loss":5.0,"gold_gain":0.0,"event_name":"Golden Idol","player_choice":"Lose Max HP","floor":13.0,"gold_loss":0.0,"damage_taken":0.0,"relics_obtained":["Golden Idol"]},{"cards_removed":["Strike_P"],"damage_healed":0.0,"max_hp_gain":0.0,"max_hp_loss":0.0,"gold_gain":0.0,"event_name":"Designer","player_choice":"Upgrade and Remove","floor":20.0,"gold_loss":90.0,"damage_taken":0.0,"cards_upgraded":["Defend_P"]},{"damage_healed":0.0,"max_hp_gain":0.0,"max_hp_loss":34.0,"gold_gain":0.0,"event_name":"Ghosts","player_choice":"Became a Ghost","floor":30.0,"gold_loss":0.0,"damage_taken":0.0,"cards_obtained":["Ghostly","Ghostly","Ghostly","Ghostly","Ghostly"]},{"damage_healed":0.0,"max_hp_gain":0.0,"max_hp_loss":0.0,"gold_gain":0.0,"event_name":"FaceTrader","player_choice":"Trade","floor":31.0,"gold_loss":0.0,"damage_taken":0.0,"relics_obtained":["GremlinMask"]}],"is_beta":false,"boss_relics":[{"not_picked":["Snecko Eye","SacredBark"],"picked":"HolyWater"}],"items_purged_floors":[3,28],"is_endless":false,"potions_floor_spawned":[1,4,7,14,16,21,25],"killed_by":"Collector","ascension_level":4}}