{"host":"op1f1ag71v67qc3b","time":1610771832,"event":{"mods":["BaseMod","Colored Map","Hubris","Minty Spire (QoL Compilation)","Replay The Spire","StSLib","The IronCluck"],"gold_per_floor":[118,137,157,170,122,122,122,122,176,199,224,243,243,266,266,390,390,411,435,458,558,573,573,587,612,638,638,239,338,338,369,369,387,387],"floor_reached":33,"language":"ENG","playtime":1520,"items_purged":[],"score":270,"play_id":"c74429ba-1970-4926-81b5-c83d9781ea29","local_time":"20210116153712","is_ascension_mode":false,"campfire_choices":[{"floor":6,"key":"REST"},{"data":"Demon Form","floor":8,"key":"SMITH"},{"floor":15,"key":"REST"},{"floor":23,"key":"REST"},{"floor":27,"key":"REST"},{"data":"Spot Weakness","floor":30,"key":"SMITH"},{"floor":32,"key":"REST"}],"circlet_count":0,"master_deck":["Strike_R","Strike_R","Strike_R","Strike_R","Strike_R","Defend_R","Defend_R","Defend_R","Defend_R","Bash","Demon Form+1","Twin Strike","Twin Strike","Pommel Strike","Shrug It Off","Injury","Headbutt","Spot Weakness+1","Anger","ReplayTheSpireMod:Stacked","Run Through","Heavy Blade","Metallicize","Clothesline+1","Sword Boomerang+1"],"relics":["Burning Blood","Golden Idol","Pen Nib","Painkiller Herb","Replay:Bandana","Golden Egg","TheAbacus"],"acts_visited":["Exordium","TheCity"],"potions_floor_usage":[16,16,22],"damage_taken":[{"damage":2,"enemies":"Small Slimes","floor":1,"turns":4},{"damage":5,"enemies":"Jaw Worm","floor":2,"turns":6},{"damage":1,"enemies":"Cultist","floor":3,"turns":4},{"damage":40,"enemies":"Gremlin Gang","floor":4,"turns":8},{"damage":10,"enemies":"Red Slaver","floor":10,"turns":4},{"damage":14,"enemies":"3 Louse","floor":11,"turns":5},{"damage":7,"enemies":"2 Fungi Beasts","floor":12,"turns":4},{"damage":5,"enemies":"Looter","floor":14,"turns":3},{"damage":5,"enemies":"Fading Forest","floor":16,"turns":11},{"damage":7,"enemies":"Shell Parasite","floor":18,"turns":3},{"damage":14,"enemies":"2 Thieves","floor":19,"turns":4},{"damage":29,"enemies":"Cultist and Chosen","floor":20,"turns":6},{"damage":37,"enemies":"Snake Plant","floor":22,"turns":5},{"damage":1,"enemies":"Centurion and Healer","floor":24,"turns":4},{"damage":33,"enemies":"3 Cultists","floor":25,"turns":7},{"damage":15,"enemies":"Chosen and Byrds","floor":31,"turns":6},{"damage":72,"enemies":"Collector","floor":33,"turns":5}],"seed_played":"-690780425046825316","potions_obtained":[{"floor":1,"key":"AttackPotion"},{"floor":4,"key":"ElixirPotion"},{"floor":11,"key":"AttackPotion"},{"floor":12,"key":"Block Potion"},{"floor":14,"key":"Regen Potion"},{"floor":19,"key":"SmokeBomb"},{"floor":25,"key":"Venom Potion"}],"is_trial":false,"path_per_floor":["M","M","M","M","$","R","?","R","T","M","M","M","?","M","R","B",null,"?","?","?","?","?","T","?","?","T","T","T","?","T","?","T","B"],"character_chosen":"IRONCLAD","items_purchased":["Shrug It Off","Golden Egg","TheAbacus"],"campfire_rested":5,"item_purchase_floors":[5,28,28],"current_hp_per_floor":[80,80,80,46,46,70,70,70,70,66,58,57,57,58,80,80,80,79,71,48,48,31,55,60,33,33,57,57,57,57,48,72,0,0],"gold":387,"neow_bonus":"ONE_RANDOM_RARE_CARD","is_daily":false,"chose_seed":false,"campfire_upgraded":2,"win_rate":0.0,"timestamp":1610771832,"path_taken":["M","M","M","M","$","R","?","R","T","M","M","M","?","M","R","BOSS","?","?","?","?","?","T","?","?","T","T","?","?","T","?","T","BOSS"],"items_purchased_type":["Card","Relic","Relic"],"build_version":"2020-12-22","purchased_purges":0,"victory":false,"max_hp_per_floor":[80,80,80,80,80,80,80,80,80,80,80,80,80,80,80,80,80,80,80,80,80,80,80,80,80,80,80,80,80,80,80,80,80,80],"card_choices":[{"not_picked":["ReplayReversal","hubris:ReadiedAction"],"picked":"Twin Strike","floor":1},{"not_picked":["Thunderclap","Perfected Strike"],"picked":"Twin Strike","floor":2},{"not_picked":["Feel No Pain","Rupture","Carnage"],"picked":"SKIP","floor":3},{"not_picked":["Infernal Blade","Armaments"],"picked":"Pommel Strike","floor":4},{"not_picked":["ReplayTheSpireMod:Muscle Training","Body Slam"],"picked":"Headbutt","floor":10},{"not_picked":["Life Link","Massacre"],"picked":"Spot Weakness","floor":11},{"not_picked":["Dark Embrace","Reckless Charge","ReplayTheSpireMod:Strike From Hell"],"picked":"SKIP","floor":12},{"not_picked":["Infernal Blade","Demonic Infusion"],"picked":"Anger","floor":14},{"not_picked":["Life Link","Twin Strike"],"picked":"ReplayTheSpireMod:Stacked","floor":18},{"not_picked":["Burning Pact","Carnage"],"picked":"Run Through","floor":19},{"not_picked":["Thunderclap","Rampage"],"picked":"Heavy Blade","floor":20},{"not_picked":["Seeing Red","Armaments"],"picked":"Metallicize","floor":22},{"not_picked":["Body Slam+1","Fire Breathing"],"picked":"Clothesline+1","floor":24},{"not_picked":["Body Slam+1","Warcry","Replay:Undeath\u0027s Touch+1"],"picked":"SKIP","floor":25},{"not_picked":["Sever Soul+1","ReplayTheSpireMod:Muscle Training"],"picked":"Sword Boomerang+1","floor":31}],"player_experience":156258,"relics_obtained":[{"floor":9,"key":"Pen Nib"},{"floor":26,"key":"Replay:Bandana"}],"event_choices":[{"damage_healed":0,"gold_gain":0,"player_choice":"Take Wound","damage_taken":0,"relics_obtained":["Golden Idol"],"max_hp_gain":0,"max_hp_loss":0,"event_name":"Golden Idol","floor":7,"gold_loss":0,"cards_obtained":["Injury"]},{"damage_healed":0,"gold_gain":0,"player_choice":"Ignored","damage_taken":0,"max_hp_gain":0,"max_hp_loss":0,"event_name":"Liars Game","floor":13,"gold_loss":0},{"damage_healed":0,"gold_gain":100,"player_choice":"Pray","damage_taken":0,"max_hp_gain":0,"max_hp_loss":0,"event_name":"Golden Shrine","floor":21,"gold_loss":0},{"damage_healed":0,"gold_gain":99,"player_choice":"Stole From Cult","damage_taken":0,"max_hp_gain":0,"max_hp_loss":0,"event_name":"Nest","floor":29,"gold_loss":0}],"is_beta":false,"boss_relics":[{"not_picked":["hubris:BlackHole","Empty Cage"],"picked":"Painkiller Herb"}],"items_purged_floors":[],"is_endless":false,"potions_floor_spawned":[1,4,11,12,14,19,25],"killed_by":"Collector","ascension_level":0}}