{"host":"minbhrtlkaoly5f0","time":1610780921,"event":{"mods":["Act Like it!","Ascension Reborn","BaseMod","Colored Map","Colored Powertips","Lobotomy","LobotomyExtend","Minty Spire (QoL Compilation)","Quick Restart","StSLib"],"gold_per_floor":[114,114,126,146,160,193,212,232,232,232,3,3,3,23,23,128,128,143,43,43,63,63,81,100,100,100,100,114,128,454,464,464,568,568,587,587,600,612,622,622,639,665,715,742,792,808,808,808],"floor_reached":47,"language":"ZHS","playtime":1853,"items_purged":["SpecialBullet","SpecialBullet"],"score":565,"play_id":"f2c6f9b6-a356-44ba-876a-b31217c451f1","local_time":"20210116150841","is_ascension_mode":true,"campfire_choices":[{"floor":13.0,"key":"REST"},{"floor":15.0,"key":"REST"}],"circlet_count":0,"master_deck":["SpecialBullet","SpecialBullet","SpecialBullet","SpecialBullet","SpecialBullet","InformationCode","SecurityCode","DisciplinaryCode","OSAHOGD","UniverseFragment","Christmas+1","Scorched","SolemnVow+1","MHz","CrumblingArmor","Gaze","QueenOfHatred","CherryBlossom","CentralCode","OldLady","Twilight","BlackArmy","Scarecrow","LongBird","ControlCode","BloodyDesire","TrainingCode","BodiesMountain","CENSORED_ego","WelfareCode","CENSORED","RecordCode","ExtractionCode"],"relics":["CogitoBucket","RabbitCall","LetterFromLob","Incense Burner","AspirationHeart","Bottled Flame","Vajra","MagicBullet_r","Moonlight_r","Runic Pyramid","Enchiridion","ResearcherNote","Sundial","Old Coin","BackwardClock","Fusion Hammer","Torii","Ornamental Fan","Girya"],"acts_visited":["Exordium","TheCity","TheBeyond"],"potions_floor_usage":[42,42,47],"damage_taken":[{"damage":11.0,"enemies":"Jaw Worm","floor":1.0,"turns":3.0},{"damage":0.0,"enemies":"Cultist","floor":3.0,"turns":2.0},{"damage":5.0,"enemies":"2 Louse","floor":4.0,"turns":3.0},{"damage":12.0,"enemies":"2 Fungi Beasts","floor":5.0,"turns":2.0},{"damage":6.0,"enemies":"Gremlin Nob","floor":6.0,"turns":3.0},{"damage":41.0,"enemies":"Large Slime","floor":7.0,"turns":6.0},{"damage":4.0,"enemies":"Looter","floor":8.0,"turns":2.0},{"damage":8.0,"enemies":"Exordium Thugs","floor":14.0,"turns":3.0},{"damage":5.0,"enemies":"Slime Boss","floor":16.0,"turns":4.0},{"damage":0.0,"enemies":"3 Byrds","floor":18.0,"turns":2.0},{"damage":23.0,"enemies":"Spheric Guardian","floor":21.0,"turns":3.0},{"damage":0.0,"enemies":"Snake Plant","floor":23.0,"turns":2.0},{"damage":28.0,"enemies":"Shelled Parasite and Fungi","floor":24.0,"turns":2.0},{"damage":0.0,"enemies":"Snecko","floor":28.0,"turns":2.0},{"damage":9.0,"enemies":"Snake Plant","floor":29.0,"turns":2.0},{"damage":7.0,"enemies":"Slavers","floor":30.0,"turns":2.0},{"damage":30.0,"enemies":"Sentry and Sphere","floor":31.0,"turns":2.0},{"damage":42.0,"enemies":"Automaton","floor":33.0,"turns":4.0},{"damage":20.0,"enemies":"3 Darklings","floor":35.0,"turns":1.0},{"damage":0.0,"enemies":"Orb Walker","floor":37.0,"turns":1.0},{"damage":3.0,"enemies":"Sphere and 2 Shapes","floor":38.0,"turns":1.0},{"damage":0.0,"enemies":"Writhing Mass","floor":39.0,"turns":2.0},{"damage":5.0,"enemies":"4 Shapes","floor":41.0,"turns":1.0},{"damage":22,"enemies":"Reptomancer","floor":42,"turns":4},{"damage":41,"enemies":"Nemesis","floor":44,"turns":5},{"damage":20,"enemies":"2 Orb Walkers","floor":45,"turns":1},{"damage":0,"enemies":"Jaw Worm Horde","floor":46,"turns":1},{"damage":57,"enemies":"Transient","floor":47,"turns":5}],"seed_played":"5274884206022377043","potions_obtained":[{"floor":3.0,"key":"Fire Potion"},{"floor":7.0,"key":"LiquidBronze"},{"floor":16.0,"key":"Dexterity Potion"},{"floor":21.0,"key":"EssenceOfSteel"},{"floor":23.0,"key":"AttackPotion"},{"floor":24.0,"key":"SkillPotion"},{"floor":29.0,"key":"Strength Potion"},{"floor":37.0,"key":"CultistPotion"},{"floor":38.0,"key":"Fire Potion"},{"floor":42,"key":"PowerPotion"},{"floor":45,"key":"Swift Potion"}],"is_trial":false,"path_per_floor":["M","?","M","M","M","E","M","M","T","R","$","M","R","M","R","B",null,"M","$","?","M","?","M","M","R","T","R","M","M","E","M","R","B",null,"M","?","M","M","M","R","M","E","T","E","?","M","M"],"character_chosen":"Angela","items_purchased":["Vajra"],"campfire_rested":2,"item_purchase_floors":[11],"current_hp_per_floor":[67,67,70,70,66,68,45,49,49,49,49,1,25,25,49,58,80,80,80,64,50,50,66,55,55,55,55,67,75,80,57,57,37,80,73,73,76,76,76,76,76,76,76,76,76,76,57,57],"gold":808,"neow_bonus":"REMOVE_CARD","is_daily":false,"chose_seed":false,"campfire_upgraded":0,"win_rate":0.0,"timestamp":1610780921,"path_taken":["M","?","M","M","M","E","?","M","T","R","$","M","R","M","R","BOSS","M","$","?","M","?","M","M","R","T","R","M","M","E","M","R","BOSS","M","?","M","M","M","R","M","E","T","E","?","?","?"],"items_purchased_type":["Relic"],"build_version":"2020-12-22","purchased_purges":2,"victory":false,"max_hp_per_floor":[70,70,70,70,70,70,80,80,80,80,80,80,80,80,80,80,80,80,80,80,80,80,80,80,80,80,80,80,80,80,80,80,80,80,80,76,76,76,76,76,76,76,76,76,76,76,76,76],"card_choices":[{"not_picked":["FieryBird","CherryBlossoms"],"picked":"OSAHOGD","floor":1.0},{"not_picked":["SomewhereSpear","RedEyes"],"picked":"SKIP","floor":1.0},{"not_picked":["BeautyBeast","MeatLantern"],"picked":"UniverseFragment","floor":3.0},{"not_picked":["GrinderMk4"],"picked":"Christmas","floor":3.0},{"not_picked":["CherryBlossoms","PunishingBird"],"picked":"Scorched","floor":4.0},{"not_picked":["Horn"],"picked":"SolemnVow","floor":4.0},{"not_picked":["Scarecrow","BigBadWolf"],"picked":"MHz","floor":5.0},{"not_picked":["Beak","Soda"],"picked":"SKIP","floor":5.0},{"not_picked":["Beak","Soda"],"picked":"SKIP","floor":5.0},{"not_picked":["MeatLantern","RedShoes"],"picked":"CrumblingArmor","floor":6.0},{"not_picked":["Horn"],"picked":"Gaze","floor":6.0},{"not_picked":["Discord","Penitence"],"picked":"SKIP","floor":7.0},{"not_picked":["DreamingCurrent","FairyFestival"],"picked":"QueenOfHatred","floor":8.0},{"not_picked":["Reverberation"],"picked":"CherryBlossom","floor":8.0},{"not_picked":["WhitesApple","Scarecrow"],"picked":"OldLady","floor":14.0},{"not_picked":["Tough","Gaze"],"picked":"SKIP","floor":14.0},{"not_picked":["Mimicry"],"picked":"Twilight","floor":16.0},{"not_picked":["Bloodbath","Wellcheers"],"picked":"BlackArmy","floor":16.0},{"not_picked":["FrostShard","RedEyes+1"],"picked":"SKIP","floor":18.0},{"not_picked":["GalaxyChild","PunishingBird"],"picked":"Scarecrow","floor":21.0},{"not_picked":["SomewhereSpear+1","WristCuter+1"],"picked":"SKIP","floor":21.0},{"not_picked":["RedEyes+1","Wingbeat"],"picked":"SKIP","floor":23.0},{"not_picked":["Tough+1","Laetitia_ego"],"picked":"SKIP","floor":24.0},{"not_picked":["Freischutz","SpiderBud"],"picked":"LongBird","floor":28.0},{"not_picked":["FrostShard+1","Horn"],"picked":"SKIP","floor":28.0},{"not_picked":["Gaze","TodaysExpression"],"picked":"SKIP","floor":29.0},{"not_picked":["Discord","Loneliness"],"picked":"SKIP","floor":30.0},{"not_picked":["CherryBlossom"],"picked":"BloodyDesire","floor":31.0},{"not_picked":["Variant","RedShoes"],"picked":"BodiesMountain","floor":33.0},{"not_picked":["Twilight"],"picked":"CENSORED_ego","floor":33.0},{"not_picked":["CherryBlossom","Wingbeat+1"],"picked":"SKIP","floor":35.0},{"not_picked":["TodaysExpression+1","Hypocrisy"],"picked":"SKIP","floor":37.0},{"not_picked":["FeatherOfHonor+1","Regret_ego"],"picked":"SKIP","floor":38.0},{"not_picked":["Noise+1","Beak"],"picked":"SKIP","floor":39.0},{"not_picked":["Rudolta","BlackSwan"],"picked":"CENSORED","floor":41.0},{"not_picked":["Noise+1","Reverberation+1"],"picked":"SKIP","floor":41.0},{"not_picked":["Noise+1","Reverberation+1"],"picked":"SKIP","floor":41.0},{"not_picked":["Diffraction+1","Amita+1"],"picked":"SKIP","floor":42},{"not_picked":["Horn+1","ShedSkin+1"],"picked":"SKIP","floor":44},{"not_picked":["ScreamingWedge","SomewhereSpear"],"picked":"SKIP","floor":46}],"player_experience":42513,"relics_obtained":[{"floor":1.0,"key":"LetterFromLob"},{"floor":6.0,"key":"Incense Burner"},{"floor":9.0,"key":"Bottled Flame"},{"floor":20.0,"key":"Enchiridion"},{"floor":26.0,"key":"Sundial"},{"floor":30.0,"key":"Old Coin"},{"floor":42,"key":"Torii"},{"floor":44,"key":"Ornamental Fan"},{"floor":45,"key":"Girya"}],"event_choices":[{"damage_healed":0.0,"max_hp_gain":0.0,"max_hp_loss":0.0,"gold_gain":0.0,"event_name":"WeMeetAgain","player_choice":"Ignored","floor":2.0,"gold_loss":0.0,"damage_taken":0.0},{"damage_healed":0.0,"max_hp_gain":0.0,"max_hp_loss":0.0,"gold_gain":0.0,"event_name":"Cursed Tome","player_choice":"Obtained Book","floor":20.0,"gold_loss":0.0,"damage_taken":16.0},{"damage_healed":0.0,"max_hp_gain":0.0,"max_hp_loss":0.0,"gold_gain":0.0,"event_name":"Vampires","player_choice":"Ignored","floor":22.0,"gold_loss":0.0,"damage_taken":0.0},{"damage_healed":0.0,"max_hp_gain":0.0,"max_hp_loss":4.0,"gold_gain":0.0,"event_name":"Winding Halls","player_choice":"Max HP","floor":36.0,"gold_loss":0.0,"damage_taken":0.0},{"damage_healed":0,"gold_gain":0,"player_choice":"Fight","damage_taken":0,"max_hp_gain":0,"max_hp_loss":0,"event_name":"Mysterious Sphere","floor":45,"gold_loss":0}],"is_beta":false,"boss_relics":[{"not_picked":["Sozu","Astrolabe"],"picked":"Runic Pyramid"},{"not_picked":["Tiny House","SlaversCollar"],"picked":"Fusion Hammer"}],"items_purged_floors":[11,19],"is_endless":false,"potions_floor_spawned":[3,7,16,21,23,24,29,37,38,42,45,46],"killed_by":"Transient","ascension_level":0}}