{"host":"isy2gwbfe91wqj1j","time":1610775895,"event":{"mods":["AchievementEnabler","BaseMod","Better Altar","Better Match","Better Note","Better Sensory Stone","Better Skull","Better Third Choice","BetterRewards","Minty Spire (QoL Compilation)","StSLib"],"gold_per_floor":[113,129,147,147,47,47,122,122,122,122,156,156,187,202,202,202,202],"floor_reached":16,"language":"ENG","playtime":465,"items_purged":["Strike_R","Strike_R"],"score":108,"play_id":"8bc6752e-f4ec-43c3-9b7c-044fe43e5512","local_time":"20210115224455","is_ascension_mode":true,"campfire_choices":[{"data":"Body Slam","floor":6,"key":"SMITH"},{"data":"Armaments","floor":8,"key":"SMITH"},{"data":"Impervious","floor":12,"key":"SMITH"},{"floor":15,"key":"REST"}],"circlet_count":0,"master_deck":["Strike_R","Strike_R","Strike_R","Defend_R","Defend_R","Defend_R","Defend_R","Bash","Armaments+1","Pommel Strike","Body Slam+1","Impervious+1"],"relics":["Burning Blood","Anchor","Mercury Hourglass","Dead Branch","Chemical X","Gremlin Horn","Golden Idol","Oddly Smooth Stone","Odd Mushroom"],"acts_visited":["Exordium"],"potions_floor_usage":[16],"damage_taken":[{"damage":2,"enemies":"Jaw Worm","floor":1,"turns":4},{"damage":0,"enemies":"2 Louse","floor":2,"turns":2},{"damage":0,"enemies":"Small Slimes","floor":3,"turns":2},{"damage":47,"enemies":"Lagavulin","floor":11,"turns":10},{"damage":15,"enemies":"The Mushroom Lair","floor":13,"turns":3},{"damage":2,"enemies":"Blue Slaver","floor":14,"turns":3},{"damage":47,"enemies":"Slime Boss","floor":16,"turns":7}],"seed_played":"5932096807878794411","potions_obtained":[{"floor":3,"key":"Dexterity Potion"},{"floor":11,"key":"ElixirPotion"},{"floor":14,"key":"CultistPotion"}],"is_trial":false,"path_per_floor":["M","M","M","?","$","R","?","R","T","?","E","R","?","M","R","B"],"character_chosen":"IRONCLAD","items_purchased":["Anchor","Mercury Hourglass","Armaments","Chemical X"],"campfire_rested":1,"item_purchase_floors":[0,0,0,0],"current_hp_per_floor":[80,80,80,80,80,80,69,69,69,69,28,28,19,23,45,0,0],"gold":202,"neow_bonus":"","is_daily":false,"chose_seed":false,"campfire_upgraded":3,"win_rate":0.0,"timestamp":1610775895,"path_taken":["M","M","M","?","$","R","?","R","T","?","E","R","?","?","R","BOSS"],"items_purchased_type":["Relic","Relic","Card","Relic"],"build_version":"2020-12-22","purchased_purges":2,"victory":false,"max_hp_per_floor":[80,80,80,80,80,80,80,80,80,74,74,74,74,74,74,74,74],"card_choices":[{"not_picked":["Sword Boomerang","Pummel"],"picked":"Pommel Strike","floor":1},{"not_picked":["Sever Soul","Perfected Strike"],"picked":"Body Slam","floor":2},{"not_picked":["Bloodletting","Pommel Strike","Dual Wield"],"picked":"SKIP","floor":3},{"not_picked":["Iron Wave","Flex"],"picked":"Impervious","floor":11},{"not_picked":["Pommel Strike","Iron Wave","Havoc"],"picked":"SKIP","floor":14}],"player_experience":171470,"relics_obtained":[{"floor":9,"key":"Gremlin Horn"},{"floor":11,"key":"Oddly Smooth Stone"},{"floor":13,"key":"Odd Mushroom"}],"event_choices":[{"damage_healed":80,"gold_gain":0,"player_choice":"Leave","damage_taken":0,"max_hp_gain":0,"max_hp_loss":80,"event_name":"betterThird:BetterShining","floor":4,"gold_loss":0},{"damage_healed":0,"gold_gain":75,"player_choice":"Gold","damage_taken":11,"max_hp_gain":0,"max_hp_loss":0,"event_name":"betterThird:BetterGoop","floor":7,"gold_loss":0},{"damage_healed":0,"gold_gain":0,"player_choice":"Lose Max HP","damage_taken":0,"relics_obtained":["Golden Idol"],"max_hp_gain":0,"max_hp_loss":6,"event_name":"Golden Idol","floor":10,"gold_loss":0},{"damage_healed":0,"gold_gain":0,"player_choice":"Fought Mushrooms","damage_taken":0,"max_hp_gain":0,"max_hp_loss":0,"event_name":"Mushrooms","floor":13,"gold_loss":0}],"is_beta":false,"boss_relics":[],"items_purged_floors":[0,5],"is_endless":false,"potions_floor_spawned":[3,11,14],"killed_by":"Slime Boss","ascension_level":2}}