{"host":"mgwrmgf4x3air4cr","time":1610814028,"event":{"mods":["ATMod(阿瑾Mod)","Act Like it!","BaseMod","Downfall","HololiveMod","KinomotoSakuraMod(木之本樱)","Minty Spire (QoL Compilation)","RumiaBox-露米娅的神秘盒子","Shop Mod","StSLib","TestMod","The Animator","Waifu the Spire","WarShipGirlsR/战舰少女R mod","Youmu（魂魄妖梦）","noobMod","【功能Mod】混沌之环修复补丁","篝火指南"],"gold_per_floor":[99,99,113,513,513,513,540,550,550,583,583,602,638,656,677,794,794,794,822,822,822,822,822,848,78,15,37,77,99,128,145,168,281,281,281,297,320,346,88,115,115,137,165,165,165,201,233,279,300,319],"floor_reached":51,"language":"ZHS","playtime":6271,"items_purged":["Regret"],"score":916,"play_id":"b492f084-eb1f-4f58-9c2a-5315b9318fd8","local_time":"20210117002028","is_ascension_mode":false,"campfire_choices":[{"data":"AT_EssenceShift","floor":1,"key":"SMITH"},{"data":"Slimebound:Split","floor":6,"key":"SMITH"},{"data":"Slimebound:HauntingLick","floor":9,"key":"SMITH"},{"data":"Slimebound:RejuvenatingLick","floor":18,"key":"SMITH"},{"floor":23,"key":"RECALL"},{"data":"Slimebound:SamplingLick","floor":35,"key":"SMITH"},{"data":"expansioncontent:DashGenerateEvil","floor":45,"key":"SMITH"}],"circlet_count":0,"master_deck":["Slimebound:Strike_Slimebound","Slimebound:Strike_Slimebound","Slimebound:Strike_Slimebound+1","Slimebound:Defend_Slimebound","Slimebound:Defend_Slimebound","Slimebound:Defend_Slimebound","Slimebound:Defend_Slimebound","Slimebound:Split+1","Slimebound:CorrosiveSpit","AT_EssenceShift+1","Slimebound:SpikyOuterGoop","Slimebound:HauntingLick+1","Slimebound:GoopSpray","Slimebound:LivingWall","Slimebound:DisruptingSlam","Slimebound:ItLooksTasty+1","Slimebound:RejuvenatingLick+1","Slimebound:OozeBath","Slimebound:GoopSpray","Slimebound:SplitMire","Slimebound:LeechEnergy","Slimebound:SlimeTap","Slimebound:LeechEnergy","Slimebound:SamplingLick+1","Slimebound:Dissolve","Slimebound:GoopSpray+1","Slimebound:SpikyOuterGoop+1","Slimebound:SelfFormingGoo+1","Slimebound:LeechEnergy+1","Slimebound:Grow+1","expansioncontent:DashGenerateEvil+1","Slimebound:Prepare","Slimebound:SplitLeeching","Parasite","Slimebound:AcidTongue+1","Slimebound:AcidTongue+1","Slimebound:LeechEnergy","Slimebound:SplitMire+1"],"relics":["Slimebound:AbsorbEndCombat","testmod-TestBox","ice","testmod-CardMagician","Oddly Smooth Stone","Shuriken","testmod-Acrobat","AT_ChloranthyRing","EasyGame_NEW","MagicDraw3","Frozen Egg 2","SecretRecord","MerchantsRug","GodSword5","Coffee Dripper","PreservedInsect","AT_BellDemon","testmod-LifeArmor","OrangePellets","Anchor","GodSword6","Art of War","Bottled Flame","HornCleat","AT_ArchangelStaff","Bronze Scales","testmod-HeartOfStrike","Whetstone","AT_BladeRuinedKing"],"acts_visited":["Exordium","TheCity","TheBeyond"],"potions_floor_usage":[13,16,25,32,36,38,39,48],"damage_taken":[{"damage":11,"enemies":"Jaw Worm","floor":3,"turns":4},{"damage":0,"enemies":"Cultist","floor":8,"turns":4},{"damage":0,"enemies":"Lagavulin","floor":10,"turns":7},{"damage":4,"enemies":"Small Slimes","floor":12,"turns":4},{"damage":38,"enemies":"3 Sentries","floor":13,"turns":12},{"damage":9,"enemies":"2 Fungi Beasts","floor":14,"turns":6},{"damage":5,"enemies":"Large Slime","floor":15,"turns":7},{"damage":13,"enemies":"WA_ARCHETYPE_RETAIN","floor":16,"turns":8},{"damage":0,"enemies":"Shell Parasite","floor":19,"turns":4},{"damage":0,"enemies":"downfall:FleeingMerchant","floor":25,"turns":4},{"damage":7,"enemies":"downfall:FleeingMerchant","floor":26,"turns":4},{"damage":0,"enemies":"3 Byrds","floor":27,"turns":1},{"damage":12,"enemies":"Gremlin Leader","floor":28,"turns":6},{"damage":0,"enemies":"Centurion and Healer","floor":29,"turns":3},{"damage":0,"enemies":"Chosen and Byrds","floor":30,"turns":3},{"damage":0,"enemies":"Sentry and Sphere","floor":31,"turns":4},{"damage":0,"enemies":"Centurion and Healer","floor":32,"turns":4},{"damage":18,"enemies":"DF_ARCHETYPE_CLAW","floor":33,"turns":7},{"damage":0,"enemies":"Orb Walker","floor":36,"turns":3},{"damage":0,"enemies":"3 Shapes","floor":38,"turns":2},{"damage":0,"enemies":"downfall:FleeingMerchant","floor":39,"turns":3},{"damage":0,"enemies":"3 Darklings","floor":40,"turns":3},{"damage":0,"enemies":"Spire Growth","floor":42,"turns":4},{"damage":0,"enemies":"Writhing Mass","floor":43,"turns":5},{"damage":5,"enemies":"Reptomancer","floor":46,"turns":2},{"damage":0,"enemies":"Maw","floor":47,"turns":5},{"damage":0,"enemies":"Nemesis","floor":48,"turns":5},{"damage":0,"enemies":"Jaw Worm Horde","floor":49,"turns":2},{"damage":0,"enemies":"IC_BLOCK_ARCHETYPE","floor":50,"turns":6}],"seed_played":"1442303508564977820","potions_obtained":[{"floor":3,"key":"ColorlessPotion"},{"floor":13,"key":"Swift Potion"},{"floor":14,"key":"Weak Potion"},{"floor":16,"key":"Energy Potion"},{"floor":21,"key":"CultistPotion"},{"floor":27,"key":"Regen Potion"},{"floor":30,"key":"Block Potion"},{"floor":32,"key":"SkillPotion"},{"floor":33,"key":"Swift Potion"},{"floor":36,"key":"SkillPotion"},{"floor":40,"key":"SteroidPotion"},{"floor":43,"key":"Explosive Potion"},{"floor":46,"key":"Fire Potion"},{"floor":47,"key":"PowerPotion"}],"is_trial":false,"path_per_floor":["R","?","M","?","?","R","T","M","R","E","?","M","E","M","M","B",null,"R","M","?","?","T","R","T","$","$","M","E","M","M","M","M","B",null,"R","M","T","M","$","M","T","M","M","?","R","E","M","E","M","B",null],"character_chosen":"SLIMEBOUND","items_purchased":["Frozen Egg 2","SecretRecord","MerchantsRug","Slimebound:LeechEnergy","Slimebound:LeechEnergy","AT_BellDemon","testmod-LifeArmor","OrangePellets","expansioncontent:DashGenerateEvil"],"campfire_rested":0,"item_purchase_floors":[25,25,25,25,26,39,39,39,39],"current_hp_per_floor":[65,65,57,57,57,57,57,60,60,65,65,63,29,24,25,21,65,65,65,65,65,65,65,72,72,70,72,62,69,72,72,72,62,72,72,72,72,72,72,72,72,72,72,72,72,67,72,72,72,72],"gold":319,"neow_bonus":"RANDOM_COMMON_RELIC","is_daily":false,"chose_seed":false,"campfire_upgraded":6,"win_rate":0.0,"timestamp":1610814028,"path_taken":["R","?","?","?","?","R","T","M","R","E","?","M","E","M","M","BOSS","R","M","?","?","?","R","T","?","$","M","E","M","M","?","M","BOSS","R","M","?","M","$","M","T","M","M","?","R","E","M","E","M","BOSS"],"items_purchased_type":["Relic","Relic","Relic","Card","Card","Relic","Relic","Relic","Card"],"build_version":"2020-12-22","purchased_purges":1,"victory":true,"max_hp_per_floor":[65,65,65,65,65,65,65,65,65,65,65,65,65,65,65,65,65,65,65,65,65,65,65,72,72,72,72,72,72,72,72,72,72,72,72,72,72,72,72,72,72,72,72,72,72,72,72,72,72,72],"card_choices":[{"not_picked":["Slimebound:BestDefense","Slimebound:RollThrough"],"picked":"Slimebound:SpikyOuterGoop","floor":3},{"not_picked":["Slimebound:RollThrough","Slimebound:PressTheAttack"],"picked":"Slimebound:HauntingLick","floor":8},{"not_picked":["Slimebound:SplitAcid","Slimebound:RainOfGoop"],"picked":"Slimebound:GoopSpray","floor":10},{"not_picked":["Slimebound:Replication","Slimebound:FinishingTackle"],"picked":"Slimebound:LivingWall","floor":12},{"not_picked":["Slimebound:FinishingTackle","Slimebound:SplitLeeching"],"picked":"Slimebound:DisruptingSlam","floor":13},{"not_picked":["Slimebound:PressTheAttack","Slimebound:SlimeBarrage"],"picked":"Slimebound:ItLooksTasty","floor":14},{"not_picked":["Slimebound:Nibble","Slimebound:SplitLeeching"],"picked":"Slimebound:RejuvenatingLick","floor":15},{"not_picked":["Slimebound:RallyTheTroops","Slimebound:DuplicatedForm"],"picked":"Slimebound:OozeBath","floor":16},{"not_picked":["Slimebound:LivingWall+1","Slimebound:GoopTackle"],"picked":"Slimebound:GoopSpray","floor":19},{"not_picked":["Slimebound:WasteNot","Slimebound:GrowthPunch"],"picked":"Slimebound:SplitMire","floor":25},{"not_picked":["Slimebound:HauntingLick","Slimebound:LeadByExample+1"],"picked":"Slimebound:SlimeTap","floor":26},{"not_picked":["Slimebound:LeechingTouch","Slimebound:TongueLash"],"picked":"Slimebound:SamplingLick","floor":27},{"not_picked":["Slimebound:FlameTackle","Slimebound:SamplingLick"],"picked":"Slimebound:Dissolve","floor":28},{"not_picked":["Slimebound:BestDefense+1","Slimebound:SplitBruiser"],"picked":"Slimebound:GoopSpray+1","floor":29},{"not_picked":["Slimebound:Schlurp","Slimebound:BestDefense+1","Slimebound:GrowthPunch"],"picked":"SKIP","floor":30},{"not_picked":["Slimebound:LivingWall","Slimebound:RollThrough","Slimebound:Schlurp"],"picked":"SKIP","floor":31},{"not_picked":["Slimebound:OneTwoCombo","Slimebound:SplitAcid"],"picked":"Slimebound:SpikyOuterGoop+1","floor":32},{"not_picked":["Slimebound:LeechLife","Slimebound:MassRepurpose"],"picked":"Slimebound:SelfFormingGoo+1","floor":33},{"not_picked":["Slimebound:ItLooksTasty+1","Slimebound:ComboTackle+1"],"picked":"Slimebound:LeechEnergy+1","floor":36},{"not_picked":["Slimebound:ComboTackle","Slimebound:Schlurp"],"picked":"Slimebound:Grow+1","floor":38},{"not_picked":["Slimebound:ForwardTackle+1","Slimebound:ComboTackle+1","Slimebound:FinishingTackle+1"],"picked":"SKIP","floor":39},{"not_picked":["Slimebound:GoopSpray","Slimebound:GrowthPunch+1"],"picked":"Slimebound:Prepare","floor":40},{"not_picked":["Slimebound:GoopSpray","Slimebound:OozeBath"],"picked":"Slimebound:SplitLeeching","floor":42},{"not_picked":["Slimebound:Schlurp","Slimebound:SplitBruiser+1","Slimebound:Prepare+1"],"picked":"SKIP","floor":43},{"not_picked":["Slimebound:LeechingTouch+1","Slimebound:LivingWall+1"],"picked":"Slimebound:AcidTongue+1","floor":46},{"not_picked":["Slimebound:SplitBruiser+1","Slimebound:Chomp"],"picked":"Slimebound:AcidTongue+1","floor":47},{"not_picked":["Slimebound:Equalize","Slimebound:OneTwoCombo"],"picked":"Slimebound:LeechEnergy","floor":48},{"not_picked":["Slimebound:GrowthPunch+1","Slimebound:SplitAcid"],"picked":"Slimebound:SplitMire+1","floor":49}],"player_experience":45432,"relics_obtained":[{"floor":10,"key":"Shuriken"},{"floor":13,"key":"AT_ChloranthyRing"},{"floor":22,"key":"MagicDraw3"},{"floor":24,"key":"Strawberry"},{"floor":28,"key":"GodSword5"},{"floor":37,"key":"PreservedInsect"},{"floor":40,"key":"Anchor"},{"floor":41,"key":"GodSword6"},{"floor":42,"key":"Art of War"},{"floor":43,"key":"Bottled Flame"},{"floor":46,"key":"HornCleat"},{"floor":46,"key":"AT_ArchangelStaff"},{"floor":47,"key":"Bronze Scales"},{"floor":48,"key":"testmod-HeartOfStrike"},{"floor":48,"key":"Whetstone"},{"floor":49,"key":"AT_BladeRuinedKing"}],"event_choices":[{"damage_healed":0,"gold_gain":400,"player_choice":"Sell","damage_taken":0,"max_hp_gain":0,"max_hp_loss":0,"event_name":"恩洛斯的盘子","floor":4,"relics_lost":["AT_ATBox"],"gold_loss":0},{"damage_healed":0,"gold_gain":0,"player_choice":"Box","damage_taken":0,"relics_obtained":["testmod-Acrobat"],"max_hp_gain":0,"max_hp_loss":0,"event_name":"Big Fish","floor":11,"gold_loss":0,"cards_obtained":["Regret"]}],"is_beta":false,"boss_relics":[{"not_picked":["Philosopher\u0027s Stone","Empty Cage"],"picked":"EasyGame_NEW"},{"not_picked":["Busted Crown","Runic Pyramid"],"picked":"Coffee Dripper"}],"items_purged_floors":[25],"is_endless":false,"potions_floor_spawned":[3,13,14,16,27,30,32,33,36,40,43,46,47],"ascension_level":0}}