{"host":"h3vysik1bw5w0dm6","time":1610814116,"event":{"mods":["AchievementEnabler","Aspiration","BaseMod","Better Note","Better Sensory Stone","Better Vampires","BetterRewards","Colored Powertips","Conspire","Friendly Minions","Googly Eyes","Gremlin Skip","Halation","Infinite Spire","Minty Spire (QoL Compilation)","Quick Restart","Shop Mod","StSLib"],"gold_per_floor":[117,38,38,13,13,13,52,52,98,137,162,162,183,221,221,350,350,374,388,388,167,221,259,259,259,259,290,308,323,354,368,368,494,494,508,532,532,532,532,573,573,593,620,620,620,643,643,684,684,684],"floor_reached":51,"language":"ENG","playtime":3134,"items_purged":["Bash"],"score":1180,"play_id":"b4e9c2db-315e-4281-b61c-ea91111300fb","local_time":"20210116172156","is_ascension_mode":true,"campfire_choices":[{"data":"Clash","floor":6,"key":"SMITH"},{"floor":8,"key":"REST"},{"data":"Body Slam","floor":8,"key":"SMITH"},{"data":"Brutality","floor":12,"key":"SMITH"},{"data":"Rampage","floor":15,"key":"SMITH"},{"data":"Body Slam","floor":25,"key":"SMITH"},{"data":"Brutality","floor":32,"key":"SMITH"},{"floor":41,"key":"REST"},{"data":"Madness","floor":41,"key":"SMITH"},{"floor":44,"key":"REST"},{"data":"Barricade","floor":44,"key":"SMITH"},{"data":"Shrug It Off","floor":47,"key":"SMITH"},{"data":"Madness","floor":49,"key":"SMITH"}],"circlet_count":0,"master_deck":["Strike_R+1","Strike_R","Strike_R+1","Strike_R+1","Strike_R+1","Defend_R","Defend_R+1","Defend_R","Defend_R+1","Clash+1","Shrug It Off","Shrug It Off+1","Body Slam+1","Warcry+1","Brutality+1","Shrug It Off","Rampage+1","Brutality+1","CurseOfTheBell","Body Slam+1","Discovery+1","Shrug It Off+1","Shrug It Off+1","Armaments+1","Battle Trance+1","Battle Trance","Barricade+1","Madness+1","Finesse","Madness+1","Madness+1","Evolve+1","Shrug It Off+1","Rampage+1"],"relics":["Burning Blood","CaptainsWheel","Incense Burner","halation:LostSnail","Bottled Flame","Golden Idol","infinitespire:Magic Flask","MealTicket","Bronze Scales","Pen Nib","Calling Bell","halation:LettersToHer","conspire:BottledYoYo","Thread and Needle","halation:BottledHappiness","Oddly Smooth Stone","aspiration:FetidBarrel","CultistMask","conspire:DecoderRing","conspire:Dentures","infinitespire:FocusingShard","halation:HeavySnake","Orichalcum","halation:PromiseList","Centennial Puzzle","halation:PenCase"],"acts_visited":["Exordium","TheCity","TheBeyond"],"potions_floor_usage":[14,16,16,19,29,31,33,40,46,50],"damage_taken":[{"damage":0,"enemies":"Cultist","floor":1,"turns":3},{"damage":10,"enemies":"Lagavulin","floor":7,"turns":8},{"damage":17,"enemies":"3 Sentries","floor":10,"turns":10},{"damage":0,"enemies":"conspire:RoseBush","floor":11,"turns":1},{"damage":0,"enemies":"2 Louse","floor":13,"turns":1},{"damage":4,"enemies":"Gremlin Nob","floor":14,"turns":3},{"damage":14,"enemies":"Slime Boss","floor":16,"turns":8},{"damage":5,"enemies":"Chosen","floor":18,"turns":4},{"damage":20,"enemies":"2 Thieves","floor":19,"turns":3},{"damage":20,"enemies":"Gremlin Leader","floor":23,"turns":7},{"damage":24,"enemies":"Slavers","floor":27,"turns":4},{"damage":2,"enemies":"Centurion and Healer","floor":28,"turns":6},{"damage":1,"enemies":"Sentry and Sphere","floor":29,"turns":4},{"damage":1,"enemies":"Gremlin Leader","floor":30,"turns":4},{"damage":12,"enemies":"Snake Plant","floor":31,"turns":2},{"damage":6,"enemies":"conspire:MysteriousRune","floor":33,"turns":6},{"damage":2,"enemies":"Orb Walker","floor":35,"turns":3},{"damage":4,"enemies":"3 Darklings","floor":36,"turns":4},{"damage":29,"enemies":"Reptomancer","floor":40,"turns":4},{"damage":19,"enemies":"4 Shapes","floor":42,"turns":3},{"damage":6,"enemies":"Maw","floor":46,"turns":5},{"damage":10,"enemies":"Nemesis","floor":48,"turns":5},{"damage":20,"enemies":"Donu and Deca","floor":50,"turns":6}],"seed_played":"-4007679321530424503","potions_obtained":[{"floor":10,"key":"BlessingOfTheForge"},{"floor":11,"key":"Strength Potion"},{"floor":14,"key":"Strength Potion"},{"floor":16,"key":"ColorlessPotion"},{"floor":27,"key":"Regen Potion"},{"floor":28,"key":"Energy Potion"},{"floor":29,"key":"ColorlessPotion"},{"floor":33,"key":"SpeedPotion"},{"floor":36,"key":"HeartOfIron"},{"floor":42,"key":"ColorlessPotion"},{"floor":46,"key":"BloodPotion"}],"is_trial":false,"path_per_floor":["M","$","T","$","?","R","E","R","T","E","M","R","M","E","R","B",null,"M","M","?","$","T","E","?","R","T","E","M","M","E","M","R","B",null,"M","M","?","?","AVR","E","R","M","T","R","?","M","R","E","R","B",null],"character_chosen":"IRONCLAD","items_purchased":["Incense Burner","Clash","halation:LostSnail","Shrug It Off","halation:BottledHappiness"],"campfire_rested":3,"item_purchase_floors":[0,0,2,4,21],"current_hp_per_floor":[78,78,78,78,58,58,54,78,78,67,73,73,79,80,80,72,80,80,66,66,80,80,66,66,66,66,48,52,69,74,68,68,68,80,80,80,80,70,70,47,71,58,58,80,80,80,80,76,76,62],"gold":684,"neow_bonus":"","is_daily":false,"chose_seed":false,"campfire_upgraded":10,"win_rate":0.0,"timestamp":1610814116,"path_taken":["M","?","?","$","?","R","E","R","T","E","M","R","M","E","R","BOSS","M","M","?","$","?","E","?","R","T","E","?","M","E","M","R","BOSS","M","M","?","?","AVR","E","R","M","T","R","?","?","R","E","R","BOSS"],"items_purchased_type":["Relic","Card","Relic","Card","Relic"],"build_version":"2020-12-22","purchased_purges":1,"victory":true,"max_hp_per_floor":[80,80,80,80,80,80,80,80,80,80,80,80,80,80,80,80,80,80,80,80,80,80,80,80,80,80,80,80,80,80,80,80,80,80,80,80,80,80,80,80,80,80,80,80,80,80,80,80,80,80],"card_choices":[{"not_picked":["Armaments","Cleave"],"picked":"Shrug It Off","floor":1},{"not_picked":["Seeing Red","Flex"],"picked":"Body Slam","floor":7},{"not_picked":["Ghostly Armor","Uppercut"],"picked":"Warcry","floor":10},{"not_picked":["Flex","Sentinel"],"picked":"Brutality","floor":11},{"not_picked":["Sentinel","Thunderclap"],"picked":"Shrug It Off","floor":13},{"not_picked":["Cleave","Perfected Strike"],"picked":"Rampage","floor":14},{"not_picked":["Berserk","Feed"],"picked":"Brutality","floor":16},{"not_picked":["Perfected Strike+1","Cleave+1","Dual Wield"],"picked":"SKIP","floor":18},{"not_picked":["Flame Barrier","Shockwave+1"],"picked":"Body Slam","floor":19},{"not_picked":["Headbutt","conspire:Charge"],"picked":"Shrug It Off+1","floor":23},{"not_picked":["Cleave","Iron Wave"],"picked":"Shrug It Off","floor":27},{"not_picked":["Rampage","Rupture+1"],"picked":"Armaments+1","floor":28},{"not_picked":["Body Slam","Heavy Blade"],"picked":"Battle Trance+1","floor":29},{"not_picked":["Wild Strike","Exhume"],"picked":"Battle Trance","floor":30},{"not_picked":["Blood for Blood","Dropkick","Thunderclap"],"picked":"SKIP","floor":31},{"not_picked":["conspire:HitWhereItHurts","Corruption"],"picked":"Barricade","floor":33},{"not_picked":["Headbutt+1","Rupture+1","Power Through+1"],"picked":"SKIP","floor":35},{"not_picked":["Iron Wave+1","Blood for Blood","Wild Strike"],"picked":"SKIP","floor":36},{"not_picked":["Dark Shackles","Panacea"],"picked":"Madness","floor":37},{"not_picked":["Bandage Up","HandOfGreed"],"picked":"Finesse","floor":37},{"not_picked":["Infernal Blade+1","Bloodletting+1"],"picked":"Evolve","floor":40},{"not_picked":["Sword Boomerang+1","Armaments"],"picked":"Shrug It Off","floor":42},{"not_picked":["Shockwave","Infernal Blade"],"picked":"Rampage+1","floor":46},{"not_picked":["Flame Barrier","Havoc","Fire Breathing+1"],"picked":"SKIP","floor":48}],"player_experience":342346,"relics_obtained":[{"floor":3,"key":"Bottled Flame"},{"floor":7,"key":"infinitespire:Magic Flask"},{"floor":9,"key":"MealTicket"},{"floor":10,"key":"Bronze Scales"},{"floor":14,"key":"Pen Nib"},{"floor":17,"key":"halation:LettersToHer"},{"floor":17,"key":"conspire:BottledYoYo"},{"floor":17,"key":"Thread and Needle"},{"floor":22,"key":"halation:LettersToHer"},{"floor":22,"key":"Oddly Smooth Stone"},{"floor":23,"key":"aspiration:FetidBarrel"},{"floor":26,"key":"halation:LettersToHer"},{"floor":26,"key":"conspire:DecoderRing"},{"floor":27,"key":"conspire:Dentures"},{"floor":30,"key":"infinitespire:FocusingShard"},{"floor":40,"key":"halation:PromiseList"},{"floor":43,"key":"halation:LettersToHer"},{"floor":43,"key":"Centennial Puzzle"},{"floor":48,"key":"halation:PenCase"}],"event_choices":[{"damage_healed":0,"gold_gain":0,"player_choice":"Take Damage","damage_taken":20,"relics_obtained":["Golden Idol"],"max_hp_gain":0,"max_hp_loss":0,"event_name":"Golden Idol","floor":5,"gold_loss":0},{"damage_healed":0,"gold_gain":0,"player_choice":"1 cards matched","damage_taken":0,"max_hp_gain":0,"max_hp_loss":0,"event_name":"Match and Keep!","floor":20,"gold_loss":0,"cards_obtained":["Discovery"]},{"damage_healed":0,"gold_gain":0,"player_choice":"Trade","damage_taken":0,"relics_obtained":["CultistMask"],"max_hp_gain":0,"max_hp_loss":0,"event_name":"FaceTrader","floor":24,"gold_loss":0},{"damage_healed":0,"gold_gain":3,"player_choice":"1","damage_taken":0,"max_hp_gain":0,"max_hp_loss":0,"event_name":"betterStone:BetterStone","floor":37,"gold_loss":0},{"damage_healed":0,"gold_gain":0,"player_choice":"Embrace Madness","damage_taken":10,"max_hp_gain":0,"max_hp_loss":0,"event_name":"Winding Halls","floor":38,"gold_loss":0,"cards_obtained":["Madness","Madness"]}],"is_beta":false,"boss_relics":[{"not_picked":["SlaversCollar","aspiration:SilentSkillbook"],"picked":"Calling Bell"},{"not_picked":["Snecko Eye","Black Star"],"picked":"halation:HeavySnake"}],"items_purged_floors":[21],"is_endless":false,"potions_floor_spawned":[10,11,14,16,27,28,29,33,36,42,46],"ascension_level":1}}