{"host":"qs3enzd9idrdg664","time":1610779857,"event":{"mods":["A Magickal Journey","AchievementEnabler","BaseMod","CapriCore","FutureSeer","Infinite Spire","Lobotomy","LobotomyExtend","Marisa????????","Minty Spire (QoL Compilation)","Replay The Spire","StSLib","The Death Knight","The Druid","The Immortal","The Marked","TheSwordswoman","Yuri Mod","[IsaacMod]????"],"gold_per_floor":[109,119,139,0,11,11,45,45,71,71,71,85,102,113,113,213,213,213,173,173,46,62,62,75,92,117,117,180,37,47,59,59,163,163,178,197,197,197,216,131,144,144,170,202,202,218,0,0,0,0],"floor_reached":51,"language":"ENG","playtime":5237,"items_purged":[],"score":556,"play_id":"87549eeb-632e-4bf2-bd7d-889ad22a9ff5","local_time":"20210115235057","is_ascension_mode":false,"campfire_choices":[{"data":"theDruid:BlessedStrike","floor":6,"key":"SMITH"},{"data":"theDruid:Resourcefulness","floor":8,"key":"SMITH"},{"floor":11,"key":"REST"},{"floor":15,"key":"REST"},{"data":"Midas Touch","floor":23,"key":"SMITH"},{"data":"Replay:BasicMightCard","floor":27,"key":"SMITH"},{"data":"Discovery","floor":32,"key":"SMITH"},{"data":"theDruid:IronbarkArmor","floor":42,"key":"SMITH"},{"data":"Replay:Sssssssssshield","floor":45,"key":"SMITH"},{"floor":49,"key":"REST"}],"circlet_count":0,"master_deck":["theDruid:Strike_O","theDruid:Strike_O","theDruid:Strike_O","theDruid:Strike_O","theDruid:Defend_O","theDruid:Defend_O","theDruid:Defend_O","theDruid:Defend_O","theDruid:BriarArmor","theDruid:WildSlash","theDruid:PouncingStrike","theDruid:Resourcefulness+1","theDruid:BlessedStrike+1","theDruid:InsectSwarm","theDruid:TearOpen","theDruid:FuriousSlash","theDruid:PlagueClaw","theDruid:Resupply","theDruid:Guidance","theDruid:SurvivalInstincts","theDruid:PrimalStrength+1","Midas Touch+1","Discovery+1","Replay:BasicMightCard+1","theDruid:FaerieFire+1","theDruid:Impale+1","theDruid:Forage+1","theDruid:AstralShield","theDruid:FuriousSlash","theDruid:IronbarkArmor+1","Sickly","theDruid:HailofThorns","Replay:Sssssssssshield+1","infinitespire:Punishment","theDruid:Gore+1","theDruid:FuriousSlash+1","theDruid:BrambleLash+1","theDruid:IronClaw+1","theDruid:BackupSupplies","theDruid:BloodiedFur+1","theDruid:Untamed+1"],"relics":["theDruid:CrownOfTheWilds","HushsDoor","MaYiHuaBei","LetterFromLob","theDruid:TigersClaw","HowToJump","Blood Vial","MagicMushroom","Replay:Wax Seal","ReplayTheSpireMod:ShopPack","Happy Flower","Pet Ghost","ReplayTheSpireMod:SealedPack","HornCleat","Boot","Orichalcum","Red Mask"],"acts_visited":["Exordium","TheCity","TheBeyond"],"potions_floor_usage":[7,7,13,13,30,30,33,33,41,44,46],"damage_taken":[{"damage":2,"enemies":"2 Louse","floor":1,"turns":2},{"damage":0,"enemies":"Small Slimes","floor":2,"turns":4},{"damage":9,"enemies":"Jaw Worm","floor":3,"turns":4},{"damage":9,"enemies":"Looter","floor":5,"turns":3},{"damage":8,"enemies":"Lagavulin","floor":7,"turns":5},{"damage":18,"enemies":"Exordium Thugs","floor":12,"turns":5},{"damage":4,"enemies":"Large Slime","floor":13,"turns":4},{"damage":7,"enemies":"Red Slaver","floor":14,"turns":3},{"damage":33,"enemies":"Hexaghost","floor":16,"turns":10},{"damage":6,"enemies":"Shell Parasite","floor":22,"turns":3},{"damage":9,"enemies":"3 Byrds","floor":24,"turns":2},{"damage":16,"enemies":"Centurion and Healer","floor":25,"turns":4},{"damage":1,"enemies":"Shelled Parasite and Fungi","floor":30,"turns":5},{"damage":0,"enemies":"3 Cultists","floor":31,"turns":4},{"damage":39,"enemies":"Collector","floor":33,"turns":8},{"damage":2,"enemies":"3 Shapes","floor":35,"turns":1},{"damage":11,"enemies":"Orb Walker","floor":36,"turns":4},{"damage":3,"enemies":"Sphere and 2 Shapes","floor":39,"turns":3},{"damage":0,"enemies":"Jaw Worm Horde","floor":40,"turns":5},{"damage":4,"enemies":"Writhing Mass","floor":41,"turns":6},{"damage":26,"enemies":"Giant Head","floor":44,"turns":8},{"damage":13,"enemies":"4 Shapes","floor":46,"turns":3},{"damage":71,"enemies":"Replay:Hell Engine","floor":50,"turns":14}],"seed_played":"-802653615979669408","potions_obtained":[{"floor":1,"key":"FearPotion"},{"floor":2,"key":"DeathKnight:RimePotion"},{"floor":7,"key":"DeathKnight:RimePotion"},{"floor":12,"key":"Languid Potion"},{"floor":25,"key":"PowerPotion"},{"floor":33,"key":"Elixir"},{"floor":39,"key":"Swift Potion"},{"floor":40,"key":"CultistPotion"}],"is_trial":false,"path_per_floor":["M","M","M","$","M","R","E","R","T","?","R","M","M","M","R","B",null,"M","?","AVR","$","M","R","M","M","T","R","?","$","M","M","R","B",null,"M","M","AVR","?","M","M","M","R","T","E","R","M","?","$","R","B",null],"character_chosen":"DRUID","items_purchased":["theDruid:TigersClaw","ReplayTheSpireMod:ShopPack","theDruid:PrimalStrength+1","BlessingOfTheForge","Pet Ghost"],"campfire_rested":3,"item_purchase_floors":[4,21,21,21,29],"current_hp_per_floor":[73,73,64,64,55,55,47,47,47,47,69,53,51,46,68,37,82,82,82,82,82,76,76,70,57,57,57,42,42,49,57,57,26,82,80,71,71,71,76,82,78,78,78,60,60,55,55,55,79,16],"gold":0,"neow_bonus":"THREE_CARDS","is_daily":false,"chose_seed":false,"campfire_upgraded":7,"win_rate":0.0,"timestamp":1610779857,"path_taken":["M","M","M","$","M","R","E","R","T","?","R","M","M","M","R","BOSS","M","?","AVR","?","M","R","M","M","T","R","?","$","M","?","R","BOSS","M","M","AVR","?","M","M","M","R","T","E","R","M","?","$","R","BOSS"],"items_purchased_type":["Relic","Relic","Card","Potion","Relic"],"build_version":"2020-12-22","purchased_purges":0,"victory":true,"max_hp_per_floor":[75,75,75,75,75,75,75,75,75,75,75,75,75,75,75,75,82,82,82,82,82,82,82,82,82,82,82,82,82,82,82,82,82,82,82,82,82,82,82,82,82,82,82,82,82,82,82,82,82,82],"card_choices":[{"not_picked":[],"picked":"Bomb","floor":0},{"not_picked":["theDruid:FuriousSlash","theDruid:ThornStrike"],"picked":"theDruid:PouncingStrike","floor":0},{"not_picked":["theDruid:BristlingDefense","theDruid:AstralShield"],"picked":"theDruid:Resourcefulness","floor":1},{"not_picked":["theDruid:Guidance","theDruid:Starfall"],"picked":"theDruid:BlessedStrike","floor":2},{"not_picked":["theDruid:TakeShelter","theDruid:Slingshot"],"picked":"theDruid:InsectSwarm","floor":3},{"not_picked":["theDruid:FullMoon","theDruid:Stampede"],"picked":"theDruid:TearOpen","floor":5},{"not_picked":["theDruid:ThickHide","theDruid:AstralShield"],"picked":"theDruid:FuriousSlash","floor":7},{"not_picked":["theDruid:BristlingDefense","theDruid:Resourcefulness"],"picked":"theDruid:PlagueClaw","floor":12},{"not_picked":["theDruid:PlagueClaw","theDruid:ThickHide"],"picked":"theDruid:Resupply","floor":13},{"not_picked":["theDruid:LunarScythe","theDruid:TakeShelter"],"picked":"theDruid:Guidance","floor":14},{"not_picked":["theDruid:TwinStars","theDruid:Rabid"],"picked":"theDruid:SurvivalInstincts","floor":16},{"not_picked":["Secret Weapon","Sadistic Nature"],"picked":"Midas Touch","floor":21},{"not_picked":["Impatience","Mind Blast"],"picked":"Discovery","floor":21},{"not_picked":["Replay:Sssssssssstrike","Blind"],"picked":"Replay:BasicMightCard","floor":21},{"not_picked":["theDruid:BrambleLash","theDruid:Scavenge"],"picked":"theDruid:FaerieFire+1","floor":22},{"not_picked":["theDruid:FelineGrace","theDruid:BlessedStrike"],"picked":"theDruid:Impale+1","floor":24},{"not_picked":["theDruid:ThornStrike","theDruid:ThickHide"],"picked":"theDruid:Forage+1","floor":25},{"not_picked":["theDruid:BrambleLash","theDruid:PrimalStrength"],"picked":"theDruid:AstralShield","floor":30},{"not_picked":["theDruid:BlessedStrike","theDruid:ExposingSlash"],"picked":"theDruid:FuriousSlash","floor":31},{"not_picked":["theDruid:Rabid","theDruid:CelestialSurge"],"picked":"theDruid:IronbarkArmor","floor":33},{"not_picked":["SpAim","Vigilance"],"picked":"Magicka:PreciseFingerCard","floor":34},{"not_picked":["theDruid:TwinStars","theDruid:SurvivalInstincts"],"picked":"theDruid:HailofThorns","floor":34},{"not_picked":["Bomb","Survey Options"],"picked":"Replay:Sssssssssshield","floor":34},{"not_picked":["Replay:Fractal Strike","ReplayTheSpireMod:Black Plague"],"picked":"infinitespire:Punishment","floor":34},{"not_picked":["theDruid:TakeShelter+1","theDruid:Rummage"],"picked":"theDruid:Gore+1","floor":35},{"not_picked":["theDruid:WallofRoots+1","theDruid:ForestsSoul+1"],"picked":"theDruid:FuriousSlash+1","floor":36},{"not_picked":["theDruid:Swipe","theDruid:Gore"],"picked":"theDruid:BrambleLash+1","floor":39},{"not_picked":["theDruid:BloodiedFur","theDruid:Recoil"],"picked":"theDruid:IronClaw+1","floor":40},{"not_picked":["theDruid:BlessedStrike","theDruid:AstralShield"],"picked":"theDruid:BackupSupplies","floor":41},{"not_picked":["theDruid:BlessedStrike","theDruid:Forage"],"picked":"theDruid:BloodiedFur+1","floor":44},{"not_picked":["theDruid:AstralShield","theDruid:ExposingSlash"],"picked":"theDruid:Untamed+1","floor":46}],"player_experience":21442,"relics_obtained":[{"floor":1,"key":"LetterFromLob"},{"floor":7,"key":"HowToJump"},{"floor":9,"key":"Blood Vial"},{"floor":26,"key":"Happy Flower"},{"floor":43,"key":"Boot"},{"floor":44,"key":"Orichalcum"}],"event_choices":[{"damage_healed":0,"gold_gain":0,"player_choice":"Searched \u00271\u0027 times","damage_taken":0,"max_hp_gain":0,"max_hp_loss":0,"event_name":"Dead Adventurer","floor":10,"gold_loss":0},{"cards_removed":["Magicka:PreciseFingerCard"],"damage_healed":0,"gold_gain":0,"player_choice":"Purged","damage_taken":0,"max_hp_gain":0,"max_hp_loss":0,"event_name":"Purifier","floor":38,"gold_loss":0},{"damage_healed":0,"gold_gain":0,"player_choice":"Paid","damage_taken":0,"relics_obtained":["Red Mask"],"max_hp_gain":0,"max_hp_loss":0,"event_name":"Tomb of Lord Red Mask","floor":47,"gold_loss":218}],"is_beta":false,"boss_relics":[{"not_picked":["Replay:Drink Me","SacredBark"],"picked":"MagicMushroom"},{"not_picked":[]},{"not_picked":["infinitespire:Cupcake","Calling Bell"],"picked":"ReplayTheSpireMod:SealedPack"},{"not_picked":[]}],"items_purged_floors":[],"is_endless":false,"potions_floor_spawned":[1,2,7,12,25,33,39,40],"ascension_level":0}}