{"host":"sa7ebub27cgn5wai","time":1610769215,"event":{"mods":["BaseMod","Colored Map","Minty Spire (QoL Compilation)","SuperFastMode"],"gold_per_floor":[112,128,142,62,76,76,91,121,148,167,193,146,146,157,157,157,157],"floor_reached":16,"language":"KOR","playtime":364,"items_purged":[],"score":165,"play_id":"1853a1ae-c9f8-4b06-8821-0b6f6d5db9de","local_time":"20210116125335","is_ascension_mode":true,"campfire_choices":[{"data":"Backstab","floor":6,"key":"SMITH"},{"floor":13,"key":"REST"},{"floor":15,"key":"REST"}],"circlet_count":0,"master_deck":["Strike_G","Strike_G","Strike_G","Strike_G","Strike_G","Defend_G","Defend_G","Defend_G","Defend_G","Defend_G","Survivor","Neutralize","PiercingWail","All Out Attack","Backstab+1","Accuracy","Dagger Throw","Poisoned Stab","Dagger Throw","Poisoned Stab","Backstab","Blade Dance"],"relics":["Ring of the Snake","NeowsBlessing","FossilizedHelix","Blood Vial","Strawberry"],"acts_visited":["Exordium"],"potions_floor_usage":[],"damage_taken":[{"damage":0,"enemies":"Small Slimes","floor":1,"turns":1},{"damage":0,"enemies":"Cultist","floor":2,"turns":1},{"damage":0,"enemies":"2 Louse","floor":3,"turns":1},{"damage":0,"enemies":"2 Fungi Beasts","floor":5,"turns":3},{"damage":2,"enemies":"3 Louse","floor":7,"turns":3},{"damage":25,"enemies":"Gremlin Nob","floor":8,"turns":4},{"damage":3,"enemies":"Blue Slaver","floor":10,"turns":3},{"damage":32,"enemies":"3 Sentries","floor":11,"turns":9},{"damage":0,"enemies":"2 Fungi Beasts","floor":14,"turns":1},{"damage":67,"enemies":"Slime Boss","floor":16,"turns":12}],"seed_played":"-7840591683467793645","potions_obtained":[{"floor":1,"key":"CultistPotion"},{"floor":3,"key":"Dexterity Potion"},{"floor":8,"key":"SteroidPotion"}],"is_trial":false,"path_per_floor":["M","M","M","$","M","R","M","E","T","M","E","$","R","M","R","B"],"character_chosen":"THE_SILENT","items_purchased":["Accuracy","Blade Dance"],"campfire_rested":2,"item_purchase_floors":[4,12],"current_hp_per_floor":[63,63,63,63,63,63,61,36,36,35,12,12,35,37,60,0,0],"gold":157,"neow_bonus":"THREE_ENEMY_KILL","is_daily":false,"chose_seed":false,"campfire_upgraded":1,"win_rate":0.0,"timestamp":1610769215,"path_taken":["M","M","M","$","M","R","M","E","T","M","E","$","R","M","R","BOSS"],"items_purchased_type":["Card","Card"],"build_version":"2020-12-22","purchased_purges":0,"victory":false,"max_hp_per_floor":[70,70,70,70,70,70,70,70,70,70,77,77,77,77,77,77,77],"card_choices":[{"not_picked":["Caltrops","Expertise"],"picked":"PiercingWail","floor":1},{"not_picked":["Leg Sweep","Expertise"],"picked":"All Out Attack","floor":2},{"not_picked":["Catalyst","Backflip"],"picked":"Backstab","floor":3},{"not_picked":["Deadly Poison","Well Laid Plans"],"picked":"Dagger Throw","floor":5},{"not_picked":["Dodge and Roll","Caltrops"],"picked":"Poisoned Stab","floor":7},{"not_picked":["Malaise","Phantasmal Killer"],"picked":"Dagger Throw","floor":8},{"not_picked":["Slice","Bane"],"picked":"Poisoned Stab","floor":10},{"not_picked":["Dash","Concentrate"],"picked":"Backstab","floor":11},{"not_picked":["Deflect","Leg Sweep","Crippling Poison"],"picked":"SKIP","floor":14}],"player_experience":300530,"relics_obtained":[{"floor":8,"key":"FossilizedHelix"},{"floor":9,"key":"Blood Vial"},{"floor":11,"key":"Strawberry"}],"event_choices":[],"is_beta":false,"boss_relics":[],"items_purged_floors":[],"is_endless":false,"potions_floor_spawned":[1,3,8,11],"killed_by":"Slime Boss","ascension_level":9}}