{"host":"opg65mucj6ra7dr1","time":1610784767,"event":{"mods":["BaseMod","DeckTracker","Keyboard Shortcuts","Minty Spire (QoL Compilation)","Permanent Neow","Quick Restart","everything is the same but u backflip on backflip"],"gold_per_floor":[112,126,126,38,38,64,83,83,83,97,97,97,97,109,109,212,212,225,195,195],"floor_reached":19,"language":"KOR","playtime":746,"items_purged":[],"score":228,"play_id":"85fbe50c-1028-4c6c-8c2d-84cf0a81c401","local_time":"20210116171247","is_ascension_mode":true,"campfire_choices":[{"floor":11.0,"key":"REST"},{"floor":13.0,"key":"REST"},{"floor":15,"key":"REST"}],"circlet_count":0,"master_deck":["Strike_G","Strike_G","Strike_G","Strike_G","Defend_G","Defend_G","Defend_G","Defend_G","Defend_G","Survivor","Neutralize","PiercingWail","Bouncing Flask","Well Laid Plans","Bane","Backflip","Catalyst","Bane","Burst","Backflip"],"relics":["Ring of the Snake","Shovel","Bottled Tornado","Tingsha","MealTicket","WristBlade"],"acts_visited":["Exordium","TheCity"],"potions_floor_usage":[],"damage_taken":[{"damage":0.0,"enemies":"2 Louse","floor":1.0,"turns":4.0},{"damage":3.0,"enemies":"Cultist","floor":2.0,"turns":5.0},{"damage":37.0,"enemies":"3 Sentries","floor":6.0,"turns":12.0},{"damage":2.0,"enemies":"Jaw Worm","floor":7.0,"turns":4.0},{"damage":0.0,"enemies":"Looter","floor":8.0,"turns":1.0},{"damage":4.0,"enemies":"2 Fungi Beasts","floor":10.0,"turns":4.0},{"damage":30,"enemies":"Lots of Slimes","floor":14,"turns":9},{"damage":34,"enemies":"Slime Boss","floor":16,"turns":12},{"damage":32,"enemies":"3 Byrds","floor":18,"turns":6},{"damage":3,"enemies":"2 Thieves","floor":19,"turns":2}],"seed_played":"-8772860139215606717","potions_obtained":[{"floor":7.0,"key":"SmokeBomb"},{"floor":14,"key":"Ancient Potion"},{"floor":16,"key":"BlessingOfTheForge"}],"is_trial":false,"path_per_floor":["M","M","?","$","T","E","M","M","T","M","R","?","R","M","R","B",null,"M","M"],"character_chosen":"THE_SILENT","items_purchased":["Well Laid Plans","Bane"],"campfire_rested":3,"item_purchase_floors":[4,4],"current_hp_per_floor":[63,60,60,60,60,23,21,21,21,17,38,26,47,17,38,4,54,22,19,19],"gold":195,"neow_bonus":"REMOVE_CARD","is_daily":false,"chose_seed":false,"campfire_upgraded":0,"win_rate":0.0,"timestamp":1610784767,"path_taken":["M","M","?","$","?","E","M","?","T","M","R","?","R","M","R","BOSS","M","M"],"items_purchased_type":["Card","Card"],"build_version":"2020-12-22","purchased_purges":0,"victory":false,"max_hp_per_floor":[70,70,70,70,70,70,70,70,70,70,70,70,70,70,70,70,70,70,70,70],"card_choices":[{"not_picked":["Acrobatics","Underhanded Strike"],"picked":"PiercingWail","floor":1.0},{"not_picked":["Skewer","Quick Slash"],"picked":"Bouncing Flask","floor":2.0},{"not_picked":["Underhanded Strike","Endless Agony","Phantasmal Killer"],"picked":"SKIP","floor":6.0},{"not_picked":["Dash","Bouncing Flask"],"picked":"Backflip","floor":7.0},{"not_picked":["Deflect","Concentrate"],"picked":"Catalyst","floor":10.0},{"not_picked":["Blur","Blade Dance"],"picked":"Bane","floor":14},{"not_picked":["Envenom","Unload"],"picked":"Burst","floor":16},{"not_picked":["Quick Slash+1","Leg Sweep"],"picked":"Backflip","floor":18}],"player_experience":129685,"relics_obtained":[{"floor":5.0,"key":"Shovel"},{"floor":6.0,"key":"Bottled Tornado"},{"floor":9.0,"key":"Tingsha"}],"event_choices":[{"damage_healed":0.0,"max_hp_gain":0.0,"max_hp_loss":0.0,"gold_gain":0.0,"event_name":"Match and Keep!","player_choice":"0 cards matched","floor":3.0,"gold_loss":0.0,"damage_taken":0.0,"cards_obtained":[]},{"damage_healed":0.0,"max_hp_gain":0.0,"max_hp_loss":0.0,"gold_gain":0.0,"event_name":"Scrap Ooze","player_choice":"Success","floor":12.0,"gold_loss":0.0,"damage_taken":12.0,"relics_obtained":["MealTicket"]}],"is_beta":false,"boss_relics":[{"not_picked":["Cursed Key","Runic Dome"],"picked":"WristBlade"}],"items_purged_floors":[],"is_endless":false,"potions_floor_spawned":[7,8,14,16],"killed_by":"2 Thieves","ascension_level":7}}