{"host":"Lingo","time":1610774226,"event":{"mods":["BaseMod","Bestiary","Evolution","Hermit","Minty Spire (QoL Compilation)","Relic Stats","StSLib"],"gold_per_floor":[113,127,20,20,43,43,43,68,91,106,127,140,140,178,178,183,183],"floor_reached":16,"language":"ENG","playtime":1598,"items_purged":[],"score":104,"play_id":"46338163-35f1-4338-ae18-a51459d73081","local_time":"20210115211706","is_ascension_mode":false,"campfire_choices":[{"data":"hermit:Combo","floor":6,"key":"SMITH"},{"data":"hermit:Cheat","floor":13,"key":"SMITH"},{"floor":15,"key":"REST"}],"circlet_count":0,"master_deck":["hermit:Strike_Hermit","hermit:Strike_Hermit+1","hermit:Strike_Hermit","hermit:Strike_Hermit","hermit:Defend_Hermit","hermit:Defend_Hermit","hermit:Defend_Hermit","hermit:Defend_Hermit","hermit:Snapshot","hermit:Covet+1","hermit:Grudge","hermit:Scavenge","hermit:Spite","hermit:Combo+1","hermit:Cheat+1","hermit:Enervate","hermit:Dive","hermit:FromBeyond","hermit:Cheat"],"relics":["hermit:Momento","EVO:Axolotl","Happy Flower","Toy Ornithopter","Mummified Hand"],"acts_visited":["Exordium"],"potions_floor_usage":[8],"damage_taken":[{"damage":10,"enemies":"Cultist","floor":1,"turns":4},{"damage":0,"enemies":"Small Slimes","floor":2,"turns":3},{"damage":6,"enemies":"Jaw Worm","floor":5,"turns":3},{"damage":3,"enemies":"Gremlin Gang","floor":8,"turns":3},{"damage":0,"enemies":"Red Slaver","floor":10,"turns":3},{"damage":4,"enemies":"3 Louse","floor":11,"turns":3},{"damage":11,"enemies":"Exordium Wildlife","floor":12,"turns":3},{"damage":15,"enemies":"3 Sentries","floor":14,"turns":7},{"damage":43,"enemies":"Hexaghost","floor":16,"turns":9}],"seed_played":"4802039791801699698","potions_obtained":[{"floor":2,"key":"Energy Potion"},{"floor":10,"key":"Ancient Potion"},{"floor":12,"key":"LiquidBronze"}],"is_trial":false,"path_per_floor":["M","M","$","?","M","R","?","M","T","M","M","M","R","E","R","B"],"character_chosen":"HERMIT","items_purchased":["hermit:Spite","hermit:Combo"],"campfire_rested":1,"item_purchase_floors":[3,3],"current_hp_per_floor":[72,72,72,56,50,50,50,47,47,47,43,32,32,17,41,0,0],"gold":183,"neow_bonus":"TEN_PERCENT_HP_BONUS","is_daily":false,"chose_seed":false,"campfire_upgraded":2,"win_rate":0.0,"timestamp":1610774226,"path_taken":["M","M","?","?","M","R","?","M","T","M","M","M","R","E","R","BOSS"],"items_purchased_type":["Card","Card"],"build_version":"2020-12-18","purchased_purges":0,"victory":false,"max_hp_per_floor":[82,82,82,82,82,82,82,82,82,82,82,82,82,82,82,82,82],"relic_stats":{"Happy Flower":[9],"counters":[9,38],"Mummified Hand":[1],"obtain_stats":[{"Happy Flower":7,"Mummified Hand":14,"EVO:Axolotl":0,"hermit:Momento":0,"Toy Ornithopter":9},{"Happy Flower":3,"Mummified Hand":8,"EVO:Axolotl":0,"hermit:Momento":0,"Toy Ornithopter":4},{"Happy Flower":10,"Mummified Hand":29,"EVO:Axolotl":0,"hermit:Momento":0,"Toy Ornithopter":13}],"Toy Ornithopter":0},"card_choices":[{"not_picked":["hermit:Quickdraw","hermit:Cheat"],"picked":"hermit:Grudge","floor":1},{"not_picked":["hermit:SprayPray","hermit:Headshot"],"picked":"hermit:Scavenge","floor":2},{"not_picked":["hermit:PistolWhip","hermit:WideOpen"],"picked":"hermit:Cheat","floor":5},{"not_picked":["hermit:Ricochet","hermit:Glare"],"picked":"hermit:Enervate","floor":8},{"not_picked":["hermit:CalledShot","hermit:Combo"],"picked":"hermit:Dive","floor":10},{"not_picked":["hermit:Coalescence","hermit:Grudge","hermit:HighCaliber"],"picked":"SKIP","floor":11},{"not_picked":["hermit:PistolWhip","hermit:Ricochet"],"picked":"hermit:FromBeyond","floor":12},{"not_picked":["hermit:WideOpen","hermit:Ricochet"],"picked":"hermit:Cheat","floor":14}],"player_experience":616866,"relics_obtained":[{"floor":9,"key":"Toy Ornithopter"},{"floor":14,"key":"Mummified Hand"}],"event_choices":[{"damage_healed":0,"gold_gain":0,"player_choice":"Entered Light","damage_taken":16,"max_hp_gain":0,"max_hp_loss":0,"event_name":"Shining Light","floor":4,"gold_loss":0,"cards_upgraded":["hermit:Covet","hermit:Strike_Hermit"]},{"damage_healed":0,"gold_gain":0,"player_choice":"Searched \u00272\u0027 times","damage_taken":0,"relics_obtained":["Happy Flower"],"max_hp_gain":0,"max_hp_loss":0,"event_name":"Dead Adventurer","floor":7,"gold_loss":0}],"is_beta":true,"boss_relics":[],"items_purged_floors":[],"is_endless":false,"potions_floor_spawned":[2,10,12],"killed_by":"Hexaghost","ascension_level":0}}