{"host":"w9yruvs4bqht6bhw","time":1610838494,"event":{"mods":["BaseMod","Colored Powertips","Minty Spire (QoL Compilation)"],"gold_per_floor":[114,114,114,189,204,204,236,236,262,262,289,306,320,330,330,330,330],"floor_reached":16,"language":"ENG","playtime":307,"items_purged":[],"score":216,"play_id":"aa1426b1-e739-4010-ae16-73da0db2832e","local_time":"20210116180814","is_ascension_mode":true,"campfire_choices":[{"data":"Searing Blow","floor":6,"key":"SMITH"},{"data":"Searing Blow+1","floor":8,"key":"SMITH"},{"data":"Searing Blow+2","floor":10,"key":"SMITH"},{"data":"Searing Blow+3","floor":15,"key":"SMITH"}],"circlet_count":0,"master_deck":["AscendersBane","Strike_R","Strike_R","Strike_R","Strike_R","Strike_R","Defend_R","Defend_R","Defend_R","Defend_R","Bash","Whirlwind","Searing Blow+4","Flame Barrier","Headbutt"],"relics":["Burning Blood","NeowsBlessing","Question Card","Akabeko","Happy Flower","TungstenRod"],"acts_visited":["Exordium"],"potions_floor_usage":[11,11,16],"damage_taken":[{"damage":0,"enemies":"Small Slimes","floor":1,"turns":1},{"damage":0,"enemies":"2 Louse","floor":5,"turns":1},{"damage":0,"enemies":"Gremlin Nob","floor":7,"turns":1},{"damage":28,"enemies":"Lagavulin","floor":11,"turns":5},{"damage":0,"enemies":"Jaw Worm","floor":12,"turns":2},{"damage":2,"enemies":"Exordium Thugs","floor":13,"turns":2},{"damage":0,"enemies":"3 Louse","floor":14,"turns":3},{"damage":64,"enemies":"Hexaghost","floor":16,"turns":9}],"seed_played":"-4667812069845792132","potions_obtained":[{"floor":1,"key":"Fire Potion"},{"floor":5,"key":"SkillPotion"},{"floor":11,"key":"AttackPotion"}],"is_trial":false,"path_per_floor":["M","?","?","?","M","R","E","R","T","R","E","M","M","M","R","B"],"character_chosen":"IRONCLAD","items_purchased":[],"campfire_rested":0,"item_purchase_floors":[],"current_hp_per_floor":[78,66,66,55,61,61,67,67,67,67,45,51,55,61,61,0,0],"gold":330,"neow_bonus":"THREE_ENEMY_KILL","is_daily":false,"chose_seed":false,"campfire_upgraded":4,"win_rate":0.0,"timestamp":1610838494,"path_taken":["M","?","?","?","?","R","E","R","T","R","E","M","M","M","R","BOSS"],"items_purchased_type":[],"build_version":"2020-12-22","purchased_purges":0,"victory":false,"max_hp_per_floor":[80,80,80,80,80,80,80,80,80,80,80,80,80,80,80,80,80],"card_choices":[{"not_picked":["Shrug It Off","Iron Wave"],"picked":"Whirlwind","floor":1},{"not_picked":["Warcry","Battle Trance","Clothesline"],"picked":"Searing Blow","floor":5},{"not_picked":["Thunderclap","Combust","Dropkick"],"picked":"Flame Barrier","floor":7},{"not_picked":["Warcry","Cleave","Pommel Strike","Combust"],"picked":"SKIP","floor":11},{"not_picked":["Bloodletting","Warcry","Evolve"],"picked":"Headbutt","floor":12},{"not_picked":["Warcry","Rage","Sentinel","Clash"],"picked":"SKIP","floor":13},{"not_picked":["Power Through","Twin Strike","Flame Barrier","Bludgeon"],"picked":"SKIP","floor":14}],"player_experience":416216,"relics_obtained":[{"floor":7,"key":"Akabeko"},{"floor":9,"key":"Happy Flower"},{"floor":11,"key":"TungstenRod"}],"event_choices":[{"damage_healed":0,"gold_gain":0,"player_choice":"Success","damage_taken":12,"relics_obtained":["Question Card"],"max_hp_gain":0,"max_hp_loss":0,"event_name":"Scrap Ooze","floor":2,"gold_loss":0},{"damage_healed":0,"gold_gain":0,"player_choice":"Ignored","damage_taken":0,"max_hp_gain":0,"max_hp_loss":0,"event_name":"Golden Wing","floor":3,"gold_loss":0},{"damage_healed":0,"gold_gain":75,"player_choice":"Gather Gold","damage_taken":11,"max_hp_gain":0,"max_hp_loss":0,"event_name":"World of Goop","floor":4,"gold_loss":0}],"is_beta":false,"boss_relics":[],"items_purged_floors":[],"is_endless":false,"potions_floor_spawned":[1,5,11],"killed_by":"Hexaghost","ascension_level":12}}