{"host":"ss2ocoam53r2lno0","time":1610836657,"event":{"mods":["Act Like it!","BaseMod","ChefMod","Clockwork Mod","Colored Powertips","Curses Come First","Displayed Cursed Tome","Downfall","Evolution","Googly Eyes","Hallownest","Highlight Path","Minty Spire (QoL Compilation)","Poor People Problems","Rare Cards Sparkle","Robot Space Explorer","Shade Mod","Shop Mod","Spicy Shops","StSLib","The Marked"],"gold_per_floor":[113,113,132,31,45,45,80,80,80,80,110,127,127,141,141,239,239,252,152,62,62,77,77,91,120,172,184,184,203,203,230,230,335,335,351,40,40,90,102,134,134,59,84,84,96,108,119,135,135,135],"floor_reached":51,"language":"ENG","playtime":3510,"items_purged":["Clockwork:Strike","Clockwork:Shield","Clockwork:Strike"],"score":1188,"play_id":"30cba60d-40d7-4b85-b1d7-a9055fc1d070","local_time":"20210116233737","is_ascension_mode":true,"campfire_choices":[{"data":"Clockwork:ChargingShield","floor":6.0,"key":"SMITH"},{"data":"Clockwork:DefectiveParts","floor":8.0,"key":"SMITH"},{"data":"Clockwork:CogToss","floor":10.0,"key":"SMITH"},{"data":"Clockwork:LiteraryArmor","floor":13.0,"key":"SMITH"},{"floor":15.0,"key":"REST"},{"data":"Clockwork:DefectiveParts","floor":23.0,"key":"SMITH"},{"floor":30.0,"key":"REST"},{"floor":32.0,"key":"REST"},{"data":"Clockwork:AssemblyLine","floor":41.0,"key":"SMITH"},{"data":"Clockwork:OccamsRazor","floor":44.0,"key":"SMITH"},{"floor":49.0,"key":"REST"}],"circlet_count":0,"master_deck":["Clockwork:CogToss+1","Clockwork:Strike+1","Clockwork:Shield+1","Clockwork:Shield","Clockwork:Tinker+1","Clockwork:WarmUp","Clockwork:LiteraryArmor+1","Clockwork:ChargingShield+1","Clockwork:CogToss+1","Clockwork:DefectiveParts+1","Clockwork:DefectiveParts+1","Clockwork:LogisticRegression+1","Clockwork:AssemblyLine+1","Clockwork:OccamsRazor+1"],"relics":["Clockwork:MomentumEngine","EVO:Axolotl","Gremlin Horn","Mummified Hand","Busted Crown","Lizard Tail","MealTicket","Clockwork:QuicksilverHourglass","Unceasing Top","Clockwork:BootleggersToolkit","Clockwork:Varja","CaptainsWheel","War Paint","Nunchaku"],"acts_visited":["Exordium","TheCity","TheBeyond"],"potions_floor_usage":[],"damage_taken":[{"damage":1.0,"enemies":"Jaw Worm","floor":1.0,"turns":9.0},{"damage":6.0,"enemies":"2 Louse","floor":3.0,"turns":4.0},{"damage":2.0,"enemies":"Cultist","floor":5.0,"turns":5.0},{"damage":23.0,"enemies":"3 Sentries","floor":7.0,"turns":16.0},{"damage":0.0,"enemies":"Lagavulin","floor":11.0,"turns":8.0},{"damage":15.0,"enemies":"2 Fungi Beasts","floor":12.0,"turns":4.0},{"damage":6.0,"enemies":"Red Slaver","floor":14.0,"turns":5.0},{"damage":10.0,"enemies":"Hexaghost","floor":16.0,"turns":7.0},{"damage":9.0,"enemies":"Chosen","floor":18.0,"turns":13.0},{"damage":2.0,"enemies":"Shell Parasite","floor":22.0,"turns":5.0},{"damage":11.0,"enemies":"Snake Plant","floor":24.0,"turns":4.0},{"damage":40.0,"enemies":"Slavers","floor":25.0,"turns":6.0},{"damage":10.0,"enemies":"3 Cultists","floor":27.0,"turns":4.0},{"damage":0.0,"enemies":"Snecko","floor":29.0,"turns":8.0},{"damage":65.0,"enemies":"Gremlin Leader","floor":31.0,"turns":5.0},{"damage":24.0,"enemies":"Champ","floor":33.0,"turns":5.0},{"damage":48.0,"enemies":"3 Darklings","floor":35.0,"turns":4.0},{"damage":0.0,"enemies":"Mind Bloom Boss Battle","floor":38.0,"turns":6.0},{"damage":0.0,"enemies":"3 Shapes","floor":39.0,"turns":8.0},{"damage":0.0,"enemies":"Nemesis","floor":40.0,"turns":7.0},{"damage":8.0,"enemies":"3 Darklings","floor":45.0,"turns":4.0},{"damage":0.0,"enemies":"Spire Growth","floor":46.0,"turns":4.0},{"damage":40.0,"enemies":"Jaw Worm Horde","floor":47.0,"turns":4.0},{"damage":0.0,"enemies":"Sphere and 2 Shapes","floor":48.0,"turns":4.0},{"damage":0,"enemies":"Donu and Deca","floor":50,"turns":5}],"seed_played":"-302514129962329975","potions_obtained":[{"floor":1.0,"key":"bronze:BurnAndBuffPotion"},{"floor":5.0,"key":"Weak Potion"},{"floor":12.0,"key":"Energy Potion"},{"floor":14.0,"key":"Dexterity Potion"},{"floor":16.0,"key":"FairyPotion"},{"floor":29.0,"key":"Regen Potion"},{"floor":33.0,"key":"Explosive Potion"},{"floor":39.0,"key":"PowerPotion"},{"floor":46.0,"key":"Fruit Juice"},{"floor":47.0,"key":"SteroidPotion"}],"is_trial":false,"path_per_floor":["M","?","M","$","M","R","E","R","T","R","E","M","R","M","R","B",null,"M","$","?","$","M","R","M","E","T","M","?","M","R","E","R","B",null,"M","$","?","?","M","E","R","$","T","R","M","M","M","M","R","B",null],"character_chosen":"CLOCKWORK","items_purchased":["Clockwork:CogToss","Clockwork:AssemblyLine","Clockwork:CraftMomentumEngine","Clockwork:OccamsRazor"],"campfire_rested":4,"item_purchase_floors":[4,36,36,42],"current_hp_per_floor":[76,81,75,75,73,73,50,50,50,50,50,35,35,29,56,46,79,70,70,70,70,68,68,57,17,17,7,7,7,34,13,40,16,72,24,39,39,39,39,39,39,54,54,54,46,51,11,13,41,41],"gold":135,"neow_bonus":"UPGRADE_CARD","is_daily":false,"chose_seed":false,"campfire_upgraded":7,"win_rate":0.0,"timestamp":1610836657,"path_taken":["M","?","M","$","M","R","E","R","T","R","E","M","R","M","R","BOSS","M","$","?","$","M","R","?","E","T","M","?","?","R","E","R","BOSS","M","$","?","?","?","E","R","$","T","R","M","M","M","M","R","BOSS"],"items_purchased_type":["Card","Card","Card","Card"],"build_version":"2020-12-22","purchased_purges":3,"victory":true,"max_hp_per_floor":[85,90,90,90,90,90,90,90,90,90,90,90,90,90,90,90,90,90,90,90,90,90,90,90,90,90,90,90,90,90,90,90,90,90,90,90,90,90,90,90,90,90,90,90,90,95,95,95,95,95],"card_choices":[{"not_picked":["Clockwork:CogToss","Clockwork:ForgeStrike"],"picked":"Clockwork:LiteraryArmor","floor":1.0},{"not_picked":["Clockwork:InertialShield","Clockwork:AdaptiveCannon"],"picked":"Clockwork:ChargingShield","floor":3.0},{"not_picked":["Clockwork:CogBarrier","Clockwork:ReserveSystems","Clockwork:MechanicalBulk"],"picked":"SKIP","floor":5.0},{"not_picked":["Clockwork:SpringShield","Clockwork:Pluck"],"picked":"Clockwork:DefectiveParts","floor":7.0},{"not_picked":["Clockwork:Redundancy","Clockwork:SnapKeep","Clockwork:SearingStrike"],"picked":"SKIP","floor":11.0},{"not_picked":["Clockwork:SystemScan","Clockwork:Selectivity","Clockwork:Pluck"],"picked":"SKIP","floor":12.0},{"not_picked":["Clockwork:ForgeStrike","Clockwork:Improve","Clockwork:ReserveSystems"],"picked":"SKIP","floor":14.0},{"not_picked":["Clockwork:KaliMa","Clockwork:AeonShield"],"picked":"Clockwork:DefectiveParts","floor":16.0},{"not_picked":[],"picked":"Clockwork:LogisticRegression+1","floor":18.0},{"not_picked":["Clockwork:TiltAWhirl"],"picked":"SKIP","floor":22.0},{"not_picked":["Clockwork:SpurOn"],"picked":"SKIP","floor":24.0},{"not_picked":["Clockwork:Roundhouse+1"],"picked":"SKIP","floor":25.0},{"not_picked":["Clockwork:Roundhouse+1"],"picked":"SKIP","floor":27.0},{"not_picked":["Clockwork:Redundancy"],"picked":"SKIP","floor":29.0},{"not_picked":["Clockwork:RitualDaggerMk0"],"picked":"SKIP","floor":31.0},{"not_picked":[],"picked":"Clockwork:CraftMomentumEngine","floor":33.0},{"not_picked":["Clockwork:CogToss+1"],"picked":"SKIP","floor":35.0},{"not_picked":["Clockwork:ChargingBlade+1"],"picked":"SKIP","floor":39.0},{"not_picked":["Clockwork:Redundancy+1"],"picked":"SKIP","floor":40.0},{"not_picked":["Clockwork:Roundhouse"],"picked":"SKIP","floor":45.0},{"not_picked":["Clockwork:QuantumStrike"],"picked":"SKIP","floor":46.0},{"not_picked":["Clockwork:Improve"],"picked":"SKIP","floor":47.0},{"not_picked":["Clockwork:Enhance+1"],"picked":"SKIP","floor":48.0}],"player_experience":757001,"relics_obtained":[{"floor":7.0,"key":"Gremlin Horn"},{"floor":9.0,"key":"Mummified Hand"},{"floor":25.0,"key":"Lizard Tail"},{"floor":26.0,"key":"MealTicket"},{"floor":31.0,"key":"Unceasing Top"},{"floor":38.0,"key":"CaptainsWheel"},{"floor":40.0,"key":"War Paint"},{"floor":43.0,"key":"Nunchaku"}],"event_choices":[{"damage_healed":0.0,"max_hp_gain":5.0,"max_hp_loss":0.0,"gold_gain":0.0,"event_name":"Big Fish","player_choice":"Donut","floor":2.0,"gold_loss":0.0,"damage_taken":0.0},{"cards_removed":["Clockwork:Shield"],"damage_healed":0.0,"max_hp_gain":0.0,"max_hp_loss":0.0,"gold_gain":0.0,"event_name":"Designer","player_choice":"Upgrade and Remove","floor":20.0,"gold_loss":90.0,"damage_taken":0.0,"cards_upgraded":["Clockwork:Strike"]},{"damage_healed":0.0,"max_hp_gain":0.0,"max_hp_loss":0.0,"gold_gain":0.0,"event_name":"Match and Keep!","player_choice":"2 cards matched","floor":28.0,"gold_loss":0.0,"damage_taken":0.0,"cards_obtained":["Clockwork:CraftVarja","Clockwork:CraftQuicksilverHourglass"]},{"damage_healed":0.0,"max_hp_gain":0.0,"max_hp_loss":0.0,"gold_gain":0.0,"event_name":"The Moai Head","player_choice":"Ignored","floor":37.0,"gold_loss":0.0,"damage_taken":0.0},{"damage_healed":0.0,"max_hp_gain":0.0,"max_hp_loss":0.0,"gold_gain":0.0,"event_name":"MindBloom","player_choice":"Fight","floor":38.0,"gold_loss":0.0,"damage_taken":0.0}],"is_beta":false,"boss_relics":[{"not_picked":["Pandora\u0027s Box","expansioncontent:StudyCardRelic"],"picked":"Busted Crown"},{"not_picked":["Tiny House","Clockwork:PerpetualMotionMachine"],"picked":"Clockwork:BootleggersToolkit"}],"items_purged_floors":[4,19,36],"is_endless":false,"potions_floor_spawned":[1,5,12,14,16,29,33,39,46,47],"ascension_level":9}}