{"host":"dftyqn972q7tuon4","time":1610826654,"event":{"mods":["AchievementEnabler","BaseMod","Better Altar","Better Match","Better Note","Better Sensory Stone","Better Skull","Better Third Choice","Colored Powertips","Highlight Path","Minty Spire (QoL Compilation)","Permanent Neow","Quick Restart","StSLib"],"gold_per_floor":[113,113,131,150,103,128,128,145,168,201,218,218,218,243,243,243,243],"floor_reached":16,"language":"ENG","playtime":726,"items_purged":[],"score":162,"play_id":"7f7e4b2f-d190-4867-8e1e-15fe8233ca17","local_time":"20210116205054","is_ascension_mode":true,"campfire_choices":[{"floor":7.0,"key":"REST"},{"floor":13,"key":"REST"},{"data":"CrushJoints","floor":15,"key":"SMITH"}],"circlet_count":0,"master_deck":["Strike_P","Strike_P","Strike_P","Strike_P","Defend_P","Defend_P","Defend_P","Defend_P","Eruption","Vigilance","FlurryOfBlows","CrushJoints+1","Tantrum","ReachHeaven","Protect","MasterReality","Halt","Injury","FlurryOfBlows"],"relics":["VioletLotus","Orichalcum","betterThird:SlimedRelic","Bronze Scales","Anchor","Mummified Hand","Golden Idol"],"acts_visited":["Exordium"],"potions_floor_usage":[16],"damage_taken":[{"damage":5.0,"enemies":"2 Louse","floor":1.0,"turns":3.0},{"damage":0.0,"enemies":"Cultist","floor":3.0,"turns":4.0},{"damage":2.0,"enemies":"Jaw Worm","floor":4.0,"turns":4.0},{"damage":14.0,"enemies":"3 Sentries","floor":6.0,"turns":4.0},{"damage":8.0,"enemies":"Blue Slaver","floor":8.0,"turns":3.0},{"damage":30,"enemies":"Lagavulin","floor":10,"turns":3},{"damage":0,"enemies":"Exordium Wildlife","floor":11,"turns":3},{"damage":2,"enemies":"3 Louse","floor":14,"turns":2},{"damage":38,"enemies":"Slime Boss","floor":16,"turns":8}],"seed_played":"7902140558327005924","potions_obtained":[{"floor":4.0,"key":"SteroidPotion"},{"floor":6.0,"key":"Block Potion"},{"floor":10,"key":"Ancient Potion"},{"floor":11,"key":"Energy Potion"}],"is_trial":false,"path_per_floor":["M","?","M","M","?","E","R","M","T","E","M","?","R","M","R","B"],"character_chosen":"WATCHER","items_purchased":[],"campfire_rested":2,"item_purchase_floors":[],"current_hp_per_floor":[60,60,60,58,47,33,54,46,46,16,16,16,37,35,35,0,0],"gold":243,"neow_bonus":"BOSS_RELIC","is_daily":false,"chose_seed":false,"campfire_upgraded":1,"win_rate":0.0,"timestamp":1610826654,"path_taken":["M","?","M","?","?","E","R","M","T","E","M","?","R","M","R","BOSS"],"items_purchased_type":[],"build_version":"2020-12-22","purchased_purges":0,"victory":false,"max_hp_per_floor":[72,72,72,72,72,72,72,72,72,72,72,72,72,72,72,72,72],"card_choices":[{"not_picked":["InnerPeace","CutThroughFate"],"picked":"FlurryOfBlows","floor":1.0},{"not_picked":["Collect","Crescendo"],"picked":"CrushJoints","floor":3.0},{"not_picked":["Prostrate","SashWhip"],"picked":"Tantrum","floor":4.0},{"not_picked":["BowlingBash","DeceiveReality"],"picked":"ReachHeaven","floor":6.0},{"not_picked":["Evaluate","BowlingBash"],"picked":"Protect","floor":8.0},{"not_picked":["FearNoEvil","ClearTheMind"],"picked":"MasterReality","floor":10},{"not_picked":["WindmillStrike","Prostrate"],"picked":"Halt","floor":11},{"not_picked":["SashWhip","SignatureMove"],"picked":"FlurryOfBlows","floor":14}],"player_experience":672495,"relics_obtained":[{"floor":2.0,"key":"Orichalcum"},{"floor":6.0,"key":"Bronze Scales"},{"floor":9.0,"key":"Anchor"},{"floor":10,"key":"Mummified Hand"}],"event_choices":[{"damage_healed":0.0,"max_hp_gain":0.0,"max_hp_loss":0.0,"gold_gain":0.0,"event_name":"Wheel of Change","player_choice":"Relic","floor":2.0,"gold_loss":0.0,"damage_taken":0.0},{"damage_healed":0.0,"max_hp_gain":0.0,"max_hp_loss":0.0,"gold_gain":0.0,"event_name":"betterThird:BetterGoop","player_choice":"Slimed","floor":5.0,"gold_loss":47.0,"damage_taken":11.0},{"damage_healed":0,"gold_gain":0,"player_choice":"Take Wound","damage_taken":0,"relics_obtained":["Golden Idol"],"max_hp_gain":0,"max_hp_loss":0,"event_name":"Golden Idol","floor":12,"gold_loss":0,"cards_obtained":["Injury"]}],"is_beta":false,"boss_relics":[],"items_purged_floors":[],"is_endless":false,"potions_floor_spawned":[4,6,10,11],"killed_by":"Slime Boss","ascension_level":9}}