{"host":"Jinnai","time":1610830349,"event":{"mods":["BaseMod","Bestiary","Block Reminder","Colored Map","Colored Powertips","Highlight Path","Minty Spire (QoL Compilation)","Quick Restart","Relic Stats","StSLib"],"gold_per_floor":[113,126,126,140,155,155,185,185,185,205,224,234,248,267,267,344,344,364,389,389,402,2,2,14,14,14,34,34,34],"floor_reached":28,"language":"ENG","playtime":1365,"items_purged":["Strike_G"],"score":429,"play_id":"290703e2-70a7-4850-b961-b94e1ae793a5","local_time":"20210116155229","is_ascension_mode":true,"campfire_choices":[{"floor":6.0,"key":"REST"},{"data":"Predator","floor":8.0,"key":"SMITH"},{"floor":15.0,"key":"REST"},{"data":"Burst","floor":23,"key":"SMITH"},{"floor":25,"key":"REST"}],"circlet_count":0,"master_deck":["AscendersBane","Strike_G","Strike_G","Strike_G","Strike_G","Defend_G","Defend_G","Defend_G","Defend_G","Defend_G","Survivor","Neutralize","Poisoned Stab","Predator+1","Backstab","Cloak And Dagger","Bullet Time","Poisoned Stab","Escape Plan","Underhanded Strike","Dagger Spray","Calculated Gamble","Corpse Explosion","Cloak And Dagger","PiercingWail","Escape Plan","Burst+1","Backflip+1","Pain","Underhanded Strike"],"relics":["Black Star","WarpedTongs","StoneCalendar","Bottled Flame","Sundial","Cursed Key","Red Mask","Bag of Preparation","Calipers"],"acts_visited":["Exordium","TheCity"],"potions_floor_usage":[24],"damage_taken":[{"damage":5.0,"enemies":"Small Slimes","floor":1.0,"turns":5.0},{"damage":9.0,"enemies":"Cultist","floor":2.0,"turns":4.0},{"damage":10.0,"enemies":"Jaw Worm","floor":4.0,"turns":4.0},{"damage":9.0,"enemies":"3 Louse","floor":5.0,"turns":3.0},{"damage":10.0,"enemies":"3 Sentries","floor":7.0,"turns":10.0},{"damage":8.0,"enemies":"Lots of Slimes","floor":10.0,"turns":5.0},{"damage":16.0,"enemies":"Large Slime","floor":11.0,"turns":5.0},{"damage":6.0,"enemies":"3 Louse","floor":12.0,"turns":2.0},{"damage":1.0,"enemies":"Looter","floor":13.0,"turns":2.0},{"damage":0.0,"enemies":"Exordium Wildlife","floor":14.0,"turns":1.0},{"damage":16.0,"enemies":"Slime Boss","floor":16.0,"turns":7.0},{"damage":1.0,"enemies":"3 Byrds","floor":18.0,"turns":2.0},{"damage":24,"enemies":"Masked Bandits","floor":19,"turns":3},{"damage":6,"enemies":"Chosen","floor":21,"turns":4},{"damage":11,"enemies":"Snecko","floor":24,"turns":4},{"damage":13,"enemies":"Centurion and Healer","floor":27,"turns":7},{"damage":21,"enemies":"Book of Stabbing","floor":28,"turns":5}],"seed_played":"-1056226772913589647","potions_obtained":[{"floor":2.0,"key":"EssenceOfSteel"},{"floor":7.0,"key":"ColorlessPotion"},{"floor":10.0,"key":"PowerPotion"},{"floor":14.0,"key":"BlessingOfTheForge"},{"floor":16.0,"key":"Energy Potion"}],"is_trial":false,"path_per_floor":["M","M","?","M","M","R","E","R","T","M","M","M","M","M","R","B",null,"M","?","?","M","$","R","M","R","T","M","E"],"character_chosen":"THE_SILENT","items_purchased":["Bag of Preparation","Burst"],"campfire_rested":3,"item_purchase_floors":[22,22],"current_hp_per_floor":[54,45,45,35,26,45,35,35,35,27,11,5,4,4,23,7,51,50,26,26,20,20,20,9,28,28,15,0,0],"gold":34,"neow_bonus":"BOSS_RELIC","is_daily":false,"chose_seed":false,"campfire_upgraded":2,"win_rate":0.0,"timestamp":1610830349,"path_taken":["M","M","?","M","M","R","E","R","T","M","M","?","M","M","R","BOSS","M","?","?","M","$","R","M","R","T","?","E"],"items_purchased_type":["Relic","Card"],"build_version":"2020-12-18","purchased_purges":1,"victory":false,"max_hp_per_floor":[66,66,66,66,66,66,66,66,66,66,66,66,66,66,66,66,66,66,66,66,66,66,66,66,66,66,66,66,66],"relic_stats":{"counters":[17,73],"Sundial":[4],"StoneCalendar":[59],"Black Star":1,"Bag of Preparation":[6],"Cursed Key":1,"obtain_stats":[{"Bottled Flame":7,"Calipers":26,"Sundial":9,"StoneCalendar":7,"Black Star":0,"Red Mask":19,"Bag of Preparation":22,"Cursed Key":17,"Ring of the Snake":0,"WarpedTongs":3},{"Bottled Flame":5,"Calipers":15,"Sundial":5,"StoneCalendar":5,"Black Star":0,"Red Mask":13,"Bag of Preparation":14,"Cursed Key":11,"Ring of the Snake":0,"WarpedTongs":2},{"Bottled Flame":26,"Calipers":61,"Sundial":26,"StoneCalendar":26,"Black Star":0,"Red Mask":53,"Bag of Preparation":57,"Cursed Key":48,"Ring of the Snake":0,"WarpedTongs":9}],"WarpedTongs":[63]},"card_choices":[{"not_picked":["Cloak And Dagger","Backstab"],"picked":"Poisoned Stab","floor":1.0},{"not_picked":["Well Laid Plans","Escape Plan"],"picked":"Predator","floor":2.0},{"not_picked":["Acrobatics","Reflex"],"picked":"Backstab","floor":4.0},{"not_picked":["Dodge and Roll","Quick Slash"],"picked":"Cloak And Dagger","floor":5.0},{"not_picked":["Deflect","Prepared"],"picked":"Bullet Time","floor":7.0},{"not_picked":["Deflect","Heel Hook"],"picked":"Poisoned Stab","floor":10.0},{"not_picked":["Slice","Deflect"],"picked":"Escape Plan","floor":11.0},{"not_picked":["Dodge and Roll","Masterful Stab"],"picked":"Underhanded Strike","floor":12.0},{"not_picked":["Deadly Poison","Tactician"],"picked":"Dagger Spray","floor":13.0},{"not_picked":["Poisoned Stab","Cloak And Dagger"],"picked":"Calculated Gamble","floor":14.0},{"not_picked":["Unload","Night Terror"],"picked":"Corpse Explosion","floor":16.0},{"not_picked":["Infinite Blades","Outmaneuver"],"picked":"Cloak And Dagger","floor":18.0},{"not_picked":["Riddle With Holes","Bane"],"picked":"PiercingWail","floor":19},{"not_picked":["Deadly Poison","Flying Knee"],"picked":"Escape Plan","floor":21},{"not_picked":["Outmaneuver","Escape Plan"],"picked":"Backflip+1","floor":24},{"not_picked":["Slice","Dagger Spray"],"picked":"Underhanded Strike","floor":27}],"player_experience":1522556,"relics_obtained":[{"floor":7.0,"key":"StoneCalendar"},{"floor":7.0,"key":"Bottled Flame"},{"floor":9.0,"key":"Sundial"},{"floor":19,"key":"Red Mask"},{"floor":26,"key":"Calipers"}],"event_choices":[{"damage_healed":0.0,"max_hp_gain":0.0,"max_hp_loss":0.0,"gold_gain":0.0,"event_name":"Accursed Blacksmith","player_choice":"Rummage","floor":3.0,"gold_loss":0.0,"damage_taken":0.0,"relics_obtained":["WarpedTongs"],"cards_obtained":["Pain"]},{"damage_healed":0,"gold_gain":0,"player_choice":"Fought Bandits","damage_taken":0,"max_hp_gain":0,"max_hp_loss":0,"event_name":"Masked Bandits","floor":19,"gold_loss":0},{"cards_removed":["Pain"],"damage_healed":0,"gold_gain":0,"player_choice":"Purged","damage_taken":0,"max_hp_gain":0,"max_hp_loss":0,"event_name":"Purifier","floor":20,"gold_loss":0}],"is_beta":true,"boss_relics":[{"not_picked":["SlaversCollar","Velvet Choker"],"picked":"Cursed Key"}],"items_purged_floors":[22],"is_endless":false,"potions_floor_spawned":[2,7,10,14,16,19],"killed_by":"Book of Stabbing","ascension_level":18}}