{"host":"agbyy69nq62afhwx","time":1610803354,"event":{"mods":["BaseMod","Colored Map","DeckTracker","Highlight Path","Keyboard Shortcuts","Minty Spire (QoL Compilation)","Quick Restart","StSLib","SuperFastMode","everything is the same but u backflip on backflip"],"gold_per_floor":[111,36,36,52,52,82,4,4,4,29,40,59,59,59,59,135,135,148,73,73,43,93,93,109,127,127,127,28,45,58,86,86,163,163,177,1176,1191,1141,1141,1141,1158,1158,1183,450,461,473,473,518,518,518],"floor_reached":51,"language":"KOR","playtime":1552,"items_purged":["Strike_G","Normality","Normality"],"score":1316,"play_id":"caffdc5f-9672-4d3f-ae52-f7fc52a028de","local_time":"20210116222234","is_ascension_mode":true,"campfire_choices":[{"data":"Blade Dance","floor":13.0,"key":"SMITH"},{"data":"Blade Dance","floor":15.0,"key":"SMITH"},{"data":"Phantasmal Killer","floor":23.0,"key":"SMITH"},{"data":"Cloak And Dagger","floor":27.0,"key":"SMITH"},{"floor":32.0,"key":"REST"},{"floor":40.0,"key":"REST"},{"data":"Calculated Gamble","floor":42.0,"key":"SMITH"},{"floor":49,"key":"REST"}],"circlet_count":0,"master_deck":["AscendersBane","Survivor","Neutralize","Blade Dance+1","Dagger Throw","Blur","Escape Plan","Predator","Blade Dance+1","Phantasmal Killer+1","PiercingWail+1","Writhe","Cloak And Dagger+1","Leg Sweep","Finesse","Noxious Fumes+1","Finisher","Burst","A Thousand Cuts","Flechettes","Flying Knee","Prepared","Infinite Blades","Bouncing Flask","Wraith Form v2","Tools of the Trade","Flash of Steel","Bandage Up","Calculated Gamble+1","Thinking Ahead","Escape Plan+1"],"relics":["Ring of the Snake","NeowsBlessing","Vajra","Centennial Puzzle","Du-Vu Doll","Bag of Preparation","Strawberry","HoveringKite","Incense Burner","Smiling Mask","Red Mask","Pandora\u0027s Box","Potion Belt","TwistedFunnel","Lantern","Dead Branch"],"acts_visited":["Exordium","TheCity","TheBeyond"],"potions_floor_usage":[50,50,50,50],"damage_taken":[{"damage":0.0,"enemies":"Cultist","floor":1.0,"turns":1.0},{"damage":0.0,"enemies":"Small Slimes","floor":4.0,"turns":1.0},{"damage":0.0,"enemies":"Gremlin Nob","floor":6.0,"turns":1.0},{"damage":17.0,"enemies":"Lagavulin","floor":10.0,"turns":5.0},{"damage":0.0,"enemies":"2 Louse","floor":11.0,"turns":2.0},{"damage":3.0,"enemies":"Exordium Wildlife","floor":12.0,"turns":4.0},{"damage":19.0,"enemies":"Hexaghost","floor":16.0,"turns":9.0},{"damage":10.0,"enemies":"3 Byrds","floor":18.0,"turns":4.0},{"damage":3.0,"enemies":"2 Thieves","floor":24.0,"turns":3.0},{"damage":1.0,"enemies":"Shelled Parasite and Fungi","floor":25.0,"turns":3.0},{"damage":0.0,"enemies":"Snecko","floor":29.0,"turns":2.0},{"damage":17.0,"enemies":"Snake Plant","floor":30.0,"turns":4.0},{"damage":3.0,"enemies":"Masked Bandits","floor":31.0,"turns":3.0},{"damage":39.0,"enemies":"Champ","floor":33.0,"turns":8.0},{"damage":0.0,"enemies":"Orb Walker","floor":35.0,"turns":2.0},{"damage":22.0,"enemies":"3 Darklings","floor":37.0,"turns":4.0},{"damage":1.0,"enemies":"Transient","floor":41.0,"turns":6.0},{"damage":18.0,"enemies":"Writhing Mass","floor":45.0,"turns":4.0},{"damage":1.0,"enemies":"4 Shapes","floor":46.0,"turns":2.0},{"damage":2,"enemies":"2 Orb Walkers","floor":48,"turns":3},{"damage":61,"enemies":"Awakened One","floor":50,"turns":9}],"seed_played":"-5306750562112482410","potions_obtained":[{"floor":6.0,"key":"PowerPotion"},{"floor":10.0,"key":"Ancient Potion"},{"floor":12.0,"key":"CunningPotion"},{"floor":31.0,"key":"Regen Potion"},{"floor":33.0,"key":"Dexterity Potion"}],"is_trial":false,"path_per_floor":["M","$","?","M","?","E","$","?","T","E","M","M","R","?","R","B",null,"M","?","?","$","?","R","M","M","T","R","$","M","M","?","R","B",null,"M","?","M","$","?","R","M","R","T","$","M","M","?","?","R","B",null],"character_chosen":"THE_SILENT","items_purchased":["Escape Plan","Cloak And Dagger","Finesse","TwistedFunnel","Lantern","EssenceOfSteel","Weak Potion","Thinking Ahead"],"campfire_rested":3,"item_purchase_floors":[7,21,28,44,44,44,44,44],"current_hp_per_floor":[59,59,54,54,54,54,54,54,54,37,37,34,34,41,41,22,60,50,50,50,50,50,50,47,46,46,46,46,46,29,26,47,23,61,61,61,39,39,29,50,53,53,53,53,39,38,38,44,65,8],"gold":518,"neow_bonus":"THREE_ENEMY_KILL","is_daily":false,"chose_seed":false,"campfire_upgraded":5,"win_rate":0.0,"timestamp":1610803354,"path_taken":["M","$","?","M","?","E","$","?","T","E","M","M","R","?","R","BOSS","M","?","?","$","?","R","M","M","T","R","?","M","?","?","R","BOSS","M","?","M","$","?","R","M","R","T","$","M","M","?","?","R","BOSS"],"items_purchased_type":["Card","Card","Card","Relic","Relic","Potion","Potion","Card"],"build_version":"2020-12-22","purchased_purges":3,"victory":true,"max_hp_per_floor":[66,66,66,66,66,66,66,66,66,66,66,66,66,73,73,73,73,73,73,73,73,73,73,73,73,73,73,73,73,73,73,73,73,73,73,73,73,73,73,73,73,73,73,73,73,73,73,73,73,73],"card_choices":[{"not_picked":["Acrobatics","Flying Knee"],"picked":"Blade Dance","floor":1.0},{"not_picked":["Heel Hook","Setup"],"picked":"Dagger Throw","floor":4.0},{"not_picked":["Acrobatics","Dagger Throw"],"picked":"Blur","floor":6.0},{"not_picked":["Backflip","Cloak And Dagger"],"picked":"Blade Dance","floor":10.0},{"not_picked":["Sucker Punch","Reflex","Poisoned Stab"],"picked":"SKIP","floor":11.0},{"not_picked":["Dagger Spray","Sucker Punch","Slice"],"picked":"SKIP","floor":12.0},{"not_picked":["Grand Finale","Die Die Die"],"picked":"Phantasmal Killer","floor":16.0},{"not_picked":["Slice","Outmaneuver"],"picked":"PiercingWail+1","floor":18.0},{"not_picked":["Sucker Punch","Dagger Throw"],"picked":"Leg Sweep","floor":24.0},{"not_picked":["Flying Knee","Underhanded Strike","Poisoned Stab"],"picked":"SKIP","floor":25.0},{"not_picked":["Eviscerate","Slice"],"picked":"Noxious Fumes+1","floor":29.0},{"not_picked":["Bouncing Flask","Skewer+1"],"picked":"Finisher","floor":30.0},{"not_picked":["Deadly Poison","Blade Dance"],"picked":"Burst","floor":31.0},{"not_picked":["Wraith Form v2","Glass Knife"],"picked":"A Thousand Cuts","floor":33.0},{"not_picked":["Underhanded Strike+1","Sucker Punch+1","Flying Knee+1"],"picked":"SKIP","floor":35.0},{"not_picked":["Dagger Throw","Terror","Dash"],"picked":"SKIP","floor":37.0},{"not_picked":["Dramatic Entrance","Dark Shackles"],"picked":"Flash of Steel","floor":39.0},{"not_picked":["PanicButton","Apotheosis"],"picked":"Bandage Up","floor":39.0},{"not_picked":["Finisher","Outmaneuver+1"],"picked":"Calculated Gamble","floor":41.0},{"not_picked":["Finisher+1","Well Laid Plans","Bane"],"picked":"SKIP","floor":45.0},{"not_picked":["Outmaneuver","Storm of Steel","Backflip"],"picked":"SKIP","floor":46.0},{"not_picked":["Outmaneuver","Storm of Steel","Backflip"],"picked":"SKIP","floor":46.0},{"not_picked":["Acrobatics","Dodge and Roll+1"],"picked":"Escape Plan+1","floor":48}],"player_experience":408511,"relics_obtained":[{"floor":6.0,"key":"Centennial Puzzle"},{"floor":9.0,"key":"Du-Vu Doll"},{"floor":10.0,"key":"Bag of Preparation"},{"floor":26.0,"key":"Smiling Mask"},{"floor":31.0,"key":"Red Mask"},{"floor":43.0,"key":"Potion Belt"},{"floor":48,"key":"Dead Branch"}],"event_choices":[{"damage_healed":0.0,"max_hp_gain":0.0,"max_hp_loss":0.0,"gold_gain":0.0,"event_name":"Scrap Ooze","player_choice":"Success","floor":3.0,"gold_loss":0.0,"damage_taken":5.0,"relics_obtained":["Vajra"]},{"damage_healed":0.0,"max_hp_gain":0.0,"max_hp_loss":0.0,"gold_gain":0.0,"event_name":"Shining Light","player_choice":"Ignored","floor":5.0,"gold_loss":0.0,"damage_taken":0.0},{"damage_healed":0.0,"max_hp_gain":0.0,"max_hp_loss":0.0,"gold_gain":0.0,"cards_transformed":["Strike_G"],"event_name":"Living Wall","player_choice":"Change","floor":8.0,"gold_loss":0.0,"damage_taken":0.0,"cards_obtained":["Predator"]},{"damage_healed":0.0,"max_hp_gain":0.0,"max_hp_loss":0.0,"gold_gain":0.0,"event_name":"Big Fish","player_choice":"Box","floor":14.0,"gold_loss":0.0,"damage_taken":0.0,"relics_obtained":["Strawberry"],"cards_obtained":["Regret"]},{"cards_removed":["Regret"],"damage_healed":0.0,"max_hp_gain":0.0,"max_hp_loss":0.0,"gold_gain":0.0,"event_name":"Beggar","player_choice":"Gave Gold","floor":19.0,"gold_loss":75.0,"damage_taken":0.0},{"damage_healed":0.0,"max_hp_gain":0.0,"max_hp_loss":0.0,"gold_gain":0.0,"event_name":"The Mausoleum","player_choice":"Opened","floor":20.0,"gold_loss":0.0,"damage_taken":0.0,"relics_obtained":["Incense Burner"],"cards_obtained":["Writhe"]},{"damage_healed":0.0,"max_hp_gain":0.0,"max_hp_loss":0.0,"gold_gain":50.0,"event_name":"Nest","player_choice":"Stole From Cult","floor":22.0,"gold_loss":0.0,"damage_taken":0.0},{"damage_healed":0.0,"max_hp_gain":0.0,"max_hp_loss":0.0,"gold_gain":0.0,"event_name":"Masked Bandits","player_choice":"Fought Bandits","floor":31.0,"gold_loss":0.0,"damage_taken":0.0},{"damage_healed":0.0,"max_hp_gain":0.0,"max_hp_loss":0.0,"gold_gain":999.0,"event_name":"MindBloom","player_choice":"Gold","floor":36.0,"gold_loss":0.0,"damage_taken":0.0,"cards_obtained":["Normality","Normality"]},{"damage_healed":0.0,"max_hp_gain":0.0,"max_hp_loss":0.0,"gold_gain":0.0,"event_name":"SensoryStone","player_choice":"Memory 3","floor":39.0,"gold_loss":0.0,"damage_taken":10.0},{"cards_removed":["Glass Knife"],"damage_healed":0.0,"max_hp_gain":0.0,"max_hp_loss":0.0,"gold_gain":0.0,"event_name":"Falling","player_choice":"Removed Attack","floor":47.0,"gold_loss":0.0,"damage_taken":0.0},{"damage_healed":0,"gold_gain":0,"player_choice":"Fight","damage_taken":0,"max_hp_gain":0,"max_hp_loss":0,"event_name":"Mysterious Sphere","floor":48,"gold_loss":0}],"is_beta":false,"boss_relics":[{"not_picked":["SacredBark","Sozu"],"picked":"HoveringKite"},{"not_picked":["SlaversCollar","Runic Dome"],"picked":"Pandora\u0027s Box"}],"items_purged_floors":[2,38,44],"is_endless":false,"potions_floor_spawned":[6,10,12,18,31,33,35,41],"ascension_level":18}}