{"host":"fworv1gvvajf3x0f","time":1610801710,"event":{"mods":["AchievementEnabler","Aspiration","BaseMod","Better Match","Better Note","Better Sensory Stone","Better Vampires","Colored Map","Colored Powertips","Displayed Cursed Tome","Good Game Mod","Highlight Path","Infinite Spire","Minty Spire (QoL Compilation)","Poor People Problems","Relic Stats","Replay The Spire","StSLib"],"gold_per_floor":[111,111,111,70,80,115,115,146,146,146,175,194,226,243,243,340,340,359,459,476,487,586,601,601],"floor_reached":23,"language":"ZHS","playtime":2509,"items_purged":[],"score":252,"play_id":"617051eb-2a4c-414d-92bc-8b600f4327a0","local_time":"20210116205510","is_ascension_mode":true,"campfire_choices":[{"data":"Judgement","floor":7.0,"key":"SMITH"},{"floor":10.0,"key":"REST"},{"floor":15.0,"key":"REST"}],"circlet_count":0,"master_deck":["Strike_G","Strike_G","Strike_G","Strike_G","Strike_G","Defend_G","Defend_G","Defend_G","Defend_G","Defend_G","Survivor","Neutralize","Judgement+1","Infinite Blades","Crippling Poison","Die Die Die","A Thousand Cuts","Backflip","Backflip","Envenom","Bullet Time","Well Laid Plans","ReplayTheSpireMod:Scrap Shanks"],"relics":["Ring of the Snake","REME:ComplimentaryCards","aspiration:Nostalgia","PureWater","ReplayTheSpireMod:Ring of Challenge","Ring of Misfortune","Bottled Lightning","Nunchaku","Oddly Smooth Stone","Regal Pillow","Vajra","aspiration:IroncladSkillbook"],"acts_visited":["Exordium","TheCity"],"potions_floor_usage":[18,23],"damage_taken":[{"damage":0.0,"enemies":"Jaw Worm","floor":1.0,"turns":1.0},{"damage":2.0,"enemies":"Cultist","floor":5.0,"turns":4.0},{"damage":13.0,"enemies":"Replay:BlueRogue","floor":6.0,"turns":7.0},{"damage":23.0,"enemies":"Lagavulin","floor":8.0,"turns":7.0},{"damage":16.0,"enemies":"Replay:BlueRogue","floor":11.0,"turns":4.0},{"damage":0.0,"enemies":"2 Louse","floor":12.0,"turns":2.0},{"damage":1.0,"enemies":"3 Sentries","floor":13.0,"turns":6.0},{"damage":0.0,"enemies":"Lots of Slimes","floor":14.0,"turns":2.0},{"damage":40.0,"enemies":"Slime Boss","floor":16.0,"turns":10.0},{"damage":8,"enemies":"Chosen","floor":18,"turns":3},{"damage":29,"enemies":"Shell Parasite","floor":20,"turns":5},{"damage":25,"enemies":"Snake Plant","floor":21,"turns":6},{"damage":19,"enemies":"Gremlin Leader","floor":23,"turns":5}],"seed_played":"3674772361506271054","potions_obtained":[{"floor":1.0,"key":"Flashbang"},{"floor":6.0,"key":"BlessingOfTheForge"},{"floor":11.0,"key":"Adrenaline Potion"},{"floor":12.0,"key":"LiquidBronze"}],"is_trial":false,"path_per_floor":["M","?","?","$","M","E","R","E","T","R","E","M","E","M","R","B",null,"M","?","M","M","?","E"],"character_chosen":"THE_SILENT","items_purchased":["Crippling Poison"],"campfire_rested":2,"item_purchase_floors":[4],"current_hp_per_floor":[70,70,70,70,68,55,55,32,32,53,37,37,36,36,70,30,70,66,66,41,20,20,1,1],"gold":601,"neow_bonus":"NOSTALGIA","is_daily":false,"chose_seed":false,"campfire_upgraded":1,"win_rate":0.0,"timestamp":1610801710,"path_taken":["M","?","?","$","M","E","R","E","T","R","E","M","E","?","R","BOSS","M","?","M","?","?","E"],"items_purchased_type":["Card"],"build_version":"2020-12-22","purchased_purges":0,"victory":false,"max_hp_per_floor":[70,70,70,70,70,70,70,70,70,70,70,70,70,70,70,70,70,70,70,70,70,70,70,70],"relic_stats":{"Nunchaku":[6],"Regal Pillow":13,"counters":[13,62],"obtain_stats":[{"REME:ComplimentaryCards":0,"Nunchaku":8,"Regal Pillow":11,"aspiration:Nostalgia":0,"Ring of Misfortune":2,"Oddly Smooth Stone":9,"Vajra":13,"Bottled Lightning":6,"PureWater":0,"ReplayTheSpireMod:Ring of Challenge":2,"aspiration:IroncladSkillbook":17,"Ring of the Snake":0},{"REME:ComplimentaryCards":0,"Nunchaku":4,"Regal Pillow":5,"aspiration:Nostalgia":0,"Ring of Misfortune":1,"Oddly Smooth Stone":4,"Vajra":7,"Bottled Lightning":3,"PureWater":0,"ReplayTheSpireMod:Ring of Challenge":1,"aspiration:IroncladSkillbook":9,"Ring of the Snake":0},{"REME:ComplimentaryCards":0,"Nunchaku":19,"Regal Pillow":23,"aspiration:Nostalgia":0,"Ring of Misfortune":1,"Oddly Smooth Stone":19,"Vajra":31,"Bottled Lightning":12,"PureWater":0,"ReplayTheSpireMod:Ring of Challenge":1,"aspiration:IroncladSkillbook":43,"Ring of the Snake":0}],"Ring of the Snake":[26]},"card_choices":[{"not_picked":["Noxious Fumes","Bane"],"picked":"Infinite Blades","floor":1.0},{"not_picked":["Poisoned Stab","Dagger Throw","Quick Slash"],"picked":"SKIP","floor":5.0},{"not_picked":["Catalyst","Underhanded Strike"],"picked":"Die Die Die","floor":6.0},{"not_picked":["Bane","Dagger Throw"],"picked":"A Thousand Cuts","floor":8.0},{"not_picked":["All Out Attack","Replay:Poison Smokescreen","Crippling Poison"],"picked":"SKIP","floor":11.0},{"not_picked":["Deflect","Sucker Punch"],"picked":"Backflip","floor":12.0},{"not_picked":["Caltrops","Dagger Throw"],"picked":"Backflip","floor":13.0},{"not_picked":["Calculated Gamble","Outmaneuver"],"picked":"Envenom","floor":14.0},{"not_picked":["Atom Bomb","ReplayTheSpireMod:From All Sides"],"picked":"Bullet Time","floor":16.0},{"not_picked":["Power Through","Eviscerate","Expertise","Carnage"],"picked":"SKIP","floor":18},{"not_picked":["Blur+1","Slice","Power Through"],"picked":"Well Laid Plans","floor":20},{"not_picked":["Hidden Blade+1","Clash","Pummel"],"picked":"ReplayTheSpireMod:Scrap Shanks","floor":21}],"player_experience":220069,"relics_obtained":[{"floor":2.0,"key":"ReplayTheSpireMod:Ring of Challenge"},{"floor":2.0,"key":"Ring of Misfortune"},{"floor":6.0,"key":"Bottled Lightning"},{"floor":8.0,"key":"Nunchaku"},{"floor":9.0,"key":"Oddly Smooth Stone"},{"floor":11.0,"key":"Regal Pillow"},{"floor":13.0,"key":"Vajra"}],"event_choices":[{"cards_removed":["Delirium"],"damage_healed":0.0,"max_hp_gain":0.0,"max_hp_loss":0.0,"gold_gain":0.0,"event_name":"Living Wall","player_choice":"Forget","floor":3.0,"gold_loss":0.0,"damage_taken":0.0},{"damage_healed":0,"gold_gain":100,"player_choice":"Pray","damage_taken":0,"max_hp_gain":0,"max_hp_loss":0,"event_name":"Golden Shrine","floor":19,"gold_loss":0},{"damage_healed":0,"gold_gain":99,"player_choice":"Stole From Cult","damage_taken":0,"max_hp_gain":0,"max_hp_loss":0,"event_name":"Nest","floor":22,"gold_loss":0}],"is_beta":false,"boss_relics":[{"not_picked":["SlaversCollar","Philosopher\u0027s Stone"],"picked":"aspiration:IroncladSkillbook"}],"items_purged_floors":[],"is_endless":false,"potions_floor_spawned":[1,6,11,12],"killed_by":"Gremlin Leader","ascension_level":3}}