{"host":"cvjufw5k2cirmttm","time":1610760550,"event":{"mods":["AchievementEnabler","BaseMod","Colored Map","Colored Powertips","Minty Spire (QoL Compilation)"],"gold_per_floor":[118,118,135,151,151,177,188,42,115,131,149,149,168,178,178,279,279,289,308,223,2,2,2,36,36,60,78,97,97,97,116,116,116,116],"floor_reached":33,"language":"RUS","playtime":1327,"items_purged":[],"score":271,"play_id":"633559eb-315c-439c-ae14-215cbd508957","local_time":"20210116042910","is_ascension_mode":false,"campfire_choices":[{"floor":12,"key":"REST"},{"data":"Ragnarok","floor":15,"key":"SMITH"},{"data":"Establishment","floor":23,"key":"SMITH"},{"data":"Vigilance","floor":25,"key":"SMITH"},{"floor":29,"key":"REST"},{"floor":32,"key":"REST"}],"circlet_count":0,"master_deck":["Strike_P","Strike_P+1","Strike_P","Strike_P","Defend_P","Defend_P","Defend_P","Defend_P+1","Vigilance+1","FlurryOfBlows","Crescendo","WindmillStrike+1","Protect","Ragnarok+1","WindmillStrike","Establishment+1","CutThroughFate+1","Tantrum"],"relics":["PureWater","NeowsBlessing","CaptainsWheel","Lantern","Pantograph","Centennial Puzzle","Omamori","Tiny Chest","Happy Flower"],"acts_visited":["Exordium","TheCity"],"potions_floor_usage":[11,13,18,24,28,33],"damage_taken":[{"damage":0,"enemies":"Small Slimes","floor":1,"turns":1},{"damage":0,"enemies":"Jaw Worm","floor":3,"turns":1},{"damage":0,"enemies":"Cultist","floor":4,"turns":1},{"damage":10,"enemies":"Lagavulin","floor":6,"turns":5},{"damage":3,"enemies":"3 Louse","floor":7,"turns":3},{"damage":2,"enemies":"Looter","floor":10,"turns":3},{"damage":12,"enemies":"Exordium Thugs","floor":11,"turns":3},{"damage":0,"enemies":"3 Louse","floor":13,"turns":2},{"damage":0,"enemies":"Exordium Wildlife","floor":14,"turns":1},{"damage":24,"enemies":"The Guardian","floor":16,"turns":9},{"damage":5,"enemies":"3 Byrds","floor":18,"turns":4},{"damage":2,"enemies":"Chosen","floor":19,"turns":3},{"damage":25,"enemies":"Gremlin Leader","floor":24,"turns":6},{"damage":11,"enemies":"Snake Plant","floor":27,"turns":3},{"damage":23,"enemies":"Centurion and Healer","floor":28,"turns":3},{"damage":10,"enemies":"Snecko","floor":31,"turns":4},{"damage":109,"enemies":"Automaton","floor":33,"turns":6}],"seed_played":"8318986283899458121","potions_obtained":[{"floor":1,"key":"SpeedPotion"},{"floor":3,"key":"BottledMiracle"},{"floor":4,"key":"Explosive Potion"},{"floor":13,"key":"Fruit Juice"},{"floor":27,"key":"LiquidBronze"},{"floor":28,"key":"BlessingOfTheForge"}],"is_trial":false,"path_per_floor":["M","?","M","M","?","E","M","$","T","M","M","R","M","M","R","B",null,"M","M","?","$","?","R","E","R","T","M","M","R","?","M","R","B"],"character_chosen":"WATCHER","items_purchased":["Lantern","Tantrum","Omamori"],"campfire_rested":3,"item_purchase_floors":[8,21,21],"current_hp_per_floor":[72,58,58,58,58,48,45,45,45,43,31,52,57,57,57,53,77,72,70,70,70,70,70,45,45,45,34,11,34,34,24,47,0,0],"gold":116,"neow_bonus":"THREE_ENEMY_KILL","is_daily":false,"chose_seed":false,"campfire_upgraded":3,"win_rate":0.0,"timestamp":1610760550,"path_taken":["M","?","M","M","?","E","M","$","T","M","?","R","M","M","R","BOSS","M","M","?","$","?","R","E","R","T","?","M","R","?","M","R","BOSS"],"items_purchased_type":["Relic","Card","Relic"],"build_version":"2020-12-22","purchased_purges":0,"victory":false,"max_hp_per_floor":[72,72,72,72,72,72,72,72,72,72,72,72,77,77,77,77,77,77,77,77,77,77,77,77,77,77,77,77,77,77,77,77,77,77],"card_choices":[{"not_picked":["EmptyFist","Pray"],"picked":"FlurryOfBlows","floor":1},{"not_picked":["Halt","FlurryOfBlows"],"picked":"Crescendo","floor":3},{"not_picked":["Consecrate","PathToVictory"],"picked":"WindmillStrike","floor":4},{"not_picked":["FollowUp","PathToVictory"],"picked":"Protect","floor":6},{"not_picked":["ThirdEye","FlyingSleeves","JustLucky"],"picked":"SKIP","floor":7},{"not_picked":["Sanctity","Meditate"],"picked":"Ragnarok","floor":10},{"not_picked":["EmptyMind","SignatureMove"],"picked":"WindmillStrike","floor":11},{"not_picked":["ThirdEye","BattleHymn","FlyingSleeves"],"picked":"SKIP","floor":13},{"not_picked":["FlyingSleeves","SashWhip","ThirdEye"],"picked":"SKIP","floor":14},{"not_picked":["DevaForm","MasterReality"],"picked":"Establishment","floor":16},{"not_picked":["ClearTheMind","EmptyBody","Worship"],"picked":"SKIP","floor":18},{"not_picked":["PathToVictory+1","CrushJoints"],"picked":"CutThroughFate+1","floor":19},{"not_picked":["Protect","PathToVictory","Sanctity+1"],"picked":"SKIP","floor":24},{"not_picked":["Prostrate","Evaluate","BowlingBash"],"picked":"SKIP","floor":27},{"not_picked":["CutThroughFate","Prostrate","JustLucky+1"],"picked":"SKIP","floor":28},{"not_picked":["FollowUp+1","PathToVictory+1","Ragnarok"],"picked":"SKIP","floor":31}],"player_experience":98741,"relics_obtained":[{"floor":6,"key":"CaptainsWheel"},{"floor":9,"key":"Pantograph"},{"floor":24,"key":"Tiny Chest"},{"floor":26,"key":"Happy Flower"}],"event_choices":[{"damage_healed":0,"gold_gain":0,"player_choice":"Entered Light","damage_taken":14,"max_hp_gain":0,"max_hp_loss":0,"event_name":"Shining Light","floor":2,"gold_loss":0,"cards_upgraded":["Strike_P","Defend_P"]},{"damage_healed":0,"gold_gain":0,"player_choice":"Upgraded","damage_taken":0,"max_hp_gain":0,"max_hp_loss":0,"event_name":"Upgrade Shrine","floor":5,"gold_loss":0,"cards_upgraded":["WindmillStrike"]},{"damage_healed":0,"gold_gain":0,"player_choice":"Obtained Relic","damage_taken":0,"relics_obtained":["Centennial Puzzle"],"max_hp_gain":0,"max_hp_loss":0,"event_name":"Addict","floor":20,"gold_loss":85},{"cards_removed":["Eruption"],"damage_healed":0,"gold_gain":0,"player_choice":"Purged","damage_taken":0,"max_hp_gain":0,"max_hp_loss":0,"event_name":"Purifier","floor":22,"gold_loss":0},{"damage_healed":0,"gold_gain":0,"player_choice":"Ignored","damage_taken":0,"max_hp_gain":0,"max_hp_loss":0,"event_name":"Ghosts","floor":30,"gold_loss":0}],"is_beta":false,"boss_relics":[{"not_picked":["Velvet Choker","Runic Pyramid","Ectoplasm"]}],"items_purged_floors":[],"is_endless":false,"potions_floor_spawned":[1,3,4,13,27,28],"killed_by":"Automaton","ascension_level":0}}