{"host":"dftyqn972q7tuon4","time":1610821156,"event":{"mods":["AchievementEnabler","BaseMod","Better Altar","Better Match","Better Note","Better Sensory Stone","Better Skull","Better Third Choice","Colored Powertips","Highlight Path","Minty Spire (QoL Compilation)","Permanent Neow","Quick Restart","StSLib"],"gold_per_floor":[109,120,45,62,62,62,72,72,145,173,173,232,182,198,198,296,296,306,306,306,221,221,221,252,252,252,264,9,29,48,78,78,173,173,215,228,228,228,228,255,99,133,211,265,265,0,0,14,14,14],"floor_reached":51,"language":"ENG","playtime":3208,"items_purged":["Defend_P","Shame"],"score":1120,"play_id":"cdcff6dc-e11d-44cd-a9ed-2ef371ccb02e","local_time":"20210116191916","is_ascension_mode":true,"campfire_choices":[{"data":"SashWhip","floor":6,"key":"SMITH"},{"data":"Eruption","floor":8,"key":"SMITH"},{"data":"WindmillStrike","floor":11,"key":"SMITH"},{"data":"Collect","floor":15,"key":"SMITH"},{"data":"LessonLearned","floor":23,"key":"SMITH"},{"data":"DevaForm","floor":25,"key":"SMITH"},{"floor":32,"key":"REST"},{"floor":45,"key":"REST"},{"floor":47,"key":"REST"},{"data":"Wish","floor":49,"key":"SMITH"}],"circlet_count":0,"master_deck":["Defend_P","Defend_P","Defend_P+1","Eruption+1","Vigilance","Collect+1","WindmillStrike+1","InnerPeace","SashWhip+1","FlurryOfBlows+1","Vengeance+1","CutThroughFate","FlurryOfBlows+1","LessonLearned+1","Consecrate","DevaForm+1","EmptyBody","Wireheading","JustLucky","DeceiveReality","Prostrate+1","Wish+1","EmptyBody","FlurryOfBlows+1","Madness+1","Study+1","Consecrate","Parasite","Tantrum"],"relics":["PureWater","Kunai","Blood Vial","Anchor","Cursed Key","Meat on the Bone","betterThird:NestCultRelic","Dead Branch","Unceasing Top","Medical Kit","Juzu Bracelet","Sozu","Potion Belt","Ancient Tea Set","StoneCalendar","Darkstone Periapt","Lizard Tail","Red Mask"],"acts_visited":["Exordium","TheCity","TheBeyond"],"potions_floor_usage":[10,12,16,24,30,40,44],"damage_taken":[{"damage":0,"enemies":"Cultist","floor":1,"turns":4},{"damage":0,"enemies":"2 Louse","floor":2,"turns":2},{"damage":0,"enemies":"Small Slimes","floor":4,"turns":3},{"damage":23,"enemies":"3 Louse","floor":7,"turns":3},{"damage":8,"enemies":"3 Sentries","floor":10,"turns":5},{"damage":9,"enemies":"3 Sentries","floor":12,"turns":5},{"damage":0,"enemies":"Exordium Wildlife","floor":14,"turns":3},{"damage":0,"enemies":"Slime Boss","floor":16,"turns":4},{"damage":3,"enemies":"2 Thieves","floor":18,"turns":3},{"damage":43,"enemies":"Gremlin Leader","floor":24,"turns":7},{"damage":3,"enemies":"3 Byrds","floor":27,"turns":3},{"damage":6,"enemies":"Snake Plant","floor":29,"turns":3},{"damage":3,"enemies":"Centurion and Healer","floor":30,"turns":3},{"damage":10,"enemies":"Book of Stabbing","floor":31,"turns":5},{"damage":15,"enemies":"Automaton","floor":33,"turns":6},{"damage":0,"enemies":"Orb Walker","floor":35,"turns":3},{"damage":1,"enemies":"3 Shapes","floor":36,"turns":3},{"damage":21,"enemies":"Nemesis","floor":40,"turns":5},{"damage":5,"enemies":"Giant Head","floor":42,"turns":5},{"damage":38,"enemies":"2 Orb Walkers","floor":44,"turns":5},{"damage":2,"enemies":"Sphere and 2 Shapes","floor":48,"turns":4},{"damage":42,"enemies":"Awakened One","floor":50,"turns":6}],"seed_played":"-6386004648108964234","potions_obtained":[{"floor":1,"key":"EssenceOfSteel"},{"floor":7,"key":"StancePotion"},{"floor":12,"key":"Regen Potion"},{"floor":18,"key":"Regen Potion"},{"floor":27,"key":"DistilledChaos"},{"floor":29,"key":"Explosive Potion"},{"floor":33,"key":"BottledMiracle"}],"is_trial":false,"path_per_floor":["M","M","$","M","?","R","M","R","T","E","R","?","?","M","R","B",null,"M","?","?","?","?","R","E","R","T","M","$","M","M","E","R","B",null,"M","M","?","?","?","E","$","E","T","?","R","?","R","M","R","B",null],"character_chosen":"WATCHER","items_purchased":["Medical Kit","Ancient Tea Set"],"campfire_rested":3,"item_purchase_floors":[28,41],"current_hp_per_floor":[65,65,65,65,65,65,42,42,42,34,34,27,27,29,29,43,65,64,50,50,50,50,50,36,36,36,47,47,43,42,46,67,54,68,70,71,71,62,62,43,43,40,40,16,37,37,58,58,58,30],"gold":14,"neow_bonus":"TRANSFORM_CARD","is_daily":false,"chose_seed":false,"campfire_upgraded":7,"win_rate":0.0,"timestamp":1610821156,"path_taken":["M","M","?","?","?","R","M","R","T","E","R","?","?","M","R","BOSS","M","?","?","?","?","R","E","R","T","?","$","M","M","E","R","BOSS","M","M","?","?","?","E","$","E","T","?","R","?","R","M","R","BOSS"],"items_purchased_type":["Relic","Relic"],"build_version":"2020-12-22","purchased_purges":2,"victory":true,"max_hp_per_floor":[72,72,72,72,72,72,72,72,72,72,72,72,72,72,72,72,72,72,72,72,72,72,72,72,72,72,72,72,72,72,72,72,72,72,72,72,72,72,72,72,72,72,72,72,72,72,72,72,72,72],"card_choices":[{"not_picked":["Collect","Protect"],"picked":"WindmillStrike","floor":1},{"not_picked":["CrushJoints","Pray"],"picked":"InnerPeace","floor":2},{"not_picked":["JustLucky","MentalFortress"],"picked":"SashWhip","floor":4},{"not_picked":["Consecrate","Fasting2"],"picked":"FlurryOfBlows","floor":7},{"not_picked":["BowlingBash","SignatureMove"],"picked":"Vengeance","floor":10},{"not_picked":["PathToVictory","CarveReality"],"picked":"CutThroughFate","floor":12},{"not_picked":["CutThroughFate","Weave"],"picked":"FlurryOfBlows","floor":14},{"not_picked":["MasterReality","Ragnarok"],"picked":"LessonLearned","floor":16},{"not_picked":["Pray","Crescendo"],"picked":"Consecrate","floor":18},{"not_picked":["SashWhip","LikeWater"],"picked":"EmptyBody","floor":24},{"not_picked":["JustLucky","Conclude+1"],"picked":"Wireheading","floor":27},{"not_picked":["Adaptation","Crescendo+1"],"picked":"JustLucky","floor":29},{"not_picked":["Crescendo","Adaptation"],"picked":"DeceiveReality","floor":30},{"not_picked":["LikeWater","PathToVictory"],"picked":"Prostrate","floor":31},{"not_picked":["LessonLearned","Ragnarok"],"picked":"Wish","floor":33},{"not_picked":["Meditate+1","SashWhip"],"picked":"EmptyBody","floor":35},{"not_picked":["Halt","PathToVictory"],"picked":"FlurryOfBlows+1","floor":36},{"not_picked":["WindmillStrike","Protect+1"],"picked":"Study+1","floor":40},{"not_picked":["Conclude","Tantrum+1"],"picked":"Consecrate","floor":42},{"not_picked":["CarveReality","LikeWater"],"picked":"Tantrum","floor":44},{"not_picked":["SashWhip","Evaluate+1","CutThroughFate+1"],"picked":"SKIP","floor":48}],"player_experience":666096,"relics_obtained":[{"floor":9,"key":"Kunai"},{"floor":10,"key":"Blood Vial"},{"floor":12,"key":"Anchor"},{"floor":24,"key":"Dead Branch"},{"floor":26,"key":"Unceasing Top"},{"floor":31,"key":"Juzu Bracelet"},{"floor":40,"key":"Potion Belt"},{"floor":42,"key":"StoneCalendar"},{"floor":43,"key":"Darkstone Periapt"},{"floor":44,"key":"Lizard Tail"}],"event_choices":[{"cards_removed":["Strike_P"],"damage_healed":0,"gold_gain":0,"player_choice":"Forget","damage_taken":0,"max_hp_gain":0,"max_hp_loss":0,"event_name":"Living Wall","floor":5,"gold_loss":0},{"damage_healed":0,"gold_gain":0,"player_choice":"Searched \u00272\u0027 times","damage_taken":0,"max_hp_gain":0,"max_hp_loss":0,"event_name":"Dead Adventurer","floor":12,"gold_loss":0},{"cards_removed":["Strike_P"],"damage_healed":0,"gold_gain":0,"player_choice":"Card Removal","damage_taken":0,"max_hp_gain":0,"max_hp_loss":0,"event_name":"The Cleric","floor":13,"gold_loss":50},{"damage_healed":0,"gold_gain":2,"player_choice":"2","damage_taken":0,"max_hp_gain":0,"max_hp_loss":14,"event_name":"betterStone:BetterStone","floor":19,"gold_loss":0},{"cards_removed":["Strike_P"],"damage_healed":0,"gold_gain":0,"player_choice":"Elegance","damage_taken":0,"max_hp_gain":0,"max_hp_loss":0,"event_name":"betterThird:BetterWriting","floor":20,"gold_loss":0},{"damage_healed":0,"gold_gain":0,"player_choice":"Obtained Relic","damage_taken":0,"relics_obtained":["Meat on the Bone"],"max_hp_gain":0,"max_hp_loss":0,"event_name":"Addict","floor":21,"gold_loss":85},{"damage_healed":0,"gold_gain":0,"player_choice":"Madness","damage_taken":0,"relics_obtained":["betterThird:NestCultRelic"],"max_hp_gain":0,"max_hp_loss":0,"event_name":"betterThird:BetterNest","floor":22,"gold_loss":0},{"damage_healed":0,"gold_gain":0,"player_choice":"Forge","damage_taken":0,"max_hp_gain":0,"max_hp_loss":0,"event_name":"Accursed Blacksmith","floor":37,"gold_loss":0,"cards_upgraded":["FlurryOfBlows"]},{"damage_healed":0,"gold_gain":0,"player_choice":"Embrace Madness","damage_taken":9,"max_hp_gain":0,"max_hp_loss":0,"event_name":"Winding Halls","floor":38,"gold_loss":0,"cards_obtained":["Madness","Madness"]},{"cards_removed":["Madness"],"damage_healed":0,"gold_gain":0,"player_choice":"Removed Skill","damage_taken":0,"max_hp_gain":0,"max_hp_loss":0,"event_name":"Falling","floor":39,"gold_loss":0},{"damage_healed":0,"gold_gain":0,"player_choice":"Fight","damage_taken":0,"max_hp_gain":0,"max_hp_loss":0,"event_name":"Mysterious Sphere","floor":44,"gold_loss":0},{"damage_healed":0,"gold_gain":0,"player_choice":"Paid","damage_taken":0,"relics_obtained":["Red Mask"],"max_hp_gain":0,"max_hp_loss":0,"event_name":"Tomb of Lord Red Mask","floor":46,"gold_loss":265}],"is_beta":false,"boss_relics":[{"not_picked":["Astrolabe","Empty Cage"],"picked":"Cursed Key"},{"not_picked":["Snecko Eye","Runic Pyramid"],"picked":"Sozu"}],"items_purged_floors":[3,28],"is_endless":false,"potions_floor_spawned":[1,7,12,18,27,29,33,35,36],"ascension_level":8}}