{"host":"qxfsqqkvz99y95yf","time":1610823562,"event":{"mods":["BaseMod","Infinite Spire","Minty Spire (QoL Compilation)","Replay The Spire","StSLib"],"gold_per_floor":[115,130,150,150,150,150,150,75,127,127,142,153,153,173,173,274,274,293,313,329,349,399,399,432,432,432,446,463,388,388,388,388,487,487,505,557,117,133,133,133,149,159,182,201,201,201,201,226,226,226],"floor_reached":51,"language":"ENG","playtime":5290,"items_purged":["Regret","Bash+1"],"score":739,"play_id":"b8f5ab59-4bab-436f-a3f6-52c688e2685f","local_time":"20210116135922","is_ascension_mode":false,"campfire_choices":[{"data":"ReplayReversal","floor":6.0,"key":"SMITH"},{"data":"infinitespire:Gouge","floor":10.0,"key":"SMITH"},{"data":"Thunderclap","floor":13.0,"key":"SMITH"},{"floor":15.0,"key":"DIG"},{"data":"Juggernaut","floor":23,"key":"SMITH"},{"floor":32,"key":"REST"},{"data":"Feel No Pain","floor":40,"key":"SMITH"},{"data":"Entrench","floor":45,"key":"SMITH"},{"data":"Offering","floor":47,"key":"SMITH"},{"data":"Defend_R","floor":49,"key":"SMITH"}],"circlet_count":0,"master_deck":["Defend_R+1","Defend_R","Defend_R","Defend_R","Thunderclap+1","ReplayReversal+1","Replay:Undeath\u0027s Touch","infinitespire:Gouge+1","Replay:Undeath\u0027s Touch","Feel No Pain+1","Juggernaut+1","Impervious","Warcry+1","Replay:Undeath\u0027s Touch","Metallicize+1","ForeignInfluence+1","Hemogenesis","Offering+1","ReplayTheSpireMod:Stacked","Headbutt","Entrench+1","ReplayTheSpireMod:Stacked+1"],"relics":["Replay:M_SmolderingBlood","Kunai","infinitespire:Cubic Diamond","infinitespire:Satchel","Orichalcum","Replay:Drink Me","Tiny House","Red Skull","White Beast Statue","Busted Crown","Gambling Chip","Bottled Flame","Quantum Egg"],"acts_visited":["Exordium","TheCity","TheBeyond"],"potions_floor_usage":[27,42,50,50],"damage_taken":[{"damage":12.0,"enemies":"Cultist","floor":1.0,"turns":5.0},{"damage":2.0,"enemies":"2 Louse","floor":2.0,"turns":3.0},{"damage":6.0,"enemies":"Jaw Worm","floor":3.0,"turns":4.0},{"damage":1.0,"enemies":"2 Fungi Beasts","floor":11.0,"turns":4.0},{"damage":0.0,"enemies":"Large Slime","floor":12.0,"turns":5.0},{"damage":1.0,"enemies":"Exordium Thugs","floor":14.0,"turns":5.0},{"damage":31.0,"enemies":"The Guardian","floor":16.0,"turns":10.0},{"damage":0.0,"enemies":"Spheric Guardian","floor":18.0,"turns":6.0},{"damage":1.0,"enemies":"Shell Parasite","floor":19.0,"turns":7.0},{"damage":12.0,"enemies":"Centurion and Healer","floor":20.0,"turns":17.0},{"damage":4.0,"enemies":"Sentry and Sphere","floor":21.0,"turns":5.0},{"damage":25,"enemies":"Slavers","floor":24,"turns":8},{"damage":0,"enemies":"Chosen and Byrds","floor":27,"turns":5},{"damage":0,"enemies":"Shelled Parasite and Fungi","floor":28,"turns":3},{"damage":0,"enemies":"Champ","floor":33,"turns":10},{"damage":6,"enemies":"Orb Walker","floor":35,"turns":3},{"damage":6,"enemies":"2 Orb Walkers","floor":36,"turns":4},{"damage":6,"enemies":"3 Darklings","floor":38,"turns":6},{"damage":6,"enemies":"Jaw Worm Horde","floor":41,"turns":5},{"damage":6,"enemies":"Writhing Mass","floor":42,"turns":4},{"damage":6,"enemies":"4 Shapes","floor":44,"turns":6},{"damage":6,"enemies":"Giant Head","floor":48,"turns":9},{"damage":9,"enemies":"LordOfAnnihilation","floor":50,"turns":31}],"seed_played":"-7848850730209466464","potions_obtained":[{"floor":11.0,"key":"Explosive Potion"},{"floor":14.0,"key":"Elixir"},{"floor":19.0,"key":"DuplicationPotion"},{"floor":20.0,"key":"ElixirPotion"},{"floor":22,"key":"Elixir"},{"floor":27,"key":"FearPotion"},{"floor":28,"key":"Explosive Potion"},{"floor":33,"key":"SpeedPotion"},{"floor":42,"key":"SteroidPotion"},{"floor":44,"key":"EssenceOfSteel"}],"is_trial":false,"path_per_floor":["M","M","M","?","?","R","?","$","T","R","M","M","R","M","R","B",null,"M","M","M","M","AVR","R","E","?","T","M","M","?","?","?","R","B",null,"M","?","$","M","?","R","M","M","T","M","R","?","R","E","R","B",null],"character_chosen":"IRONCLAD","items_purchased":["ReplayTheSpireMod:Stacked","Bottled Flame"],"campfire_rested":1,"item_purchase_floors":[37,37],"current_hp_per_floor":[74,78,78,78,78,78,58,58,58,58,57,57,57,56,56,25,60,60,59,47,43,48,48,23,23,23,23,23,23,12,12,33,33,70,64,58,58,59,59,59,60,61,61,55,55,55,55,56,56,47],"gold":226,"neow_bonus":"REMOVE_CARD","is_daily":false,"chose_seed":false,"campfire_upgraded":8,"win_rate":0.0,"timestamp":1610823562,"path_taken":["M","M","?","?","?","R","?","$","T","R","M","M","R","M","R","BOSS","M","M","M","M","AVR","R","E","?","T","M","M","?","?","?","R","BOSS","M","?","$","M","?","R","M","?","T","M","R","?","R","E","R","BOSS"],"items_purchased_type":["Card","Relic"],"build_version":"2020-12-22","purchased_purges":2,"victory":true,"max_hp_per_floor":[80,80,80,80,80,80,80,80,80,80,80,80,80,80,80,80,60,60,60,60,60,65,65,65,65,65,65,65,65,70,70,70,70,70,70,70,70,70,70,70,70,70,70,70,70,70,70,70,70,70],"card_choices":[{"not_picked":["True Grit","Pummel"],"picked":"Thunderclap","floor":1.0},{"not_picked":["Thunderclap","Heavy Blade"],"picked":"ReplayReversal","floor":2.0},{"not_picked":["Power Through","Eclipse"],"picked":"Replay:Undeath\u0027s Touch","floor":3.0},{"not_picked":["infinitespire:DeathsTouch","infinitespire:NeuralNetwork"],"picked":"infinitespire:Gouge","floor":7.0},{"not_picked":["ReplayTheSpireMod:LeadingStrike","Wild Strike"],"picked":"Replay:Undeath\u0027s Touch","floor":11.0},{"not_picked":["ReachHeaven","Halt"],"picked":"Feel No Pain","floor":12.0},{"not_picked":["Havoc","Armaments"],"picked":"Juggernaut","floor":14.0},{"not_picked":["Eclipse","Barricade"],"picked":"Impervious","floor":16.0},{"not_picked":["Rampage","Sword Boomerang+1","Perfected Strike+1"],"picked":"SKIP","floor":18.0},{"not_picked":["Flex","Headbutt"],"picked":"Replay:Undeath\u0027s Touch","floor":19.0},{"not_picked":["Perfected Strike","Battle Trance"],"picked":"Warcry+1","floor":20.0},{"not_picked":["Clash+1","Sword Boomerang+1"],"picked":"Replay:Undeath\u0027s Touch","floor":21.0},{"not_picked":["Havoc","Entrench"],"picked":"Metallicize+1","floor":22},{"not_picked":["Perfected Strike","Second Wind","Twin Strike"],"picked":"SKIP","floor":24},{"not_picked":["Sentinel","Pommel Strike"],"picked":"ForeignInfluence+1","floor":27},{"not_picked":["Uppercut","Intimidate+1"],"picked":"Hemogenesis","floor":28},{"not_picked":["Barricade","Double Tap"],"picked":"Offering","floor":33},{"not_picked":["Flex"],"picked":"SKIP","floor":35},{"not_picked":["Perfected Strike"],"picked":"SKIP","floor":38},{"not_picked":["Power Through+1"],"picked":"SKIP","floor":41},{"not_picked":[],"picked":"Headbutt","floor":42},{"not_picked":[],"picked":"Entrench","floor":44},{"not_picked":[],"picked":"ReplayTheSpireMod:Stacked+1","floor":48}],"player_experience":199383,"relics_obtained":[{"floor":9.0,"key":"infinitespire:Satchel"},{"floor":15.0,"key":"Orichalcum"},{"floor":24,"key":"Red Skull"},{"floor":26,"key":"White Beast Statue"},{"floor":36,"key":"Gambling Chip"},{"floor":48,"key":"Quantum Egg"}],"event_choices":[{"damage_healed":0.0,"max_hp_gain":0.0,"max_hp_loss":0.0,"gold_gain":0.0,"event_name":"Big Fish","player_choice":"Box","floor":4.0,"gold_loss":0.0,"damage_taken":0.0,"relics_obtained":["Kunai"],"cards_obtained":["Regret"]},{"cards_removed":["Strike_R"],"damage_healed":0,"gold_gain":0,"player_choice":"Gave Gold","damage_taken":0,"max_hp_gain":0,"max_hp_loss":0,"event_name":"Beggar","floor":29,"gold_loss":75},{"damage_healed":0,"gold_gain":0,"player_choice":"Shed Blood","damage_taken":16,"max_hp_gain":5,"max_hp_loss":0,"event_name":"Forgotten Altar","floor":30,"gold_loss":0},{"damage_healed":0,"gold_gain":0,"player_choice":"Bought 0 Potions","damage_taken":0,"max_hp_gain":0,"max_hp_loss":0,"event_name":"The Woman in Blue","floor":31,"gold_loss":0},{"damage_healed":0,"gold_gain":0,"player_choice":"Fight","damage_taken":0,"max_hp_gain":0,"max_hp_loss":0,"event_name":"Mysterious Sphere","floor":36,"gold_loss":0},{"cards_removed":["Bullet Time"],"damage_healed":0,"gold_gain":0,"player_choice":"Took Card","damage_taken":0,"max_hp_gain":0,"max_hp_loss":0,"event_name":"NoteForYourself","floor":39,"gold_loss":0,"cards_obtained":["Bullet Time"]},{"cards_removed":["Replay:Undeath\u0027s Touch"],"damage_healed":0,"gold_gain":0,"player_choice":"Removed Attack","damage_taken":0,"max_hp_gain":0,"max_hp_loss":0,"event_name":"Falling","floor":46,"gold_loss":0}],"is_beta":false,"boss_relics":[{"not_picked":["Kintsugi","Electric Blood"],"picked":"Replay:Drink Me"},{"not_picked":["Empty Cage","infinitespire:Burning Sword"],"picked":"Busted Crown"}],"items_purged_floors":[8,37],"is_endless":false,"potions_floor_spawned":[11,14,19,20,27,28,33,35,36,38,41,42,44,48],"ascension_level":0}}