{"host":"szp1d6dso4pv7ddl","time":1610832304,"event":{"mods":["AchievementEnabler","Alarm Clock","BaseMod","Bestiary","Block Reminder","Colored Map","Colored Powertips","Curses Come First","Dark Map","Displayed Cursed Tome","Highlight Path","Minty Spire (QoL Compilation)","Permanent Neow","Quick Restart","Relic Sorter","Relic Stats","StSLib","Synergy Search"],"gold_per_floor":[115,48,148,167,167,193,193,224,224,224,255,255,266,314,314,419,419,436,456,474,80,80,80,115,115,115,125,125,125,125,225,225,327,327,344,83,94,19,32,32,64,83,83,83,83,116,116,53,53,53],"floor_reached":51,"language":"ENG","playtime":2388,"items_purged":["Strike_B","Defend_B","Multi-Cast+1"],"score":1180,"play_id":"3e84e565-6b4a-4806-ad66-96d2627f1411","local_time":"20210116132504","is_ascension_mode":true,"campfire_choices":[{"data":"White Noise","floor":7,"key":"SMITH"},{"data":"Scrape","floor":10,"key":"SMITH"},{"floor":12,"key":"REST"},{"floor":15,"key":"REST"},{"data":"Coolheaded","floor":23,"key":"SMITH"},{"floor":28,"key":"REST"},{"floor":30,"key":"REST"},{"data":"Steam","floor":32,"key":"SMITH"},{"data":"Scrape","floor":40,"key":"SMITH"},{"data":"FTL","floor":45,"key":"SMITH"},{"data":"Good Instincts","floor":49,"key":"SMITH"}],"circlet_count":0,"master_deck":["Strike_B","Strike_B+1","Defend_B","Defend_B","Coolheaded+1","Scrape+1","Conserve Battery","White Noise+1","Scrape+1","Gash","Streamline+1","Core Surge+1","Steam+1","Gash","Gash","Good Instincts","Go for the Eyes+1","Reboot","Leap+1","Good Instincts+1","FTL+1","Scrape+1","Go for the Eyes+1","Flash of Steel"],"relics":["Cracked Core","Shuriken","Happy Flower","NeowsBlessing","Lizard Tail","Whetstone","Unceasing Top","MealTicket","Astrolabe","Membership Card","Letter Opener","Pear","Gremlin Horn","SacredBark","Mango","Centennial Puzzle","Ancient Tea Set"],"acts_visited":["Exordium","TheCity","TheBeyond"],"potions_floor_usage":[8,24,25,50,50,50],"damage_taken":[{"damage":0,"enemies":"2 Louse","floor":1,"turns":1},{"damage":0,"enemies":"Cultist","floor":4,"turns":1},{"damage":0,"enemies":"Lagavulin","floor":6,"turns":1},{"damage":31,"enemies":"Gremlin Nob","floor":8,"turns":4},{"damage":21,"enemies":"Lagavulin","floor":11,"turns":5},{"damage":13,"enemies":"Small Slimes","floor":13,"turns":3},{"damage":18,"enemies":"Hexaghost","floor":16,"turns":9},{"damage":2,"enemies":"Chosen","floor":18,"turns":4},{"damage":0,"enemies":"Spheric Guardian","floor":19,"turns":2},{"damage":27,"enemies":"Shelled Parasite and Fungi","floor":20,"turns":6},{"damage":29,"enemies":"Slavers","floor":24,"turns":4},{"damage":0,"enemies":"Snake Plant","floor":25,"turns":1},{"damage":6,"enemies":"Chosen and Byrds","floor":27,"turns":4},{"damage":5,"enemies":"Colosseum Slavers","floor":29,"turns":4},{"damage":20,"enemies":"Champ","floor":33,"turns":8},{"damage":3,"enemies":"Orb Walker","floor":35,"turns":3},{"damage":0,"enemies":"3 Shapes","floor":37,"turns":2},{"damage":12,"enemies":"3 Darklings","floor":39,"turns":3},{"damage":19,"enemies":"Nemesis","floor":41,"turns":7},{"damage":0,"enemies":"Jaw Worm Horde","floor":42,"turns":3},{"damage":0,"enemies":"Reptomancer","floor":46,"turns":3},{"damage":0,"enemies":"Awakened One","floor":50,"turns":4}],"seed_played":"-5339549622868502794","potions_obtained":[{"floor":4,"key":"Fire Potion"},{"floor":11,"key":"SmokeBomb"},{"floor":19,"key":"EssenceOfSteel"},{"floor":41,"key":"PowerPotion"},{"floor":46,"key":"Energy Potion"}],"is_trial":false,"path_per_floor":["M","$","?","M","?","E","R","E","T","R","E","R","M","T","R","B",null,"M","M","M","$","?","R","E","M","T","M","R","?","R","?","R","B",null,"M","$","M","$","M","R","E","M","T","?","R","E","?","$","R","B",null],"character_chosen":"DEFECT","items_purchased":["Scrape","Gash","Membership Card","Good Instincts","Letter Opener","Good Instincts","Mango","Strength Potion","FTL","Scrape"],"campfire_rested":4,"item_purchase_floors":[2,21,21,21,21,36,36,36,38,38],"current_hp_per_floor":[68,68,68,68,68,68,68,37,37,37,16,38,25,25,47,29,64,62,62,35,50,50,50,31,31,31,25,50,45,70,70,70,50,76,73,99,99,99,87,87,68,68,68,68,68,68,68,83,83,83],"gold":53,"neow_bonus":"THREE_ENEMY_KILL","is_daily":false,"chose_seed":false,"campfire_upgraded":7,"win_rate":0.0,"timestamp":1610832304,"path_taken":["M","$","?","?","?","E","R","E","T","R","E","R","M","?","R","BOSS","M","M","M","$","?","R","E","M","T","M","R","?","R","?","R","BOSS","M","$","M","$","?","R","E","M","T","?","R","E","?","?","R","BOSS"],"items_purchased_type":["Card","Card","Relic","Card","Relic","Card","Relic","Potion","Card","Card"],"build_version":"2020-12-22","purchased_purges":3,"victory":true,"max_hp_per_floor":[75,75,75,75,75,75,75,75,75,75,75,75,75,75,75,75,75,75,75,75,75,75,75,85,85,85,85,85,85,85,85,85,85,85,85,99,99,99,99,99,99,99,99,99,99,99,99,99,99,99],"relic_stats":{"Lizard Tail":0,"Centennial Puzzle":[0],"Happy Flower":[22],"Gremlin Horn":[14,14],"counters":[22,82],"Shuriken":[19],"Astrolabe":["Streamline","Multi-Cast","Core Surge"],"MealTicket":42,"Whetstone":["Strike_B","Scrape"],"Letter Opener":[185],"obtain_stats":[{"Pear":24,"NeowsBlessing":0,"Happy Flower":14,"Gremlin Horn":26,"Astrolabe":17,"SacredBark":34,"Mango":36,"Whetstone":8,"Letter Opener":21,"Ancient Tea Set":46,"Lizard Tail":6,"Centennial Puzzle":41,"Shuriken":43,"MealTicket":11,"Membership Card":21,"Cracked Core":0,"Unceasing Top":9},{"Pear":11,"NeowsBlessing":0,"Happy Flower":6,"Gremlin Horn":12,"Astrolabe":7,"SacredBark":15,"Mango":16,"Whetstone":4,"Letter Opener":10,"Ancient Tea Set":21,"Lizard Tail":3,"Centennial Puzzle":19,"Shuriken":20,"MealTicket":5,"Membership Card":10,"Cracked Core":0,"Unceasing Top":4},{"Pear":40,"NeowsBlessing":0,"Happy Flower":15,"Gremlin Horn":41,"Astrolabe":24,"SacredBark":57,"Mango":60,"Whetstone":7,"Letter Opener":36,"Ancient Tea Set":78,"Lizard Tail":3,"Centennial Puzzle":72,"Shuriken":75,"MealTicket":12,"Membership Card":36,"Cracked Core":0,"Unceasing Top":7}],"Unceasing Top":[43]},"card_choices":[{"not_picked":["Redo","Stack"],"picked":"Coolheaded","floor":1},{"not_picked":["Defragment","Turbo"],"picked":"Conserve Battery","floor":4},{"not_picked":["Sunder","Rebound"],"picked":"Scrape","floor":6},{"not_picked":["Compile Driver","Coolheaded","Hologram"],"picked":"SKIP","floor":8},{"not_picked":["Multi-Cast","Barrage","Ball Lightning"],"picked":"SKIP","floor":11},{"not_picked":["White Noise","Redo"],"picked":"Gash","floor":13},{"not_picked":["Hello World","Aggregate","Stack"],"picked":"SKIP","floor":18},{"not_picked":["Compile Driver","Turbo"],"picked":"Steam","floor":19},{"not_picked":["Fusion","Coolheaded"],"picked":"Gash","floor":20},{"not_picked":["Coolheaded","Lockon"],"picked":"Go for the Eyes+1","floor":24},{"not_picked":["Leap+1","Defragment","Rebound"],"picked":"SKIP","floor":27},{"not_picked":["Multi-Cast","Echo Form"],"picked":"Reboot","floor":33},{"not_picked":["Conserve Battery","Reinforced Body+1"],"picked":"Leap+1","floor":35},{"not_picked":["Heatsinks","Barrage+1","Sunder"],"picked":"SKIP","floor":37},{"not_picked":["Auto Shields","Aggregate+1","Barrage"],"picked":"SKIP","floor":39},{"not_picked":["Core Surge","Cold Snap+1","Heatsinks+1"],"picked":"SKIP","floor":41},{"not_picked":["Cold Snap","Defragment"],"picked":"Go for the Eyes+1","floor":42},{"not_picked":["Thinking Ahead","Panache"],"picked":"Flash of Steel","floor":44},{"not_picked":["Reprogram","Double Energy","Auto Shields+1"],"picked":"SKIP","floor":46}],"player_experience":1191218,"relics_obtained":[{"floor":6,"key":"Lizard Tail"},{"floor":8,"key":"Whetstone"},{"floor":9,"key":"Unceasing Top"},{"floor":11,"key":"MealTicket"},{"floor":14,"key":"Happy Flower"},{"floor":24,"key":"Pear"},{"floor":26,"key":"Gremlin Horn"},{"floor":41,"key":"Centennial Puzzle"},{"floor":43,"key":"Shuriken"},{"floor":46,"key":"Ancient Tea Set"}],"event_choices":[{"damage_healed":0,"gold_gain":100,"player_choice":"Pray","damage_taken":0,"max_hp_gain":0,"max_hp_loss":0,"event_name":"Golden Shrine","floor":3,"gold_loss":0},{"damage_healed":0,"gold_gain":0,"cards_transformed":["Strike_B"],"player_choice":"Change","damage_taken":0,"max_hp_gain":0,"max_hp_loss":0,"event_name":"Living Wall","floor":5,"gold_loss":0,"cards_obtained":["White Noise"]},{"damage_healed":0,"gold_gain":0,"player_choice":"Ignored","damage_taken":0,"max_hp_gain":0,"max_hp_loss":0,"event_name":"Cursed Tome","floor":22,"gold_loss":0},{"damage_healed":0,"gold_gain":0,"player_choice":"Fight","damage_taken":0,"max_hp_gain":0,"max_hp_loss":0,"event_name":"Colosseum","floor":29,"gold_loss":0},{"damage_healed":0,"gold_gain":0,"player_choice":"Fled From Nobs","damage_taken":0,"max_hp_gain":0,"max_hp_loss":0,"event_name":"Colosseum","floor":29,"gold_loss":0},{"damage_healed":0,"gold_gain":100,"player_choice":"Pray","damage_taken":0,"max_hp_gain":0,"max_hp_loss":0,"event_name":"Golden Shrine","floor":31,"gold_loss":0},{"damage_healed":0,"gold_gain":0,"player_choice":"Memory 1","damage_taken":0,"max_hp_gain":0,"max_hp_loss":0,"event_name":"SensoryStone","floor":44,"gold_loss":0},{"damage_healed":0,"gold_gain":0,"player_choice":"Ignored","damage_taken":0,"max_hp_gain":0,"max_hp_loss":0,"event_name":"Mysterious Sphere","floor":47,"gold_loss":0}],"is_beta":false,"boss_relics":[{"not_picked":["Cursed Key","Ectoplasm"],"picked":"Astrolabe"},{"not_picked":["Snecko Eye","Runic Dome"],"picked":"SacredBark"}],"items_purged_floors":[21,36,48],"is_endless":false,"potions_floor_spawned":[4,11,19,25,29,41,46],"ascension_level":8}}