{"host":"c97twqu0op5dg8i4","time":1610766675,"event":{"mods":["AchievementEnabler","BaseMod","Colored Map","Minty Spire (QoL Compilation)","Permanent Neow"],"gold_per_floor":[117,41,60,71,71,71,102,122,190,213,213,225,235,235,250,250,355,355,370,469,469,394,414,414,449,465,232,255,279,294,294,306,306,67,67,172,172,188,204,249,249,268,268,3,36,36,36,36,65,65,65,79,79,79,79,79],"floor_reached":55,"language":"ENG","playtime":2626,"items_purged":["Defend_B","Strike_B","Redo"],"score":740,"play_id":"230b5a29-d5f4-4c10-901e-8798ac85487c","local_time":"20210115221115","is_ascension_mode":true,"campfire_choices":[{"data":"Zap","floor":6,"key":"SMITH"},{"floor":11,"key":"REST"},{"data":"White Noise","floor":14,"key":"SMITH"},{"floor":16,"key":"REST"},{"data":"Ball Lightning","floor":24,"key":"SMITH"},{"floor":31,"key":"REST"},{"data":"Ghostly","floor":35,"key":"SMITH"},{"data":"Ghostly","floor":43,"key":"SMITH"},{"data":"Defragment","floor":48,"key":"SMITH"},{"floor":50,"key":"REST"},{"floor":53,"key":"REST"},{"data":"Loop","floor":54,"key":"SMITH"}],"circlet_count":0,"master_deck":["Strike_B","Strike_B","Defend_B","Defend_B","Zap+1","Dualcast","Rip and Tear","Melter","Ball Lightning+1","Loop","Conserve Battery","White Noise+1","Ball Lightning","Core Surge","Conserve Battery+1","Coolheaded+1","Storm","Leap","Heatsinks","Capacitor+1","Loop+1","Ghostly+1","Ghostly+1","Ghostly+1","Ghostly","Ghostly","Storm","Rainbow","Electrodynamics","Defragment+1","Tempest+1","Force Field+1","Static Discharge","Double Energy"],"relics":["Cracked Core","Incense Burner","Bird Faced Urn","Sundial","Dream Catcher","Philosopher\u0027s Stone","Toy Ornithopter","Membership Card","Blood Vial","Boot","Sling","Inserter","Torii","Emotion Chip","Strange Spoon","War Paint","Pear","Potion Belt","Akabeko"],"acts_visited":["Exordium","TheCity","TheBeyond"],"potions_floor_usage":[7,17,17,25,26,30,36,36,40,40,55],"damage_taken":[{"damage":1,"enemies":"2 Louse","floor":1,"turns":2},{"damage":7,"enemies":"Jaw Worm","floor":3,"turns":2},{"damage":0,"enemies":"Cultist","floor":4,"turns":2},{"damage":12,"enemies":"Gremlin Nob","floor":7,"turns":3},{"damage":9,"enemies":"Red Slaver","floor":8,"turns":3},{"damage":1,"enemies":"Looter","floor":12,"turns":3},{"damage":0,"enemies":"Exordium Wildlife","floor":13,"turns":2},{"damage":13,"enemies":"Gremlin Gang","floor":15,"turns":4},{"damage":36,"enemies":"Hexaghost","floor":17,"turns":8},{"damage":0,"enemies":"Chosen","floor":19,"turns":3},{"damage":0,"enemies":"Spheric Guardian","floor":23,"turns":2},{"damage":63,"enemies":"Gremlin Leader","floor":25,"turns":6},{"damage":7,"enemies":"Shelled Parasite and Fungi","floor":26,"turns":4},{"damage":12,"enemies":"Cultist and Chosen","floor":30,"turns":5},{"damage":30,"enemies":"Centurion and Healer","floor":32,"turns":7},{"damage":27,"enemies":"Champ","floor":36,"turns":8},{"damage":5,"enemies":"3 Darklings","floor":38,"turns":5},{"damage":2,"enemies":"3 Shapes","floor":39,"turns":3},{"damage":26,"enemies":"2 Orb Walkers","floor":40,"turns":5},{"damage":0,"enemies":"Jaw Worm Horde","floor":42,"turns":4},{"damage":0,"enemies":"Nemesis","floor":45,"turns":7},{"damage":37,"enemies":"Giant Head","floor":49,"turns":8},{"damage":10,"enemies":"Sphere and 2 Shapes","floor":52,"turns":2},{"damage":66,"enemies":"Awakened One","floor":55,"turns":3}],"seed_played":"-2644449592424687428","potions_obtained":[{"floor":1,"key":"SpeedPotion"},{"floor":3,"key":"Weak Potion"},{"floor":7,"key":"Dexterity Potion"},{"floor":15,"key":"Regen Potion"},{"floor":17,"key":"Regen Potion"},{"floor":25,"key":"EssenceOfSteel"},{"floor":26,"key":"CultistPotion"},{"floor":32,"key":"Block Potion"},{"floor":36,"key":"Block Potion"},{"floor":38,"key":"ColorlessPotion"},{"floor":39,"key":"Fire Potion"}],"is_trial":false,"path_per_floor":["M","$","M","M","?","R","E","M","T","T","R","M","M","R","M","R","B",null,"M","?","?","$","M","R","E","M","$","T","T","M","R","M","?","$","R","B",null,"M","M","?","?","M","R","$","E","T","T","R","E","R","$","M","R","R","B"],"character_chosen":"DEFECT","items_purchased":["Melter","Membership Card","Heatsinks","Storm","Rainbow","Sling","Emotion Chip","Strange Spoon","Static Discharge"],"campfire_rested":5,"item_purchase_floors":[2,27,27,34,34,34,44,44,44],"current_hp_per_floor":[53,53,46,46,46,46,34,27,27,27,49,50,50,50,41,63,46,68,70,70,70,70,74,74,21,25,25,25,25,32,54,36,36,36,36,31,36,37,37,19,19,31,31,31,37,47,47,47,12,26,26,24,38,38,0,0],"gold":79,"neow_bonus":"ONE_RARE_RELIC","is_daily":false,"chose_seed":false,"campfire_upgraded":7,"win_rate":0.0,"timestamp":1610766675,"path_taken":["M","$","M","M","?","R","E","M","T","T","R","M","M","R","M","R","BOSS","M","?","?","$","M","R","E","?","?","T","T","M","R","M","?","?","R","BOSS","M","?","?","?","M","R","$","E","T","T","R","E","R","$","?","R","R","BOSS"],"items_purchased_type":["Card","Relic","Card","Card","Card","Relic","Relic","Relic","Card"],"build_version":"2020-12-22","purchased_purges":3,"victory":false,"max_hp_per_floor":[75,75,75,75,75,75,75,75,75,75,75,75,75,75,75,75,75,75,75,75,75,75,75,75,75,75,75,75,75,75,75,75,37,37,37,37,37,37,37,37,37,37,37,37,37,47,47,47,47,47,47,47,47,47,47,47],"card_choices":[{"not_picked":["White Noise","Force Field"],"picked":"Rip and Tear","floor":1},{"not_picked":["Leap","Barrage"],"picked":"Ball Lightning","floor":3},{"not_picked":["Recycle","Go for the Eyes"],"picked":"Loop","floor":4},{"not_picked":["Streamline","Hologram","Reprogram"],"picked":"SKIP","floor":7},{"not_picked":["Streamline","Reprogram"],"picked":"Conserve Battery","floor":8},{"not_picked":["Turbo","Stack","Steam"],"picked":"SKIP","floor":12},{"not_picked":["Rip and Tear","Sweeping Beam"],"picked":"White Noise","floor":13},{"not_picked":["Gash","Fusion"],"picked":"Redo","floor":15},{"not_picked":["Leap","Lockon"],"picked":"Ball Lightning","floor":16},{"not_picked":["Amplify","Fission"],"picked":"Core Surge","floor":17},{"not_picked":["Rip and Tear","Turbo"],"picked":"Conserve Battery","floor":19},{"not_picked":["Auto Shields","Gash"],"picked":"Coolheaded+1","floor":23},{"not_picked":["Redo+1","Gash"],"picked":"Storm","floor":25},{"not_picked":["Steam+1","Stack"],"picked":"Leap","floor":26},{"not_picked":["Steam","Leap"],"picked":"Capacitor+1","floor":30},{"not_picked":["Recycle+1","Chill+1"],"picked":"Loop","floor":32},{"not_picked":["Buffer","Multi-Cast"],"picked":"Electrodynamics","floor":36},{"not_picked":["Cold Snap","Chill+1"],"picked":"Defragment","floor":38},{"not_picked":["Go for the Eyes","Turbo"],"picked":"Tempest+1","floor":39},{"not_picked":["Hello World","Sweeping Beam"],"picked":"Force Field+1","floor":40},{"not_picked":["BootSequence+1","Darkness+1","Conserve Battery+1"],"picked":"SKIP","floor":42},{"not_picked":["Conserve Battery+1","Barrage+1","Reinforced Body+1"],"picked":"SKIP","floor":45},{"not_picked":["Doom and Gloom","Reprogram+1","All For One"],"picked":"SKIP","floor":49},{"not_picked":["Fusion+1","Cold Snap+1"],"picked":"Double Energy","floor":52}],"player_experience":263318,"relics_obtained":[{"floor":7,"key":"Bird Faced Urn"},{"floor":9,"key":"Sundial"},{"floor":10,"key":"Dream Catcher"},{"floor":25,"key":"Toy Ornithopter"},{"floor":28,"key":"Blood Vial"},{"floor":29,"key":"Boot"},{"floor":40,"key":"Torii"},{"floor":45,"key":"War Paint"},{"floor":46,"key":"Pear"},{"floor":47,"key":"Potion Belt"},{"floor":49,"key":"Akabeko"}],"event_choices":[{"damage_healed":0,"gold_gain":0,"player_choice":"Ignored","damage_taken":0,"max_hp_gain":0,"max_hp_loss":0,"event_name":"Liars Game","floor":5,"gold_loss":0},{"damage_healed":0,"gold_gain":99,"player_choice":"Stole From Cult","damage_taken":0,"max_hp_gain":0,"max_hp_loss":0,"event_name":"Nest","floor":20,"gold_loss":0},{"cards_removed":["Defend_B"],"damage_healed":0,"gold_gain":0,"player_choice":"Purged","damage_taken":0,"max_hp_gain":0,"max_hp_loss":0,"event_name":"Purifier","floor":21,"gold_loss":0},{"damage_healed":0,"gold_gain":0,"player_choice":"Became a Ghost","damage_taken":0,"max_hp_gain":0,"max_hp_loss":38,"event_name":"Ghosts","floor":33,"gold_loss":0,"cards_obtained":["Ghostly","Ghostly","Ghostly","Ghostly","Ghostly"]},{"damage_healed":0,"gold_gain":0,"player_choice":"Fight","damage_taken":0,"max_hp_gain":0,"max_hp_loss":0,"event_name":"Mysterious Sphere","floor":40,"gold_loss":0},{"cards_removed":["Strike_B"],"damage_healed":0,"gold_gain":0,"player_choice":"Offered Basic","damage_taken":0,"max_hp_gain":0,"max_hp_loss":0,"event_name":"Bonfire Elementals","floor":41,"gold_loss":0}],"is_beta":false,"boss_relics":[{"not_picked":["Sozu","Runic Dome"],"picked":"Philosopher\u0027s Stone"},{"not_picked":["Empty Cage","SacredBark"],"picked":"Inserter"}],"items_purged_floors":[22,27,34],"is_endless":false,"potions_floor_spawned":[1,3,7,15,17,25,26,32,36,38,39],"killed_by":"Awakened One","ascension_level":5}}