{"host":"b3acx0fd85ri4t7i","time":1610787560,"event":{"mods":["BaseMod","Colored Powertips","Minty Spire (QoL Compilation)","Quick Restart","Relic Stats","Replay The Spire","StSLib","[功能]功能增强和修复MOD"],"gold_per_floor":[116,135,9,9,9,9,41,41,64,64,96,109,109,139,139,706,706,706],"floor_reached":17,"language":"ZHS","playtime":541,"items_purged":["Strike_B","Defend_B","Strike_B","Defend_B","Defend_B","Defend_B","Strike_B","Strike_B","Zap"],"score":492,"play_id":"50d6e33b-7c1c-418c-88a1-4badea6a9c46","local_time":"20210116165920","is_ascension_mode":true,"campfire_choices":[{"data":"Loop","floor":6,"key":"SMITH"},{"data":"1","floor":8,"key":"LIFT"},{"data":"2","floor":10,"key":"LIFT"},{"data":"3","floor":13,"key":"LIFT"},{"floor":15,"key":"RECALL"}],"circlet_count":0,"master_deck":["AscendersBane","Dualcast","Ball Lightning","Conserve Battery","Loop+1","Rainbow+1","Time Bomb","ReplayTheSpireMod:Fabricate Wheel","Electrodynamics","Multi-Cast","Machine Learning","Creative AI"],"relics":["Philosopher\u0027s Stone","PreservedInsect","CultistMask","Girya","Strawberry","ReplayTheSpireMod:TigerMarble","Blood Vial","Ice Cream","Coffee Dripper"],"acts_visited":["Exordium","TheCity"],"potions_floor_usage":[7,14],"damage_taken":[{"damage":10,"enemies":"2 Louse","floor":1,"turns":2},{"damage":0,"enemies":"Small Slimes","floor":2,"turns":4},{"damage":0,"enemies":"Gremlin Nob","floor":7,"turns":3},{"damage":0,"enemies":"Lagavulin","floor":11,"turns":3},{"damage":0,"enemies":"Cultist","floor":12,"turns":2},{"damage":0,"enemies":"Gremlin Nob","floor":14,"turns":2},{"damage":25,"enemies":"Hexaghost","floor":16,"turns":7}],"seed_played":"-8222392572826505442","potions_obtained":[{"floor":1,"key":"SteroidPotion"},{"floor":2,"key":"BlessingOfTheForge"},{"floor":7,"key":"Languid Potion"},{"floor":11,"key":"ColorlessPotion"},{"floor":14,"key":"Block Potion"}],"is_trial":false,"path_per_floor":["M","M","$","?","?","R","E","R","T","R","E","M","R","E","R","B",null],"character_chosen":"DEFECT","items_purchased":["PreservedInsect","Loop","Rainbow"],"campfire_rested":0,"item_purchase_floors":[3,3,3],"current_hp_per_floor":[54,54,54,54,54,54,54,54,54,54,61,61,61,61,61,36,68,68],"gold":706,"neow_bonus":"BOSS_RELIC","is_daily":false,"chose_seed":false,"campfire_upgraded":1,"win_rate":0.0,"timestamp":1610787560,"path_taken":["M","M","$","?","?","R","E","R","T","R","E","?","R","E","R","BOSS"],"items_purchased_type":["Relic","Card","Card"],"build_version":"2020-12-22","purchased_purges":9,"victory":false,"max_hp_per_floor":[71,71,71,71,71,71,71,71,71,71,78,78,78,78,78,78,78,78],"relic_stats":{"Blood Vial":0,"counters":[7,23],"PreservedInsect":80,"obtain_stats":[{"Blood Vial":16,"Ice Cream":16,"Girya":7,"Strawberry":11,"Philosopher\u0027s Stone":0,"PreservedInsect":3,"CultistMask":5,"ReplayTheSpireMod:TigerMarble":14,"Coffee Dripper":17,"Cracked Core":0},{"Blood Vial":7,"Ice Cream":7,"Girya":3,"Strawberry":4,"Philosopher\u0027s Stone":0,"PreservedInsect":2,"CultistMask":2,"ReplayTheSpireMod:TigerMarble":6,"Coffee Dripper":7,"Cracked Core":0},{"Blood Vial":23,"Ice Cream":23,"Girya":9,"Strawberry":12,"Philosopher\u0027s Stone":0,"PreservedInsect":6,"CultistMask":6,"ReplayTheSpireMod:TigerMarble":16,"Coffee Dripper":23,"Cracked Core":0}]},"card_choices":[{"not_picked":["Gash","Recycle"],"picked":"Ball Lightning","floor":1},{"not_picked":["Turbo","Stack"],"picked":"Conserve Battery","floor":1},{"not_picked":["Beam Cell","Doom and Gloom","Genetic Algorithm"],"picked":"SKIP","floor":1},{"not_picked":["ReplayTheSpireMod:GoodbyeWorld","Go for the Eyes","Turbo"],"picked":"SKIP","floor":2},{"not_picked":["Panic Button","Stack","Conserve Battery"],"picked":"SKIP","floor":2},{"not_picked":["Rebound","Beam Cell","Conserve Battery"],"picked":"SKIP","floor":2},{"not_picked":["Hologram","Rebound","Streamline"],"picked":"SKIP","floor":7},{"not_picked":["Fusion","Beam Cell","Biased Cognition"],"picked":"SKIP","floor":11},{"not_picked":["Panic Button","Go for the Eyes"],"picked":"Time Bomb","floor":12},{"not_picked":["ReplayTheSpireMod:Reroute Power","Gash","Compile Driver"],"picked":"SKIP","floor":12},{"not_picked":["White Noise","ReplaySort","Aggregate"],"picked":"SKIP","floor":12},{"not_picked":["Beam Cell","Steam","ReplayTheSpireMod:Omega Cannon"],"picked":"SKIP","floor":14},{"not_picked":["Rainbow","Hyperbeam"],"picked":"ReplayTheSpireMod:Fabricate Wheel","floor":16},{"not_picked":["Machine Learning","Amplify"],"picked":"Electrodynamics","floor":16},{"not_picked":["Seek","Core Surge"],"picked":"Multi-Cast","floor":16},{"not_picked":["Fission","Hyperbeam"],"picked":"Machine Learning","floor":16},{"not_picked":["Core Surge","Biased Cognition"],"picked":"Creative AI","floor":16}],"player_experience":301358,"relics_obtained":[{"floor":7,"key":"Girya"},{"floor":11,"key":"Strawberry"},{"floor":14,"key":"ReplayTheSpireMod:TigerMarble"},{"floor":16,"key":"Blood Vial"},{"floor":16,"key":"Ice Cream"}],"event_choices":[{"damage_healed":0,"gold_gain":0,"player_choice":"Grow","damage_taken":0,"max_hp_gain":0,"max_hp_loss":0,"event_name":"Living Wall","floor":4,"gold_loss":0,"cards_upgraded":["Rainbow"]},{"damage_healed":0,"gold_gain":0,"player_choice":"Trade","damage_taken":0,"relics_obtained":["CultistMask"],"max_hp_gain":0,"max_hp_loss":0,"event_name":"FaceTrader","floor":5,"gold_loss":0}],"is_beta":false,"boss_relics":[{"not_picked":["Black Star","Runic Pyramid"],"picked":"Coffee Dripper"}],"items_purged_floors":[3,3,3,3,3,3,3,3,3],"is_endless":false,"potions_floor_spawned":[1,2,7,11,11,12,14],"ascension_level":20}}