{"host":"beeeuwojhehoern2","time":1610809668,"event":{"mods":["100% Spire Juice","Act Like it!","Aspiration","BaseMod","Conspire","Gensokyo","KinomotoSakuraMod(ƒæ÷Æ±æ”£)","Koishi","KomeijiMod","Marisa£®ÏF”Í°°ƒß¿Ì…≥£©","Minty Spire (QoL Compilation)","Pale of the Ancients","Reimu£®≤©¿ˆ¡È√Œ£©","Replay The Spire","Spicy Shops","StSLib","TestMod","The Administrix","The Alterego","TheHeartMod","Yakumo Yukari mod","Youmu£®ªÍ∆«—˝√Œ£©","Yuyuko","vexMod","°æπ¶ƒ‹Mod°øªÏ„Á÷Æª∑–ﬁ∏¥≤π∂°","°æ“≈ŒÔø®≈∆°øREMEMod"],"gold_per_floor":[130,141,166,183,183,183,183],"floor_reached":6,"language":"ZHS","playtime":633,"items_purged":[],"score":71,"play_id":"e74bc238-992c-4b48-b0d5-cc9b9b078a8d","local_time":"20210116230748","is_ascension_mode":false,"campfire_choices":[],"circlet_count":0,"master_deck":["AT_purpleEX","AT_purpleEX","AT_purpleEX","AT_purpleEX","Defend_purpleEX","Defend_purpleEX","Defend_purpleEX","Defend_purpleEX","Observe_purple_1","Observe_purple_2","Moonworks:WindyEnchantment","Line_surface_state_purple","Erosivefilter_purple","CommonSense_AntiCommonSense_purple","Computing_the_future_purpleEX"],"relics":["Boundary_crack","Memoryfragments_purpleEX","REME_ComplimentaryCards","testmod-TestBox","NeowsBlessing","testmod-TurbochargingSystem"],"acts_visited":["Gensokyo:Gensokyo"],"potions_floor_usage":[2,6],"damage_taken":[{"damage":0,"enemies":"Gensokyo:3_Fairies","floor":1,"turns":1},{"damage":0,"enemies":"Gensokyo:Gryphon","floor":2,"turns":1},{"damage":21,"enemies":"Gensokyo:Cirno","floor":3,"turns":2},{"damage":1,"enemies":"Gensokyo:Python","floor":4,"turns":4},{"damage":85,"enemies":"Gensokyo:Aya","floor":6,"turns":11}],"seed_played":"-8429259782619519922","potions_obtained":[{"floor":1,"key":"testmod-TestPotion"},{"floor":2,"key":"REME_GoldPotion"},{"floor":3,"key":"BlessingOfTheForge"}],"is_trial":false,"path_per_floor":["M","M","?","M","?","E"],"character_chosen":"Youkari","items_purchased":[],"campfire_rested":0,"item_purchase_floors":[],"current_hp_per_floor":[70,70,50,52,70,0,0],"gold":183,"neow_bonus":"THREE_ENEMY_KILL","is_daily":false,"chose_seed":false,"campfire_upgraded":0,"win_rate":0.0,"timestamp":1610809668,"path_taken":["M","M","?","M","?","E"],"items_purchased_type":[],"build_version":"2020-12-22","purchased_purges":0,"victory":false,"max_hp_per_floor":[70,70,70,70,70,70,70],"card_choices":[{"not_picked":["RuleDissolution_purple","Shallow_ocean_purpleEX"],"picked":"Line_surface_state_purple","floor":1},{"not_picked":["StateErode_purple","WatchEChange_purple"],"picked":"Erosivefilter_purple","floor":2},{"not_picked":["OmniscientAndOmnipotent_Monster_purple","Mirror_FormAndEmptin_purple"],"picked":"CommonSense_AntiCommonSense_purple","floor":3},{"not_picked":["Extrememeaning_purpleEX","MonsterNeedle_purple"],"picked":"Computing_the_future_purpleEX","floor":4}],"player_experience":198174,"relics_obtained":[{"floor":3,"key":"testmod-TurbochargingSystem"}],"event_choices":[],"is_beta":false,"boss_relics":[],"items_purged_floors":[],"is_endless":false,"potions_floor_spawned":[1,2,3],"killed_by":"Gensokyo:Aya","ascension_level":0}}