{"host":"cwd5s03r1oaxs6mx","time":1610801920,"event":{"mods":["Act Like it!","BaseMod","Better Third Choice","BetterRewards","CapriCore","Card Filter","Colored Map","Custom Start","DeckTracker","Friendly Minions","Hubris","Infinite Spire","Marisa£¨Ùöéë¡¡Øª×âÞÞ£©","Minty Spire (QoL Compilation)","Quick Restart","Relic Stats","Shop Mod","Spicy Shops","StSLib","SuperFastMode"],"gold_per_floor":[109,109,109,109,120,120,154,154,180,212,14,14,43,56,56,134,134,150,65,65,65,25,25,34,34,59,59,73,86,86,97,97,97,97],"floor_reached":33,"language":"KOR","playtime":1141,"items_purged":["Strike_G","Strike_G"],"score":526,"play_id":"d55cbedd-244c-4879-a119-97237d63914c","local_time":"20210116215840","is_ascension_mode":true,"campfire_choices":[{"data":"Neutralize","floor":6.0,"key":"SMITH"},{"data":"Malaise","floor":8.0,"key":"SMITH"},{"floor":15.0,"key":"REST"},{"data":"Envenom","floor":23.0,"key":"SMITH"},{"data":"infinitespire:Menacing","floor":30.0,"key":"SMITH"},{"floor":32.0,"key":"REST"}],"circlet_count":0,"master_deck":["AscendersBane","Strike_G+1","Defend_G+1","Defend_G+1","Defend_G+1","Defend_G+1","Defend_G+1","Survivor","Neutralize+1","Flying Knee+1","All Out Attack+1","Noxious Fumes+1","Dagger Spray+1","Escape Plan","Malaise+1","Blade Dance","Accuracy","Dash+1","infinitespire:Menacing+1","Riddle With Holes+1","Envenom+1","Adrenaline","infinitespire:Collect","Blur","Shrug It Off","Bane+1","hubris:DuctTapeCard"],"relics":["Ring of the Snake","Molten Egg 2","hubris:Reverence","hubris:DuctTape","hubris:AstralHammer","hubris:TenFootPole","Tiny Chest","Strawberry","hubris:DisguiseKit","hubris:PeanutButter","hubris:Icosahedron"],"acts_visited":["Exordium","TheCity"],"potions_floor_usage":[],"damage_taken":[{"damage":0.0,"enemies":"Jaw Worm","floor":1.0,"turns":2.0},{"damage":0.0,"enemies":"Small Slimes","floor":4.0,"turns":3.0},{"damage":0.0,"enemies":"Cultist","floor":5.0,"turns":2.0},{"damage":22.0,"enemies":"Gremlin Nob","floor":7.0,"turns":4.0},{"damage":14.0,"enemies":"Lagavulin","floor":10.0,"turns":6.0},{"damage":5.0,"enemies":"Gremlin Nob","floor":13.0,"turns":3.0},{"damage":17.0,"enemies":"Exordium Thugs","floor":14.0,"turns":4.0},{"damage":17.0,"enemies":"The Guardian","floor":16.0,"turns":10.0},{"damage":9.0,"enemies":"Chosen","floor":18.0,"turns":4.0},{"damage":15.0,"enemies":"2 Thieves","floor":24.0,"turns":5.0},{"damage":2.0,"enemies":"Centurion and Healer","floor":28.0,"turns":5.0},{"damage":16.0,"enemies":"Shelled Parasite and Fungi","floor":29.0,"turns":5.0},{"damage":14.0,"enemies":"Cultist and Chosen","floor":31.0,"turns":7.0},{"damage":47,"enemies":"Champ","floor":33,"turns":10}],"seed_played":"9100706329043176235","potions_obtained":[{"floor":5.0,"key":"Strength Potion"},{"floor":10.0,"key":"Poison Potion"},{"floor":14.0,"key":"DistilledChaos"}],"is_trial":false,"path_per_floor":["M","?","?","M","M","R","E","R","T","E","$","?","E","M","R","B",null,"M","?","AVR","?","$","R","M","T","T","?","M","M","R","M","R","B"],"character_chosen":"THE_SILENT","items_purchased":["Molten Egg 2","hubris:Reverence","Flying Knee+1","hubris:DuctTape","All Out Attack+1","Accuracy","Dash+1","Blur"],"campfire_rested":2,"item_purchase_floors":[0,0,0,0,0,11,11,22],"current_hp_per_floor":[59,64,64,64,64,64,42,42,42,28,28,19,21,4,27,10,61,52,52,52,52,52,52,37,37,37,37,35,19,19,5,28,0,0],"gold":97,"neow_bonus":"","is_daily":false,"chose_seed":false,"campfire_upgraded":4,"win_rate":0.0,"timestamp":1610801920,"path_taken":["M","?","?","?","M","R","E","R","T","E","$","?","E","M","R","BOSS","M","?","AVR","?","$","R","M","?","T","?","M","M","R","M","R","BOSS"],"items_purchased_type":["Relic","Relic","Card","Relic","Card","Card","Card","Card"],"build_version":"2020-12-22","purchased_purges":2,"victory":false,"max_hp_per_floor":[66,71,71,71,71,71,71,71,71,71,71,71,78,78,78,78,78,78,78,78,78,78,78,78,78,78,78,78,78,78,78,78,78,78],"relic_stats":{"counters":[95,422],"Tiny Chest":1,"obtain_stats":[{"TwistedFunnel":0,"Ice Cream":6,"infinitespire:BottledMercury":0,"Vajra":0,"infinitespire:Cubic Diamond":4,"DollysMirror":19,"hubris:AstralHammer":7,"Strawberry":12,"Toxic Egg 2":0,"Girya":23,"hubris:DuctTape":6,"Astrolabe":17,"hubris:SphereOfDissonance":6,"Eternal Feather":0,"Tingsha":0,"infinitespire:Beetle Shell":23,"infinitespire:Magic Flask":12,"Akabeko":26,"Molten Egg 2":0,"hubris:PeanutButter":25,"hubris:ToyBattleship":6,"hubris:TenFootPole":9,"Unceasing Top":13,"Meat on the Bone":26,"infinitespire:Cupcake":17,"hubris:Reverence":10,"Regal Pillow":9,"Lantern":0,"StoneCalendar":29,"hubris:SlimyHat":0,"Juzu Bracelet":9,"Tough Bandages":7,"Shovel":7,"hubris:Icosahedron":5,"hubris:Stopwatch":34,"Tiny Chest":10,"Ring of the Snake":0,"hubris:DisguiseKit":19,"infinitespire:FocusingShard":12,"infinitespire:Joker Card":26,"Omamori":9,"Frozen Egg 2":0,"hubris:Towel":5,"Mercury Hourglass":9,"Art of War":24,"Membership Card":0,"hubris:CrackedHourglass":17,"PureWater":4,"infinitespire:Midas Blood":6},{"TwistedFunnel":0,"Ice Cream":35,"infinitespire:BottledMercury":30,"Vajra":30,"infinitespire:Cubic Diamond":55,"DollysMirror":10,"hubris:AstralHammer":85,"Strawberry":22,"Toxic Egg 2":59,"Girya":12,"hubris:DuctTape":5,"Astrolabe":68,"hubris:SphereOfDissonance":56,"Eternal Feather":16,"Tingsha":43,"infinitespire:Beetle Shell":74,"infinitespire:Magic Flask":65,"Akabeko":75,"Molten Egg 2":81,"hubris:PeanutButter":91,"hubris:ToyBattleship":63,"hubris:TenFootPole":85,"Unceasing Top":50,"Meat on the Bone":13,"infinitespire:Cupcake":25,"hubris:Reverence":48,"Regal Pillow":20,"Lantern":59,"StoneCalendar":29,"hubris:SlimyHat":36,"Juzu Bracelet":57,"Tough Bandages":20,"Shovel":47,"hubris:Icosahedron":62,"hubris:Stopwatch":79,"Tiny Chest":86,"Ring of the Snake":0,"hubris:DisguiseKit":90,"infinitespire:FocusingShard":6,"infinitespire:Joker Card":28,"Omamori":47,"Frozen Egg 2":52,"hubris:Towel":55,"Mercury Hourglass":63,"Art of War":28,"Membership Card":0,"hubris:CrackedHourglass":9,"PureWater":55,"infinitespire:Midas Blood":41},{"TwistedFunnel":0,"Ice Cream":139,"infinitespire:BottledMercury":117,"Vajra":117,"infinitespire:Cubic Diamond":235,"DollysMirror":29,"hubris:AstralHammer":363,"Strawberry":79,"Toxic Egg 2":252,"Girya":39,"hubris:DuctTape":12,"Astrolabe":286,"hubris:SphereOfDissonance":242,"Eternal Feather":53,"Tingsha":182,"infinitespire:Beetle Shell":309,"infinitespire:Magic Flask":273,"Akabeko":314,"Molten Egg 2":352,"hubris:PeanutButter":395,"hubris:ToyBattleship":265,"hubris:TenFootPole":363,"Unceasing Top":216,"Meat on the Bone":41,"infinitespire:Cupcake":95,"hubris:Reverence":202,"Regal Pillow":71,"Lantern":252,"StoneCalendar":116,"hubris:SlimyHat":143,"Juzu Bracelet":244,"Tough Bandages":71,"Shovel":198,"hubris:Icosahedron":261,"hubris:Stopwatch":341,"Tiny Chest":369,"Ring of the Snake":0,"hubris:DisguiseKit":390,"infinitespire:FocusingShard":17,"infinitespire:Joker Card":110,"Omamori":198,"Frozen Egg 2":224,"hubris:Towel":235,"Mercury Hourglass":265,"Art of War":110,"Membership Card":0,"hubris:CrackedHourglass":27,"PureWater":235,"infinitespire:Midas Blood":175}],"Ring of the Snake":[72]},"card_choices":[{"not_picked":["Poisoned Stab+1","Slice+1"],"picked":"Noxious Fumes","floor":1.0},{"not_picked":["Heel Hook+1","Cloak And Dagger"],"picked":"Dagger Spray+1","floor":4.0},{"not_picked":["Cloak And Dagger","PiercingWail"],"picked":"Escape Plan","floor":5.0},{"not_picked":["Concentrate","Dagger Throw+1"],"picked":"Malaise","floor":7.0},{"not_picked":["Dagger Spray+1","Riddle With Holes+1"],"picked":"Blade Dance","floor":10.0},{"not_picked":["infinitespire:TheBestDefense","infinitespire:SealOfDarkness+"],"picked":"infinitespire:Menacing","floor":12.0},{"not_picked":["Tactician","Deflect"],"picked":"Riddle With Holes+1","floor":13.0},{"not_picked":["Terror","Deadly Poison"],"picked":"Envenom","floor":14.0},{"not_picked":["Night Terror","Tools of the Trade"],"picked":"Adrenaline","floor":16.0},{"not_picked":["Concentrate","Outmaneuver","Deflect"],"picked":"SKIP","floor":18.0},{"not_picked":["Deflect","All Out Attack+1","Sucker Punch+1","Cleave"],"picked":"SKIP","floor":24.0},{"not_picked":["Underhanded Strike+1","Blade Dance","Expertise"],"picked":"Shrug It Off","floor":28.0},{"not_picked":["Blade Dance","Dagger Throw+1","PiercingWail","Cleave"],"picked":"SKIP","floor":29.0},{"not_picked":["Backstab+1","Distraction","Armaments"],"picked":"Bane+1","floor":31.0}],"player_experience":1039177,"relics_obtained":[{"floor":7.0,"key":"hubris:AstralHammer"},{"floor":9.0,"key":"hubris:TenFootPole"},{"floor":10.0,"key":"Tiny Chest"},{"floor":13.0,"key":"Strawberry"},{"floor":25.0,"key":"hubris:PeanutButter"}],"event_choices":[{"damage_healed":0.0,"max_hp_gain":5.0,"max_hp_loss":0.0,"gold_gain":0.0,"event_name":"Big Fish","player_choice":"Donut","floor":2.0,"gold_loss":0.0,"damage_taken":0.0},{"damage_healed":0.0,"max_hp_gain":0.0,"max_hp_loss":0.0,"gold_gain":0.0,"event_name":"Upgrade Shrine","player_choice":"Upgraded","floor":3.0,"gold_loss":0.0,"damage_taken":0.0,"cards_upgraded":["Noxious Fumes"]},{"damage_healed":0.0,"max_hp_gain":0.0,"max_hp_loss":0.0,"gold_gain":0.0,"event_name":"Addict","player_choice":"Obtained Relic","floor":19.0,"gold_loss":85.0,"damage_taken":0.0,"relics_obtained":["hubris:DisguiseKit"]},{"damage_healed":0.0,"max_hp_gain":0.0,"max_hp_loss":6.0,"gold_gain":0.0,"event_name":"betterThird:BetterWriting","player_choice":"Simplicity","floor":21.0,"gold_loss":0.0,"damage_taken":0.0}],"is_beta":false,"boss_relics":[{"not_picked":["HoveringKite","Snecko Eye","Philosopher\u0027s Stone"]}],"items_purged_floors":[11,20],"is_endless":false,"potions_floor_spawned":[5,10,14,18],"killed_by":"Champ","ascension_level":20}}