{"host":"vrsxkkch9ccrec7k","time":1610774903,"event":{"mods":["Act Like it!","BaseMod","Bestiary","Better Sensory Stone","Better Third Choice","Better Vampires","Downfall","Minty Spire (QoL Compilation)","Permanent Neow","Relic Stats","Spicy Shops","StSLib"],"gold_per_floor":[99,118,129,129,142,142,142,161,173,189,219,219,237,271,282,282,282,282],"floor_reached":16,"language":"ENG","playtime":1747,"items_purged":[],"score":157,"play_id":"abf05458-166a-4605-9a33-7a5c2c7a0d93","local_time":"20210116002823","is_ascension_mode":true,"campfire_choices":[{"data":"champ:Taunt","floor":1,"key":"SMITH"},{"data":"champ:Backstep","floor":12,"key":"SMITH"}],"circlet_count":0,"master_deck":["champ:Strike","champ:Strike","champ:Defend","champ:Defend","champ:Defend","champ:Defend","champ:Execute","champ:Taunt+1","Finesse","champ:TornadoPunch","champ:BringItOn","champ:CalledShot","champ:FocusedBerserking","champ:DefensiveShout","champ:Backstep+1","champ:Duel","champ:BerserkersShout","champ:Backstep"],"relics":["champ:ChampionCrown","Sundial","Pen Nib","Shuriken"],"acts_visited":["Exordium"],"potions_floor_usage":[11,11,13,14,16],"damage_taken":[{"damage":10,"enemies":"2 Louse","floor":2,"turns":4},{"damage":10,"enemies":"Jaw Worm","floor":3,"turns":4},{"damage":10,"enemies":"Cultist","floor":5,"turns":4},{"damage":1,"enemies":"Blue Slaver","floor":8,"turns":4},{"damage":15,"enemies":"2 Fungi Beasts","floor":9,"turns":4},{"damage":35,"enemies":"Large Slime","floor":10,"turns":7},{"damage":32,"enemies":"3 Sentries","floor":11,"turns":6},{"damage":3,"enemies":"Exordium Thugs","floor":13,"turns":3},{"damage":30,"enemies":"Lagavulin","floor":14,"turns":7},{"damage":29,"enemies":"Exordium Wildlife","floor":15,"turns":5},{"damage":44,"enemies":"SI_SHIV_ARCHETYPE","floor":16,"turns":8}],"seed_played":"-3867072595043968428","potions_obtained":[{"floor":3,"key":"Explosive Potion"},{"floor":8,"key":"Strength Potion"},{"floor":11,"key":"Fire Potion"},{"floor":13,"key":"Weak Potion"},{"floor":15,"key":"Strength Potion"}],"is_trial":false,"path_per_floor":["R","M","M","?","M","?","T","M","M","M","E","R","M","E","M","B"],"character_chosen":"THE_CHAMP","items_purchased":[],"campfire_rested":0,"item_purchase_floors":[],"current_hp_per_floor":[81,81,81,81,81,81,81,80,80,60,43,43,40,35,21,0,0,0],"gold":282,"neow_bonus":"RANDOM_COLORLESS","is_daily":false,"chose_seed":false,"campfire_upgraded":2,"win_rate":0.0,"timestamp":1610774903,"path_taken":["R","M","M","?","M","?","T","?","M","M","E","R","M","E","M","BOSS"],"items_purchased_type":[],"build_version":"2020-12-22","purchased_purges":0,"victory":false,"max_hp_per_floor":[90,90,90,90,90,90,90,90,90,90,90,90,90,90,90,90,90,90],"relic_stats":{"counters":[11,56],"Sundial":[8],"Shuriken":[1],"Pen Nib":[3],"obtain_stats":[{"Sundial":7,"Shuriken":14,"champ:ChampionCrown":0,"Pen Nib":11},{"Sundial":3,"Shuriken":9,"champ:ChampionCrown":0,"Pen Nib":7},{"Sundial":12,"Shuriken":43,"champ:ChampionCrown":0,"Pen Nib":33}]},"card_choices":[{"not_picked":["Forethought","Enlightenment"],"picked":"Finesse","floor":0},{"not_picked":["champ:EnGarde","champ:Circumvent"],"picked":"champ:TornadoPunch","floor":2},{"not_picked":["champ:AdrenalArmor","champ:RapidStrikes"],"picked":"champ:BringItOn","floor":3},{"not_picked":["champ:PerfectedStrike","champ:Circumvent"],"picked":"champ:CalledShot","floor":5},{"not_picked":["champ:TornadoPunch","champ:Duel"],"picked":"champ:FocusedBerserking","floor":8},{"not_picked":["champ:FlashCut","champ:PreciseThrust"],"picked":"champ:DefensiveShout","floor":9},{"not_picked":["champ:SkillfulDodge","champ:CrownThrow"],"picked":"champ:Backstep","floor":10},{"not_picked":["champ:GladiatorStyle","champ:FocusedBerserking"],"picked":"champ:Duel","floor":11},{"not_picked":["champ:ShieldSlam","champ:GutPunch"],"picked":"champ:BerserkersShout","floor":13},{"not_picked":["champ:SwordThrow","champ:CrownThrow","champ:TornadoPunch"],"picked":"SKIP","floor":14},{"not_picked":["champ:PreciseThrust","champ:SkillfulDodge"],"picked":"champ:Backstep","floor":15}],"player_experience":1550988,"relics_obtained":[{"floor":7,"key":"Sundial"},{"floor":11,"key":"Pen Nib"},{"floor":14,"key":"Shuriken"}],"event_choices":[],"is_beta":false,"boss_relics":[],"items_purged_floors":[],"is_endless":false,"potions_floor_spawned":[3,8,11,13,15],"killed_by":"SI_SHIV_ARCHETYPE","ascension_level":7}}