{"host":"kk2i87xhq8q4h0un","time":1610835297,"event":{"mods":["BaseMod","Hermit","Minty Spire (QoL Compilation)","StSLib"],"gold_per_floor":[119,129,129,39,39,74,90,40,63,96,24,39,65,80,80,182,182,195,219,237,147,166,197,215,215,240,273,286,211,17,37,37,135,135,164,219,219,89,111,111,146,167,167,167,185,206,206,224,224,229,229,229,24,69,79],"floor_reached":56,"language":"ENG","playtime":8976,"items_purged":["hermit:Defend_Hermit","hermit:Defend_Hermit"],"score":1279,"play_id":"c4e0ddda-ebec-4b5a-b158-225a65b765fe","local_time":"20210116141457","is_ascension_mode":false,"campfire_choices":[{"data":"hermit:Determination","floor":15.0,"key":"SMITH"},{"data":"hermit:Determination","floor":25.0,"key":"SMITH"},{"data":"hermit:Vantage","floor":32.0,"key":"SMITH"},{"data":"hermit:Cheat","floor":40.0,"key":"SMITH"},{"floor":47.0,"key":"RECALL"},{"floor":49.0,"key":"REST"},{"data":"hermit:Brawl","floor":52.0,"key":"SMITH"}],"circlet_count":0,"master_deck":["hermit:Strike_Hermit","hermit:Strike_Hermit+1","hermit:Strike_Hermit","hermit:Snapshot","hermit:Covet+1","hermit:Determination+1","hermit:SprayPray+1","hermit:HoleUp","hermit:Determination+1","hermit:Horror","hermit:HoleUp","hermit:FinalCanter+1","hermit:HoleUp+1","hermit:Scavenge","hermit:FromBeyond","CurseOfTheBell","hermit:WideOpen","hermit:Dive+1","hermit:Cheat+1","hermit:Coalescence+1","hermit:Scavenge","hermit:Vantage+1","hermit:Brawl+1","hermit:Snipe+1","hermit:FatalDesire","hermit:SprayPray+1","hermit:EyeOfTheStorm+1","hermit:FinalCanter+1","hermit:ShadowCloak","hermit:Manifest+1","hermit:Snipe","hermit:Desperado","hermit:Grudge+1","Doubt","hermit:TakeAim+1"],"relics":["hermit:Momento","NeowsBlessing","Orichalcum","Art of War","Vajra","Oddly Smooth Stone","Boot","Calling Bell","Ancient Tea Set","Gremlin Horn","Pocketwatch","Anchor","Whetstone","Toy Ornithopter","hermit:RyeStalk","Membership Card","Cursed Key","Turnip","Orrery","Regal Pillow","TungstenRod","Pantograph","hermit:RedScarf"],"acts_visited":["Exordium","TheCity","TheBeyond","TheEnding"],"potions_floor_usage":[55,55,55],"damage_taken":[{"damage":0.0,"enemies":"Jaw Worm","floor":1.0,"turns":1.0},{"damage":0.0,"enemies":"Small Slimes","floor":2.0,"turns":1.0},{"damage":0.0,"enemies":"3 Sentries","floor":6.0,"turns":2.0},{"damage":0.0,"enemies":"Cultist","floor":7.0,"turns":3.0},{"damage":21.0,"enemies":"Lagavulin","floor":10.0,"turns":6.0},{"damage":0.0,"enemies":"Lots of Slimes","floor":12.0,"turns":4.0},{"damage":0.0,"enemies":"Large Slime","floor":14.0,"turns":4.0},{"damage":0.0,"enemies":"The Guardian","floor":16.0,"turns":9.0},{"damage":0.0,"enemies":"Spheric Guardian","floor":18.0,"turns":3.0},{"damage":0.0,"enemies":"Chosen","floor":20.0,"turns":4.0},{"damage":2.0,"enemies":"Snecko","floor":22.0,"turns":5.0},{"damage":29.0,"enemies":"Book of Stabbing","floor":23.0,"turns":8.0},{"damage":0.0,"enemies":"Snake Plant","floor":24.0,"turns":3.0},{"damage":2.0,"enemies":"Gremlin Leader","floor":27.0,"turns":5.0},{"damage":2.0,"enemies":"Shelled Parasite and Fungi","floor":28.0,"turns":3.0},{"damage":4.0,"enemies":"Snecko","floor":31.0,"turns":6.0},{"damage":14.0,"enemies":"Automaton","floor":33.0,"turns":10.0},{"damage":0.0,"enemies":"3 Darklings","floor":35.0,"turns":6.0},{"damage":0.0,"enemies":"Mind Bloom Boss Battle","floor":36.0,"turns":5.0},{"damage":0.0,"enemies":"3 Shapes","floor":39.0,"turns":3.0},{"damage":3.0,"enemies":"Giant Head","floor":41.0,"turns":5.0},{"damage":0.0,"enemies":"Maw","floor":42.0,"turns":5.0},{"damage":0.0,"enemies":"3 Darklings","floor":45.0,"turns":3.0},{"damage":0.0,"enemies":"Writhing Mass","floor":46.0,"turns":4.0},{"damage":29.0,"enemies":"Jaw Worm Horde","floor":48.0,"turns":3.0},{"damage":38.0,"enemies":"Awakened One","floor":50.0,"turns":10.0},{"damage":9.0,"enemies":"Shield and Spear","floor":54.0,"turns":6.0},{"damage":56,"enemies":"The Heart","floor":55,"turns":8}],"seed_played":"-6639576267256767598","potions_obtained":[{"floor":10.0,"key":"Fire Potion"},{"floor":20.0,"key":"Swift Potion"},{"floor":23.0,"key":"SpeedPotion"},{"floor":33.0,"key":"hermit:BlackBile"},{"floor":54.0,"key":"SkillPotion"}],"is_trial":false,"path_per_floor":["M","M","?","$","?","E","M","?","T","E","$","M","T","M","R","B",null,"M","T","M","?","M","E","M","R","T","E","M","?","$","M","R","B",null,"M","?","?","$","M","R","E","M","T","?","M","M","R","M","R","B",null,"R","$","E","B",null],"character_chosen":"HERMIT","items_purchased":["hermit:HoleUp","hermit:Determination","hermit:FinalCanter","Membership Card","hermit:Vantage","hermit:Brawl","hermit:ShadowCloak","Orrery","Pantograph","hermit:Tonic"],"campfire_rested":1,"item_purchase_floors":[4,4,11,30,30,30,38,38,53,53],"current_hp_per_floor":[75,75,68,68,53,53,53,53,53,32,32,32,32,32,32,32,75,75,75,75,75,73,44,44,44,44,42,40,40,40,36,36,22,75,75,75,75,75,75,75,72,72,72,72,72,72,72,43,75,37,75,75,75,67,29],"gold":79,"neow_bonus":"THREE_ENEMY_KILL","is_daily":false,"chose_seed":false,"campfire_upgraded":5,"win_rate":0.0,"timestamp":1610835297,"path_taken":["M","M","?","?","?","E","M","?","T","E","$","?","?","M","R","BOSS","M","?","?","?","?","E","M","R","T","E","M","?","$","M","R","BOSS","M","?","?","$","?","R","E","M","T","?","M","M","R","?","R","BOSS","R","$","E","BOSS"],"items_purchased_type":["Card","Card","Card","Relic","Card","Card","Card","Relic","Relic","Potion"],"build_version":"2020-12-22","purchased_purges":2,"victory":true,"max_hp_per_floor":[75,75,75,75,75,75,75,75,75,75,75,75,75,75,75,75,75,75,75,75,75,75,75,75,75,75,75,75,75,75,75,75,75,75,75,75,75,75,75,75,75,75,75,75,75,75,75,75,75,75,75,75,75,75,75],"card_choices":[{"not_picked":["hermit:Manifest","hermit:DeadMansHand"],"picked":"hermit:Determination","floor":1.0},{"not_picked":["hermit:BodyArmor","hermit:HighCaliber"],"picked":"hermit:SprayPray","floor":2.0},{"not_picked":["hermit:TakeCover","hermit:Glare"],"picked":"hermit:Horror","floor":6.0},{"not_picked":["hermit:Desperado","hermit:TakeCover","hermit:Headshot"],"picked":"SKIP","floor":7.0},{"not_picked":["hermit:EternalForm","hermit:Headshot"],"picked":"hermit:HoleUp","floor":10.0},{"not_picked":["hermit:ItchyTrigger","hermit:Glare"],"picked":"hermit:HoleUp","floor":12.0},{"not_picked":["hermit:Virtue","hermit:FullyLoaded"],"picked":"hermit:Scavenge","floor":14.0},{"not_picked":["hermit:HighNoon","hermit:HeroicBravado"],"picked":"hermit:FromBeyond","floor":16.0},{"not_picked":["hermit:Misfire","hermit:Desperado+1"],"picked":"hermit:WideOpen","floor":18.0},{"not_picked":["hermit:Headshot","hermit:Roulette+1"],"picked":"hermit:Dive+1","floor":20.0},{"not_picked":["hermit:DeadMansHand","hermit:CalledShot","hermit:Deadeye+1"],"picked":"SKIP","floor":22.0},{"not_picked":["hermit:DeadMansHand","hermit:CalledShot","hermit:Deadeye+1"],"picked":"SKIP","floor":22.0},{"not_picked":["hermit:EternalForm","hermit:Quickdraw"],"picked":"hermit:Cheat","floor":23.0},{"not_picked":["hermit:Headshot","hermit:HighCaliber"],"picked":"hermit:Coalescence+1","floor":24.0},{"not_picked":["hermit:Malice","hermit:HoleUp","hermit:Headshot"],"picked":"SKIP","floor":27.0},{"not_picked":["hermit:TakeCover+1","hermit:Misfire"],"picked":"hermit:Scavenge","floor":28.0},{"not_picked":["hermit:SprayPray+1","hermit:Brawl"],"picked":"hermit:Snipe+1","floor":31.0},{"not_picked":["hermit:DeadOrAlive","hermit:RoundhouseKick"],"picked":"hermit:FatalDesire","floor":33.0},{"not_picked":["hermit:Horror+1","hermit:Desperado"],"picked":"hermit:SprayPray+1","floor":35.0},{"not_picked":["hermit:HoleUp","hermit:LoneWolf+1"],"picked":"hermit:EyeOfTheStorm+1","floor":36.0},{"not_picked":["hermit:Midnight+1","hermit:Desperado+1"],"picked":"hermit:Manifest+1","floor":38.0},{"not_picked":["hermit:RoundhouseKick","hermit:EyeOfTheStorm+1"],"picked":"hermit:Snipe","floor":38.0},{"not_picked":["hermit:LowProfile+1","hermit:DeadMansHand+1","hermit:Horror"],"picked":"SKIP","floor":39.0},{"not_picked":["hermit:Glare","hermit:ShadowCloak"],"picked":"hermit:Desperado","floor":41.0},{"not_picked":["hermit:LowProfile","hermit:BodyArmor"],"picked":"hermit:Grudge+1","floor":42.0},{"not_picked":["hermit:BodyArmor","hermit:Determination+1"],"picked":"hermit:TakeAim+1","floor":45.0},{"not_picked":["hermit:Ricochet","hermit:Grudge+1","hermit:Maintenance"],"picked":"SKIP","floor":46.0},{"not_picked":["hermit:LowProfile","hermit:BodyArmor+1","hermit:FinalCanter"],"picked":"SKIP","floor":48.0},{"not_picked":["hermit:Misfire","hermit:Dive+1","hermit:Scavenge"],"picked":"SKIP","floor":54.0}],"player_experience":1001702,"relics_obtained":[{"floor":6.0,"key":"Art of War"},{"floor":9.0,"key":"Vajra"},{"floor":10.0,"key":"Oddly Smooth Stone"},{"floor":13.0,"key":"Boot"},{"floor":17.0,"key":"Ancient Tea Set"},{"floor":17.0,"key":"Gremlin Horn"},{"floor":17.0,"key":"Pocketwatch"},{"floor":19.0,"key":"Anchor"},{"floor":23.0,"key":"Whetstone"},{"floor":26.0,"key":"Toy Ornithopter"},{"floor":27.0,"key":"hermit:RyeStalk"},{"floor":36.0,"key":"Turnip"},{"floor":41.0,"key":"Regal Pillow"},{"floor":44.0,"key":"TungstenRod"},{"floor":54.0,"key":"hermit:RedScarf"}],"event_choices":[{"damage_healed":0.0,"max_hp_gain":0.0,"max_hp_loss":0.0,"gold_gain":0.0,"event_name":"Scrap Ooze","player_choice":"Success","floor":3.0,"gold_loss":0.0,"damage_taken":7.0,"relics_obtained":["Orichalcum"]},{"damage_healed":0.0,"max_hp_gain":0.0,"max_hp_loss":0.0,"gold_gain":0.0,"event_name":"Shining Light","player_choice":"Entered Light","floor":5.0,"gold_loss":0.0,"damage_taken":15.0,"cards_upgraded":["hermit:SprayPray","hermit:Covet"]},{"cards_removed":["hermit:Strike_Hermit"],"damage_healed":0.0,"max_hp_gain":0.0,"max_hp_loss":0.0,"gold_gain":0.0,"event_name":"The Cleric","player_choice":"Card Removal","floor":8.0,"gold_loss":50.0,"damage_taken":0.0},{"cards_removed":["hermit:Defend_Hermit"],"damage_healed":0.0,"max_hp_gain":0.0,"max_hp_loss":0.0,"gold_gain":0.0,"event_name":"Designer","player_choice":"Upgrade and Remove","floor":21.0,"gold_loss":90.0,"damage_taken":0.0,"cards_upgraded":["hermit:HoleUp"]},{"cards_removed":["hermit:Defend_Hermit"],"damage_healed":0.0,"max_hp_gain":0.0,"max_hp_loss":0.0,"gold_gain":0.0,"event_name":"Beggar","player_choice":"Gave Gold","floor":29.0,"gold_loss":75.0,"damage_taken":0.0},{"damage_healed":0.0,"max_hp_gain":0.0,"max_hp_loss":0.0,"gold_gain":0.0,"event_name":"MindBloom","player_choice":"Fight","floor":36.0,"gold_loss":0.0,"damage_taken":0.0},{"damage_healed":0.0,"max_hp_gain":0.0,"max_hp_loss":0.0,"gold_gain":0.0,"event_name":"Duplicator","player_choice":"Copied","floor":37.0,"gold_loss":0.0,"damage_taken":0.0,"cards_obtained":["hermit:FinalCanter"]},{"damage_healed":0.0,"max_hp_gain":0.0,"max_hp_loss":0.0,"gold_gain":0.0,"event_name":"Wheel of Change","player_choice":"Relic","floor":44.0,"gold_loss":0.0,"damage_taken":0.0}],"is_beta":false,"boss_relics":[{"not_picked":["Empty Cage","hermit:DentedPlate"],"picked":"Calling Bell"},{"not_picked":["Philosopher\u0027s Stone","hermit:ClaspedLocket"],"picked":"Cursed Key"}],"items_purged_floors":[38,53],"is_endless":false,"potions_floor_spawned":[10,16,20,23,28,33,41,45,48,54],"ascension_level":0}}