{"host":"fr3ip57hl52y255p","time":1610814108,"event":{"mods":["Act Like it!","BaseMod","Challenge The Spire","Colored Powertips","Downfall","Luminous","Mari Mod (Legacy)","Mari\u0027s V1 Patch","Minty Spire (QoL Compilation)","READ ME - Guardian Mod","Relic Stats","StSLib","The Hierophant","[GremlinLeader]The Maniac"],"gold_per_floor":[115,115,40,58,233,233,82,121,121,145,180,180,193,193,193,312,312,326,4,4,4,25,25,25],"floor_reached":23,"language":"ZHS","playtime":1643,"items_purged":["Injury","Luminous:Defend_Luminous"],"score":222,"play_id":"a27aa76f-af44-4f11-9e34-34e543e8d98e","local_time":"20210117002148","is_ascension_mode":false,"campfire_choices":[{"data":"Luminous:Concentrate_Luminous","floor":6,"key":"SMITH"},{"data":"Luminous:Chase_Spell_Luminous","floor":12,"key":"SMITH"},{"floor":15,"key":"REST"}],"circlet_count":0,"master_deck":["Luminous:Light_Flash_Shower","Luminous:Light_Flash_Shower","Luminous:Light_Flash_Shower","Luminous:Dark_Abyssal_Drop","Luminous:Defend_Luminous","Luminous:Defend_Luminous","Luminous:Defend_Luminous","Luminous:Switch_Luminous","Luminous:Concentrate_Luminous+1","Luminous:Light_Gather","Luminous:Chase_Spell_Luminous+1","Luminous:Blinding_Pillar_Luminous","Luminous:Arcane_Rage_Luminous","Luminous:Mana_Well_Luminous","Luminous:Flash_Blink_Luminous"],"relics":["Luminous:MirrorRelic","NeowsBlessing","Golden Idol","Frozen Eye","Nunchaku","Juzu Bracelet","Bird Faced Urn","Empty Cage","PrismaticShard"],"acts_visited":["Exordium","TheCity"],"potions_floor_usage":[11,16,16],"damage_taken":[{"damage":0,"enemies":"Small Slimes","floor":1,"turns":1},{"damage":0,"enemies":"Jaw Worm","floor":4,"turns":1},{"damage":0,"enemies":"Gremlin Nob","floor":8,"turns":1},{"damage":0,"enemies":"Cultist","floor":10,"turns":4},{"damage":39,"enemies":"Lagavulin","floor":11,"turns":8},{"damage":22,"enemies":"Lots of Slimes","floor":13,"turns":6},{"damage":33,"enemies":"The Guardian","floor":16,"turns":19},{"damage":24,"enemies":"Shell Parasite","floor":18,"turns":10},{"damage":16,"enemies":"2 Thieves","floor":22,"turns":5},{"damage":22,"enemies":"Gremlin Leader","floor":23,"turns":2}],"seed_played":"2782634206099714425","potions_obtained":[{"floor":8,"key":"AttackPotion"},{"floor":10,"key":"Strength Potion"},{"floor":11,"key":"Block Potion"},{"floor":14,"key":"Dexterity Potion"},{"floor":22,"key":"CultistPotion"}],"is_trial":false,"path_per_floor":["M","?","$","M","?","R","$","E","T","M","E","R","M","?","R","B",null,"M","$","?","?","M","E"],"character_chosen":"LuminousClass","items_purchased":["Frozen Eye","Luminous:Flash_Blink_Luminous","PrismaticShard"],"campfire_rested":1,"item_purchase_floors":[7,19,19],"current_hp_per_floor":[75,75,75,75,75,75,75,75,75,75,36,36,14,14,36,3,75,51,51,51,37,21,0,0],"gold":25,"neow_bonus":"THREE_ENEMY_KILL","is_daily":false,"chose_seed":false,"campfire_upgraded":2,"win_rate":0.0,"timestamp":1610814108,"path_taken":["M","?","$","M","?","R","?","E","T","M","E","R","M","?","R","BOSS","M","$","?","?","M","E"],"items_purchased_type":["Relic","Card","Relic"],"build_version":"2020-12-22","purchased_purges":2,"victory":false,"max_hp_per_floor":[75,75,75,75,75,75,75,75,75,75,75,75,75,75,75,75,75,75,75,75,80,80,80,80],"relic_stats":{"Nunchaku":[11],"counters":[10,57],"Golden Idol":59,"Bird Faced Urn":[0],"Juzu Bracelet":1,"obtain_stats":[{"Frozen Eye":7,"Nunchaku":8,"NeowsBlessing":0,"Golden Idol":2,"Bird Faced Urn":11,"Luminous:MirrorRelic":0,"Juzu Bracelet":9,"Empty Cage":17,"PrismaticShard":19},{"Frozen Eye":2,"Nunchaku":3,"NeowsBlessing":0,"Golden Idol":1,"Bird Faced Urn":5,"Luminous:MirrorRelic":0,"Juzu Bracelet":3,"Empty Cage":7,"PrismaticShard":8},{"Frozen Eye":2,"Nunchaku":3,"NeowsBlessing":0,"Golden Idol":1,"Bird Faced Urn":15,"Luminous:MirrorRelic":0,"Juzu Bracelet":3,"Empty Cage":40,"PrismaticShard":50}]},"card_choices":[{"not_picked":["Luminous:Light_Wash_Luminous","Luminous:Magic_Accelerate_Luminous"],"picked":"Luminous:Concentrate_Luminous","floor":1},{"not_picked":["Luminous:Light_Wash_Luminous","Luminous:Dark_Dim_Erosion","Luminous:Dark_Pressure_Void"],"picked":"SKIP","floor":4},{"not_picked":["Luminous:Light_Wash_Luminous","Luminous:Light_Sylvan_Lance"],"picked":"Luminous:Light_Gather","floor":8},{"not_picked":["Luminous:Concentrate_Luminous","Luminous:Lights_Protection_Luminous","Luminous:Light_Disperse"],"picked":"SKIP","floor":10},{"not_picked":["Luminous:Dark_Pressure_Void","Luminous:Mirror_Force_Luminous"],"picked":"Luminous:Chase_Spell_Luminous","floor":11},{"not_picked":["Luminous:Dark_Pressure_Void","Luminous:Light_Disperse"],"picked":"Luminous:Blinding_Pillar_Luminous","floor":13},{"not_picked":["Luminous:Balance_Baptism","Luminous:Chaos_Field_Luminous"],"picked":"Luminous:Arcane_Rage_Luminous","floor":16},{"not_picked":["Luminous:Balance_Death_Scythe","Luminous:Light_Glare+1"],"picked":"Luminous:Mana_Well_Luminous","floor":18},{"not_picked":["champ:CrownThrow","LikeWater","Flex"],"picked":"SKIP","floor":22}],"player_experience":116252,"relics_obtained":[{"floor":8,"key":"Nunchaku"},{"floor":9,"key":"Juzu Bracelet"},{"floor":11,"key":"Bird Faced Urn"}],"event_choices":[{"damage_healed":0,"gold_gain":0,"player_choice":"Take Wound","damage_taken":0,"relics_obtained":["Golden Idol"],"max_hp_gain":0,"max_hp_loss":0,"event_name":"Golden Idol","floor":2,"gold_loss":0,"cards_obtained":["Injury"]},{"damage_healed":0,"gold_gain":175,"player_choice":"AGREE","damage_taken":0,"max_hp_gain":0,"max_hp_loss":0,"event_name":"Liars Game","floor":5,"gold_loss":0,"cards_obtained":["Doubt"]},{"damage_healed":0,"gold_gain":0,"player_choice":"Got Potions","damage_taken":0,"max_hp_gain":0,"max_hp_loss":0,"event_name":"Lab","floor":14,"gold_loss":0},{"cards_removed":["Luminous:Dark_Abyssal_Drop"],"damage_healed":0,"gold_gain":0,"player_choice":"Purged","damage_taken":0,"max_hp_gain":0,"max_hp_loss":0,"event_name":"Purifier","floor":20,"gold_loss":0},{"damage_healed":0,"gold_gain":0,"player_choice":"Shed Blood","damage_taken":19,"max_hp_gain":5,"max_hp_loss":0,"event_name":"Forgotten Altar","floor":21,"gold_loss":0}],"is_beta":false,"boss_relics":[{"not_picked":["Pandora\u0027s Box","Sozu"],"picked":"Empty Cage"}],"items_purged_floors":[3,19],"is_endless":false,"potions_floor_spawned":[8,10,11,22],"killed_by":"Gremlin Leader","ascension_level":0}}