{"host":"d6c1my71jrq4jqot","time":1610805884,"event":{"mods":["AchievementEnabler","BaseMod","Colored Powertips","Minty Spire (QoL Compilation)","Relic Stats","Slay the Relics Exporter"],"gold_per_floor":[109,20,20,32,48,48,77,77,77,112,131,56,85,96,96,173,173,184,184,184,196,196,224,235,264,289,323,323,351,122,137,137,215,215,226,226,242,132,132,132,159,179,225,255,265,289,328,354,354,354,354,354,9,53,53,53],"floor_reached":55,"language":"ENG","playtime":2421,"items_purged":["Pain","Defend_G"],"score":1679,"play_id":"ace722da-ecac-456c-8365-afd0672f34fc","local_time":"20210116120444","is_ascension_mode":true,"campfire_choices":[{"data":"Cloak And Dagger","floor":6.0,"key":"SMITH"},{"data":"Backstab","floor":8.0,"key":"SMITH"},{"data":"Finisher","floor":15.0,"key":"SMITH"},{"data":"Accuracy","floor":28.0,"key":"SMITH"},{"data":"Accuracy","floor":32.0,"key":"SMITH"},{"data":"Envenom","floor":40.0,"key":"SMITH"},{"floor":49.0,"key":"RECALL"},{"data":"Terror","floor":52.0,"key":"SMITH"}],"circlet_count":0,"master_deck":["AscendersBane","Strike_G","Strike_G+1","Strike_G","Strike_G+1","Strike_G","Defend_G","Defend_G","Defend_G","Survivor","Neutralize","Bouncing Flask","Leg Sweep","Cloak And Dagger+1","Blade Dance","Backstab+1","Finisher+1","Blade Dance","Cloak And Dagger","Slice+1","Accuracy+1","Distraction+1","Cloak And Dagger","Cloak And Dagger","Acrobatics+1","PiercingWail","Terror+1","Accuracy+1","Envenom+1","Backflip","Accuracy+1","Infinite Blades+1","Escape Plan+1","Blade Dance+1","Footwork","Slice","Cloak And Dagger+1"],"relics":["Ring of the Snake","NeowsBlessing","WarpedTongs","StrikeDummy","StoneCalendar","Pantograph","WristBlade","MutagenicStrength","Mummified Hand","Sundial","Nunchaku","Orichalcum","Whetstone","Sozu","InkBottle","CeramicFish","Darkstone Periapt","Toxic Egg 2","Frozen Eye","Happy Flower"],"acts_visited":["Exordium","TheCity","TheBeyond","TheEnding"],"potions_floor_usage":[55],"damage_taken":[{"damage":0.0,"enemies":"2 Louse","floor":1.0,"turns":1.0},{"damage":1.0,"enemies":"Cultist","floor":4.0,"turns":1.0},{"damage":2.0,"enemies":"Small Slimes","floor":5.0,"turns":2.0},{"damage":15.0,"enemies":"Gremlin Nob","floor":7.0,"turns":4.0},{"damage":6.0,"enemies":"3 Sentries","floor":10.0,"turns":6.0},{"damage":0.0,"enemies":"Exordium Wildlife","floor":11.0,"turns":5.0},{"damage":0.0,"enemies":"Lagavulin","floor":13.0,"turns":5.0},{"damage":0.0,"enemies":"3 Louse","floor":14.0,"turns":2.0},{"damage":0.0,"enemies":"The Guardian","floor":16.0,"turns":11.0},{"damage":0.0,"enemies":"3 Byrds","floor":18.0,"turns":3.0},{"damage":0.0,"enemies":"Spheric Guardian","floor":21.0,"turns":1.0},{"damage":0.0,"enemies":"Gremlin Leader","floor":23.0,"turns":4.0},{"damage":0.0,"enemies":"Snake Plant","floor":24.0,"turns":1.0},{"damage":1.0,"enemies":"Slavers","floor":25.0,"turns":4.0},{"damage":3.0,"enemies":"Gremlin Leader","floor":27.0,"turns":4.0},{"damage":15.0,"enemies":"Slavers","floor":29.0,"turns":4.0},{"damage":0.0,"enemies":"Centurion and Healer","floor":31.0,"turns":3.0},{"damage":23.0,"enemies":"Collector","floor":33.0,"turns":4.0},{"damage":0.0,"enemies":"Orb Walker","floor":35.0,"turns":2.0},{"damage":2.0,"enemies":"3 Darklings","floor":37.0,"turns":2.0},{"damage":3.0,"enemies":"Giant Head","floor":41.0,"turns":4.0},{"damage":0.0,"enemies":"Sphere and 2 Shapes","floor":42.0,"turns":3.0},{"damage":6.0,"enemies":"Reptomancer","floor":44.0,"turns":4.0},{"damage":1.0,"enemies":"Transient","floor":45.0,"turns":5.0},{"damage":6.0,"enemies":"Spire Growth","floor":46.0,"turns":2.0},{"damage":7.0,"enemies":"Giant Head","floor":47.0,"turns":3.0},{"damage":12.0,"enemies":"Writhing Mass","floor":48.0,"turns":3.0},{"damage":36.0,"enemies":"Donu and Deca","floor":50.0,"turns":6.0},{"damage":11.0,"enemies":"Shield and Spear","floor":54.0,"turns":3.0},{"damage":106,"enemies":"The Heart","floor":55,"turns":3}],"seed_played":"-6330990426554323703","potions_obtained":[{"floor":1.0,"key":"Dexterity Potion"},{"floor":4.0,"key":"AttackPotion"},{"floor":7.0,"key":"Explosive Potion"},{"floor":14.0,"key":"AttackPotion"},{"floor":23.0,"key":"Poison Potion"},{"floor":27.0,"key":"Ancient Potion"}],"is_trial":false,"path_per_floor":["M","$","?","M","M","R","E","R","T","E","M","$","E","M","R","B",null,"M","?","?","M","?","E","M","E","T","E","R","E","$","M","R","B",null,"M","?","M","?","$","R","E","M","T","E","M","M","E","M","R","B",null,"R","$","E","B"],"character_chosen":"THE_SILENT","items_purchased":["Leg Sweep","Terror","Accuracy","Blade Dance+1","Frozen Eye","Footwork","Slice"],"campfire_rested":0,"item_purchase_floors":[2,30,30,53,53,53,53],"current_hp_per_floor":[59,59,59,58,56,56,41,41,41,35,35,35,35,35,35,60,65,65,65,65,65,65,65,65,64,64,61,61,46,46,46,46,43,60,60,76,74,74,74,74,71,71,71,65,64,58,51,39,39,28,64,64,64,53,0,0],"gold":53,"neow_bonus":"THREE_ENEMY_KILL","is_daily":false,"chose_seed":false,"campfire_upgraded":7,"win_rate":0.0,"timestamp":1610805884,"path_taken":["M","$","?","M","?","R","E","R","T","E","M","?","E","M","R","BOSS","M","?","?","M","?","E","M","E","T","E","R","E","$","M","R","BOSS","M","?","?","?","?","R","E","M","T","E","M","M","E","M","R","BOSS","R","$","E","BOSS"],"items_purchased_type":["Card","Card","Card","Card","Relic","Card","Card"],"build_version":"2020-12-22","purchased_purges":2,"victory":false,"max_hp_per_floor":[66,66,66,66,66,66,66,66,66,66,66,66,66,66,66,66,66,66,66,66,66,66,66,66,66,66,66,66,66,66,66,66,66,66,66,76,76,76,76,76,76,76,76,76,76,76,76,76,76,76,76,76,76,76,76,76],"relic_stats":{"Darkstone Periapt":0,"Happy Flower":[1],"counters":[30,105],"CeramicFish":63,"StoneCalendar":[52],"Whetstone":["Slice","Strike_G"],"Orichalcum":[60],"WarpedTongs":[103],"Sozu":3,"Nunchaku":[22],"Mummified Hand":[57],"Sundial":[2],"Pantograph":93,"obtain_stats":[{"Darkstone Periapt":44,"NeowsBlessing":0,"Happy Flower":54,"CeramicFish":43,"StoneCalendar":10,"Whetstone":29,"Orichalcum":27,"WarpedTongs":3,"Sozu":34,"Frozen Eye":53,"Nunchaku":26,"WristBlade":17,"Mummified Hand":23,"Sundial":25,"Pantograph":13,"MutagenicStrength":22,"Toxic Egg 2":47,"StrikeDummy":7,"InkBottle":41,"Ring of the Snake":0},{"Darkstone Periapt":23,"NeowsBlessing":0,"Happy Flower":29,"CeramicFish":22,"StoneCalendar":5,"Whetstone":16,"Orichalcum":15,"WarpedTongs":1,"Sozu":18,"Frozen Eye":28,"Nunchaku":14,"WristBlade":9,"Mummified Hand":12,"Sundial":14,"Pantograph":7,"MutagenicStrength":11,"Toxic Egg 2":26,"StrikeDummy":4,"InkBottle":21,"Ring of the Snake":0},{"Darkstone Periapt":80,"NeowsBlessing":0,"Happy Flower":102,"CeramicFish":76,"StoneCalendar":14,"Whetstone":58,"Orichalcum":54,"WarpedTongs":1,"Sozu":65,"Frozen Eye":99,"Nunchaku":50,"WristBlade":37,"Mummified Hand":45,"Sundial":50,"Pantograph":24,"MutagenicStrength":41,"Toxic Egg 2":90,"StrikeDummy":8,"InkBottle":73,"Ring of the Snake":0}],"InkBottle":[23],"Ring of the Snake":[60]},"card_choices":[{"not_picked":["Prepared","Calculated Gamble"],"picked":"Bouncing Flask","floor":1.0},{"not_picked":["Bane","Outmaneuver"],"picked":"Cloak And Dagger","floor":4.0},{"not_picked":["Quick Slash","Slice"],"picked":"Blade Dance","floor":5.0},{"not_picked":["Expertise","Dodge and Roll"],"picked":"Backstab","floor":7.0},{"not_picked":["A Thousand Cuts","Quick Slash"],"picked":"Finisher","floor":10.0},{"not_picked":["Quick Slash","Deflect"],"picked":"Blade Dance","floor":11.0},{"not_picked":["Deadly Poison","Tactician"],"picked":"Cloak And Dagger","floor":13.0},{"not_picked":["Catalyst","Poisoned Stab","Flying Knee"],"picked":"SKIP","floor":14.0},{"not_picked":["Envenom","A Thousand Cuts"],"picked":"Wraith Form v2","floor":16.0},{"not_picked":["Slice","Poisoned Stab","Bane+1"],"picked":"SKIP","floor":18.0},{"not_picked":["Poisoned Stab","Bane+1"],"picked":"Slice","floor":18.0},{"not_picked":["Slice","Heel Hook"],"picked":"Distraction+1","floor":21.0},{"not_picked":["Tactician","Dodge and Roll"],"picked":"Cloak And Dagger","floor":23.0},{"not_picked":["Prepared","Flying Knee"],"picked":"Cloak And Dagger","floor":24.0},{"not_picked":["Heel Hook","Flying Knee"],"picked":"Acrobatics+1","floor":25.0},{"not_picked":["Outmaneuver","Escape Plan"],"picked":"PiercingWail","floor":27.0},{"not_picked":["Blur","Deadly Poison","Sucker Punch"],"picked":"SKIP","floor":29.0},{"not_picked":["Expertise","Outmaneuver","Dagger Spray+1"],"picked":"SKIP","floor":31.0},{"not_picked":["A Thousand Cuts","Bullet Time"],"picked":"Envenom","floor":33.0},{"not_picked":["PiercingWail","Outmaneuver","Quick Slash+1"],"picked":"SKIP","floor":35.0},{"not_picked":["PiercingWail","Bouncing Flask+1","Setup+1"],"picked":"SKIP","floor":37.0},{"not_picked":["Acrobatics","Catalyst","Dagger Throw+1"],"picked":"SKIP","floor":41.0},{"not_picked":["Bullet Time","Heel Hook+1"],"picked":"Backflip","floor":42.0},{"not_picked":["Choke+1","Flying Knee","Prepared"],"picked":"SKIP","floor":44.0},{"not_picked":["Acrobatics","Poisoned Stab+1","Backflip"],"picked":"SKIP","floor":45.0},{"not_picked":["Finisher","Quick Slash"],"picked":"Accuracy+1","floor":46.0},{"not_picked":["Choke","Predator"],"picked":"Infinite Blades+1","floor":47.0},{"not_picked":["Poisoned Stab","Dagger Throw"],"picked":"Escape Plan+1","floor":48.0},{"not_picked":["Backflip+1","Dagger Spray+1"],"picked":"Cloak And Dagger+1","floor":54.0}],"player_experience":634288,"relics_obtained":[{"floor":7.0,"key":"StrikeDummy"},{"floor":10.0,"key":"StoneCalendar"},{"floor":13.0,"key":"Pantograph"},{"floor":23.0,"key":"Mummified Hand"},{"floor":25.0,"key":"Sundial"},{"floor":26.0,"key":"Nunchaku"},{"floor":27.0,"key":"Orichalcum"},{"floor":29.0,"key":"Whetstone"},{"floor":41.0,"key":"InkBottle"},{"floor":43.0,"key":"CeramicFish"},{"floor":44.0,"key":"Darkstone Periapt"},{"floor":47.0,"key":"Toxic Egg 2"},{"floor":54.0,"key":"Happy Flower"}],"event_choices":[{"damage_healed":0.0,"max_hp_gain":0.0,"max_hp_loss":0.0,"gold_gain":0.0,"event_name":"Accursed Blacksmith","player_choice":"Rummage","floor":3.0,"gold_loss":0.0,"damage_taken":0.0,"relics_obtained":["WarpedTongs"],"cards_obtained":["Pain"]},{"damage_healed":0.0,"max_hp_gain":0.0,"max_hp_loss":0.0,"gold_gain":0.0,"event_name":"The Library","player_choice":"Read","floor":19.0,"gold_loss":0.0,"damage_taken":0.0,"cards_obtained":["Accuracy"]},{"damage_healed":0.0,"max_hp_gain":0.0,"max_hp_loss":0.0,"gold_gain":0.0,"event_name":"Vampires","player_choice":"Ignored","floor":20.0,"gold_loss":0.0,"damage_taken":0.0},{"damage_healed":0.0,"max_hp_gain":0.0,"max_hp_loss":0.0,"gold_gain":0.0,"event_name":"Drug Dealer","player_choice":"Inject Mutagens","floor":22.0,"gold_loss":0.0,"damage_taken":0.0,"relics_obtained":["MutagenicStrength"]},{"cards_removed":["Wraith Form v2"],"damage_healed":6.0,"max_hp_gain":10.0,"max_hp_loss":0.0,"gold_gain":0.0,"event_name":"Bonfire Elementals","player_choice":"Offered Rare","floor":36.0,"gold_loss":0.0,"damage_taken":0.0},{"cards_removed":["Defend_G"],"damage_healed":0.0,"max_hp_gain":0.0,"max_hp_loss":0.0,"gold_gain":0.0,"event_name":"Designer","player_choice":"Upgrade and Remove","floor":38.0,"gold_loss":110.0,"damage_taken":0.0,"cards_upgraded":["Strike_G"]}],"is_beta":false,"boss_relics":[{"not_picked":["SacredBark","Coffee Dripper"],"picked":"WristBlade"},{"not_picked":["Philosopher\u0027s Stone","Pandora\u0027s Box"],"picked":"Sozu"}],"items_purged_floors":[12,30],"is_endless":false,"potions_floor_spawned":[1,4,7,14,23,24,25,27,35,37,46],"killed_by":"The Heart","ascension_level":16}}