{"host":"1a3cjta80tad0aqj","time":1610820117,"event":{"mods":["2.2 Compatiblity","AchievementEnabler","BaseMod","Colored Map","DeckTracker","KOR Keyword Fix","Keyboard Shortcuts","Minty Spire (QoL Compilation)","Permanent Neow","Quick Restart","Random Character Button","StSLib","SuperFastMode","everything is the same but u backflip on backflip"],"gold_per_floor":[116,128,140,157,157,190,265,299,299,78,111,172,172,185,185,286,286,306,306,319,319,246,246,263,276,301,301,301],"floor_reached":27,"language":"KOR","playtime":1212,"items_purged":["Defend_B"],"score":271,"play_id":"0463571d-3943-4749-9b66-ca7f93c0ad4e","local_time":"20210117030157","is_ascension_mode":true,"campfire_choices":[{"floor":13,"key":"REST"},{"floor":15,"key":"REST"},{"floor":23,"key":"RECALL"}],"circlet_count":0,"master_deck":["Strike_B","Strike_B","Strike_B","Defend_B","Defend_B","Zap","Dualcast","Hologram","Coolheaded","Streamline","Lockon","Rainbow","Buffer","Defragment","Chill","Seek","Glacier+1","Stack+1","Conserve Battery","Genetic Algorithm","Leap","Stack+1","Hologram+1"],"relics":["Cracked Core","FossilizedHelix","Blue Candle","White Beast Statue","Cauldron","Smiling Mask","Inserter"],"acts_visited":["Exordium","TheCity"],"potions_floor_usage":[6,10,11,16,20],"damage_taken":[{"damage":0,"enemies":"2 Louse","floor":1,"turns":1},{"damage":0,"enemies":"Small Slimes","floor":2,"turns":3},{"damage":1,"enemies":"Jaw Worm","floor":3,"turns":3},{"damage":6,"enemies":"Blue Slaver","floor":4,"turns":6},{"damage":26,"enemies":"Lagavulin","floor":6,"turns":5},{"damage":21,"enemies":"Gremlin Nob","floor":8,"turns":4},{"damage":0,"enemies":"Lagavulin","floor":11,"turns":7},{"damage":15,"enemies":"Exordium Wildlife","floor":14,"turns":6},{"damage":31,"enemies":"The Guardian","floor":16,"turns":11},{"damage":8,"enemies":"Chosen","floor":18,"turns":7},{"damage":0,"enemies":"3 Byrds","floor":20,"turns":6},{"damage":0,"enemies":"Snecko","floor":24,"turns":7},{"damage":0,"enemies":"Snake Plant","floor":25,"turns":4},{"damage":20,"enemies":"Centurion and Healer","floor":27,"turns":9}],"seed_played":"2708950177183811416","potions_obtained":[{"floor":2,"key":"Fire Potion"},{"floor":8,"key":"Block Potion"},{"floor":10,"key":"FairyPotion"},{"floor":10,"key":"Fruit Juice"},{"floor":10,"key":"Block Potion"},{"floor":11,"key":"Ancient Potion"},{"floor":14,"key":"SkillPotion"},{"floor":16,"key":"Fire Potion"},{"floor":20,"key":"SneckoOil"},{"floor":25,"key":"EssenceOfDarkness"}],"is_trial":false,"path_per_floor":["M","M","M","M","?","E","?","E","T","$","E","?","R","M","R","B",null,"M","?","M","?","$","R","M","M","T","M"],"character_chosen":"DEFECT","items_purchased":["Cauldron","Defragment","Leap"],"campfire_rested":2,"item_purchase_floors":[10,10,22],"current_hp_per_floor":[75,75,74,68,68,42,31,10,10,15,15,15,39,24,48,17,80,72,57,57,57,57,57,57,57,57,37,37],"gold":301,"neow_bonus":"THREE_CARDS","is_daily":false,"chose_seed":false,"campfire_upgraded":0,"win_rate":0.0,"timestamp":1610820117,"path_taken":["M","M","M","M","?","E","?","E","T","$","E","?","R","M","R","BOSS","M","?","M","?","?","R","?","M","T","M"],"items_purchased_type":["Relic","Card","Card"],"build_version":"2020-12-22","purchased_purges":1,"victory":false,"max_hp_per_floor":[75,75,75,75,75,75,75,75,75,80,80,80,80,80,80,80,80,80,85,85,85,85,85,85,85,85,85,85],"card_choices":[{"not_picked":["Barrage","Consume"],"picked":"Hologram","floor":0},{"not_picked":["Loop","Sweeping Beam"],"picked":"Coolheaded","floor":1},{"not_picked":["Hologram","Turbo"],"picked":"Streamline","floor":2},{"not_picked":["Streamline","Hello World","Tempest"],"picked":"SKIP","floor":3},{"not_picked":["Rebound","Stack"],"picked":"Lockon","floor":4},{"not_picked":["Barrage","Storm"],"picked":"Rainbow","floor":6},{"not_picked":["Blizzard","Beam Cell"],"picked":"Buffer","floor":8},{"not_picked":["Amplify","Thunder Strike","Streamline"],"picked":"SKIP","floor":11},{"not_picked":["Go for the Eyes","Sweeping Beam"],"picked":"Chill","floor":14},{"not_picked":["Reboot","Meteor Strike"],"picked":"Seek","floor":16},{"not_picked":["Rebound+1","Double Energy"],"picked":"Glacier+1","floor":18},{"not_picked":["Tempest+1","Chaos"],"picked":"Stack+1","floor":20},{"not_picked":["Conserve Battery","Compile Driver"],"picked":"Stack+1","floor":24},{"not_picked":["Steam","Doom and Gloom"],"picked":"Hologram+1","floor":25}],"player_experience":683072,"relics_obtained":[{"floor":6,"key":"FossilizedHelix"},{"floor":8,"key":"Blue Candle"},{"floor":9,"key":"White Beast Statue"},{"floor":11,"key":"Smiling Mask"}],"event_choices":[{"damage_healed":0,"gold_gain":0,"player_choice":"Ignored","damage_taken":0,"max_hp_gain":0,"max_hp_loss":0,"event_name":"Liars Game","floor":5,"gold_loss":0},{"damage_healed":0,"gold_gain":75,"player_choice":"Gather Gold","damage_taken":11,"max_hp_gain":0,"max_hp_loss":0,"event_name":"World of Goop","floor":7,"gold_loss":0},{"damage_healed":0,"gold_gain":61,"player_choice":"Gained Gold","damage_taken":0,"max_hp_gain":0,"max_hp_loss":0,"event_name":"Golden Wing","floor":12,"gold_loss":0},{"damage_healed":0,"gold_gain":0,"player_choice":"Shed Blood","damage_taken":20,"max_hp_gain":5,"max_hp_loss":0,"event_name":"Forgotten Altar","floor":19,"gold_loss":0},{"damage_healed":0,"gold_gain":0,"cards_transformed":["Defend_B","Strike_B"],"player_choice":"Became Test Subject","damage_taken":0,"max_hp_gain":0,"max_hp_loss":0,"event_name":"Drug Dealer","floor":21,"gold_loss":0,"cards_obtained":["Conserve Battery","Genetic Algorithm"]}],"is_beta":false,"boss_relics":[{"not_picked":["Fusion Hammer","SlaversCollar"],"picked":"Inserter"}],"items_purged_floors":[22],"is_endless":false,"potions_floor_spawned":[2,8,11,14,16,18,20,24,25],"killed_by":"Centurion and Healer","ascension_level":1}}