{"host":"oehe2dxjvdgux73m","time":1610819566,"event":{"mods":["AchievementEnabler","BaseMod","Colored Map","Colored Powertips","DeckTracker","Keyboard Shortcuts","Minty Spire (QoL Compilation)","Permanent Neow","Quick Restart","StSLib","SuperFastMode"],"gold_per_floor":[114,114,124,49,59,93,3,3,77,90,110,110,122,140,140,243,243,253,270,290,310,71,71,71,71],"floor_reached":24,"language":"KOR","playtime":465,"items_purged":["Decay"],"score":313,"play_id":"56bd0009-bdf8-4af2-9a6b-223e76168eaa","local_time":"20210117025246","is_ascension_mode":true,"campfire_choices":[{"data":"Wild Strike","floor":8.0,"key":"SMITH"},{"floor":12.0,"key":"REST"},{"data":"Wild Strike","floor":15.0,"key":"SMITH"},{"floor":23,"key":"REST"}],"circlet_count":0,"master_deck":["AscendersBane","Strike_R","Strike_R","Strike_R","Strike_R","Strike_R","Defend_R","Defend_R","Defend_R","Defend_R","Bash","Wild Strike+1","Spot Weakness","Inflame","Wild Strike+1","Brutality","Wild Strike","Twin Strike","Impervious","Shrug It Off+1","Twin Strike","Pommel Strike","Shrug It Off","Corruption"],"relics":["Burning Blood","NeowsBlessing","Lantern","Darkstone Periapt","Velvet Choker","Regal Pillow"],"acts_visited":["Exordium","TheCity"],"potions_floor_usage":[16,18,20,20],"damage_taken":[{"damage":0.0,"enemies":"Small Slimes","floor":1.0,"turns":1.0},{"damage":0.0,"enemies":"Cultist","floor":3.0,"turns":1.0},{"damage":0.0,"enemies":"2 Louse","floor":5.0,"turns":1.0},{"damage":30.0,"enemies":"Lagavulin","floor":6.0,"turns":6.0},{"damage":19.0,"enemies":"Exordium Thugs","floor":10.0,"turns":4.0},{"damage":14.0,"enemies":"Exordium Wildlife","floor":11.0,"turns":3.0},{"damage":13.0,"enemies":"Looter","floor":13.0,"turns":3.0},{"damage":18.0,"enemies":"Blue Slaver","floor":14.0,"turns":3.0},{"damage":35,"enemies":"Slime Boss","floor":16,"turns":9},{"damage":2,"enemies":"2 Thieves","floor":18,"turns":3},{"damage":0,"enemies":"Chosen","floor":19,"turns":4},{"damage":22,"enemies":"Snecko","floor":20,"turns":4},{"damage":38,"enemies":"Snake Plant","floor":21,"turns":5},{"damage":65,"enemies":"Book of Stabbing","floor":24,"turns":5}],"seed_played":"-1575616571424175481","potions_obtained":[{"floor":1.0,"key":"FearPotion"},{"floor":11.0,"key":"DuplicationPotion"},{"floor":13.0,"key":"SneckoOil"},{"floor":16,"key":"Fire Potion"},{"floor":19,"key":"Energy Potion"}],"is_trial":false,"path_per_floor":["M","?","M","$","M","E","$","R","T","M","M","R","M","M","R","B",null,"M","M","M","M","$","R","E"],"character_chosen":"IRONCLAD","items_purchased":["Inflame","Wild Strike","Corruption","Regal Pillow"],"campfire_rested":2,"item_purchase_floors":[7,7,22,22],"current_hp_per_floor":[78,78,80,80,80,56,56,56,56,43,35,59,52,40,40,11,63,67,73,57,25,25,64,0,0],"gold":71,"neow_bonus":"THREE_ENEMY_KILL","is_daily":false,"chose_seed":false,"campfire_upgraded":2,"win_rate":0.0,"timestamp":1610819566,"path_taken":["M","?","M","$","?","E","$","R","T","M","M","R","M","M","R","BOSS","M","M","M","M","$","R","E"],"items_purchased_type":["Card","Card","Card","Relic"],"build_version":"2020-12-22","purchased_purges":1,"victory":false,"max_hp_per_floor":[80,80,80,80,80,80,80,80,80,80,80,80,80,80,80,80,80,80,80,80,80,80,80,80,80],"card_choices":[{"not_picked":["Sentinel","Sever Soul","Iron Wave"],"picked":"SKIP","floor":1.0},{"not_picked":["Inflame","Shrug It Off"],"picked":"Wild Strike","floor":3.0},{"not_picked":["Rampage","Evolve"],"picked":"Spot Weakness","floor":5.0},{"not_picked":["Evolve","Clash","Dropkick"],"picked":"SKIP","floor":6.0},{"not_picked":["Rage","Anger"],"picked":"Brutality","floor":10.0},{"not_picked":["Sever Soul","Body Slam"],"picked":"Wild Strike","floor":11.0},{"not_picked":["Clash","Sword Boomerang"],"picked":"Twin Strike","floor":13.0},{"not_picked":["Reckless Charge","Warcry","Pummel"],"picked":"SKIP","floor":14.0},{"not_picked":["Brutality","Juggernaut"],"picked":"Impervious","floor":16},{"not_picked":["Flex","Inflame"],"picked":"Shrug It Off+1","floor":18},{"not_picked":["Sword Boomerang","Warcry"],"picked":"Twin Strike","floor":19},{"not_picked":["Hemokinesis","Combust"],"picked":"Pommel Strike","floor":20},{"not_picked":["True Grit","Headbutt"],"picked":"Shrug It Off","floor":21}],"player_experience":247963,"relics_obtained":[{"floor":6.0,"key":"Lantern"},{"floor":9.0,"key":"Darkstone Periapt"}],"event_choices":[{"damage_healed":0.0,"max_hp_gain":0.0,"max_hp_loss":0.0,"gold_gain":0.0,"event_name":"Wheel of Change","player_choice":"Cursed","floor":2.0,"gold_loss":0.0,"damage_taken":0.0,"cards_obtained":["Decay"]}],"is_beta":false,"boss_relics":[{"not_picked":["Philosopher\u0027s Stone","Fusion Hammer"],"picked":"Velvet Choker"}],"items_purged_floors":[4],"is_endless":false,"potions_floor_spawned":[1,11,13,16,19],"killed_by":"Book of Stabbing","ascension_level":11}}