{"host":"51mqhfpmwwd4kxyt","time":1610808103,"event":{"mods":["BaseMod","Downfall","Highlight Path","Minty Spire (QoL Compilation)","READ ME - Guardian Mod","StSLib","The Cursed","The Servant 0.9.4"],"gold_per_floor":[119,136,136,150,115,115,131,131,182,182,247,277,289,61,61,159,159,172,187,102,120,120,120,140,140,189,189,189,189,65,82,82,185,185,197,197,49,99,112,112,112],"floor_reached":40,"language":"ENG","playtime":3325,"items_purged":["Pain","downfall:Haunted","Doubt"],"score":541,"play_id":"782f7ec4-e496-46a2-9ee7-258d5588079e","local_time":"20210116094143","is_ascension_mode":true,"campfire_choices":[{"data":"Discovery","floor":6,"key":"SMITH"},{"floor":8,"key":"REST"},{"data":"Calculated Gamble","floor":10,"key":"SMITH"},{"floor":15,"key":"REST"},{"data":"Calculated Gamble","floor":23,"key":"SMITH"},{"floor":25,"key":"REST"},{"data":"Discovery","floor":27,"key":"SMITH"},{"data":"Adrenaline","floor":32,"key":"SMITH"}],"circlet_count":0,"master_deck":["Strike_G","Strike_G","Strike_G","Defend_G","Defend_G","Defend_G","Defend_G","Defend_G","Survivor","Neutralize","Discovery+1","Tactician","Calculated Gamble+1","Well Laid Plans","Glass Knife","All Out Attack","Prepared","Footwork","Discovery+1","Adrenaline+1","Calculated Gamble+1","Escape Plan","Die Die Die","Dodge and Roll","Acrobatics+1","Doubt","downfall:Icky","downfall:Icky","Storm of Steel","Backflip","Distraction","Tools of the Trade","Choke","Madness","Madness","Outmaneuver","Backflip"],"relics":["Ring of the Snake","WarpedTongs","Bag of Preparation","Vajra","MawBank","CultistMask","Runic Pyramid","StrikeDummy","Regal Pillow","Cursed Key","SlaversCollar","TungstenRod"],"acts_visited":["Exordium","TheCity","TheBeyond"],"potions_floor_usage":[11,11,12,39,40],"damage_taken":[{"damage":3,"enemies":"Cultist","floor":1,"turns":4},{"damage":1,"enemies":"2 Louse","floor":2,"turns":2},{"damage":3,"enemies":"Small Slimes","floor":4,"turns":4},{"damage":26,"enemies":"Exordium Thugs","floor":7,"turns":7},{"damage":8,"enemies":"Lagavulin Event","floor":11,"turns":5},{"damage":20,"enemies":"3 Sentries","floor":12,"turns":5},{"damage":18,"enemies":"Hexaghost","floor":16,"turns":10},{"damage":0,"enemies":"Spheric Guardian","floor":18,"turns":3},{"damage":2,"enemies":"Chosen","floor":19,"turns":4},{"damage":6,"enemies":"Centurion and Healer","floor":21,"turns":6},{"damage":11,"enemies":"Snecko","floor":24,"turns":4},{"damage":1,"enemies":"Snake Plant","floor":31,"turns":6},{"damage":24,"enemies":"Champ","floor":33,"turns":15},{"damage":5,"enemies":"Orb Walker","floor":35,"turns":5},{"damage":0,"enemies":"Mind Bloom Boss Battle","floor":38,"turns":9},{"damage":4,"enemies":"3 Shapes","floor":39,"turns":4},{"damage":48,"enemies":"Reptomancer","floor":40,"turns":3}],"seed_played":"4566458129425717875","potions_obtained":[{"floor":1,"key":"SteroidPotion"},{"floor":4,"key":"BlessingOfTheForge"},{"floor":7,"key":"champ:CounterPotion"},{"floor":19,"key":"Block Potion"},{"floor":35,"key":"Guardian:BlockOnCardUsePotion"},{"floor":38,"key":"Energy Potion"}],"is_trial":false,"path_per_floor":["M","M","?","M","$","R","M","R","T","R","?","E","?","$","R","B",null,"M","M","?","M","?","R","M","R","T","R","?","?","$","M","R","B",null,"M","?","$","?","M","E"],"character_chosen":"THE_SILENT","items_purchased":["Well Laid Plans","Footwork","Discovery","Backflip","Outmaneuver"],"campfire_rested":3,"item_purchase_floors":[5,14,14,30,37],"current_hp_per_floor":[60,59,59,56,56,56,30,51,51,51,43,23,23,23,44,26,59,59,57,57,51,51,51,40,61,61,61,61,61,61,60,60,36,62,57,48,48,48,44,0,0],"gold":112,"neow_bonus":"RANDOM_COLORLESS","is_daily":false,"chose_seed":false,"campfire_upgraded":5,"win_rate":0.0,"timestamp":1610808103,"path_taken":["M","M","?","M","?","R","M","R","T","R","?","E","?","$","R","BOSS","M","M","?","M","?","R","M","R","T","R","?","?","?","?","R","BOSS","M","?","$","?","M","E"],"items_purchased_type":["Card","Card","Card","Card","Card"],"build_version":"2020-12-22","purchased_purges":3,"victory":false,"max_hp_per_floor":[70,70,70,70,70,70,70,70,70,70,70,70,70,70,70,70,70,70,70,70,70,70,70,70,70,70,70,70,70,70,70,70,70,70,70,70,70,70,70,70,70],"card_choices":[{"not_picked":["Madness","Mind Blast"],"picked":"Discovery","floor":0},{"not_picked":["Flying Knee","Dodge and Roll"],"picked":"Tactician","floor":1},{"not_picked":["Poisoned Stab","Dagger Throw"],"picked":"Calculated Gamble","floor":2},{"not_picked":["Heel Hook","Dodge and Roll","All Out Attack"],"picked":"SKIP","floor":4},{"not_picked":["Dagger Spray","Slice"],"picked":"Glass Knife","floor":7},{"not_picked":["Masterful Stab","Blade Dance"],"picked":"All Out Attack","floor":11},{"not_picked":["PiercingWail","Dagger Throw"],"picked":"Prepared","floor":12},{"not_picked":["Malaise","Doppelganger"],"picked":"Adrenaline","floor":16},{"not_picked":["Flying Knee+1","Bane"],"picked":"Calculated Gamble","floor":18},{"not_picked":["Flying Knee","Deflect","Flechettes+1"],"picked":"SKIP","floor":19},{"not_picked":["Choke","Slice"],"picked":"Escape Plan","floor":21},{"not_picked":["Endless Agony","Blade Dance+1"],"picked":"Acrobatics+1","floor":24},{"not_picked":["Slice+1","Infinite Blades"],"picked":"Distraction","floor":31},{"not_picked":["Corpse Explosion","Malaise"],"picked":"Tools of the Trade","floor":33},{"not_picked":["Masterful Stab","Poisoned Stab+1"],"picked":"Choke","floor":35},{"not_picked":["Dagger Spray+1","Crippling Poison"],"picked":"Backflip","floor":39}],"player_experience":397629,"relics_obtained":[{"floor":9,"key":"Bag of Preparation"},{"floor":11,"key":"Vajra"},{"floor":12,"key":"MawBank"},{"floor":26,"key":"Regal Pillow"},{"floor":38,"key":"TungstenRod"}],"event_choices":[{"damage_healed":0,"gold_gain":0,"player_choice":"Rummage","damage_taken":0,"relics_obtained":["WarpedTongs"],"max_hp_gain":0,"max_hp_loss":0,"event_name":"Accursed Blacksmith","floor":3,"gold_loss":0,"cards_obtained":["Pain"]},{"damage_healed":0,"gold_gain":0,"player_choice":"Searched \u00271\u0027 times","damage_taken":0,"max_hp_gain":0,"max_hp_loss":0,"event_name":"Dead Adventurer","floor":11,"gold_loss":0},{"damage_healed":0,"gold_gain":0,"player_choice":"Trade","damage_taken":0,"relics_obtained":["CultistMask"],"max_hp_gain":0,"max_hp_loss":0,"event_name":"FaceTrader","floor":13,"gold_loss":0},{"damage_healed":0,"gold_gain":0,"player_choice":"Obtained Relic","damage_taken":0,"relics_obtained":["StrikeDummy"],"max_hp_gain":0,"max_hp_loss":0,"event_name":"Addict","floor":20,"gold_loss":85},{"damage_healed":0,"gold_gain":0,"cards_transformed":["Strike_G","Strike_G"],"player_choice":"Became Test Subject","damage_taken":0,"max_hp_gain":0,"max_hp_loss":0,"event_name":"Drug Dealer","floor":22,"gold_loss":0,"cards_obtained":["Die Die Die","Dodge and Roll"]},{"damage_healed":0,"gold_gain":0,"player_choice":"Ignored","damage_taken":0,"max_hp_gain":0,"max_hp_loss":0,"event_name":"Vampires","floor":28,"gold_loss":0},{"damage_healed":0,"gold_gain":0,"player_choice":"Embrace Madness","damage_taken":9,"max_hp_gain":0,"max_hp_loss":0,"event_name":"Winding Halls","floor":36,"gold_loss":0,"cards_obtained":["Madness","Madness"]},{"damage_healed":0,"gold_gain":0,"player_choice":"Fight","damage_taken":0,"max_hp_gain":0,"max_hp_loss":0,"event_name":"MindBloom","floor":38,"gold_loss":0}],"is_beta":false,"boss_relics":[{"not_picked":["Pandora\u0027s Box","Calling Bell"],"picked":"Runic Pyramid"},{"not_picked":["Empty Cage","Velvet Choker"],"picked":"SlaversCollar"}],"items_purged_floors":[14,30,37],"is_endless":false,"potions_floor_spawned":[1,4,7,19,35,38],"killed_by":"Reptomancer","ascension_level":7}}