{"host":"fdn1l3zxrtmz275b","time":1610811523,"event":{"mods":["BaseMod","Downfall","GifTheSpireLib","Minty Spire (QoL Compilation)","StSLib"],"gold_per_floor":[99,13,13,30,44,144,144,144,161,43,43,28,28,28,40,40,40,40],"floor_reached":16,"language":"RUS","playtime":678,"items_purged":[],"score":88,"play_id":"3e6656a6-8867-46aa-8564-a3f773d9c820","local_time":"20210116183843","is_ascension_mode":false,"campfire_choices":[{"data":"Guardian:CurlUp","floor":1,"key":"SMITH"},{"data":"Guardian:Strike_Guardian","floor":8,"key":"SMITH"},{"data":"Guardian:BodySlam","floor":11,"key":"SMITH"},{"data":"Guardian:Reroute","floor":13,"key":"SMITH"}],"circlet_count":0,"master_deck":["Guardian:Strike_Guardian","Guardian:Strike_Guardian+1","Guardian:Strike_Guardian+1","Guardian:Strike_Guardian+1","Guardian:Defend_Guardian","Guardian:Defend_Guardian","Guardian:Defend_Guardian","Guardian:Defend_Guardian","Guardian:CurlUp+1","Guardian:TwinSlam+1","Guardian:Reroute+1","Guardian:Gem_Green","Guardian:BodySlam+1","Guardian:Gem_Synthetic","Guardian:Gem_Yellow","Guardian:Gem_Orange","Guardian:Gem_Red","Guardian:Gem_Lightblue","Guardian:Gem_White","Guardian:TemporalStrike"],"relics":["Guardian:ModeShifter","Whetstone","Pantograph","Guardian:SackOfGems"],"acts_visited":["Exordium"],"potions_floor_usage":[12,12,16],"damage_taken":[{"damage":5,"enemies":"downfall:FleeingMerchant","floor":2,"turns":4},{"damage":0,"enemies":"Small Slimes","floor":4,"turns":2},{"damage":1,"enemies":"Cultist","floor":5,"turns":3},{"damage":0,"enemies":"Jaw Worm","floor":9,"turns":3},{"damage":5,"enemies":"downfall:FleeingMerchant","floor":10,"turns":4},{"damage":2,"enemies":"downfall:FleeingMerchant","floor":12,"turns":4},{"damage":8,"enemies":"3 Louse","floor":15,"turns":2},{"damage":86,"enemies":"SI_SHIV_ARCHETYPE","floor":16,"turns":10}],"seed_played":"5975755526344509656","potions_obtained":[{"floor":4,"key":"Slimebound:ThreeZeroPotion"},{"floor":9,"key":"Swift Potion"},{"floor":15,"key":"DuplicationPotion"}],"is_trial":false,"path_per_floor":["R","$","?","M","M","?","T","R","M","$","R","$","R","?","M","B"],"character_chosen":"GUARDIAN","items_purchased":["Guardian:Gem_Crimson","Guardian:Gem_Green","Guardian:BodySlam"],"campfire_rested":0,"item_purchase_floors":[2,10,10],"current_hp_per_floor":[80,75,75,75,74,74,74,74,74,69,69,67,67,60,52,0,0,0],"gold":40,"neow_bonus":"RANDOM_COMMON_RELIC","is_daily":false,"chose_seed":false,"campfire_upgraded":4,"win_rate":0.0,"timestamp":1610811523,"path_taken":["R","$","?","M","?","?","T","R","M","?","R","$","R","?","M","BOSS"],"items_purchased_type":["Card","Card","Card"],"build_version":"2020-12-22","purchased_purges":0,"victory":false,"max_hp_per_floor":[80,80,80,80,80,80,80,80,80,80,80,80,80,80,80,80,80,80],"card_choices":[{"not_picked":["Guardian:PolyBeam","Guardian:TemporalStrike","Guardian:WalkerClaw"],"picked":"SKIP","floor":2},{"not_picked":["Guardian:Gem_Green","Guardian:PrismaticBarrier"],"picked":"Guardian:Gem_Cyan","floor":4},{"not_picked":["Guardian:Recover","Guardian:PrimingBeam"],"picked":"Guardian:Gem_Cyan","floor":5},{"not_picked":["Guardian:ShieldSpikes","Guardian:ChargeCore"],"picked":"Guardian:Gem_Red","floor":9},{"not_picked":["Guardian:RollAttack","Guardian:WalkerClaw"],"picked":"Guardian:Reroute","floor":10},{"not_picked":["Guardian:TemporalStrike","Guardian:Gem_Green"],"picked":"Guardian:Gem_Synthetic","floor":12},{"not_picked":["Guardian:ArmoredProtocol","Guardian:ShieldSpikes"],"picked":"Guardian:TemporalStrike","floor":15}],"player_experience":115445,"relics_obtained":[{"floor":7,"key":"Pantograph"}],"event_choices":[{"damage_healed":0,"gold_gain":0,"player_choice":"Success","damage_taken":7,"relics_obtained":["Guardian:SackOfGems"],"max_hp_gain":0,"max_hp_loss":0,"event_name":"Scrap Ooze","floor":14,"gold_loss":0}],"is_beta":false,"boss_relics":[],"items_purged_floors":[],"is_endless":false,"potions_floor_spawned":[4,9,15],"killed_by":"SI_SHIV_ARCHETYPE","ascension_level":0}}