{"host":"CKW","time":1610778273,"event":{"mods":["AchievementEnabler","BaseMod","Card Forge","Colored Powertips","Gold Saver","Googly Eyes","Highlight Path","Marisa£¨Ùöéë¡¡Øª×âÞÞ£©","Minty Spire (QoL Compilation)","Quick Restart","Rare Cards Sparkle","Shop Mod","StSLib","SuperFastMode"],"gold_per_floor":[423,435,11,25,100,131,131,144,144,172,172,203,213,213,213,314,314,330,166,182,18,30,30,30],"floor_reached":23,"language":"ENG","playtime":1239,"items_purged":["Strike_MRS","UpSweep","BlazeAway"],"score":260,"play_id":"aab53a69-fe10-45c6-8264-d233dbb46821","local_time":"20210116152433","is_ascension_mode":true,"campfire_choices":[{"data":"OortCloud","floor":7,"key":"SMITH"},{"data":"RefractionSpark","floor":11,"key":"SMITH"},{"floor":15,"key":"REST"}],"circlet_count":0,"master_deck":["Strike_MRS","Strike_MRS","Strike_MRS","Defend_MRS","Defend_MRS","Defend_MRS","Defend_MRS","Apotheosis+1","OortCloud+1","RefractionSpark+1","DoubleSpark","PowerUp","MaximisePower","DarkSpark","RefractionSpark"],"relics":["MiniHakkero","Hammer of Thor","Seething Fire","Anvil of the Gods","MerchantsRug","Vajra","Gremlin Horn","Bottled Tornado","Bottled Flame","Sozu"],"acts_visited":["Exordium","TheCity"],"potions_floor_usage":[8,12],"damage_taken":[{"damage":0,"enemies":"Cultist","floor":1,"turns":3},{"damage":5,"enemies":"2 Louse","floor":2,"turns":3},{"damage":6,"enemies":"Jaw Worm","floor":4,"turns":4},{"damage":13,"enemies":"Lagavulin","floor":6,"turns":7},{"damage":13,"enemies":"Blue Slaver","floor":8,"turns":3},{"damage":2,"enemies":"3 Sentries","floor":10,"turns":4},{"damage":4,"enemies":"Gremlin Nob","floor":12,"turns":4},{"damage":0,"enemies":"2 Fungi Beasts","floor":13,"turns":2},{"damage":8,"enemies":"The Guardian","floor":16,"turns":9},{"damage":0,"enemies":"Shell Parasite","floor":18,"turns":6},{"damage":16,"enemies":"2 Thieves","floor":20,"turns":4},{"damage":24,"enemies":"Snake Plant","floor":22,"turns":4},{"damage":30,"enemies":"Slavers","floor":23,"turns":3}],"seed_played":"5878265987244159239","potions_obtained":[{"floor":4,"key":"Fire Potion"},{"floor":6,"key":"Block Potion"},{"floor":10,"key":"BlessingOfTheForge"}],"is_trial":false,"path_per_floor":["M","M","$","M","?","E","R","M","T","E","R","E","M","?","R","B",null,"M","$","M","$","M","E"],"character_chosen":"MARISA","items_purchased":["MerchantsRug","Vajra","BlazeAway","DarkSpark","RefractionSpark"],"campfire_rested":1,"item_purchase_floors":[3,3,3,19,21],"current_hp_per_floor":[68,63,63,57,46,33,33,20,20,18,18,14,14,7,27,19,68,68,68,52,52,28,0,0],"gold":30,"neow_bonus":"RANDOM_COLORLESS_2","is_daily":false,"chose_seed":false,"campfire_upgraded":2,"win_rate":0.0,"timestamp":1610778273,"path_taken":["M","M","$","?","?","E","R","M","T","E","R","E","M","?","R","BOSS","M","$","M","$","M","E"],"items_purchased_type":["Relic","Relic","Card","Card","Card"],"build_version":"2020-12-18","purchased_purges":3,"victory":false,"max_hp_per_floor":[68,68,68,68,68,68,68,68,68,68,68,68,68,68,68,68,68,68,68,68,68,68,68,68],"card_choices":[{"not_picked":["Secret Technique","Chrysalis"],"picked":"Apotheosis","floor":0},{"not_picked":["MysteriousBeam","DC","SprinkleStarSeal"],"picked":"SKIP","floor":1},{"not_picked":["SprinkleStarSeal","MagicChant"],"picked":"OortCloud","floor":2},{"not_picked":["BlazeAway","EnergyRecoil"],"picked":"RefractionSpark","floor":4},{"not_picked":["GrandCross","OpenUniverse","WitchOfGreed"],"picked":"SKIP","floor":6},{"not_picked":["StarBarrage","MysteriousBeam","UnstableBomb"],"picked":"SKIP","floor":8},{"not_picked":["DC","6A"],"picked":"DoubleSpark","floor":10},{"not_picked":["AsteroidBelt","DoubleSpark"],"picked":"PowerUp","floor":12},{"not_picked":["Acceleration","LuminesStrike","EarthLightRay"],"picked":"SKIP","floor":13},{"not_picked":["ManaRampage","BinaryStars"],"picked":"MaximisePower","floor":16},{"not_picked":["EarthLightRay","WitchOfGreed","MilkyWay+1"],"picked":"SKIP","floor":18},{"not_picked":["MysteriousBeam","MagicChant","GravityBeat"],"picked":"SKIP","floor":20},{"not_picked":["BlazeAway","FairyDestructionRay+1","WitchOfGreed"],"picked":"SKIP","floor":22}],"player_experience":232166,"relics_obtained":[{"floor":6,"key":"Gremlin Horn"},{"floor":9,"key":"Bottled Tornado"},{"floor":10,"key":"Bottled Flame"},{"floor":12,"key":"Potion Belt"}],"event_choices":[{"damage_healed":0,"gold_gain":75,"player_choice":"Gather Gold","damage_taken":11,"max_hp_gain":0,"max_hp_loss":0,"event_name":"World of Goop","floor":5,"gold_loss":0},{"cards_removed":["MasterSpark"],"damage_healed":0,"gold_gain":0,"player_choice":"Card Removal","damage_taken":7,"max_hp_gain":0,"max_hp_loss":0,"event_name":"Golden Wing","floor":14,"gold_loss":0}],"is_beta":true,"boss_relics":[{"not_picked":["SacredBark","Astrolabe"],"picked":"Sozu"}],"items_purged_floors":[3,19,21],"is_endless":false,"potions_floor_spawned":[4,6,10,20,22],"killed_by":"Slavers","ascension_level":2}}