{"host":"f5gffvlv6a66yqkd","time":1610815792,"event":{"mods":["2.2 Compatiblity","Alarm Clock","BaseMod","Colored Map","Custom Start","DeckTracker","Keyboard Shortcuts","Minty Spire (QoL Compilation)","Permanent Neow","Quick Restart","Relic Stats","StSLib","SuperFastMode"],"gold_per_floor":[115,131,149,160,160,160,176,176,200,215,215,245,245,278,278,350,350,366,378,392,392,55,55,83,83,132,132,165,1,35,52,52,130,130,147,164,89,102,120,120,120,79,133,133,133],"floor_reached":44,"language":"KOR","playtime":1048,"items_purged":["Strike_P"],"score":1016,"play_id":"92552705-f2f3-4050-9588-45fe219dc0c6","local_time":"20210117014952","is_ascension_mode":true,"campfire_choices":[{"data":"EmptyBody","floor":6.0,"key":"SMITH"},{"data":"CrushJoints","floor":8.0,"key":"SMITH"},{"data":"CarveReality","floor":11.0,"key":"SMITH"},{"data":"SandsOfTime","floor":13.0,"key":"SMITH"},{"data":"Vigilance","floor":15.0,"key":"SMITH"},{"data":"Scrawl","floor":23.0,"key":"SMITH"},{"data":"Halt","floor":25.0,"key":"SMITH"},{"floor":27.0,"key":"REST"},{"data":"Tantrum","floor":32.0,"key":"SMITH"},{"data":"Pray","floor":41.0,"key":"SMITH"}],"circlet_count":0,"master_deck":["AscendersBane","Strike_P","Defend_P","Defend_P+1","Defend_P+1","Eruption+1","Vigilance+1","CarveReality+1","EmptyBody+1","CrushJoints+1","SandsOfTime+1","CutThroughFate","Scrawl+1","Halt+1","Tantrum+1","Brilliance","Halt","FlyingSleeves","EmptyMind","Pray+1","MentalFortress"],"relics":["PureWater","Lantern","Omamori","War Paint","VioletLotus","Bottled Lightning","Sundial","Bag of Marbles","Red Mask","Medical Kit","Letter Opener","SlaversCollar"],"acts_visited":["Exordium","TheCity","TheBeyond"],"potions_floor_usage":[44],"damage_taken":[{"damage":0.0,"enemies":"2 Louse","floor":1.0,"turns":2.0},{"damage":2.0,"enemies":"Small Slimes","floor":2.0,"turns":4.0},{"damage":2.0,"enemies":"Jaw Worm","floor":3.0,"turns":3.0},{"damage":0.0,"enemies":"Large Slime","floor":4.0,"turns":2.0},{"damage":12.0,"enemies":"Gremlin Gang","floor":7.0,"turns":4.0},{"damage":8.0,"enemies":"Blue Slaver","floor":10.0,"turns":4.0},{"damage":0.0,"enemies":"Gremlin Nob","floor":12.0,"turns":2.0},{"damage":5.0,"enemies":"3 Sentries","floor":14.0,"turns":4.0},{"damage":5.0,"enemies":"Hexaghost","floor":16.0,"turns":6.0},{"damage":0.0,"enemies":"2 Thieves","floor":18.0,"turns":2.0},{"damage":14.0,"enemies":"3 Byrds","floor":19.0,"turns":4.0},{"damage":13.0,"enemies":"Snake Plant","floor":20.0,"turns":2.0},{"damage":3.0,"enemies":"Gremlin Leader","floor":24.0,"turns":3.0},{"damage":0.0,"enemies":"Masked Bandits","floor":28.0,"turns":1.0},{"damage":18.0,"enemies":"Book of Stabbing","floor":30.0,"turns":4.0},{"damage":0.0,"enemies":"Snecko","floor":31.0,"turns":2.0},{"damage":10.0,"enemies":"Champ","floor":33.0,"turns":5.0},{"damage":0.0,"enemies":"3 Shapes","floor":35.0,"turns":1.0},{"damage":0.0,"enemies":"3 Darklings","floor":36.0,"turns":3.0},{"damage":0.0,"enemies":"Writhing Mass","floor":38.0,"turns":1.0},{"damage":0.0,"enemies":"Sphere and 2 Shapes","floor":39.0,"turns":2.0},{"damage":62,"enemies":"Nemesis","floor":44,"turns":4}],"seed_played":"-4368177716022086027","potions_obtained":[{"floor":3.0,"key":"Dexterity Potion"},{"floor":10.0,"key":"DistilledChaos"},{"floor":14.0,"key":"Fire Potion"},{"floor":16.0,"key":"Ambrosia"},{"floor":19.0,"key":"SpeedPotion"},{"floor":20.0,"key":"DistilledChaos"},{"floor":28.0,"key":"SkillPotion"},{"floor":40.0,"key":"GamblersBrew"}],"is_trial":false,"path_per_floor":["M","M","M","M","?","R","M","R","T","M","R","E","R","E","R","B",null,"M","M","M","?","$","R","E","R","T","R","?","$","E","M","R","B",null,"M","M","?","M","M","?","R","$","T","E"],"character_chosen":"WATCHER","items_purchased":["Bottled Lightning","Medical Kit","MentalFortress"],"campfire_rested":1,"item_purchase_floors":[22,29,42],"current_hp_per_floor":[61,59,57,57,50,50,38,38,38,30,30,30,30,25,25,20,56,56,42,29,29,29,29,26,26,26,46,46,46,28,28,28,18,56,56,56,56,56,56,56,56,56,56,0,0],"gold":133,"neow_bonus":"UPGRADE_CARD","is_daily":false,"chose_seed":false,"campfire_upgraded":9,"win_rate":0.0,"timestamp":1610815792,"path_taken":["M","M","M","M","?","R","M","R","T","M","R","E","R","E","R","BOSS","M","M","M","?","$","R","E","R","T","R","?","?","E","M","R","BOSS","M","M","?","?","M","?","R","$","T","E"],"items_purchased_type":["Relic","Relic","Card"],"build_version":"2020-12-22","purchased_purges":1,"victory":false,"max_hp_per_floor":[68,68,68,68,68,68,68,68,68,68,68,68,68,68,68,68,68,68,68,68,68,68,68,68,68,68,68,68,68,68,68,68,68,68,68,68,68,68,68,68,68,68,68,68,68],"relic_stats":{"counters":[22,65],"Sundial":[4],"VioletLotus":[8],"Letter Opener":[42],"War Paint":["Defend_P","Defend_P"],"Medical Kit":[4],"obtain_stats":[{"SlaversCollar":34,"Lantern":9,"Sundial":24,"VioletLotus":17,"Omamori":12,"Bag of Marbles":26,"Red Mask":28,"Bottled Lightning":22,"Letter Opener":30,"PureWater":0,"War Paint":14,"Medical Kit":29},{"SlaversCollar":17,"Lantern":5,"Sundial":13,"VioletLotus":9,"Omamori":7,"Bag of Marbles":13,"Red Mask":14,"Bottled Lightning":12,"Letter Opener":15,"PureWater":0,"War Paint":8,"Medical Kit":14},{"SlaversCollar":54,"Lantern":15,"Sundial":42,"VioletLotus":31,"Omamori":21,"Bag of Marbles":42,"Red Mask":43,"Bottled Lightning":39,"Letter Opener":47,"PureWater":0,"War Paint":25,"Medical Kit":43}]},"card_choices":[{"not_picked":["Crescendo","Prostrate"],"picked":"CarveReality","floor":1.0},{"not_picked":["Protect","Swivel","FlyingSleeves"],"picked":"SKIP","floor":2.0},{"not_picked":["CarveReality","Evaluate"],"picked":"EmptyBody","floor":3.0},{"not_picked":["Perseverance","Fasting2","Evaluate"],"picked":"SKIP","floor":4.0},{"not_picked":["Pray","CarveReality"],"picked":"CrushJoints","floor":7.0},{"not_picked":["PathToVictory","LikeWater","Weave"],"picked":"SKIP","floor":10.0},{"not_picked":["LikeWater","CarveReality"],"picked":"SandsOfTime","floor":12.0},{"not_picked":["FollowUp","Consecrate"],"picked":"CutThroughFate","floor":14.0},{"not_picked":["Wish","MasterReality"],"picked":"Scrawl","floor":16.0},{"not_picked":["Prostrate","SashWhip","EmptyFist"],"picked":"SKIP","floor":18.0},{"not_picked":["Consecrate+1","Indignation"],"picked":"Halt","floor":19.0},{"not_picked":["Halt","Evaluate","Crescendo"],"picked":"SKIP","floor":20.0},{"not_picked":["FlyingSleeves","Prostrate","Fasting2"],"picked":"SKIP","floor":24.0},{"not_picked":["CarveReality","DevaForm"],"picked":"Tantrum","floor":28.0},{"not_picked":["EmptyBody","Prostrate","WaveOfTheHand"],"picked":"SKIP","floor":30.0},{"not_picked":["SignatureMove","BowlingBash","ClearTheMind+1"],"picked":"SKIP","floor":31.0},{"not_picked":["Blasphemy","DevaForm"],"picked":"Brilliance","floor":33.0},{"not_picked":["WindmillStrike","CrushJoints+1","Fasting2+1"],"picked":"SKIP","floor":35.0},{"not_picked":["Vengeance","FlurryOfBlows+1","Worship"],"picked":"SKIP","floor":36.0},{"not_picked":["PathToVictory","Halt"],"picked":"EmptyMind","floor":38.0},{"not_picked":["SashWhip","ForeignInfluence"],"picked":"Pray","floor":39.0}],"player_experience":1570684,"relics_obtained":[{"floor":9.0,"key":"Lantern"},{"floor":12.0,"key":"Omamori"},{"floor":14.0,"key":"War Paint"},{"floor":24.0,"key":"Sundial"},{"floor":26.0,"key":"Bag of Marbles"},{"floor":28.0,"key":"Red Mask"},{"floor":30.0,"key":"Letter Opener"}],"event_choices":[{"cards_removed":["Defend_P"],"damage_healed":0.0,"max_hp_gain":0.0,"max_hp_loss":0.0,"gold_gain":0.0,"event_name":"Golden Wing","player_choice":"Card Removal","floor":5.0,"gold_loss":0.0,"damage_taken":7.0},{"damage_healed":0.0,"max_hp_gain":0.0,"max_hp_loss":0.0,"gold_gain":0.0,"event_name":"Ghosts","player_choice":"Ignored","floor":21.0,"gold_loss":0.0,"damage_taken":0.0},{"damage_healed":0.0,"max_hp_gain":0.0,"max_hp_loss":0.0,"gold_gain":0.0,"event_name":"Masked Bandits","player_choice":"Fought Bandits","floor":28.0,"gold_loss":0.0,"damage_taken":0.0},{"damage_healed":0.0,"max_hp_gain":0.0,"max_hp_loss":0.0,"gold_gain":0.0,"cards_transformed":["Strike_P","Strike_P"],"event_name":"Designer","player_choice":"Transformed Cards","floor":37.0,"gold_loss":75.0,"damage_taken":0.0,"cards_obtained":["Halt","FlyingSleeves"]},{"damage_healed":0.0,"max_hp_gain":0.0,"max_hp_loss":0.0,"gold_gain":0.0,"event_name":"Lab","player_choice":"Got Potions","floor":40.0,"gold_loss":0.0,"damage_taken":0.0}],"is_beta":false,"boss_relics":[{"not_picked":["Black Star","Coffee Dripper"],"picked":"VioletLotus"},{"not_picked":["Runic Dome","Fusion Hammer"],"picked":"SlaversCollar"}],"items_purged_floors":[22],"is_endless":false,"potions_floor_spawned":[3,10,14,16,19,20,28,35,36],"killed_by":"Nemesis","ascension_level":20}}