{"host":"zmr8u29ebzxwermy","time":1610799393,"event":{"mods":["BaseMod","BetterRewards","Colored Map","DeckTracker","Minty Spire (QoL Compilation)","Quick Restart","Relic Filter","Replay The Spire","Shop Mod","StSLib","SuperFastMode","everything is the same but u backflip on backflip"],"gold_per_floor":[45,45,57,76,90,90,119,133,133,158,170,170,170,183,183,183,183],"floor_reached":16,"language":"KOR","playtime":460,"items_purged":["Strike_R","Writhe"],"score":120,"play_id":"520413dc-ab8e-4608-a1c8-be70502a89f8","local_time":"20210116211633","is_ascension_mode":true,"campfire_choices":[{"floor":6.0,"key":"DIG"},{"floor":12.0,"key":"DIG"},{"data":"ReplayTheSpireMod:Muscle Training","floor":15,"key":"SMITH"}],"circlet_count":0,"master_deck":["Strike_R","Strike_R","Strike_R","Strike_R","Defend_R","Defend_R","Defend_R","Defend_R","Bash","Spot Weakness","Carnage","Perfected Strike","Perfected Strike","ReplayTheSpireMod:Muscle Training+1","ReplayTheSpireMod:Stacked"],"relics":["Burning Blood","ReplayTheSpireMod:CursedCoin","Shovel","Matryoshka","Ancient Tea Set","Nunchaku","Mercury Hourglass","Anchor","Strawberry","Pet Ghost","Bag of Marbles"],"acts_visited":["Exordium"],"potions_floor_usage":[16,16],"damage_taken":[{"damage":0.0,"enemies":"2 Louse","floor":1.0,"turns":3.0},{"damage":6.0,"enemies":"Cultist","floor":3.0,"turns":3.0},{"damage":6.0,"enemies":"Jaw Worm","floor":4.0,"turns":3.0},{"damage":9.0,"enemies":"Blue Slaver","floor":5.0,"turns":3.0},{"damage":22.0,"enemies":"3 Sentries","floor":7.0,"turns":6.0},{"damage":6.0,"enemies":"Looter","floor":8.0,"turns":2.0},{"damage":12.0,"enemies":"Gremlin Nob","floor":10.0,"turns":3.0},{"damage":1.0,"enemies":"Large Slime","floor":11.0,"turns":3.0},{"damage":4,"enemies":"Gremlin Gang","floor":14,"turns":3},{"damage":7,"enemies":"Fading Forest","floor":16,"turns":3}],"seed_played":"-1457040400966045005","potions_obtained":[{"floor":2.0,"key":"SteroidPotion"},{"floor":2.0,"key":"Reflective Coating"},{"floor":2.0,"key":"Elixir"},{"floor":3.0,"key":"Languid Potion"},{"floor":8.0,"key":"SpeedPotion"}],"is_trial":false,"path_per_floor":["M","?","M","M","M","R","E","M","T","E","M","R","?","M","R","B"],"character_chosen":"IRONCLAD","items_purchased":["ReplayTheSpireMod:CursedCoin","Spot Weakness","Shovel","Matryoshka","Carnage"],"campfire_rested":0,"item_purchase_floors":[0,0,0,0,0],"current_hp_per_floor":[50,50,50,50,47,47,31,31,31,32,37,37,37,39,39,32,32],"gold":183,"neow_bonus":"","is_daily":false,"chose_seed":false,"campfire_upgraded":1,"win_rate":0.0,"timestamp":1610799393,"path_taken":["M","?","M","M","M","R","E","M","T","E","?","R","?","M","R","BOSS"],"items_purchased_type":["Relic","Card","Relic","Relic","Card"],"build_version":"2020-12-22","purchased_purges":2,"victory":false,"max_hp_per_floor":[80,80,80,80,80,80,80,80,80,87,87,87,87,87,87,87,87],"card_choices":[{"not_picked":["Thunderclap","Evolve"],"picked":"Perfected Strike","floor":1.0},{"not_picked":["ReplayTheSpireMod:Limb From Limb","Infernal Blade"],"picked":"Perfected Strike","floor":4.0},{"not_picked":["Battle Trance","Cleave"],"picked":"ReplayTheSpireMod:Muscle Training","floor":5.0},{"not_picked":["ReplayReversal","Pommel Strike"],"picked":"ReplayTheSpireMod:Stacked","floor":11.0},{"not_picked":["Sword Boomerang","True Grit","Iron Wave"],"picked":"SKIP","floor":14}],"player_experience":297146,"relics_obtained":[{"floor":6.0,"key":"Ancient Tea Set"},{"floor":7.0,"key":"Nunchaku"},{"floor":9.0,"key":"Mercury Hourglass"},{"floor":9.0,"key":"Anchor"},{"floor":10.0,"key":"Strawberry"},{"floor":12.0,"key":"Pet Ghost"}],"event_choices":[{"damage_healed":0.0,"max_hp_gain":0.0,"max_hp_loss":0.0,"gold_gain":0.0,"event_name":"Lab","player_choice":"Got Potions","floor":2.0,"gold_loss":0.0,"damage_taken":0.0},{"damage_healed":0,"gold_gain":0,"player_choice":"Searched \u00272\u0027 times","damage_taken":0,"relics_obtained":["Bag of Marbles"],"max_hp_gain":0,"max_hp_loss":0,"event_name":"Dead Adventurer","floor":13,"gold_loss":0}],"is_beta":false,"boss_relics":[],"items_purged_floors":[0,0],"is_endless":false,"potions_floor_spawned":[3,5,8,10],"killed_by":"Fading Forest","ascension_level":1}}