{"host":"jm9833yuloeli2yd","time":1610765615,"event":{"mods":["BaseMod","Better Altar","Better Match","Better Note","Better Sensory Stone","Better Skull","Better Third Choice","Better Vampires","BetterRewards","Colored Map","Colored Powertips","DeckTracker","Minty Spire (QoL Compilation)","Permanent Neow","Quick Restart","Slay-I","StSLib","SuperFastMode"],"gold_per_floor":[113,129,19,28,57,57,101,115,139,148,157,200,224,244,244,329,329,349,264,264,73,100,129,156,196,278,278,278],"floor_reached":27,"language":"ENG","playtime":658,"items_purged":["Strike_B"],"score":718,"play_id":"597f1868-a1d9-40da-948a-03a1c542e6b9","local_time":"20210115215335","is_ascension_mode":true,"campfire_choices":[{"data":"Sweeping Beam","floor":6.0,"key":"SMITH"},{"floor":10,"key":"REST"},{"data":"Capacitor","floor":15,"key":"SMITH"}],"circlet_count":0,"master_deck":["AscendersBane","Defend_B","Defend_B","Defend_B","Defend_B","Zap","Dualcast","Rip and Tear","Sweeping Beam+1","Sweeping Beam","Hologram","Malaise","Cold Snap","Electrodynamics","Ball Lightning","Flash of Steel","Capacitor+1","Hologram","Echo Form","Genetic Algorithm","Ghostly","Ghostly","Ghostly","Bite","Bite","Bite","Loop"],"relics":["Cracked Core","Bird Faced Urn","CeramicFish","Dream Catcher","Art of War","Nunchaku","Inserter","Smiling Mask","Juzu Bracelet","Toy Ornithopter","Meat on the Bone"],"acts_visited":["Exordium","TheCity"],"potions_floor_usage":[7,12,16,16,16,23,23],"damage_taken":[{"damage":0.0,"enemies":"2 Louse","floor":1.0,"turns":2.0},{"damage":8.0,"enemies":"Small Slimes","floor":2.0,"turns":2.0},{"damage":0.0,"enemies":"Jaw Worm","floor":5.0,"turns":3.0},{"damage":8,"enemies":"Lagavulin","floor":7,"turns":8},{"damage":0,"enemies":"2 Fungi Beasts","floor":8,"turns":2},{"damage":8,"enemies":"3 Sentries","floor":12,"turns":4},{"damage":9,"enemies":"Looter","floor":13,"turns":4},{"damage":11,"enemies":"Exordium Thugs","floor":14,"turns":2},{"damage":5,"enemies":"Slime Boss","floor":16,"turns":6},{"damage":29,"enemies":"Spheric Guardian","floor":18,"turns":6},{"damage":1,"enemies":"Slavers","floor":23,"turns":3},{"damage":13,"enemies":"Gremlin Leader","floor":25,"turns":7},{"damage":31,"enemies":"Slavers","floor":27,"turns":4}],"seed_played":"-6151589821309413631","potions_obtained":[{"floor":1.0,"key":"SpeedPotion"},{"floor":7,"key":"DistilledChaos"},{"floor":13,"key":"EntropicBrew"},{"floor":25,"key":"Explosive Potion"}],"is_trial":false,"path_per_floor":["M","M","$","?","M","R","E","M","T","R","?","E","M","M","R","B",null,"M","?","?","$","?","E","?","E","T","E"],"character_chosen":"DEFECT","items_purchased":["Rip and Tear","Sweeping Beam","CultistPotion","PowerPotion","DuplicationPotion"],"campfire_rested":1,"item_purchase_floors":[0,0,3,21,21],"current_hp_per_floor":[57,49,49,31,31,31,23,25,25,46,46,40,33,24,24,23,59,34,34,12,12,12,15,15,24,24,0,0],"gold":278,"neow_bonus":"","is_daily":false,"chose_seed":false,"campfire_upgraded":2,"win_rate":0.0,"timestamp":1610765615,"path_taken":["M","M","$","?","M","R","E","M","T","R","?","E","M","M","R","BOSS","M","?","?","$","?","E","?","E","T","E"],"items_purchased_type":["Card","Card","Potion","Potion","Potion"],"build_version":"2020-12-22","purchased_purges":1,"victory":false,"max_hp_per_floor":[71,71,71,71,71,71,71,71,71,71,71,71,71,71,71,71,71,71,71,71,71,35,35,35,35,35,35,35],"card_choices":[{"not_picked":["Steam","Coolheaded"],"picked":"Sweeping Beam","floor":1.0},{"not_picked":["Redo","Darkness"],"picked":"Hologram","floor":2.0},{"not_picked":["Stack","Aggregate"],"picked":"Cold Snap","floor":5.0},{"not_picked":["Rainbow","Skim"],"picked":"Electrodynamics","floor":7},{"not_picked":["Beam Cell","Reprogram","Recycle"],"picked":"SKIP","floor":8},{"not_picked":["Leap","Fusion"],"picked":"Ball Lightning","floor":10},{"not_picked":["Mind Blast","Deep Breath"],"picked":"Flash of Steel","floor":11},{"not_picked":["Beam Cell","BootSequence"],"picked":"Capacitor","floor":12},{"not_picked":["Barrage","Leap"],"picked":"Hologram","floor":13},{"not_picked":["Melter","Cold Snap","Steam"],"picked":"SKIP","floor":14},{"not_picked":["Hyperbeam","Multi-Cast"],"picked":"Echo Form","floor":16},{"not_picked":["Conserve Battery","Compile Driver"],"picked":"Genetic Algorithm","floor":18},{"not_picked":["Reinforced Body","Fusion","Hologram"],"picked":"SKIP","floor":23},{"not_picked":["Genetic Algorithm","Go for the Eyes"],"picked":"Loop","floor":25}],"player_experience":1320949,"relics_obtained":[{"floor":7,"key":"Dream Catcher"},{"floor":9,"key":"Art of War"},{"floor":12,"key":"Nunchaku"},{"floor":23,"key":"Juzu Bracelet"},{"floor":25,"key":"Toy Ornithopter"},{"floor":26,"key":"Meat on the Bone"}],"event_choices":[{"damage_healed":0,"gold_gain":1,"player_choice":"1","damage_taken":0,"max_hp_gain":0,"max_hp_loss":0,"event_name":"betterStone:BetterStone","floor":11,"gold_loss":0},{"damage_healed":0,"gold_gain":0,"player_choice":"Obtained Relic","damage_taken":0,"relics_obtained":["Smiling Mask"],"max_hp_gain":0,"max_hp_loss":0,"event_name":"Addict","floor":19,"gold_loss":85},{"damage_healed":0,"gold_gain":0,"player_choice":" Vial ","damage_taken":22,"relics_obtained":["Blood Vial"],"max_hp_gain":34,"max_hp_loss":12,"event_name":"betterAltar:BetterAltar","floor":20,"potions_obtained":[],"relics_lost":[],"gold_loss":0},{"damage_healed":0,"gold_gain":0,"player_choice":"Became a Ghost","damage_taken":0,"max_hp_gain":0,"max_hp_loss":36,"event_name":"Ghosts","floor":22,"gold_loss":0,"cards_obtained":["Ghostly","Ghostly","Ghostly"]},{"damage_healed":0,"gold_gain":0,"player_choice":"Became a vampire (Vial)","damage_taken":0,"max_hp_gain":0,"max_hp_loss":0,"event_name":"Vampires","floor":24,"relics_lost":["Blood Vial"],"gold_loss":0,"cards_obtained":["Bite","Bite","Bite"]}],"is_beta":false,"boss_relics":[{"not_picked":["Runic Pyramid","Velvet Choker"],"picked":"Inserter"}],"items_purged_floors":[21],"is_endless":false,"potions_floor_spawned":[1,7,8,13,25],"killed_by":"Slavers","ascension_level":20}}