{"host":"jl3raagrljzztomj","time":1610796606,"event":{"mods":["Aspiration","BaseMod","Better Third Choice","BetterRewards","Colored Map","Colored Powertips","Custom Start","Hermit","Highlight Path","Marked Mod","Minty Spire (QoL Compilation)","Permanent Neow","Relic Stats","StSLib","SuperFastMode","The Runesmith"],"gold_per_floor":[111,126,126,201,376,406,406,406,406,406,437,453,453,21,21,119,119,136,136,148,159,169,169,186,186,210,210,210,210,223,235,235,235,235],"floor_reached":33,"language":"ENG","playtime":1475,"items_purged":["Strike_G"],"score":255,"play_id":"19837661-4894-4385-a62e-7b3a1f66fc54","local_time":"20210116053006","is_ascension_mode":false,"campfire_choices":[{"data":"Poisoned Stab","floor":7,"key":"SMITH"},{"floor":10,"key":"REST"},{"floor":13,"key":"REST"},{"data":"Venomology","floor":15,"key":"SMITH"},{"data":"Envenom","floor":23,"key":"SMITH"},{"floor":25,"key":"REST"},{"data":"Footwork","floor":27,"key":"SMITH"},{"floor":32,"key":"REST"}],"circlet_count":0,"master_deck":["Defend_G","Defend_G","Defend_G","Defend_G","Defend_G","Survivor","Neutralize","Venomology+1","Poisoned Stab+1","Doubt","Footwork+1","Injury","Deadly Poison+1","Madness+1","Envenom+1","Masterful Stab+1","Deadly Poison+1","Necronomicurse","Tools of the Trade","PiercingWail+1","Escape Plan+1"],"relics":["Ring of the Snake","Nunchaku","PreservedInsect","Toxic Egg 2","Mercury Hourglass","aspiration:AnachronicSnailShell","Matryoshka","Astrolabe","Smiling Mask","aspiration:VileToxins","Necronomicon"],"acts_visited":["Exordium","TheCity"],"potions_floor_usage":[6,6,6,6,16,16,18,20,21,21,22,24,24,24,24,24,30,30,31,33,33],"damage_taken":[{"damage":0,"enemies":"Cultist","floor":1,"turns":4},{"damage":3,"enemies":"Jaw Worm","floor":2,"turns":7},{"damage":19,"enemies":"Lagavulin","floor":6,"turns":8},{"damage":21,"enemies":"Gremlin Nob","floor":11,"turns":4},{"damage":0,"enemies":"2 Louse","floor":12,"turns":3},{"damage":49,"enemies":"Slime Boss","floor":16,"turns":14},{"damage":5,"enemies":"Shell Parasite","floor":18,"turns":6},{"damage":3,"enemies":"Chosen","floor":20,"turns":4},{"damage":12,"enemies":"Centurion and Healer","floor":21,"turns":6},{"damage":3,"enemies":"Snecko","floor":22,"turns":5},{"damage":24,"enemies":"Sentry and Sphere","floor":24,"turns":6},{"damage":14,"enemies":"Cultist and Chosen","floor":30,"turns":6},{"damage":0,"enemies":"3 Cultists","floor":31,"turns":6},{"damage":37,"enemies":"Collector","floor":33,"turns":8}],"seed_played":"-6309460450179002419","potions_obtained":[{"floor":2,"key":"GhostInAJar"},{"floor":6,"key":"SpeedPotion"},{"floor":16,"key":"GamblersBrew"},{"floor":18,"key":"DuplicationPotion"},{"floor":24,"key":"Poison Potion"},{"floor":31,"key":"Explosive Potion"}],"is_trial":false,"path_per_floor":["M","M","T","?","?","E","R","?","T","R","E","M","R","$","R","B",null,"M","?","M","M","M","R","M","R","T","R","?","?","M","M","R","B"],"character_chosen":"THE_SILENT","items_purchased":["Deadly Poison+1","Madness+1","Matryoshka"],"campfire_rested":4,"item_purchase_floors":[14,14,14],"current_hp_per_floor":[70,67,67,56,56,37,37,37,37,58,37,37,58,58,58,9,70,65,65,62,50,47,47,23,44,44,44,28,28,14,14,35,0,0],"gold":235,"neow_bonus":"ONE_RANDOM_RARE_CARD","is_daily":false,"chose_seed":false,"campfire_upgraded":4,"win_rate":0.0,"timestamp":1610796606,"path_taken":["M","M","?","?","?","E","R","?","T","R","E","M","R","?","R","BOSS","M","?","M","?","M","R","M","R","T","R","?","?","M","M","R","BOSS"],"items_purchased_type":["Card","Card","Relic"],"build_version":"2020-12-22","purchased_purges":1,"victory":false,"max_hp_per_floor":[70,70,70,70,70,70,70,70,70,70,70,70,70,70,70,70,70,70,70,70,70,70,70,70,70,70,70,70,70,70,70,70,70,70],"relic_stats":{"Nunchaku":[9],"counters":[14,86],"Astrolabe":["Masterful Stab","Deadly Poison","Bullet Time"],"PreservedInsect":22,"Necronomicon":[0],"Smiling Mask":0,"obtain_stats":[{"aspiration:VileToxins":26,"Nunchaku":3,"Matryoshka":14,"aspiration:AnachronicSnailShell":11,"Astrolabe":17,"PreservedInsect":6,"Necronomicon":28,"Toxic Egg 2":8,"Smiling Mask":26,"Ring of the Snake":0,"Mercury Hourglass":9},{"aspiration:VileToxins":11,"Nunchaku":2,"Matryoshka":5,"aspiration:AnachronicSnailShell":4,"Astrolabe":6,"PreservedInsect":3,"Necronomicon":11,"Toxic Egg 2":3,"Smiling Mask":11,"Ring of the Snake":0,"Mercury Hourglass":3},{"aspiration:VileToxins":66,"Nunchaku":11,"Matryoshka":25,"aspiration:AnachronicSnailShell":23,"Astrolabe":39,"PreservedInsect":19,"Necronomicon":66,"Toxic Egg 2":19,"Smiling Mask":66,"Ring of the Snake":0,"Mercury Hourglass":19}],"Ring of the Snake":[28],"Mercury Hourglass":[296]},"card_choices":[{"not_picked":["Heel Hook","Bouncing Flask","Bane"],"picked":"SKIP","floor":1},{"not_picked":["Dodge and Roll","Sucker Punch"],"picked":"Poisoned Stab","floor":2},{"not_picked":["Riddle With Holes","Well Laid Plans"],"picked":"Footwork","floor":6},{"not_picked":["Storm of Steel+1","Sucker Punch","Cloak And Dagger+1"],"picked":"SKIP","floor":11},{"not_picked":["Sucker Punch","Acrobatics+1","Bane"],"picked":"SKIP","floor":12},{"not_picked":["Phantasmal Killer+1","Venomology+1"],"picked":"Envenom","floor":16},{"not_picked":["Dagger Throw","Sucker Punch","Flying Knee"],"picked":"SKIP","floor":18},{"not_picked":["Underhanded Strike","Dagger Throw","Heel Hook+1"],"picked":"SKIP","floor":20},{"not_picked":["Flying Knee","Acrobatics+1","Endless Agony"],"picked":"SKIP","floor":21},{"not_picked":["Quick Slash","Flying Knee+1","PiercingWail+1"],"picked":"SKIP","floor":22},{"not_picked":["Quick Slash","Choke","Deflect+1"],"picked":"SKIP","floor":24},{"not_picked":["All Out Attack","Predator","Heel Hook"],"picked":"SKIP","floor":30},{"not_picked":["Bane","Sucker Punch"],"picked":"Escape Plan+1","floor":31}],"player_experience":972440,"relics_obtained":[{"floor":3,"key":"Nunchaku"},{"floor":6,"key":"PreservedInsect"},{"floor":9,"key":"Mercury Hourglass"},{"floor":11,"key":"aspiration:AnachronicSnailShell"},{"floor":26,"key":"Smiling Mask"},{"floor":26,"key":"aspiration:VileToxins"},{"floor":28,"key":"Necronomicon"}],"event_choices":[{"damage_healed":0,"gold_gain":75,"player_choice":"Gold","damage_taken":11,"max_hp_gain":0,"max_hp_loss":0,"event_name":"betterThird:BetterGoop","floor":4,"gold_loss":0},{"damage_healed":0,"gold_gain":175,"player_choice":"AGREE","damage_taken":201,"max_hp_gain":0,"max_hp_loss":0,"event_name":"betterThird:BetterSerpent","floor":5,"gold_loss":0},{"damage_healed":0,"gold_gain":0,"cards_transformed":["Strike_G"],"player_choice":"Transformed","damage_taken":0,"max_hp_gain":0,"max_hp_loss":0,"event_name":"Transmorgrifier","floor":19,"gold_loss":0,"cards_obtained":["Eviscerate"]},{"damage_healed":0,"gold_gain":0,"player_choice":"Obtained Book","damage_taken":16,"max_hp_gain":0,"max_hp_loss":0,"event_name":"Cursed Tome","floor":28,"gold_loss":0},{"damage_healed":0,"gold_gain":0,"cards_transformed":["Eviscerate","Bullet Time"],"player_choice":"Became Test Subject","damage_taken":0,"max_hp_gain":0,"max_hp_loss":0,"event_name":"Drug Dealer","floor":29,"gold_loss":0,"cards_obtained":["Tools of the Trade","PiercingWail"]}],"is_beta":false,"boss_relics":[{"not_picked":["aspiration:RitualDagger","Coffee Dripper"],"picked":"Astrolabe"}],"items_purged_floors":[14],"is_endless":false,"potions_floor_spawned":[2,6,16,18,24,31],"killed_by":"Collector","ascension_level":0}}