{"host":"78azdv0oxplymbah","time":1610808522,"event":{"mods":["Aspiration","BaseMod","BetterRewards","Challenge The Spire","Highlight Path","Minty Spire (QoL Compilation)","MostiFishMod","Quick Restart","Relic Stats","Remove Card Discount Mod","Replay The Spire","Spicy Shops","StSLib","The Servant 0.9.4","vexMod","°æπ¶ƒ‹Mod°øªÏ„Á÷Æª∑–ﬁ∏¥≤π∂°","°æ“≈ŒÔø®≈∆°øREMEMod"],"gold_per_floor":[114,129,29,29,29,29,59,49,74,104,134,134,134,164,164,264,264,279,294,294,393,86,116,146,176,226,226,226,226,241,241,241,341,341,365,380,606,615,639,678,678,708,758,758,797,824,21,0,0,0],"floor_reached":51,"language":"ZHS","playtime":1527,"items_purged":["Strike_B","Strike_B","Defend_B","Defend_B","MostiFishMod:StoryBook","Survey Options","REME_FirmDetermination","Strike_B","Defend_B","Strike_B","Defend_B","vexMod:EmailVexCard","Zap","ReplayTheSpireMod:Splinters","Doubt"],"score":911,"play_id":"2383f7e5-834d-4a2b-aa46-4dbfa1ee91f5","local_time":"20210116224842","daily_mods":["Allstar","Flight","Night Terrors"],"is_ascension_mode":false,"campfire_choices":[{"data":"aspiration:Polymerization","floor":6,"key":"SMITH"},{"floor":12,"key":"REST"},{"data":"Loop","floor":13,"key":"SMITH"},{"data":"Redo","floor":27,"key":"SMITH"},{"data":"Rainbow","floor":28,"key":"SMITH"},{"data":"Capacitor","floor":29,"key":"SMITH"},{"data":"Chaos","floor":32,"key":"SMITH"},{"data":"aspiration:Polymerization","floor":41,"key":"SMITH"},{"floor":44,"key":"DIG"},{"floor":49,"key":"DIG"}],"circlet_count":0,"master_deck":["Dualcast","aspiration:Polymerization+1","Capacitor+1","MostiFishMod:TalkingToTheRain","Loop","Loop+1","Rainbow+1","MostiFishMod:DawningShadow+1","Redo","Redo+1","Storm+1","Chaos+1","REME_SelfUpgrade","Time Bomb","Static Discharge+1","aspiration:Polymerization+1","Buffer","White Noise","Time Bomb+1","MostiFishMod:PushDownKick"],"relics":["Cracked Core","DaveBox","REME_ComplimentaryCards","Civilization","SynthV:TestCard","vexMod:MemoryStick","aspiration:FaultyCoupler","Replay:Antivirus Software","ReplayTheSpireMod:Ninjato","Ornamental Fan","Bag of Preparation","ChiXiaoBlade","vexMod:PaidLearning","The Courier","DianPoetry","Replay:Baseball","CeramicFish","aspiration:SecretTechniqueScroll","Shovel","Question Card","Smiling Mask","Golden Egg","Anchor","ArrowTower","Orichalcum","Toolbox","PreservedInsect","Mirror","Replay:Bottled Steam","TimeFreeze","Red Mask","InkBottle"],"acts_visited":["Exordium","TheCity","TheBeyond"],"potions_floor_usage":[],"damage_taken":[{"damage":1,"enemies":"2 Louse","floor":1,"turns":3},{"damage":0,"enemies":"Small Slimes","floor":2,"turns":2},{"damage":18,"enemies":"Gremlin Nob","floor":7,"turns":3},{"damage":18,"enemies":"Lagavulin","floor":10,"turns":5},{"damage":27,"enemies":"3 Sentries","floor":11,"turns":4},{"damage":0,"enemies":"Lagavulin","floor":14,"turns":3},{"damage":0,"enemies":"Slime Boss","floor":16,"turns":4},{"damage":26,"enemies":"2 Thieves","floor":18,"turns":3},{"damage":3,"enemies":"Spheric Guardian","floor":19,"turns":3},{"damage":10,"enemies":"Gremlin Leader","floor":23,"turns":3},{"damage":12,"enemies":"REME_1_Revenger","floor":24,"turns":3},{"damage":29,"enemies":"Replay:Snechameleon","floor":25,"turns":3},{"damage":0,"enemies":"3 Cultists","floor":30,"turns":3},{"damage":16,"enemies":"Champ","floor":33,"turns":4},{"damage":0,"enemies":"3 Darklings","floor":35,"turns":2},{"damage":0,"enemies":"Orb Walker","floor":36,"turns":2},{"damage":18,"enemies":"Sphere and 2 Shapes","floor":39,"turns":2},{"damage":22,"enemies":"Reptomancer","floor":40,"turns":3},{"damage":0,"enemies":"R_Hoarder","floor":42,"turns":3},{"damage":9,"enemies":"Giant Head","floor":45,"turns":3},{"damage":15,"enemies":"2 Orb Walkers","floor":46,"turns":2},{"damage":10,"enemies":"Replay:Hell Engine","floor":50,"turns":3}],"seed_played":"2700428786693623746","potions_obtained":[{"floor":2,"key":"SteroidPotion"},{"floor":10,"key":"LifebloodPotion"},{"floor":11,"key":"DuplicationPotion"},{"floor":33,"key":"Elixir"}],"is_trial":false,"path_per_floor":["M","M","$","?","?","R","E","$","T","E","E","R","R","E","R","B",null,"M","M","?","?","$","E","E","E","T","R","R","R","M","?","R","B",null,"M","M","?","?","M","E","R","E","T","R","E","?","$","?","R","B",null],"character_chosen":"DEFECT","items_purchased":["Capacitor","Loop","Storm","vexMod:PaidLearning","Chaos","Orichalcum","Toolbox","PreservedInsect","Mirror","Replay:Bottled Steam","TimeFreeze"],"campfire_rested":1,"item_purchase_floors":[3,8,22,22,22,47,47,47,47,47,47],"current_hp_per_floor":[76,80,80,80,55,55,42,42,42,29,7,91,91,96,96,101,101,80,82,82,82,82,77,70,46,46,46,46,46,51,64,64,53,136,141,146,146,146,133,116,116,121,121,121,117,107,107,107,107,102],"gold":0,"neow_bonus":"","is_daily":true,"chose_seed":false,"campfire_upgraded":7,"win_rate":0.0,"timestamp":1610808522,"path_taken":["M","M","$","?","?","R","E","?","T","E","E","R","R","E","R","BOSS","M","M","?","?","$","E","E","E","T","R","R","R","M","?","R","BOSS","M","M","?","?","?","E","R","E","T","R","E","?","$","?","R","BOSS"],"items_purchased_type":["Card","Card","Card","Relic","Card","Relic","Relic","Relic","Relic","Relic","Relic"],"build_version":"2020-12-22","purchased_purges":15,"victory":true,"max_hp_per_floor":[77,81,81,81,81,81,86,86,86,91,96,91,91,96,96,101,101,106,111,111,111,111,116,121,126,126,126,126,126,131,131,131,136,136,141,146,146,146,151,156,156,161,161,161,166,171,171,171,171,176],"relic_stats":{"Shovel":2,"counters":[22,62],"Ornamental Fan":[0],"CeramicFish":72,"PreservedInsect":0,"Bag of Preparation":[32],"Orichalcum":[12],"Question Card":2,"Smiling Mask":-96,"obtain_stats":[{"Golden Egg":44,"vexMod:MemoryStick":5,"DaveBox":0,"DianPoetry":24,"CeramicFish":26,"Bag of Preparation":14,"Smiling Mask":43,"Civilization":0,"Shovel":40,"Toolbox":47,"Red Mask":48,"Replay:Antivirus Software":9,"Cracked Core":0,"InkBottle":49,"aspiration:FaultyCoupler":7,"Replay:Bottled Steam":47,"ReplayTheSpireMod:Ninjato":10,"The Courier":23,"PreservedInsect":47,"vexMod:PaidLearning":22,"aspiration:SecretTechniqueScroll":34,"Orichalcum":47,"Question Card":42,"TimeFreeze":47,"Replay:Baseball":25,"Anchor":45,"SynthV:TestCard":1,"Ornamental Fan":11,"ChiXiaoBlade":17,"ArrowTower":46,"Mirror":47,"REME_ComplimentaryCards":0},{"Golden Egg":19,"vexMod:MemoryStick":2,"DaveBox":0,"DianPoetry":11,"CeramicFish":12,"Bag of Preparation":6,"Smiling Mask":19,"Civilization":0,"Shovel":18,"Toolbox":21,"Red Mask":21,"Replay:Antivirus Software":3,"Cracked Core":0,"InkBottle":21,"aspiration:FaultyCoupler":3,"Replay:Bottled Steam":21,"ReplayTheSpireMod:Ninjato":4,"The Courier":10,"PreservedInsect":21,"vexMod:PaidLearning":9,"aspiration:SecretTechniqueScroll":14,"Orichalcum":21,"Question Card":19,"TimeFreeze":21,"Replay:Baseball":12,"Anchor":20,"SynthV:TestCard":1,"Ornamental Fan":5,"ChiXiaoBlade":7,"ArrowTower":21,"Mirror":21,"REME_ComplimentaryCards":0},{"Golden Egg":54,"vexMod:MemoryStick":5,"DaveBox":0,"DianPoetry":33,"CeramicFish":36,"Bag of Preparation":19,"Smiling Mask":54,"Civilization":0,"Shovel":51,"Toolbox":59,"Red Mask":59,"Replay:Antivirus Software":8,"Cracked Core":0,"InkBottle":59,"aspiration:FaultyCoupler":8,"Replay:Bottled Steam":59,"ReplayTheSpireMod:Ninjato":13,"The Courier":30,"PreservedInsect":59,"vexMod:PaidLearning":27,"aspiration:SecretTechniqueScroll":43,"Orichalcum":59,"Question Card":54,"TimeFreeze":59,"Replay:Baseball":36,"Anchor":57,"SynthV:TestCard":3,"Ornamental Fan":17,"ChiXiaoBlade":22,"ArrowTower":59,"Mirror":59,"REME_ComplimentaryCards":0}],"InkBottle":[1]},"card_choices":[{"not_picked":["Stack","Panic Button"],"picked":"aspiration:Polymerization","floor":1},{"not_picked":["Crystallizer","ReplaySort","Stack","Compile Driver","Conserve Battery"],"picked":"SKIP","floor":2},{"not_picked":["Tempest","Lockon","Ball Lightning","Stack"],"picked":"MostiFishMod:TalkingToTheRain","floor":7},{"not_picked":["Compile Driver","Cold Snap","Panic Button","BasicCrystalCard"],"picked":"MostiFishMod:Exploitation","floor":10},{"not_picked":["FIFO Queue","ReplayTheSpireMod:GoodbyeWorld","Beam Cell","ReplaySolidLightProjector"],"picked":"Loop","floor":11},{"not_picked":["Double Energy","MostiFishMod:StarOceanB","ReplayTheSpireMod:System Scan","Redo"],"picked":"Rainbow","floor":14},{"not_picked":["Core Surge","Reboot","MostiFishMod:DeathFromBelow","Fission"],"picked":"MostiFishMod:DawningShadow","floor":16},{"not_picked":["Conserve Battery","Scrape","Go for the Eyes","FTL"],"picked":"Redo","floor":18},{"not_picked":["BasicCrystalCard","Streamline","Steam","Recycle"],"picked":"Redo","floor":19},{"not_picked":["Gash","MostiFishMod:Culaccino","MostiFishMod:LinkProtocol+1","FTL+1"],"picked":"REME_SelfUpgrade","floor":23},{"not_picked":["Reprogram","Beam Cell","Go for the Eyes+1","Rebound","Steam Power"],"picked":"Time Bomb","floor":24},{"not_picked":["MostiFishMod:LinkProtocol","Biased Cognition","Coolheaded","ReplayTheSpireMod:System Scan+1","Beam Cell"],"picked":"BasicCrystalCard","floor":25},{"not_picked":["Coolheaded","Compile Driver","Loop","BasicCrystalCard","Conserve Battery+1"],"picked":"SKIP","floor":30},{"not_picked":["Turbo+1","Beam Cell+1","Chaos","MostiFishMod:ReprogramOld+1"],"picked":"Static Discharge+1","floor":35},{"not_picked":["Loop+1","Compile Driver","MostiFishMod:PushDownKick","Rebound","Sweeping Beam+1"],"picked":"SKIP","floor":36},{"not_picked":["Hello World+1","ReplayTheSpireMod:System Scan","Redo","MostiFishMod:PushDownKick"],"picked":"aspiration:Polymerization","floor":37},{"not_picked":["Redo+1","Steam+1","ReplaySort","Panic Button+1","Sunder"],"picked":"White Noise","floor":39},{"not_picked":["Turbo+1","Darkness+1","Undo+1","Barrage"],"picked":"Time Bomb+1","floor":40},{"not_picked":["MostiFishMod:Distribution","Reprogram+1","Rip and Tear+1","Turbo","Beam Cell","Rebound+1"],"picked":"SKIP","floor":42},{"not_picked":["Go for the Eyes","Coolheaded","MostiFishMod:Prepare","Crystallizer+1","Hologram+1"],"picked":"MostiFishMod:PushDownKick","floor":45}],"player_experience":33630,"relics_obtained":[{"floor":1,"key":"SynthV:TestCard"},{"floor":7,"key":"aspiration:FaultyCoupler"},{"floor":9,"key":"Replay:Antivirus Software"},{"floor":10,"key":"ReplayTheSpireMod:Ninjato"},{"floor":11,"key":"Ornamental Fan"},{"floor":14,"key":"Bag of Preparation"},{"floor":23,"key":"The Courier"},{"floor":24,"key":"DianPoetry"},{"floor":25,"key":"Replay:Baseball"},{"floor":26,"key":"CeramicFish"},{"floor":40,"key":"Shovel"},{"floor":42,"key":"Question Card"},{"floor":43,"key":"Smiling Mask"},{"floor":44,"key":"Golden Egg"},{"floor":45,"key":"Anchor"},{"floor":46,"key":"ArrowTower"},{"floor":49,"key":"InkBottle"}],"event_choices":[{"damage_healed":0,"gold_gain":0,"player_choice":"Success","damage_taken":25,"relics_obtained":["vexMod:MemoryStick"],"max_hp_gain":0,"max_hp_loss":0,"event_name":"Scrap Ooze","floor":5,"gold_loss":0},{"cards_removed":["MostiFishMod:Exploitation"],"damage_healed":0,"gold_gain":0,"player_choice":"Elegance","damage_taken":0,"max_hp_gain":0,"max_hp_loss":0,"event_name":"Back to Basics","floor":20,"gold_loss":0},{"damage_healed":0,"gold_gain":99,"player_choice":"Stole From Cult","damage_taken":0,"max_hp_gain":0,"max_hp_loss":0,"event_name":"Nest","floor":21,"gold_loss":0},{"damage_healed":0,"gold_gain":0,"cards_transformed":["BasicCrystalCard"],"player_choice":"Transformed","damage_taken":0,"max_hp_gain":0,"max_hp_loss":0,"event_name":"Transmorgrifier","floor":38,"gold_loss":0,"cards_obtained":["Buffer"]},{"damage_healed":0,"gold_gain":0,"player_choice":"Fight","damage_taken":0,"max_hp_gain":0,"max_hp_loss":0,"event_name":"Mysterious Sphere","floor":46,"gold_loss":0},{"damage_healed":0,"gold_gain":0,"player_choice":"Paid","damage_taken":0,"relics_obtained":["Red Mask"],"max_hp_gain":0,"max_hp_loss":0,"event_name":"Tomb of Lord Red Mask","floor":48,"gold_loss":21}],"is_beta":false,"boss_relics":[{"not_picked":["vexMod:DeviousBotling","xbg"],"picked":"ChiXiaoBlade"},{"not_picked":["SynthV:MejaisSoulstealer","Fusion Hammer"],"picked":"aspiration:SecretTechniqueScroll"}],"items_purged_floors":[3,3,3,3,3,3,3,3,3,3,3,8,22,47,47],"is_endless":false,"potions_floor_spawned":[2,10,11,16,18,24,33,35,40,46],"ascension_level":0}}