{"host":"odz7g4gpgch153rb","time":1610770471,"event":{"mods":["AchievementEnabler","BaseMod","Better Match","Better Third Choice","BetterRewards","GifTheSpireLib","Infinite Spire","Jedi Mod","Minty Spire (QoL Compilation)","Quick Restart","Replay The Spire","Spikes Relics","StSLib","Stuff the Spire","The Blue Laboratory","Trackpad"],"gold_per_floor":[116,116,116,131,148,148,178,178,203,233,233,133,185,210,210,287,337,348,348,348,364,324,324,355,203,203,203,55,86,103,113,113,191,191,210,137,150,150,0,32,32,49,49,49,64,164,181,197,197,197],"floor_reached":51,"language":"ENG","playtime":4066,"items_purged":["Defend_P","Strike_P","Strike_P"],"score":1583,"play_id":"15ffc9b3-bc2c-4fe9-b103-7a597641c6e0","local_time":"20210115231431","is_ascension_mode":true,"campfire_choices":[{"data":"Eruption","floor":6.0,"key":"SMITH"},{"data":"StuffTheSpire:Innocence","floor":8.0,"key":"SMITH"},{"floor":15.0,"key":"REST"},{"data":"Vigilance","floor":23.0,"key":"SMITH"},{"data":"Ragnarok","floor":27.0,"key":"SMITH"},{"data":"BowlingBash","floor":32.0,"key":"SMITH"},{"data":"Panacea","floor":41,"key":"SMITH"},{"data":"Consecrate","floor":44,"key":"SMITH"},{"data":"TalkToTheHand","floor":49,"key":"SMITH"}],"circlet_count":0,"master_deck":["AscendersBane","Strike_P+1","Strike_P+1","Defend_P","Defend_P+1","Defend_P","Eruption+1","Panacea+1","TalkToTheHand+1","Prostrate+1","StuffTheSpire:Innocence+1","Establishment","CarveReality+1","Ragnarok+1","LikeWater","MentalFortress+1","Consecrate+1","StuffTheSpire:Innocence+1","BowlingBash+1","Vigilance+1","BattleHymn","Protect+1","Consecrate","TalkToTheHand"],"relics":["PureWater","Lee\u0027s Waffle","Gremlin Food","TungstenRod","infinitespire:Golems Mask","Blood Vial","StuffTheSpire:Mouthbags","StuffTheSpire:Barrel","HornCleat","Tiny House","StuffTheSpire:Experiment12","Kunai","DollysMirror","Letter Opener","trackpad:PetRock","infinitespire:Lucky Rock","Philosopher\u0027s Stone","Red Mask","WizardHat","Bottled Tornado"],"acts_visited":["Exordium","TheCity","TheBeyond"],"potions_floor_usage":[50,50],"damage_taken":[{"damage":0.0,"enemies":"2 Louse","floor":1.0,"turns":3.0},{"damage":0.0,"enemies":"Jaw Worm","floor":4.0,"turns":3.0},{"damage":4.0,"enemies":"Small Slimes","floor":5.0,"turns":4.0},{"damage":26.0,"enemies":"Replay:BlueRogue","floor":7.0,"turns":11.0},{"damage":14.0,"enemies":"3 Sentries","floor":10.0,"turns":9.0},{"damage":2.0,"enemies":"Lagavulin","floor":14.0,"turns":6.0},{"damage":18.0,"enemies":"The Guardian","floor":16.0,"turns":9.0},{"damage":5.0,"enemies":"2 Thieves","floor":18.0,"turns":3.0},{"damage":0.0,"enemies":"Spheric Guardian","floor":21.0,"turns":4.0},{"damage":24.0,"enemies":"Slavers","floor":24.0,"turns":4.0},{"damage":0.0,"enemies":"Replay:Snechameleon","floor":29.0,"turns":6.0},{"damage":0.0,"enemies":"Snecko","floor":30.0,"turns":3.0},{"damage":0.0,"enemies":"Shelled Parasite and Fungi","floor":31.0,"turns":3.0},{"damage":11,"enemies":"Automaton","floor":33,"turns":10},{"damage":1,"enemies":"3 Shapes","floor":35,"turns":2},{"damage":0,"enemies":"3 Darklings","floor":37,"turns":6},{"damage":0,"enemies":"R_Hoarder","floor":40,"turns":6},{"damage":1,"enemies":"4 Shapes","floor":42,"turns":4},{"damage":9,"enemies":"Transient","floor":45,"turns":5},{"damage":3,"enemies":"Jaw Worm Horde","floor":47,"turns":5},{"damage":19,"enemies":"Sphere and 2 Shapes","floor":48,"turns":5},{"damage":23,"enemies":"infinitespire:MassOfShapes","floor":50,"turns":11}],"seed_played":"6699177592060878078","potions_obtained":[{"floor":7.0,"key":"Elixir"},{"floor":10.0,"key":"Explosive Potion"},{"floor":17.0,"key":"Death Potion"},{"floor":21.0,"key":"Adrenaline Potion"},{"floor":31.0,"key":"blueLaboratory:PressurePotion"},{"floor":33,"key":"SteroidPotion"},{"floor":45,"key":"Explosive Potion"},{"floor":48,"key":"Dexterity Potion"}],"is_trial":false,"path_per_floor":["M","?","?","M","M","R","E","R","T","E","?","$","?","E","R","B",null,"M","?","AVR","M","?","R","E","$","T","R","$","E","M","M","R","B",null,"M","$","M","$","?","E","R","M","T","R","M","?","M","M","R","B",null],"character_chosen":"WATCHER","items_purchased":["Lee\u0027s Waffle","Gremlin Food","Panacea","TalkToTheHand","Prostrate","DollysMirror","trackpad:PetRock","BattleHymn"],"campfire_rested":1,"item_purchase_floors":[0,0,0,0,0,25,28,36],"current_hp_per_floor":[75,75,69,69,65,65,39,39,39,27,27,27,27,27,49,33,70,67,67,67,69,69,69,47,47,47,47,47,49,51,53,53,44,71,72,72,74,74,74,80,80,80,80,80,79,79,77,60,60,39],"gold":197,"neow_bonus":"","is_daily":false,"chose_seed":false,"campfire_upgraded":8,"win_rate":0.0,"timestamp":1610770471,"path_taken":["M","?","?","M","?","R","E","R","T","E","?","?","?","E","R","BOSS","M","?","AVR","M","?","R","E","$","T","R","$","E","M","?","R","BOSS","M","$","?","$","?","E","R","M","T","R","M","?","M","M","R","BOSS"],"items_purchased_type":["Relic","Relic","Card","Card","Card","Relic","Relic","Card"],"build_version":"2020-12-22","purchased_purges":3,"victory":true,"max_hp_per_floor":[75,75,75,75,75,75,75,75,75,75,75,75,75,75,75,75,80,80,80,80,80,80,80,80,80,80,80,80,80,80,80,80,80,80,80,80,80,80,80,80,80,80,80,80,80,80,80,80,80,80],"card_choices":[{"not_picked":["Fasting2","CutThroughFate","PathToVictory"],"picked":"SKIP","floor":1.0},{"not_picked":["EmptyBody","Replay:AtTheReady","PathToVictory"],"picked":"SKIP","floor":4.0},{"not_picked":["WreathOfFlame","JustLucky","Halt"],"picked":"SKIP","floor":5.0},{"not_picked":["Replay:ManipulateFuture","Protect"],"picked":"Establishment","floor":7.0},{"not_picked":["JustLucky","Weave"],"picked":"CarveReality","floor":10.0},{"not_picked":["Replay:ManipulateFuture","Replay:Cycle","Brilliance"],"picked":"SKIP","floor":14.0},{"not_picked":["Vault","LessonLearned"],"picked":"Ragnarok","floor":16.0},{"not_picked":["CutThroughFate","Wallop"],"picked":"LikeWater","floor":17.0},{"not_picked":["Meditate","FollowUp"],"picked":"MentalFortress+1","floor":18.0},{"not_picked":["Evaluate+1","Replay:BluntJabs","PathToVictory"],"picked":"SKIP","floor":21.0},{"not_picked":["Vengeance","Replay:Hum","Meditate"],"picked":"SKIP","floor":24.0},{"not_picked":["Replay:Vibes+1","PathToVictory+1","SignatureMove+1"],"picked":"SKIP","floor":29.0},{"not_picked":["MentalFortress","Evaluate","Replay:AtTheReady"],"picked":"SKIP","floor":30.0},{"not_picked":["Consecrate","Meditate+1"],"picked":"BowlingBash","floor":31.0},{"not_picked":["EmptyFist","ThirdEye","Evaluate+1"],"picked":"SKIP","floor":35},{"not_picked":["PathToVictory+1","Sanctity+1","Protect"],"picked":"SKIP","floor":37},{"not_picked":["Swivel","Replay:Cycle"],"picked":"Protect+1","floor":40},{"not_picked":["Omniscience","EmptyBody+1","Wireheading"],"picked":"SKIP","floor":42},{"not_picked":["Replay:ManipulateFuture","JustLucky"],"picked":"Consecrate","floor":45},{"not_picked":["Nirvana","BowlingBash+1","EmptyBody"],"picked":"SKIP","floor":47},{"not_picked":["Meditate","Prostrate"],"picked":"TalkToTheHand","floor":48}],"player_experience":1049458,"relics_obtained":[{"floor":7.0,"key":"Blood Vial"},{"floor":9.0,"key":"StuffTheSpire:Mouthbags"},{"floor":10.0,"key":"StuffTheSpire:Barrel"},{"floor":14.0,"key":"HornCleat"},{"floor":24.0,"key":"Kunai"},{"floor":26.0,"key":"Letter Opener"},{"floor":29.0,"key":"infinitespire:Lucky Rock"},{"floor":40,"key":"WizardHat"},{"floor":43,"key":"Bottled Tornado"}],"event_choices":[{"damage_healed":0.0,"max_hp_gain":0.0,"max_hp_loss":0.0,"gold_gain":52.0,"event_name":"Golden Wing","player_choice":"Gained Gold","floor":13.0,"gold_loss":0.0,"damage_taken":0.0},{"damage_healed":0.0,"max_hp_gain":0.0,"max_hp_loss":0.0,"gold_gain":0.0,"event_name":"The Library","player_choice":"Read","floor":19.0,"gold_loss":0.0,"damage_taken":0.0,"cards_obtained":["Consecrate"]},{"damage_healed":0.0,"max_hp_gain":0.0,"max_hp_loss":0.0,"gold_gain":0.0,"event_name":"Designer","player_choice":"Upgraded Two","floor":22.0,"gold_loss":40.0,"damage_taken":0.0,"cards_upgraded":["Prostrate","Defend_P"]},{"damage_healed":0,"gold_gain":0,"player_choice":"Paid","damage_taken":0,"relics_obtained":["Red Mask"],"max_hp_gain":0,"max_hp_loss":0,"event_name":"Tomb of Lord Red Mask","floor":39,"gold_loss":150},{"damage_healed":0,"gold_gain":100,"player_choice":"Pray","damage_taken":0,"max_hp_gain":0,"max_hp_loss":0,"event_name":"Golden Shrine","floor":46,"gold_loss":0}],"is_beta":false,"boss_relics":[{"not_picked":["Empty Cage","Replay:Bronze Core"],"picked":"Tiny House"},{"not_picked":["StuffTheSpire:Kangaroo","ReplayTheSpireMod:SealedPack"],"picked":"Philosopher\u0027s Stone"}],"items_purged_floors":[0,12,20],"is_endless":false,"potions_floor_spawned":[7,10,21,31,33,40,45,47,48],"ascension_level":14}}