{"host":"xttq6c038pg3qyaq","time":1610801037,"event":{"mods":["BaseMod","Bestiary","Downfall","Hermit","Marisa（霧雨　魔理沙）","Minty Spire (QoL Compilation)","StSLib"],"gold_per_floor":[99,119,134,234,234,234,302,302,322,348,375,395,295,324,343,438,438,438,453,467,483,497,497,497,497,512,512,522,46,46,121,139,139,139,139],"floor_reached":33,"language":"ENG","playtime":2221,"items_purged":["downfall:Malfunctioning"],"score":284,"play_id":"34014fa4-4eb3-4ecd-ab18-36c7e895fcf0","local_time":"20210116231357","is_ascension_mode":false,"campfire_choices":[{"data":"hexamod:Float","floor":1,"key":"SMITH"},{"data":"hexamod:BurningTouch","floor":13,"key":"SMITH"},{"data":"hexamod:HeatShield","floor":18,"key":"SMITH"},{"floor":23,"key":"REST"},{"floor":25,"key":"REST"},{"data":"hexamod:Sear","floor":27,"key":"SMITH"}],"circlet_count":0,"master_deck":["hexamod:Strike","hexamod:Strike","hexamod:Strike","hexamod:Strike","hexamod:Defend+1","hexamod:Defend","hexamod:Defend+1","hexamod:Defend+1","hexamod:Sear+1","hexamod:Float+1","hexamod:FirstSeal","hexamod:Firestarter","hexamod:BurningTouch+1","hexamod:ThermalTransfer+1","hexamod:FastForward","hexamod:HeatShield+1","hexamod:Hexaguard","hexamod:TimeOfNeed","hexamod:BurningTouch+1","hexamod:HeatMetal+1","hexamod:ChargedBarrage+1","hexamod:ThermalTransfer+1","hexamod:RadiantFlame+1","hexamod:PhantomFireball+1","hexamod:RadiantFlame","RitualDagger+1","hexamod:PhantomFireball+1"],"relics":["hexamod:SpiritBrand","Molten Egg 2","Sundial","downfall:HeartBlessingBlue","Akabeko","Black Star","Smiling Mask","Calipers","HornCleat"],"acts_visited":["Exordium","TheCity"],"potions_floor_usage":[14,16],"damage_taken":[{"damage":9,"enemies":"Small Slimes","floor":2,"turns":3},{"damage":7,"enemies":"2 Louse","floor":3,"turns":4},{"damage":0,"enemies":"Cultist","floor":8,"turns":1},{"damage":12,"enemies":"2 Fungi Beasts","floor":9,"turns":5},{"damage":15,"enemies":"Lagavulin","floor":11,"turns":7},{"damage":8,"enemies":"Exordium Wildlife","floor":12,"turns":5},{"damage":18,"enemies":"3 Sentries","floor":14,"turns":7},{"damage":5,"enemies":"3 Louse","floor":15,"turns":4},{"damage":41,"enemies":"DF_ARCHETYPE_STREAMLINE","floor":16,"turns":12},{"damage":7,"enemies":"Shell Parasite","floor":19,"turns":5},{"damage":20,"enemies":"Spheric Guardian","floor":20,"turns":6},{"damage":34,"enemies":"Chosen and Byrds","floor":21,"turns":8},{"damage":37,"enemies":"Cultist and Chosen","floor":22,"turns":7},{"damage":30,"enemies":"3 Cultists","floor":26,"turns":7},{"damage":36,"enemies":"Snecko","floor":28,"turns":6},{"damage":0,"enemies":"downfall:FleeingMerchant","floor":29,"turns":4},{"damage":0,"enemies":"Snake Plant","floor":32,"turns":3},{"damage":10,"enemies":"WA_ARCHETYPE_CALM","floor":33,"turns":5}],"seed_played":"-4287013687196927864","potions_obtained":[{"floor":2,"key":"hexamod:DoubleChargePotion"},{"floor":3,"key":"hexamod:SoulburnPotion"},{"floor":22,"key":"CultistPotion"},{"floor":26,"key":"Ancient Potion"},{"floor":30,"key":"CultistPotion"},{"floor":32,"key":"hexamod:DoubleChargePotion"}],"is_trial":false,"path_per_floor":["R","M","M","?","?","?","T","M","M","T","E","M","R","E","M","B",null,"R","M","M","M","M","R","T","R","M","R","M","$","?","T","M","B"],"character_chosen":"THE_SPIRIT","items_purchased":["hexamod:PhantomFireball+1","Calipers","hexamod:RadiantFlame"],"campfire_rested":2,"item_purchase_floors":[29,29,29],"current_hp_per_floor":[77,68,68,68,68,68,68,68,63,63,55,54,64,53,55,21,87,87,80,67,40,10,36,36,62,39,39,3,10,10,10,10,0,0,0],"gold":139,"neow_bonus":"TEN_PERCENT_HP_BONUS","is_daily":false,"chose_seed":false,"campfire_upgraded":4,"win_rate":0.0,"timestamp":1610801037,"path_taken":["R","M","M","?","?","?","T","M","M","?","E","M","R","E","M","BOSS","R","M","M","M","?","R","T","R","M","R","M","$","?","?","M","BOSS"],"items_purchased_type":["Card","Relic","Card"],"build_version":"2020-12-22","purchased_purges":1,"victory":false,"max_hp_per_floor":[77,77,77,77,77,77,77,77,77,77,77,77,87,87,87,87,87,87,87,87,87,87,87,87,87,87,87,87,87,87,87,87,87,87,87],"card_choices":[{"not_picked":["hexamod:NightmareGuise","hexamod:HeatShield"],"picked":"hexamod:FirstSeal","floor":2},{"not_picked":["hexamod:NightmareStrike","hexamod:NightmareGuise"],"picked":"hexamod:Firestarter","floor":3},{"not_picked":["hexamod:Rewind","hexamod:HauntingEcho+1"],"picked":"hexamod:BurningTouch","floor":8},{"not_picked":["hexamod:FourthSeal","hexamod:Firestarter+1"],"picked":"hexamod:ThermalTransfer+1","floor":9},{"not_picked":["hexamod:NightmareStrike+1","hexamod:Firestarter+1","hexamod:SecondSeal"],"picked":"SKIP","floor":11},{"not_picked":["hexamod:SwordOfDarkness+1","hexamod:FourthSeal"],"picked":"hexamod:FastForward","floor":12},{"not_picked":["hexamod:CatchUp","hexamod:StepThrough+1"],"picked":"hexamod:HeatShield","floor":14},{"not_picked":["hexamod:RainOfEmbers+1","hexamod:ForkedFlame+1"],"picked":"hexamod:Hexaguard","floor":15},{"not_picked":["hexamod:GhostflameInferno","hexamod:TimeWarp+1"],"picked":"hexamod:TimeOfNeed","floor":16},{"not_picked":["hexamod:ChargedBarrage","hexamod:SwordOfDarkness+1"],"picked":"hexamod:BurningTouch+1","floor":19},{"not_picked":["hexamod:NightmareStrike+1","hexamod:NightmareGuise+1"],"picked":"hexamod:HeatMetal+1","floor":20},{"not_picked":["hexamod:Hexaguard","hexamod:ShieldOfDarkness"],"picked":"hexamod:ChargedBarrage+1","floor":21},{"not_picked":["hexamod:SwordOfDarkness+1","hexamod:AdvancingGuard","hexamod:SpectersWail+1"],"picked":"SKIP","floor":22},{"not_picked":["hexamod:ThirdSeal","hexamod:GhostOfSpirePast"],"picked":"hexamod:ThermalTransfer+1","floor":26},{"not_picked":["hexamod:TimeOfNeed","hexamod:RetreatToShadows+1"],"picked":"hexamod:RadiantFlame+1","floor":28},{"not_picked":["hexamod:GhostShield","hexamod:RecurringNightmare","hexamod:ShieldOfDarkness+1"],"picked":"SKIP","floor":29},{"not_picked":["hexamod:HauntingEcho+1","hexamod:FastForward"],"picked":"hexamod:PhantomFireball+1","floor":32}],"player_experience":580421,"relics_obtained":[{"floor":7,"key":"Molten Egg 2"},{"floor":11,"key":"Sundial"},{"floor":14,"key":"Akabeko"},{"floor":24,"key":"Smiling Mask"},{"floor":31,"key":"HornCleat"}],"event_choices":[],"is_beta":false,"boss_relics":[{"not_picked":["Empty Cage","SacredBark"],"picked":"Black Star"}],"items_purged_floors":[29],"is_endless":false,"potions_floor_spawned":[2,3,22,26,32],"killed_by":"WA_ARCHETYPE_CALM","ascension_level":0}}