{"host":"dm4yvegl9um2tlqd","time":1610758572,"event":{"mods":["2.2 Compatiblity","AchievementEnabler","BaseMod","Colored Map","DeckTracker","Highlight Path","KOR Keyword Fix","Keyboard Shortcuts","Minty Spire (QoL Compilation)","Permanent Neow","Quick Restart","Random Character Button","StSLib","SuperFastMode","everything is the same but u backflip on backflip"],"gold_per_floor":[215,232,14,33,45,45,45,70,70,81,81,92,92,119,119,218,268,285,285,303,319,338,338,16,49,49,59,59,89,106,106,106,202,202,215,215,42,56,74,74,119,119,145,145,161,174,49,60,60,60],"floor_reached":51,"language":"KOR","playtime":2565,"items_purged":["Strike_G","Strike_G","Strike_G"],"score":971,"play_id":"8abe0a89-f3b9-4576-a201-aeb47ff57250","local_time":"20210116095612","is_ascension_mode":true,"campfire_choices":[{"data":"Concentrate","floor":6.0,"key":"SMITH"},{"data":"A Thousand Cuts","floor":11.0,"key":"SMITH"},{"floor":13.0,"key":"REST"},{"data":"Neutralize","floor":15.0,"key":"SMITH"},{"data":"Bullet Time","floor":23,"key":"SMITH"},{"floor":28,"key":"REST"},{"floor":32,"key":"REST"},{"data":"Calculated Gamble","floor":40,"key":"SMITH"},{"data":"Footwork","floor":42,"key":"SMITH"},{"data":"Wraith Form v2","floor":44,"key":"SMITH"},{"floor":49,"key":"REST"}],"circlet_count":0,"master_deck":["Strike_G","Strike_G","Defend_G","Defend_G","Defend_G","Defend_G","Defend_G","Survivor","Neutralize+1","Poisoned Stab","Heel Hook","Adrenaline","Dagger Throw","Eviscerate","Dagger Spray","Concentrate+1","Calculated Gamble+1","Backstab+1","A Thousand Cuts+1","Well Laid Plans","Riddle With Holes","Backflip","Bullet Time+1","Blade Dance","Reflex+1","Masterful Stab","Footwork+1","Backflip","Distraction+1","Decay","Wraith Form v2+1","Backflip+1","Backflip+1","Parasite","Prepared"],"relics":["Ring of the Snake","Orrery","Darkstone Periapt","Question Card","Shuriken","Anchor","Tiny House","Pantograph","Ginger","Orichalcum","PreservedInsect","WristBlade","Centennial Puzzle","Du-Vu Doll","Lantern"],"acts_visited":["Exordium","TheCity","TheBeyond"],"potions_floor_usage":[16,16,22,25,27,27,33,33,41,46,50,50,50],"damage_taken":[{"damage":1.0,"enemies":"Small Slimes","floor":1.0,"turns":3.0},{"damage":0.0,"enemies":"Jaw Worm","floor":2.0,"turns":4.0},{"damage":0.0,"enemies":"Cultist","floor":4.0,"turns":2.0},{"damage":6.0,"enemies":"Gremlin Gang","floor":5.0,"turns":4.0},{"damage":7.0,"enemies":"Gremlin Nob","floor":8.0,"turns":3.0},{"damage":0.0,"enemies":"2 Fungi Beasts","floor":10.0,"turns":1.0},{"damage":4.0,"enemies":"Exordium Thugs","floor":12.0,"turns":3.0},{"damage":32.0,"enemies":"Lagavulin","floor":14.0,"turns":6.0},{"damage":13,"enemies":"Hexaghost","floor":16,"turns":8},{"damage":13,"enemies":"3 Byrds","floor":18,"turns":4},{"damage":0,"enemies":"Spheric Guardian","floor":20,"turns":2},{"damage":15,"enemies":"Snake Plant","floor":21,"turns":4},{"damage":4,"enemies":"Centurion and Healer","floor":22,"turns":4},{"damage":15,"enemies":"Slavers","floor":25,"turns":3},{"damage":8,"enemies":"Cultist and Chosen","floor":27,"turns":7},{"damage":24,"enemies":"Gremlin Leader","floor":29,"turns":5},{"damage":0,"enemies":"Chosen and Byrds","floor":30,"turns":3},{"damage":40,"enemies":"Collector","floor":33,"turns":7},{"damage":5,"enemies":"3 Shapes","floor":35,"turns":7},{"damage":8,"enemies":"3 Darklings","floor":38,"turns":5},{"damage":9,"enemies":"Maw","floor":39,"turns":6},{"damage":22,"enemies":"2 Orb Walkers","floor":41,"turns":4},{"damage":0,"enemies":"Writhing Mass","floor":45,"turns":5},{"damage":28,"enemies":"4 Shapes","floor":46,"turns":11},{"damage":0,"enemies":"Jaw Worm Horde","floor":48,"turns":3},{"damage":10,"enemies":"Time Eater","floor":50,"turns":8}],"seed_played":"1889821508931899393","potions_obtained":[{"floor":2.0,"key":"Poison Potion"},{"floor":4.0,"key":"BlessingOfTheForge"},{"floor":10.0,"key":"Dexterity Potion"},{"floor":14.0,"key":"FearPotion"},{"floor":17,"key":"Weak Potion"},{"floor":21,"key":"SkillPotion"},{"floor":22,"key":"Dexterity Potion"},{"floor":25,"key":"ColorlessPotion"},{"floor":29,"key":"Weak Potion"},{"floor":30,"key":"PowerPotion"},{"floor":38,"key":"Poison Potion"},{"floor":41,"key":"CultistPotion"},{"floor":45,"key":"Swift Potion"},{"floor":48,"key":"Dexterity Potion"}],"is_trial":false,"path_per_floor":["M","M","$","M","M","R","?","E","T","M","R","M","R","E","R","B",null,"M","?","M","M","M","R","$","E","T","M","R","E","M","?","R","B",null,"M","?","$","M","M","R","?","R","T","R","M","M","$","M","R","B",null],"character_chosen":"THE_SILENT","items_purchased":["Orrery","Concentrate","Pantograph","Regen Potion"],"campfire_rested":4,"item_purchase_floors":[3,3,24,37],"current_hp_per_floor":[62,62,62,62,56,56,38,31,31,31,31,27,48,16,16,3,58,45,45,45,30,26,26,26,11,11,3,25,1,1,7,31,16,65,60,60,60,52,43,43,33,33,33,33,39,11,11,11,37,52],"gold":60,"neow_bonus":"HUNDRED_GOLD","is_daily":false,"chose_seed":false,"campfire_upgraded":7,"win_rate":0.0,"timestamp":1610758572,"path_taken":["M","M","$","M","M","R","?","E","T","M","R","M","R","E","R","BOSS","M","?","M","M","M","R","$","E","T","M","R","E","M","?","R","BOSS","M","?","$","?","?","R","?","R","T","R","M","M","?","M","R","BOSS"],"items_purchased_type":["Relic","Card","Relic","Potion"],"build_version":"2020-12-22","purchased_purges":3,"victory":true,"max_hp_per_floor":[70,70,70,70,70,70,70,70,70,70,70,70,70,70,70,70,75,75,75,75,75,75,75,75,75,75,75,75,75,75,81,81,81,81,81,81,81,81,81,81,81,81,81,81,87,87,87,87,87,87],"card_choices":[{"not_picked":["Quick Slash","Underhanded Strike"],"picked":"Poisoned Stab","floor":1.0},{"not_picked":["Blur","Infinite Blades"],"picked":"Heel Hook","floor":2.0},{"not_picked":["PiercingWail","Outmaneuver"],"picked":"Adrenaline","floor":3.0},{"not_picked":["Cloak And Dagger","Infinite Blades"],"picked":"Dagger Throw","floor":3.0},{"not_picked":["Blur","Prepared"],"picked":"Eviscerate","floor":3.0},{"not_picked":["Escape Plan","Bane"],"picked":"Dagger Spray","floor":3.0},{"not_picked":["Wraith Form v2","Masterful Stab"],"picked":"Calculated Gamble","floor":4.0},{"not_picked":["Cloak And Dagger","Crippling Poison"],"picked":"Backstab","floor":5.0},{"not_picked":["Footwork","Prepared"],"picked":"A Thousand Cuts","floor":8.0},{"not_picked":["Outmaneuver","Deflect","Poisoned Stab"],"picked":"Well Laid Plans","floor":10.0},{"not_picked":["Infinite Blades","Catalyst","Underhanded Strike"],"picked":"Riddle With Holes","floor":12.0},{"not_picked":["Blur","Endless Agony","Dash"],"picked":"Backflip","floor":14.0},{"not_picked":["Envenom","Die Die Die","Burst"],"picked":"Bullet Time","floor":16},{"not_picked":["Outmaneuver","Crippling Poison","Infinite Blades"],"picked":"Blade Dance","floor":17},{"not_picked":["Dagger Spray+1","Flying Knee","Underhanded Strike"],"picked":"Reflex+1","floor":18},{"not_picked":["Quick Slash+1","Underhanded Strike","Sucker Punch"],"picked":"Masterful Stab","floor":20},{"not_picked":["Backstab","Crippling Poison+1","All Out Attack","Cloak And Dagger"],"picked":"SKIP","floor":21},{"not_picked":["Flying Knee","All Out Attack","Underhanded Strike"],"picked":"Footwork","floor":22},{"not_picked":["Poisoned Stab+1","Concentrate","Deadly Poison"],"picked":"Backflip","floor":25},{"not_picked":["Deadly Poison","Corpse Explosion","Expertise"],"picked":"Distraction+1","floor":27},{"not_picked":["Concentrate","Quick Slash","Sucker Punch+1","Outmaneuver"],"picked":"SKIP","floor":29},{"not_picked":["Prepared","Well Laid Plans","Dodge and Roll","Quick Slash"],"picked":"SKIP","floor":30},{"not_picked":["A Thousand Cuts","Phantasmal Killer","Envenom"],"picked":"Wraith Form v2","floor":33},{"not_picked":["Deflect","Bane","Well Laid Plans+1"],"picked":"Backflip+1","floor":35},{"not_picked":["Dagger Throw+1","Sucker Punch+1","Poisoned Stab+1"],"picked":"Backflip+1","floor":38},{"not_picked":["Riddle With Holes+1","Expertise+1","Crippling Poison+1","Cloak And Dagger"],"picked":"SKIP","floor":39},{"not_picked":["Caltrops","Deadly Poison","Backflip+1"],"picked":"Prepared","floor":45},{"not_picked":["Dash+1","Distraction","Dodge and Roll","Slice"],"picked":"SKIP","floor":46},{"not_picked":["Backstab","Masterful Stab","Poisoned Stab+1","Riddle With Holes"],"picked":"SKIP","floor":48}],"player_experience":50461,"relics_obtained":[{"floor":8.0,"key":"Question Card"},{"floor":9.0,"key":"Shuriken"},{"floor":14.0,"key":"Anchor"},{"floor":25,"key":"Ginger"},{"floor":26,"key":"Orichalcum"},{"floor":29,"key":"PreservedInsect"},{"floor":36,"key":"Centennial Puzzle"},{"floor":41,"key":"Du-Vu Doll"},{"floor":43,"key":"Lantern"}],"event_choices":[{"damage_healed":0.0,"max_hp_gain":0.0,"max_hp_loss":0.0,"gold_gain":0.0,"event_name":"Scrap Ooze","player_choice":"Success","floor":7.0,"gold_loss":0.0,"damage_taken":18.0,"relics_obtained":["Darkstone Periapt"]},{"damage_healed":0,"gold_gain":0,"player_choice":"Ignored","damage_taken":0,"max_hp_gain":0,"max_hp_loss":0,"event_name":"Ghosts","floor":19,"gold_loss":0},{"damage_healed":0,"gold_gain":0,"player_choice":"Smashed Altar","damage_taken":0,"max_hp_gain":0,"max_hp_loss":0,"event_name":"Forgotten Altar","floor":31,"gold_loss":0,"cards_obtained":["Decay"]},{"damage_healed":0,"gold_gain":0,"player_choice":"Relic","damage_taken":0,"max_hp_gain":0,"max_hp_loss":0,"event_name":"Wheel of Change","floor":36,"gold_loss":0},{"damage_healed":0,"gold_gain":0,"player_choice":"Fight","damage_taken":0,"max_hp_gain":0,"max_hp_loss":0,"event_name":"Mysterious Sphere","floor":41,"gold_loss":0}],"is_beta":false,"boss_relics":[{"not_picked":["Runic Dome","Cursed Key"],"picked":"Tiny House"},{"not_picked":["Empty Cage","Fusion Hammer"],"picked":"WristBlade"}],"items_purged_floors":[24,37,47],"is_endless":false,"potions_floor_spawned":[2,4,10,14,21,22,25,29,30,38,41,45,48],"ascension_level":6}}