{"host":"jfdrqiydeufe5vnu","time":1610805359,"event":{"mods":["ATMod(阿瑾Mod)","Arknights The Spire","BaseMod","BetterRewards","Downfall","Energized Spire","LagranYue(拉格朗・月)","Minty Spire (QoL Compilation)","Spicy Shops","StSLib","UnlockEverythingMod","【遗物卡牌】REMEMod","篝火指南"],"gold_per_floor":[112,112,112,287,17,17,36,56,56,77,102,102,433,566,470,701,701,720,239,239,239,252,395,469,469,493,61,85,220,240,51,51,274,274,292,15,15,15,70,212,221,248,301,317,333,333,59,73,73,273,273,13,13,261,361],"floor_reached":56,"language":"ZHS","playtime":1115,"items_purged":["AT_Homeward","Regret","Regret","Doubt"],"score":1773,"play_id":"70b1b20a-b0f0-444c-acbf-1d83f888410e","local_time":"20210116215559","is_ascension_mode":false,"campfire_choices":[{"floor":6.0,"key":"REST"},{"floor":12.0,"key":"REST"},{"floor":25,"key":"RECALL"},{"floor":32,"key":"REST"},{"data":"Heavy Blade","floor":49,"key":"SMITH"}],"circlet_count":0,"master_deck":["Strike_R","Strike_R","Strike_R","Strike_R","Strike_R","Defend_R","Defend_R","Defend_R","Defend_R+1","Bash","AT_FamilyPortrait","Flex+1","Spot Weakness","Heavy Blade","Heavy Blade+1","Combust","Bludgeon","Inflame+1","Iron Wave+1","Cleave","Flex","AT_DrawKnifeCut+1","AT_DrawKnifeCut","Flex","AT_IchimonjiDouble+1","Seeing Red+1","Hemokinesis","REME_FirmDetermination+1","Havoc+1","AT_DrawKnifeCut","Flash of Steel","Heavy Blade"],"relics":["Burning Blood","REME_ComplimentaryCards","AT_ATBox","LagranYue:RandomDrawCardRelic","REME_PuzzleBoxRelic","Boot","AT_TheCollector","Brimstone","Anchor","Golden Idol","Membership Card","Orichalcum","WingedGreaves","Centennial Puzzle","AT_TimeSand","Pantograph","Du-Vu Doll","Sundial","Cauldron","AT_TrinityForce","Frozen Egg 2","Lantern","Kunai","Sling","Chemical X","MutagenicStrength","Tiny Chest","Art of War","AT_RedNoBalance","AT_BellowingDragoncrestRing","Medical Kit","Ancient Tea Set","Blood Vial","Happy Flower","Bag of Marbles","Orrery","Mark of Pain","AT_DeathDance","LagranYue:MagicReflectiveArmorRelic","War Paint","CeramicFish","REME_HandOfSuture","Dream Catcher","Nunchaku","AT_RedTearstoneRing","Pen Nib","ClockworkSouvenir","Lizard Tail","OrangePellets","Bronze Scales","Bag of Preparation"],"acts_visited":["Exordium","TheCity","TheBeyond","TheEnding"],"potions_floor_usage":[],"damage_taken":[{"damage":0.0,"enemies":"2 Louse","floor":1.0,"turns":1.0},{"damage":3.0,"enemies":"Small Slimes","floor":7.0,"turns":3.0},{"damage":2.0,"enemies":"Jaw Worm","floor":8.0,"turns":2.0},{"damage":24.0,"enemies":"Gremlin Gang","floor":10.0,"turns":3.0},{"damage":1.0,"enemies":"Looter","floor":11.0,"turns":2.0},{"damage":14.0,"enemies":"3 Sentries","floor":13.0,"turns":4.0},{"damage":9.0,"enemies":"Lagavulin","floor":14.0,"turns":4.0},{"damage":25.0,"enemies":"The Guardian","floor":16.0,"turns":4.0},{"damage":0.0,"enemies":"Shell Parasite","floor":18.0,"turns":2.0},{"damage":16,"enemies":"3 Byrds","floor":22,"turns":3},{"damage":0,"enemies":"Gremlin Leader","floor":23,"turns":1},{"damage":4,"enemies":"Snecko","floor":28,"turns":3},{"damage":21,"enemies":"Book of Stabbing","floor":29,"turns":3},{"damage":1,"enemies":"Chosen and Byrds","floor":30,"turns":2},{"damage":0,"enemies":"Collector","floor":33,"turns":1},{"damage":3,"enemies":"3 Shapes","floor":35,"turns":2},{"damage":0,"enemies":"Nemesis","floor":40,"turns":1},{"damage":0,"enemies":"3 Darklings","floor":42,"turns":1},{"damage":0,"enemies":"Maw","floor":44,"turns":1},{"damage":0,"enemies":"Writhing Mass","floor":45,"turns":1},{"damage":0,"enemies":"Spire Growth","floor":48,"turns":1},{"damage":1,"enemies":"Awakened One","floor":50,"turns":2},{"damage":0,"enemies":"Shield and Spear","floor":54,"turns":2},{"damage":22,"enemies":"The Heart","floor":55,"turns":3}],"seed_played":"-2083415593022394178","potions_obtained":[{"floor":10.0,"key":"REME_GoldPotion"},{"floor":14.0,"key":"Explosive Potion"},{"floor":15.0,"key":"BloodPotion"},{"floor":15.0,"key":"FairyPotion"}],"is_trial":false,"path_per_floor":["M","?","?","?","$","R","M","M","T","M","M","R","E","E","R","B",null,"M","$","?","?","M","E","T","R","T","R","M","E","M","$","R","B",null,"M","$","?","$","T","E","?","M","T","M","M","?","R","M","R","B",null,"R","$","E","B",null],"character_chosen":"IRONCLAD","items_purchased":["REME_PuzzleBoxRelic","Boot","Brimstone","Anchor","Membership Card","Orichalcum","WingedGreaves","Du-Vu Doll","Sundial","Cauldron","Frozen Egg 2","Lantern","Kunai","Sling","Chemical X","AT_SilverBalance","AT_BellowingDragoncrestRing","Medical Kit","Ancient Tea Set","Blood Vial","Bag of Marbles","Orrery","AT_DeathDance","LagranYue:MagicReflectiveArmorRelic","War Paint","Nunchaku","AT_RedTearstoneRing","Pen Nib","ClockworkSouvenir","AT_DrawKnifeCut","Lizard Tail","OrangePellets","Bronze Scales","Flash of Steel"],"campfire_rested":3,"item_purchase_floors":[0,0,0,0,5,5,5,15,15,15,19,19,19,19,19,27,27,27,27,27,31,31,36,36,36,47,47,47,47,47,52,52,52,52],"current_hp_per_floor":[48,41,21,21,21,45,48,52,52,34,39,63,55,52,68,61,80,80,80,80,72,62,68,68,68,68,68,44,27,47,47,71,73,80,80,80,80,80,80,80,80,80,80,80,80,80,80,80,80,80,80,80,80,80,64],"gold":361,"neow_bonus":"","is_daily":false,"chose_seed":false,"campfire_upgraded":1,"win_rate":0.0,"timestamp":1610805359,"path_taken":["M","?","?","?","$","R","M","M","T","?","?","R","E","E","R","BOSS","M","$","?","?","?","E","?","R","T","R","M","E","M","$","R","BOSS","M","$","?","?","?","E","?","?","T","M","M","?","R","M","R","BOSS","R","$","E","BOSS"],"items_purchased_type":["Relic","Relic","Relic","Relic","Relic","Relic","Relic","Relic","Relic","Relic","Relic","Relic","Relic","Relic","Relic","Relic","Relic","Relic","Relic","Relic","Relic","Relic","Relic","Relic","Relic","Relic","Relic","Relic","Relic","Card","Relic","Relic","Relic","Card"],"build_version":"2020-12-22","purchased_purges":4,"victory":true,"max_hp_per_floor":[80,80,80,80,80,80,80,80,80,80,80,80,80,80,80,80,80,80,80,80,80,80,80,80,80,80,80,80,80,80,80,80,80,80,80,80,80,80,80,80,80,80,80,80,80,80,80,80,80,80,80,80,80,80,80],"card_choices":[{"not_picked":["Clash","Headbutt"],"picked":"Flex","floor":1.0},{"not_picked":["Whirlwind","Anger"],"picked":"Spot Weakness","floor":7.0},{"not_picked":["AT_ManFootWork","Wild Strike","AT_BodySlamDance"],"picked":"SKIP","floor":8.0},{"not_picked":["Clothesline","Perfected Strike"],"picked":"Heavy Blade","floor":10.0},{"not_picked":["AT_ShrugMaster","Power Through"],"picked":"Heavy Blade","floor":11.0},{"not_picked":["Twin Strike","Iron Wave"],"picked":"Combust","floor":13.0},{"not_picked":["Warcry","Twin Strike","Exhume"],"picked":"SKIP","floor":14.0},{"not_picked":["Fiend Fire","AT_Dispersion"],"picked":"Bludgeon","floor":16.0},{"not_picked":["REME_Scribble","Shrug It Off"],"picked":"Inflame+1","floor":18.0},{"not_picked":["Sword Boomerang","Headbutt"],"picked":"Iron Wave+1","floor":22},{"not_picked":["REME_SingleHolding","Sentinel+1"],"picked":"Cleave","floor":23},{"not_picked":["Body Slam","Anger+1"],"picked":"Flex","floor":28},{"not_picked":["Whirlwind","Carnage","Warcry+1"],"picked":"SKIP","floor":28},{"not_picked":["Whirlwind","Clothesline","Reaper"],"picked":"SKIP","floor":28},{"not_picked":["AT_BodySlamDance","Body Slam+1"],"picked":"AT_DrawKnifeCut+1","floor":29},{"not_picked":["AT_CaressingTears","Iron Wave"],"picked":"AT_IchimonjiDouble","floor":30},{"not_picked":["Pommel Strike","Clash"],"picked":"AT_DrawKnifeCut","floor":31},{"not_picked":["Feed","AT_CaressingTears"],"picked":"Flex","floor":31},{"not_picked":["Thunderclap","Cleave"],"picked":"AT_IchimonjiDouble+1","floor":31},{"not_picked":["Searing Blow+1","Clash+1"],"picked":"Seeing Red+1","floor":35},{"not_picked":["Exhume","Ghostly Armor+1"],"picked":"Hemokinesis","floor":40},{"not_picked":["REME_HeartOfCthun","Mind Blast"],"picked":"REME_FirmDetermination+1","floor":41},{"not_picked":["Body Slam","Dark Embrace+1"],"picked":"Havoc+1","floor":42},{"not_picked":["Heavy Blade","AT_ShrugMaster+1","True Grit"],"picked":"SKIP","floor":44},{"not_picked":["Armaments+1","AT_CaressingTears+1","Warcry"],"picked":"SKIP","floor":45},{"not_picked":["Hemokinesis","Shockwave+1","AT_IchimonjiDouble"],"picked":"SKIP","floor":48},{"not_picked":["REME_TheLastStrike","Shrug It Off"],"picked":"Heavy Blade","floor":54}],"player_experience":61691,"relics_obtained":[{"floor":9.0,"key":"Centennial Puzzle"},{"floor":13.0,"key":"AT_TimeSand"},{"floor":14.0,"key":"Pantograph"},{"floor":23,"key":"Tiny Chest"},{"floor":26,"key":"Art of War"},{"floor":29,"key":"Happy Flower"},{"floor":39,"key":"CeramicFish"},{"floor":40,"key":"REME_HandOfSuture"},{"floor":43,"key":"Dream Catcher"},{"floor":54,"key":"Bag of Preparation"}],"event_choices":[{"damage_healed":0.0,"max_hp_gain":0.0,"max_hp_loss":0.0,"gold_gain":0.0,"event_name":"Golden Idol","player_choice":"Take Damage","floor":3.0,"gold_loss":0.0,"damage_taken":20.0,"relics_obtained":["Golden Idol"]},{"damage_healed":0.0,"max_hp_gain":0.0,"max_hp_loss":0.0,"gold_gain":175.0,"event_name":"Liars Game","player_choice":"AGREE","floor":4.0,"gold_loss":0.0,"damage_taken":0.0,"cards_obtained":["Doubt"]},{"damage_healed":0.0,"max_hp_gain":0.0,"max_hp_loss":0.0,"gold_gain":0.0,"event_name":"Drug Dealer","player_choice":"Inject Mutagens","floor":20.0,"gold_loss":0.0,"damage_taken":0.0,"relics_obtained":["MutagenicStrength"]},{"damage_healed":0.0,"max_hp_gain":0.0,"max_hp_loss":0.0,"gold_gain":0.0,"event_name":"Wheel of Change","player_choice":"Damaged","floor":21.0,"gold_loss":0.0,"damage_taken":8.0},{"cards_removed":["Shame","Normality","Doubt"],"damage_healed":0,"gold_gain":0,"player_choice":"Removed Curses","damage_taken":0,"max_hp_gain":0,"max_hp_loss":0,"event_name":"Fountain of Cleansing","floor":37,"gold_loss":0},{"damage_healed":0,"gold_gain":0,"player_choice":"Memory 1","damage_taken":0,"max_hp_gain":0,"max_hp_loss":0,"event_name":"SensoryStone","floor":41,"gold_loss":0},{"cards_removed":["AT_IchimonjiDouble"],"damage_healed":0,"gold_gain":0,"player_choice":"Removed Attack","damage_taken":0,"max_hp_gain":0,"max_hp_loss":0,"event_name":"Falling","floor":46,"gold_loss":0}],"is_beta":false,"boss_relics":[{"not_picked":["Snecko Eye","energizedSpire:SpiderWeb"],"picked":"AT_TrinityForce"},{"not_picked":["energizedSpire:EnergizedDie","Fusion Hammer"],"picked":"Mark of Pain"}],"items_purged_floors":[0,5,19,31],"is_endless":false,"potions_floor_spawned":[10,14,18,22,45,48],"ascension_level":0}}