{"host":"0ricjaa7rfq9v76t","time":1610807160,"event":{"mods":["AchievementEnabler","Aspiration","BaseMod","Better Vampires","Colored Powertips","Highlight Path","Hubris","Infinite Spire","Minty Spire (QoL Compilation)","Quick Restart","Rare Cards Sparkle","Relic Sorter","Replay The Spire","StSLib","SuperFastMode","Synergy Search","The Cursed","The Disciple","The Jungle","The Runesmith"],"gold_per_floor":[110,121,121,134,134,134,161,181,181,195,215,215,215,225,225,326,326,346,357,357,64,78,108,123,133,160,174,188,188,188,304,304,408,408,428,443,49,49,49,49],"floor_reached":39,"language":"ENG","playtime":2384,"items_purged":["Defend_B","Defend_B"],"score":409,"play_id":"ba465618-b99b-4e40-aa63-ae5976b67755","local_time":"20210116222600","is_ascension_mode":false,"campfire_choices":[{"data":"Static Discharge","floor":6,"key":"SMITH"},{"floor":12,"key":"REST"},{"floor":15,"key":"REST"},{"floor":29,"key":"REST"},{"floor":32,"key":"REST"}],"circlet_count":0,"master_deck":["Strike_B","Defend_B","Defend_B","Zap","Dualcast","Hello World","Static Discharge+1","Gash","hubris:Ukulele","Conserve Battery","Ball Lightning","Time Bomb","infinitespire:UltimateForm","Stack","Mirror Shield","Streamline+1","Turbo","Capacitor","Self Repair","Double Energy+1","Rebound","Gash","ReplayGash+1","Ball Lightning","ReplayRNGCard","Sweeping Beam","Barrage","hubris:InfiniteBlow","Electrodynamics","Ball Lightning","Biased Cognition","White Noise+1","Blizzard"],"relics":["Cracked Core","aspiration:Nostalgia","Chronometer","Replay:Bottled Steam","ReplayTheSpireMod:Shallot","hubris:KleinBottle","SacredBark","aspiration:RitualStick","Orrery","Prayer Wheel","aspiration:Stabinomicon","Happy Flower","hubris:MobiusCoin","Inserter","Gremlin Horn","Potion Belt"],"acts_visited":["Exordium","TheCity","TheBeyond"],"potions_floor_usage":[7,23,25,28,33,33],"damage_taken":[{"damage":9,"enemies":"Small Slimes","floor":1,"turns":5},{"damage":1,"enemies":"Cultist","floor":2,"turns":4},{"damage":6,"enemies":"Jaw Worm","floor":4,"turns":4},{"damage":13,"enemies":"3 Sentries","floor":7,"turns":2},{"damage":1,"enemies":"Exordium Wildlife","floor":8,"turns":2},{"damage":10,"enemies":"Gremlin Gang","floor":10,"turns":3},{"damage":0,"enemies":"Red Slaver","floor":11,"turns":2},{"damage":0,"enemies":"Exordium Wildlife","floor":14,"turns":4},{"damage":18,"enemies":"The Guardian","floor":16,"turns":7},{"damage":3,"enemies":"3 Byrds","floor":18,"turns":4},{"damage":5,"enemies":"Shell Parasite","floor":19,"turns":5},{"damage":14,"enemies":"Chosen and Byrds","floor":22,"turns":6},{"damage":10,"enemies":"Book of Stabbing","floor":23,"turns":5},{"damage":13,"enemies":"Centurion and Healer","floor":24,"turns":7},{"damage":5,"enemies":"Snecko","floor":25,"turns":4},{"damage":10,"enemies":"Snake Plant","floor":27,"turns":3},{"damage":17,"enemies":"Sentry and Sphere","floor":28,"turns":5},{"damage":7,"enemies":"Chosen and Byrds","floor":31,"turns":4},{"damage":30,"enemies":"hubris:MusketHawk","floor":33,"turns":6},{"damage":41,"enemies":"3 Darklings","floor":35,"turns":5},{"damage":6,"enemies":"3 Shapes","floor":36,"turns":3},{"damage":45,"enemies":"3 Darklings","floor":39,"turns":2}],"seed_played":"-6927343070016581956","potions_obtained":[{"floor":1,"key":"PowerPotion"},{"floor":8,"key":"FocusPotion"},{"floor":11,"key":"SpeedPotion"},{"floor":16,"key":"Block Potion"},{"floor":19,"key":"ColorlessPotion"},{"floor":24,"key":"BlessingOfTheForge"},{"floor":31,"key":"PotionOfCapacity"}],"is_trial":false,"path_per_floor":["M","M","?","M","?","R","E","M","T","M","M","R","$","M","R","B",null,"M","M","?","$","M","E","M","M","T","M","M","R","AVR","M","R","B",null,"M","M","$","?","M"],"character_chosen":"DEFECT","items_purchased":["hubris:KleinBottle","Capacitor","Orrery","Gremlin Horn","Potion Belt"],"campfire_rested":4,"item_purchase_floors":[13,21,21,37,37],"current_hp_per_floor":[66,65,65,59,59,59,46,45,45,35,35,57,38,38,60,42,75,72,67,52,52,45,42,36,38,38,28,11,33,33,33,55,32,75,41,42,42,42,0,0],"gold":49,"neow_bonus":"NOSTALGIA","is_daily":false,"chose_seed":false,"campfire_upgraded":1,"win_rate":0.0,"timestamp":1610807160,"path_taken":["M","M","?","?","?","R","E","M","T","M","M","R","?","M","R","BOSS","M","M","?","$","M","E","M","M","T","M","M","R","AVR","M","R","BOSS","M","M","$","?","M"],"items_purchased_type":["Relic","Card","Relic","Relic","Relic"],"build_version":"2020-12-22","purchased_purges":2,"victory":false,"max_hp_per_floor":[75,75,75,75,75,75,75,75,75,75,75,75,75,75,75,75,75,75,75,75,75,75,75,75,75,75,75,75,75,75,75,75,75,75,75,75,75,75,75,75],"card_choices":[{"not_picked":["BootSequence","Lockon"],"picked":"Hello World","floor":1},{"not_picked":["BasicCrystalCard","Darkness"],"picked":"Static Discharge","floor":2},{"not_picked":["aspiration:Polymerization","Go for the Eyes"],"picked":"Gash","floor":4},{"not_picked":["Crystallizer","Scrape"],"picked":"hubris:Ukulele","floor":7},{"not_picked":["BasicCrystalCard","Coolheaded"],"picked":"Conserve Battery","floor":8},{"not_picked":["Leap","Aggregate"],"picked":"Ball Lightning","floor":10},{"not_picked":["Sweeping Beam","BasicCrystalCard"],"picked":"Time Bomb","floor":11},{"not_picked":["infinitespire:NeuralNetwork","infinitespire:FutureSight"],"picked":"infinitespire:UltimateForm","floor":13},{"not_picked":["Time Bomb","Melter"],"picked":"Stack","floor":14},{"not_picked":["ReplayRNGCard","Amplify"],"picked":"Mirror Shield","floor":16},{"not_picked":["BasicCrystalCard+1","Steam"],"picked":"Streamline+1","floor":18},{"not_picked":["Barrage+1","Capacitor"],"picked":"Turbo","floor":19},{"not_picked":["Steam","Turbo"],"picked":"ReplayTheSpireMod:Fabricate Wheel","floor":21},{"not_picked":["Fission","Hello World"],"picked":"Self Repair","floor":21},{"not_picked":["ReplaySolidLightProjector+1","Steam+1"],"picked":"Double Energy+1","floor":21},{"not_picked":["Darkness","BasicCrystalCard"],"picked":"Rebound","floor":21},{"not_picked":["Reprogram","Hologram","Streamline"],"picked":"SKIP","floor":22},{"not_picked":["Compile Driver","Go for the Eyes","Leap"],"picked":"SKIP","floor":22},{"not_picked":["Hyperbeam","Go for the Eyes","Steam"],"picked":"SKIP","floor":23},{"not_picked":["Cold Snap","Leap"],"picked":"Gash","floor":24},{"not_picked":["Compile Driver","Beam Cell"],"picked":"ReplayGash+1","floor":24},{"not_picked":["Redo+1","hubris:Ukulele"],"picked":"Ball Lightning","floor":25},{"not_picked":["Redo","Stack+1"],"picked":"ReplayRNGCard","floor":25},{"not_picked":["Consume","ReplaySolidLightProjector"],"picked":"Sweeping Beam","floor":27},{"not_picked":["Beam Cell","BootSequence"],"picked":"Barrage","floor":27},{"not_picked":["Recycle","Reboot","Cold Snap"],"picked":"SKIP","floor":28},{"not_picked":["Streamline+1","Panic Button","Compile Driver+1"],"picked":"SKIP","floor":28},{"not_picked":["Leap","Beam Cell","FTL+1"],"picked":"SKIP","floor":31},{"not_picked":["Stack","Panic Button","ReplayTheSpireMod:Calculation Training"],"picked":"SKIP","floor":31},{"not_picked":["Mirror Shield","hubris:Prefetch"],"picked":"Electrodynamics","floor":33},{"not_picked":["Sweeping Beam+1","Force Field+1"],"picked":"Ball Lightning","floor":35},{"not_picked":["Reprogram+1","Redo","Sweeping Beam"],"picked":"SKIP","floor":35},{"not_picked":["Stack","Hologram"],"picked":"Biased Cognition","floor":36},{"not_picked":["Melter+1","Time Bomb+1"],"picked":"White Noise+1","floor":36}],"player_experience":163552,"relics_obtained":[{"floor":7,"key":"Replay:Bottled Steam"},{"floor":9,"key":"ReplayTheSpireMod:Shallot"},{"floor":23,"key":"aspiration:Stabinomicon"},{"floor":26,"key":"Happy Flower"}],"event_choices":[{"cards_removed":["Strike_B"],"damage_healed":0,"gold_gain":0,"player_choice":"Purged","damage_taken":0,"max_hp_gain":0,"max_hp_loss":0,"event_name":"Purifier","floor":3,"gold_loss":0},{"cards_removed":["Strike_B"],"damage_healed":0,"gold_gain":0,"player_choice":"Forget","damage_taken":0,"max_hp_gain":0,"max_hp_loss":0,"event_name":"Living Wall","floor":5,"gold_loss":0},{"damage_healed":0,"gold_gain":0,"cards_transformed":["Strike_B"],"player_choice":"Transformed","damage_taken":0,"max_hp_gain":0,"max_hp_loss":0,"event_name":"Transmorgrifier","floor":38,"gold_loss":0,"cards_obtained":["Blizzard"]}],"is_beta":false,"boss_relics":[{"not_picked":["Runesmith:UraniumAnvil","hubris:HollowSoul"],"picked":"SacredBark"},{"not_picked":["Replay:Grab Bag","aspiration:FutureDiary"],"picked":"Inserter"}],"items_purged_floors":[21,30],"is_endless":false,"potions_floor_spawned":[1,8,11,16,18,19,24,31],"killed_by":"3 Darklings","ascension_level":0}}