{"host":"gs0b57ogvki1o7r7","time":1610808986,"event":{"mods":["2.2 Compatiblity","BaseMod","Colored Map","DeckTracker","Highlight Path","KOR Keyword Fix","Keyboard Shortcuts","Minty Spire (QoL Compilation)","Permanent Neow","Quick Restart","StSLib","SuperFastMode","everything is the same but u backflip on backflip"],"gold_per_floor":[110,27,27,47,65,65,65,65,65,65,79,91,101,118,118,216,216,232,247,157,1,15,15,15,15,15,15,33,33,33],"floor_reached":29,"language":"KOR","playtime":889,"items_purged":[],"score":267,"play_id":"cea8ef42-b50f-4b43-b975-e176c4f99da3","local_time":"20210116235626","is_ascension_mode":false,"campfire_choices":[{"data":"Evolve","floor":6,"key":"SMITH"},{"data":"Pommel Strike","floor":8,"key":"SMITH"},{"data":"Bash","floor":10,"key":"SMITH"},{"data":"Inflame","floor":15,"key":"SMITH"},{"data":"Feed","floor":23,"key":"SMITH"},{"floor":25,"key":"REST"},{"floor":27,"key":"REST"}],"circlet_count":0,"master_deck":["Strike_R","Strike_R","Defend_R+1","Defend_R","Defend_R","Bash+1","Evolve+1","Fire Breathing+1","Pommel Strike+1","Inflame+1","Reaper","Clash+1","Pummel+1","Warcry+1","Heavy Blade+1","Feed+1","Shame"],"relics":["Burning Blood","Lantern","Happy Flower","Astrolabe","Potion Belt"],"acts_visited":["Exordium","TheCity"],"potions_floor_usage":[28],"damage_taken":[{"damage":0.0,"enemies":"2 Louse","floor":1.0,"turns":3.0},{"damage":15,"enemies":"Jaw Worm","floor":4,"turns":5},{"damage":1,"enemies":"Cultist","floor":5,"turns":3},{"damage":12,"enemies":"3 Louse","floor":11,"turns":4},{"damage":7,"enemies":"Gremlin Gang","floor":12,"turns":5},{"damage":17,"enemies":"Large Slime","floor":13,"turns":4},{"damage":0,"enemies":"Exordium Wildlife","floor":14,"turns":3},{"damage":0,"enemies":"Slime Boss","floor":16,"turns":4},{"damage":30,"enemies":"2 Thieves","floor":18,"turns":3},{"damage":25,"enemies":"Spheric Guardian","floor":19,"turns":4},{"damage":33,"enemies":"Shelled Parasite and Fungi","floor":22,"turns":4},{"damage":39,"enemies":"Snake Plant","floor":28,"turns":3},{"damage":0,"enemies":"Cultist and Chosen","floor":29,"turns":1}],"seed_played":"4655154166729119914","potions_obtained":[{"floor":4,"key":"Weak Potion"},{"floor":13,"key":"LiquidBronze"},{"floor":14,"key":"Regen Potion"}],"is_trial":false,"path_per_floor":["M","$","?","M","M","R","?","R","T","R","M","M","M","M","R","B",null,"M","M","?","$","M","R","?","R","T","R","M","M"],"character_chosen":"IRONCLAD","items_purchased":["Fire Breathing","Pommel Strike","Feed"],"campfire_rested":2,"item_purchase_floors":[2,2,21],"current_hp_per_floor":[80,80,73,64,69,69,69,69,69,69,63,62,51,57,57,63,80,56,38,38,38,14,14,14,38,38,62,34,34,34],"gold":33,"neow_bonus":"THREE_CARDS","is_daily":false,"chose_seed":false,"campfire_upgraded":5,"win_rate":0.0,"timestamp":1610808986,"path_taken":["M","$","?","M","M","R","?","R","T","R","M","M","M","M","R","BOSS","M","?","?","$","?","R","?","R","T","R","M","M"],"items_purchased_type":["Card","Card","Card"],"build_version":"2020-12-22","purchased_purges":0,"victory":false,"max_hp_per_floor":[80,80,80,80,80,80,80,80,80,80,80,80,80,80,80,80,80,80,80,80,80,83,83,83,83,83,83,83,83,83],"card_choices":[{"not_picked":["True Grit","Burning Pact"],"picked":"Evolve","floor":0.0},{"not_picked":["Shrug It Off","Dark Embrace","Perfected Strike"],"picked":"SKIP","floor":1.0},{"not_picked":["Sword Boomerang","Pommel Strike","Clash"],"picked":"SKIP","floor":4},{"not_picked":["Fire Breathing","Havoc","Armaments"],"picked":"SKIP","floor":5},{"not_picked":["Headbutt","Feel No Pain","Burning Pact"],"picked":"SKIP","floor":11},{"not_picked":["Shrug It Off","Intimidate"],"picked":"Inflame","floor":12},{"not_picked":["Cleave","Exhume","True Grit"],"picked":"SKIP","floor":13},{"not_picked":["Perfected Strike","Sentinel","Cleave"],"picked":"SKIP","floor":14},{"not_picked":["Bludgeon","Immolate"],"picked":"Reaper","floor":16},{"not_picked":["Sentinel","Pommel Strike"],"picked":"Heavy Blade+1","floor":18},{"not_picked":["Burning Pact","Body Slam","Metallicize"],"picked":"SKIP","floor":19},{"not_picked":["Thunderclap+1","Havoc","Blood for Blood"],"picked":"SKIP","floor":22},{"not_picked":["Whirlwind","Warcry","Thunderclap"],"picked":"SKIP","floor":28}],"player_experience":110391,"relics_obtained":[{"floor":9,"key":"Happy Flower"}],"event_choices":[{"damage_healed":0.0,"max_hp_gain":0.0,"max_hp_loss":0.0,"gold_gain":0.0,"event_name":"Scrap Ooze","player_choice":"Success","floor":3.0,"gold_loss":0.0,"damage_taken":7.0,"relics_obtained":["Lantern"]},{"damage_healed":0,"gold_gain":0,"player_choice":"Upgraded","damage_taken":0,"max_hp_gain":0,"max_hp_loss":0,"event_name":"Upgrade Shrine","floor":7,"gold_loss":0,"cards_upgraded":["Fire Breathing"]},{"cards_removed":["Strike_R"],"damage_healed":0,"gold_gain":0,"player_choice":"Upgrade and Remove","damage_taken":0,"max_hp_gain":0,"max_hp_loss":0,"event_name":"Designer","floor":20,"gold_loss":90,"cards_upgraded":["Defend_R"]},{"damage_healed":0,"gold_gain":0,"player_choice":"Stole Relic","damage_taken":0,"relics_obtained":["Potion Belt"],"max_hp_gain":0,"max_hp_loss":0,"event_name":"Addict","floor":24,"gold_loss":0,"cards_obtained":["Shame"]}],"is_beta":false,"boss_relics":[{"not_picked":["Cursed Key","Velvet Choker"],"picked":"Astrolabe"}],"items_purged_floors":[],"is_endless":false,"potions_floor_spawned":[4,13,14,16,19],"killed_by":"Cultist and Chosen","ascension_level":0}}