{"host":"h1qktzcccqnez8tx","time":1610763053,"event":{"mods":["BaseMod","Block Reminder","Colored Map","Colored Powertips","Curses Come First","Downfall","Highlight Path","Jorbs\u0027s Wanderer Trilogy","Minty Spire (QoL Compilation)","Permanent Neow","Quick Restart","Relic Stats","Replay The Spire","Say the Spire","StSLib","The Cursed","The Disciple","The Hierophant","The Necromancer","The Servant 0.9.4"],"gold_per_floor":[114,132,132,142,161,161,189,207,207,234,234,253,287,36,36,136,136,148,6,16,34,52,78,78,107,107,118,149,149,161,172,172,277,277,293,34,44,61,0,28,28,28,97,97,132,143,155,7,7,7],"floor_reached":51,"language":"ENG","playtime":3737,"items_purged":["Sickly"],"score":941,"play_id":"42619b7b-28e0-4566-bf70-3dd6bfc8d873","local_time":"20210116031053","is_ascension_mode":false,"campfire_choices":[{"data":"Spot Weakness","floor":6,"key":"SMITH"},{"data":"Neutralize","floor":15,"key":"SMITH"},{"data":"Limit Break","floor":24,"key":"SMITH"},{"data":"ReplayTheSpireMod:Muscle Training","floor":29,"key":"SMITH"},{"data":"Feed","floor":32,"key":"SMITH"},{"data":"Limit Break","floor":42,"key":"SMITH"},{"data":"Shrug It Off","floor":44,"key":"SMITH"},{"data":"Demon Form","floor":49,"key":"SMITH"}],"circlet_count":0,"master_deck":["Strike_R","Strike_R+1","Strike_R","Strike_R","Strike_R","Defend_R","Defend_R","Defend_R","Defend_R","Replay:Undeath\u0027s Touch","ReplayTheSpireMod:Stacked","Survivor","Neutralize+1","Metallicize","Spot Weakness+1","Impervious","Anger","Clothesline","Shrug It Off+1","Pot Of Greed","Pot Of Greed","Dual Wield","Feed+1","CommonCold","TheCursedMod:Dregs","Injury","Pot Of Greed","Rampage+1","Metallicize","ReplayTheSpireMod:Muscle Training+1","Anger","Run Through+1","Limit Break+1","Headbutt","Fire Breathing+1","Impervious","Flame Barrier","Shrug It Off","Pot Of Greed","Limit Break+1","Anger+1","Flex+1","Rampage","Flame Barrier+1","Demon Form+1","Twin Strike+1","Shrug It Off+1"],"relics":["Honey Jar","Divine Protection","Replay:Bottled Steam","Strawberry","InkBottle","Grinning Jar","Replay:WaspNest","Replay:Ancient Bell","PreservedInsect","Snack Pack","Thread and Needle","ReplayTheSpireMod:CursedCoin","Whetstone","Replay:Ringing Soul","Onion Ring","Quantum Egg","Dream Catcher","Ring of Chaos","Shuriken","Red Mask","Mummified Hand","Eternal Feather","Gambling Chip","Bronze Scales"],"acts_visited":["Exordium","TheCity","TheBeyond"],"potions_floor_usage":[23,25,33,50,50],"damage_taken":[{"damage":1,"enemies":"Jaw Worm","floor":1,"turns":4},{"damage":0,"enemies":"Small Slimes","floor":2,"turns":4},{"damage":0,"enemies":"Cultist","floor":4,"turns":3},{"damage":7,"enemies":"Lots of Slimes","floor":5,"turns":6},{"damage":26,"enemies":"Gremlin Nob","floor":7,"turns":4},{"damage":0,"enemies":"3 Louse","floor":8,"turns":3},{"damage":0,"enemies":"Lagavulin","floor":10,"turns":7},{"damage":0,"enemies":"Blue Slaver","floor":12,"turns":3},{"damage":5,"enemies":"Gremlin Nob","floor":13,"turns":4},{"damage":0,"enemies":"Slime Boss","floor":16,"turns":8},{"damage":0,"enemies":"Shell Parasite","floor":18,"turns":5},{"damage":0,"enemies":"2 Thieves","floor":20,"turns":5},{"damage":0,"enemies":"Centurion and Healer","floor":21,"turns":8},{"damage":0,"enemies":"Shelled Parasite and Fungi","floor":22,"turns":7},{"damage":10,"enemies":"Slavers","floor":23,"turns":5},{"damage":6,"enemies":"Book of Stabbing","floor":25,"turns":6},{"damage":0,"enemies":"Cultist and Chosen","floor":27,"turns":6},{"damage":3,"enemies":"Slavers","floor":28,"turns":8},{"damage":1,"enemies":"Snake Plant","floor":30,"turns":5},{"damage":1,"enemies":"Shelled Parasite and Fungi","floor":31,"turns":6},{"damage":4,"enemies":"Champ","floor":33,"turns":11},{"damage":6,"enemies":"3 Shapes","floor":35,"turns":9},{"damage":0,"enemies":"Orb Walker","floor":37,"turns":5},{"damage":9,"enemies":"Jaw Worm Horde","floor":38,"turns":4},{"damage":0,"enemies":"R_Hoarder","floor":40,"turns":7},{"damage":22,"enemies":"Nemesis","floor":45,"turns":5},{"damage":0,"enemies":"Spire Growth","floor":46,"turns":2},{"damage":0,"enemies":"3 Darklings","floor":47,"turns":6},{"damage":38,"enemies":"Time Eater","floor":50,"turns":10}],"seed_played":"-7192117575024102740","potions_obtained":[{"floor":4,"key":"Dexterity Potion"},{"floor":5,"key":"DistilledChaos"},{"floor":8,"key":"Languid Potion"},{"floor":12,"key":"Venom Potion"},{"floor":13,"key":"Block Potion"},{"floor":18,"key":"AttackPotion"},{"floor":22,"key":"Cursed Concoction"},{"floor":31,"key":"SkillPotion"},{"floor":33,"key":"SteroidPotion"},{"floor":38,"key":"champ:CounterPotion"},{"floor":46,"key":"FairyPotion"}],"is_trial":false,"path_per_floor":["M","M","?","M","M","R","E","M","T","E","?","M","E","$","R","B",null,"M","$","M","M","M","E","R","E","T","M","E","R","M","M","R","B",null,"M","$","M","M","?","E","?","R","T","R","E","M","M","$","R","B",null],"character_chosen":"IRONCLAD","items_purchased":["Replay:WaspNest","Metallicize","ReplayTheSpireMod:CursedCoin","Whetstone","Shuriken","Bronze Scales"],"campfire_rested":0,"item_purchase_floors":[14,19,19,19,36,48],"current_hp_per_floor":[79,79,79,79,72,72,46,46,46,53,53,53,48,48,48,48,87,90,90,93,96,99,97,97,101,101,113,123,123,130,142,142,147,148,149,149,156,156,156,167,167,167,167,176,161,172,179,179,193,155],"gold":7,"neow_bonus":"BOSS_RELIC","is_daily":false,"chose_seed":false,"campfire_upgraded":8,"win_rate":0.0,"timestamp":1610763053,"path_taken":["M","M","?","M","M","R","E","M","T","E","?","M","E","$","R","BOSS","M","$","M","M","M","E","R","E","T","M","E","R","?","M","R","BOSS","M","$","M","?","?","E","?","R","T","R","E","M","M","$","R","BOSS"],"items_purchased_type":["Relic","Card","Relic","Relic","Relic","Relic"],"build_version":"2020-12-22","purchased_purges":1,"victory":true,"max_hp_per_floor":[80,80,80,80,80,80,80,80,80,87,87,87,87,87,87,87,87,90,90,93,96,99,105,105,111,111,117,128,128,134,145,145,148,148,155,155,162,169,169,176,176,176,176,176,183,190,193,193,193,193],"relic_stats":{"Dream Catcher":0,"counters":[29,166],"Shuriken":[10],"Mummified Hand":[16],"Gambling Chip":[12],"Bronze Scales":[48],"Eternal Feather":23,"PreservedInsect":242,"Whetstone":["Strike_R","Rampage"],"obtain_stats":[{"Divine Protection":7,"Whetstone":19,"Burning Blood":0,"Replay:Ringing Soul":23,"Dream Catcher":28,"Mummified Hand":40,"Strawberry":10,"Gambling Chip":45,"Honey Jar":0,"Red Mask":39,"InkBottle":11,"Replay:Bottled Steam":9,"ReplayTheSpireMod:CursedCoin":19,"Quantum Egg":26,"Thread and Needle":17,"Eternal Feather":43,"Replay:WaspNest":14,"PreservedInsect":17,"Ring of Chaos":34,"Replay:Ancient Bell":17,"Shuriken":36,"Bronze Scales":48,"Onion Ring":25,"Snack Pack":17,"Grinning Jar":13},{"Divine Protection":5,"Whetstone":11,"Burning Blood":0,"Replay:Ringing Soul":15,"Dream Catcher":18,"Mummified Hand":25,"Strawberry":7,"Gambling Chip":26,"Honey Jar":0,"Red Mask":24,"InkBottle":7,"Replay:Bottled Steam":6,"ReplayTheSpireMod:CursedCoin":11,"Quantum Egg":16,"Thread and Needle":10,"Eternal Feather":25,"Replay:WaspNest":9,"PreservedInsect":10,"Ring of Chaos":21,"Replay:Ancient Bell":10,"Shuriken":22,"Bronze Scales":28,"Onion Ring":16,"Snack Pack":10,"Grinning Jar":9},{"Divine Protection":21,"Whetstone":51,"Burning Blood":0,"Replay:Ringing Soul":76,"Dream Catcher":96,"Mummified Hand":143,"Strawberry":31,"Gambling Chip":148,"Honey Jar":0,"Red Mask":136,"InkBottle":31,"Replay:Bottled Steam":24,"ReplayTheSpireMod:CursedCoin":51,"Quantum Egg":82,"Thread and Needle":46,"Eternal Feather":143,"Replay:WaspNest":38,"PreservedInsect":46,"Ring of Chaos":118,"Replay:Ancient Bell":46,"Shuriken":127,"Bronze Scales":156,"Onion Ring":82,"Snack Pack":46,"Grinning Jar":38}],"InkBottle":[50]},"card_choices":[{"not_picked":["Flex","Thunderclap","Heavy Blade"],"picked":"Replay:Undeath\u0027s Touch","floor":1},{"not_picked":["ReplayTheSpireMod:Strike From Hell","Dark Embrace","Entrench"],"picked":"ReplayTheSpireMod:Stacked","floor":2},{"not_picked":["Combust","Warcry","Ghostly Armor"],"picked":"Metallicize","floor":4},{"not_picked":["Replay:Undeath\u0027s Touch","True Grit","Body Slam"],"picked":"Spot Weakness","floor":5},{"not_picked":["Shrug It Off","Ghostly Armor","Clash"],"picked":"Impervious","floor":7},{"not_picked":["Rupture","Flex","Heavy Blade"],"picked":"Anger","floor":8},{"not_picked":["Rupture","Disarm","Flex"],"picked":"Clothesline","floor":10},{"not_picked":["Thunderclap","Demonic Infusion","True Grit"],"picked":"Shrug It Off","floor":12},{"not_picked":["ReplayTheSpireMod:Stacked","Clash","Shockwave"],"picked":"Dual Wield","floor":13},{"not_picked":["Brutality","Demonic Infusion","Impervious"],"picked":"Feed","floor":16},{"not_picked":["Parasite","Replay:Hysterical Blindness","stsjorbsmod:Withering"],"picked":"CommonCold","floor":17},{"not_picked":["SwitchConfidence","Voices","Decay"],"picked":"TheCursedMod:Dregs","floor":17},{"not_picked":["Writhe","Doubt","Overencumbered"],"picked":"Injury","floor":17},{"not_picked":["Heavy Blade","Thunderclap","Searing Blow+1"],"picked":"Rampage","floor":18},{"not_picked":["Hemokinesis","Dual Wield+1","Heavy Blade"],"picked":"ReplayTheSpireMod:Muscle Training","floor":20},{"not_picked":["ReplayTheSpireMod:Corrosion Curse","Feel No Pain","Clash"],"picked":"Anger","floor":21},{"not_picked":["Iron Wave+1","Reckless Charge","Rupture"],"picked":"Run Through+1","floor":22},{"not_picked":["Thunderclap","Armaments","Burning Pact+1"],"picked":"Limit Break","floor":23},{"not_picked":["Clash","Run Through","ReplayTheSpireMod:Corrosion Curse"],"picked":"Headbutt","floor":25},{"not_picked":["Pommel Strike","ReplayTheSpireMod:Limb From Limb+1","Twin Strike"],"picked":"Fire Breathing+1","floor":27},{"not_picked":["ReplayTheSpireMod:Strike From Hell","Body Slam","Headbutt"],"picked":"Impervious","floor":28},{"not_picked":["Perfected Strike","Iron Wave","ReplayTheSpireMod:Strike From Hell"],"picked":"Flame Barrier","floor":30},{"not_picked":["Heavy Blade","Thunderclap+1","ReplayTheSpireMod:Strike From Hell"],"picked":"Shrug It Off","floor":31},{"not_picked":["Hemogenesis","Bludgeon","Eclipse"],"picked":"Limit Break","floor":33},{"not_picked":["Pommel Strike+1","Body Slam+1","Sword Boomerang"],"picked":"Anger+1","floor":35},{"not_picked":["Pommel Strike+1","Clothesline+1","Body Slam"],"picked":"Flex+1","floor":37},{"not_picked":["Perfected Strike","ReplayTheSpireMod:Strike From Hell+1","Iron Wave"],"picked":"Rampage","floor":38},{"not_picked":["Iron Wave","Searing Blow","Spot Weakness+1"],"picked":"Flame Barrier+1","floor":40},{"not_picked":["Second Wind","Warcry+1","Run Through"],"picked":"Demon Form","floor":45},{"not_picked":["Thunderclap","Pommel Strike+1","Abandon+1"],"picked":"Twin Strike+1","floor":46},{"not_picked":["Clash+1","Perfected Strike+1","Headbutt+1"],"picked":"Shrug It Off+1","floor":47}],"player_experience":103747,"relics_obtained":[{"floor":7,"key":"Divine Protection"},{"floor":9,"key":"Replay:Bottled Steam"},{"floor":10,"key":"Strawberry"},{"floor":13,"key":"Grinning Jar"},{"floor":23,"key":"Replay:Ringing Soul"},{"floor":25,"key":"Onion Ring"},{"floor":26,"key":"Quantum Egg"},{"floor":28,"key":"Dream Catcher"},{"floor":40,"key":"Mummified Hand"},{"floor":43,"key":"Eternal Feather"},{"floor":45,"key":"Gambling Chip"}],"event_choices":[{"damage_healed":0,"gold_gain":0,"player_choice":"Gave Potion","damage_taken":0,"relics_obtained":["InkBottle"],"max_hp_gain":0,"max_hp_loss":0,"event_name":"WeMeetAgain","floor":11,"gold_loss":0},{"damage_healed":0,"gold_gain":0,"player_choice":"Paid","damage_taken":0,"relics_obtained":["Red Mask"],"max_hp_gain":0,"max_hp_loss":0,"event_name":"Tomb of Lord Red Mask","floor":39,"gold_loss":61},{"damage_healed":0,"gold_gain":0,"player_choice":"Ignored","damage_taken":0,"max_hp_gain":0,"max_hp_loss":0,"event_name":"Mysterious Sphere","floor":41,"gold_loss":0}],"is_beta":false,"boss_relics":[{"not_picked":["Replay:Grab Bag","Tiny House"],"picked":"Replay:Ancient Bell"},{"not_picked":["Juzu Bracelet","Bag of Preparation"],"picked":"PreservedInsect"},{"not_picked":["ReplayTheSpireMod:Shallot","Replay:Bottled Flurry"],"picked":"Snack Pack"},{"not_picked":["Replay:Multitool","Guardian:GemstoneGun"],"picked":"Thread and Needle"},{"not_picked":["Runic Pyramid","Astrolabe"],"picked":"Ring of Chaos"}],"items_purged_floors":[19],"is_endless":false,"potions_floor_spawned":[4,5,8,12,13,18,20,22,31,33,38,46,47],"ascension_level":0}}