{"host":"50per11302020","time":1610840711,"event":{"mods":["AchievementEnabler","BaseMod","Colored Map","Minty Spire (QoL Compilation)","Relic Stats","StSLib"],"gold_per_floor":[110,122,133,153,153,153,153,153,200,225,238,251,281,297,297,399,399,409,409,409,426,18,18,50,50,75,88,88,88],"floor_reached":28,"language":"ENG","playtime":1177,"items_purged":[],"score":360,"play_id":"9132c13f-7d1e-44d5-ab3e-886376d75bf5","local_time":"20210116154511","is_ascension_mode":true,"campfire_choices":[{"data":"Loop","floor":6.0,"key":"SMITH"},{"floor":8.0,"key":"REST"},{"floor":15.0,"key":"REST"},{"floor":23.0,"key":"REST"},{"data":"Defragment","floor":25.0,"key":"SMITH"}],"circlet_count":0,"master_deck":["AscendersBane","Strike_B","Strike_B","Strike_B","Defend_B","Defend_B","Defend_B","Defend_B","Zap","Dualcast","Sweeping Beam+1","Loop+1","Go for the Eyes","Blizzard+1","Loop","Doom and Gloom","Amplify","Aggregate+1","Bandage Up","Defragment+1","Blizzard","Redo+1"],"relics":["Cracked Core","Omamori","Potion Belt","Anchor","Bag of Preparation","SlaversCollar","Toxic Egg 2","Mercury Hourglass","Orichalcum"],"acts_visited":["Exordium","TheCity"],"potions_floor_usage":[28,28],"damage_taken":[{"damage":5.0,"enemies":"Cultist","floor":1.0,"turns":4.0},{"damage":2.0,"enemies":"Jaw Worm","floor":2.0,"turns":3.0},{"damage":0.0,"enemies":"Small Slimes","floor":3.0,"turns":2.0},{"damage":11.0,"enemies":"Looter","floor":4.0,"turns":3.0},{"damage":25.0,"enemies":"3 Sentries","floor":10.0,"turns":6.0},{"damage":5.0,"enemies":"Red Slaver","floor":11.0,"turns":3.0},{"damage":0.0,"enemies":"3 Louse","floor":12.0,"turns":2.0},{"damage":3.0,"enemies":"Exordium Wildlife","floor":14.0,"turns":3.0},{"damage":34.0,"enemies":"Hexaghost","floor":16.0,"turns":9.0},{"damage":29.0,"enemies":"2 Thieves","floor":18.0,"turns":4.0},{"damage":20.0,"enemies":"Chosen","floor":21.0,"turns":5.0},{"damage":12.0,"enemies":"Gremlin Leader","floor":24.0,"turns":7.0},{"damage":33.0,"enemies":"Snake Plant","floor":27.0,"turns":5.0},{"damage":3,"enemies":"Snecko","floor":28,"turns":2}],"seed_played":"-980398552568323137","potions_obtained":[{"floor":2.0,"key":"SpeedPotion"},{"floor":4.0,"key":"GamblersBrew"},{"floor":12.0,"key":"PowerPotion"},{"floor":21.0,"key":"SteroidPotion"},{"floor":27.0,"key":"LiquidMemories"}],"is_trial":false,"path_per_floor":["M","M","M","M","?","R","?","R","T","E","M","M","?","M","R","B",null,"M","?","?","M","$","R","E","R","T","M","M"],"character_chosen":"DEFECT","items_purchased":["Bandage Up","Defragment","Toxic Egg 2"],"campfire_rested":3,"item_purchase_floors":[22,22,22],"current_hp_per_floor":[70,68,68,57,41,41,29,53,53,28,23,23,23,20,44,10,64,35,35,35,15,15,39,31,31,31,2,0,0],"gold":88,"neow_bonus":"TEN_PERCENT_HP_BONUS","is_daily":false,"chose_seed":false,"campfire_upgraded":2,"win_rate":0.0,"timestamp":1610840711,"path_taken":["M","?","M","M","?","R","?","R","T","E","M","M","?","M","R","BOSS","M","?","?","M","$","R","E","R","T","M","?"],"items_purchased_type":["Card","Card","Relic"],"build_version":"2020-12-18","purchased_purges":0,"victory":false,"max_hp_per_floor":[82,82,82,82,82,82,82,82,82,82,82,82,82,82,82,82,82,82,82,82,82,82,82,82,82,82,82,82,82],"relic_stats":{"counters":[14,52],"Bag of Preparation":[14],"Orichalcum":[18],"obtain_stats":[{"Potion Belt":9,"SlaversCollar":17,"Anchor":10,"Omamori":7,"Bag of Preparation":13,"Toxic Egg 2":22,"Orichalcum":26,"Cracked Core":0,"Mercury Hourglass":24},{"Potion Belt":4,"SlaversCollar":9,"Anchor":5,"Omamori":4,"Bag of Preparation":7,"Toxic Egg 2":11,"Orichalcum":12,"Cracked Core":0,"Mercury Hourglass":12},{"Potion Belt":12,"SlaversCollar":32,"Anchor":17,"Omamori":12,"Bag of Preparation":22,"Toxic Egg 2":40,"Orichalcum":46,"Cracked Core":0,"Mercury Hourglass":46}],"Mercury Hourglass":[21]},"card_choices":[{"not_picked":["Conserve Battery","Steam"],"picked":"Sweeping Beam","floor":1.0},{"not_picked":["Leap","Coolheaded"],"picked":"Loop","floor":2.0},{"not_picked":["Stack","Undo"],"picked":"Go for the Eyes","floor":3.0},{"not_picked":["Go for the Eyes","BootSequence"],"picked":"Blizzard","floor":4.0},{"not_picked":["Go for the Eyes","Cold Snap"],"picked":"Loop","floor":10.0},{"not_picked":["Redo","Beam Cell","Undo"],"picked":"SKIP","floor":11.0},{"not_picked":["Steam Power","Conserve Battery"],"picked":"Doom and Gloom","floor":12.0},{"not_picked":["Stack","Steam","Undo"],"picked":"SKIP","floor":14.0},{"not_picked":["Seek","Hyperbeam"],"picked":"Amplify","floor":16.0},{"not_picked":["Conserve Battery","Ball Lightning+1"],"picked":"Aggregate+1","floor":18.0},{"not_picked":["Sweeping Beam","Rebound","Beam Cell+1"],"picked":"SKIP","floor":21.0},{"not_picked":["Beam Cell","Ball Lightning+1"],"picked":"Blizzard","floor":24.0},{"not_picked":["Steam Power+1","Beam Cell+1"],"picked":"Redo+1","floor":27.0}],"player_experience":232295,"relics_obtained":[{"floor":9.0,"key":"Potion Belt"},{"floor":10.0,"key":"Anchor"},{"floor":24.0,"key":"Mercury Hourglass"},{"floor":26.0,"key":"Orichalcum"}],"event_choices":[{"damage_healed":0.0,"max_hp_gain":0.0,"max_hp_loss":0.0,"gold_gain":0.0,"event_name":"Shining Light","player_choice":"Entered Light","floor":5.0,"gold_loss":0.0,"damage_taken":16.0,"cards_upgraded":["Sweeping Beam","Blizzard"]},{"damage_healed":0.0,"max_hp_gain":0.0,"max_hp_loss":0.0,"gold_gain":0.0,"event_name":"Scrap Ooze","player_choice":"Success","floor":7.0,"gold_loss":0.0,"damage_taken":12.0,"relics_obtained":["Omamori"]},{"damage_healed":0.0,"max_hp_gain":0.0,"max_hp_loss":0.0,"gold_gain":30.0,"event_name":"Dead Adventurer","player_choice":"Searched \u00272\u0027 times","floor":13.0,"gold_loss":0.0,"damage_taken":0.0,"relics_obtained":["Bag of Preparation"]},{"damage_healed":0.0,"max_hp_gain":0.0,"max_hp_loss":0.0,"gold_gain":0.0,"event_name":"Cursed Tome","player_choice":"Ignored","floor":19.0,"gold_loss":0.0,"damage_taken":0.0},{"cards_removed":["Strike_B"],"damage_healed":0.0,"max_hp_gain":0.0,"max_hp_loss":0.0,"gold_gain":0.0,"event_name":"Purifier","player_choice":"Purged","floor":20.0,"gold_loss":0.0,"damage_taken":0.0}],"is_beta":true,"boss_relics":[{"not_picked":["Tiny House","Fusion Hammer"],"picked":"SlaversCollar"}],"items_purged_floors":[],"is_endless":false,"potions_floor_spawned":[2,4,12,21,27],"killed_by":"Snecko","ascension_level":10}}