{"host":"rewczy2ihmzhwqlt","time":1610756838,"event":{"mods":["2.2 Compatiblity","Act Like it!","BaseMod","Gensokyo","Minty Spire (QoL Compilation)","Permanent Neow","Quick Restart","Rare Cards Sparkle","StSLib"],"gold_per_floor":[112,112,130,142,142,176,176,203,203,230,249,469,488,502,502,601,601,928,928,383,401,79,108,327,358,384,384,70,70,97,124,124,742,742,760,760,773,348,366,366,917,917,988,1319,1349,1349,1377,398,398,398],"floor_reached":51,"language":"ZHS","playtime":3677,"items_purged":["Injury","Strike_P","Strike_P"],"score":1401,"play_id":"73348499-d44a-424a-a7bb-cec5d4abc330","local_time":"20210116082718","is_ascension_mode":true,"campfire_choices":[{"data":"CrushJoints","floor":15.0,"key":"SMITH"},{"floor":29.0,"key":"DIG"},{"floor":32.0,"key":"DIG"},{"floor":40.0,"key":"DIG"},{"floor":42.0,"key":"REST"},{"floor":46.0,"key":"DIG"},{"floor":49,"key":"DIG"}],"circlet_count":0,"master_deck":["AscendersBane","Defend_P","Defend_P+1","Defend_P","Defend_P+1","Vigilance","Tantrum+1","FearNoEvil","CutThroughFate+1","CrushJoints+1","Wallop","Vault","Vault","Adaptation","MasterReality","Skim+1"],"relics":["PureWater","Happy Flower","Gensokyo:OccultBall","Dead Branch","Meat on the Bone","StrikeDummy","Shovel","Vajra","Ornamental Fan","Snecko Eye","DollysMirror","TheAbacus","ClockworkSouvenir","Pantograph","Nunchaku","Turnip","Akabeko","Strawberry","Gensokyo:ConquerorOfFear","Potion Belt","Girya","Blood Vial","Bottled Flame","WingedGreaves","Black Star","Medical Kit","PrismaticShard","Dream Catcher","Bronze Scales","Question Card","Eternal Feather","TeardropLocket","War Paint","Pear","Whetstone","Omamori","Oddly Smooth Stone","CaptainsWheel","Blue Candle","Bag of Marbles","Mummified Hand","Pocketwatch","Frozen Eye","Bag of Preparation"],"acts_visited":["Exordium","Gensokyo:Gensokyo","Gensokyo:Gensokyoer"],"potions_floor_usage":[50,50,50],"damage_taken":[{"damage":0.0,"enemies":"Gensokyo:Python","floor":1.0,"turns":3.0},{"damage":14.0,"enemies":"Gensokyo:Gryphon","floor":3.0,"turns":5.0},{"damage":0.0,"enemies":"Gensokyo:2_Kodama","floor":4.0,"turns":5.0},{"damage":5.0,"enemies":"Gensokyo:Mamizou","floor":6.0,"turns":6.0},{"damage":10.0,"enemies":"Gensokyo:Cirno","floor":8.0,"turns":6.0},{"damage":10.0,"enemies":"Gensokyo:Mamizou","floor":10.0,"turns":7.0},{"damage":0.0,"enemies":"Gensokyo:2_Rabbits","floor":11.0,"turns":1.0},{"damage":29.0,"enemies":"Gensokyo:Cirno","floor":12.0,"turns":5.0},{"damage":0.0,"enemies":"Gensokyo:Kitsune","floor":13.0,"turns":3.0},{"damage":0.0,"enemies":"Gensokyo:VengefulSpirit","floor":14.0,"turns":1.0},{"damage":8.0,"enemies":"Gensokyo:Kokoro","floor":16.0,"turns":9.0},{"damage":31.0,"enemies":"Gensokyo:Chomper","floor":18.0,"turns":2.0},{"damage":14.0,"enemies":"Gensokyo:3_Dogs","floor":21.0,"turns":5.0},{"damage":2.0,"enemies":"Gensokyo:Reisen","floor":23.0,"turns":6.0},{"damage":0.0,"enemies":"Gensokyo:Swordslinger","floor":24.0,"turns":3.0},{"damage":0.0,"enemies":"Gensokyo:Koishi","floor":25.0,"turns":6.0},{"damage":1.0,"enemies":"Gensokyo:Reisen","floor":31.0,"turns":6.0},{"damage":58.0,"enemies":"Gensokyo:Kaguya","floor":33.0,"turns":9.0},{"damage":0.0,"enemies":"Gensokyo:3_Bats","floor":35.0,"turns":3.0},{"damage":0.0,"enemies":"Gensokyo:3_Boulders","floor":37.0,"turns":1.0},{"damage":0.0,"enemies":"Gensokyo:Rafflesia","floor":39.0,"turns":4.0},{"damage":78.0,"enemies":"Gensokyo:Kasen","floor":41.0,"turns":7.0},{"damage":18.0,"enemies":"Gensokyo:Doremy","floor":44.0,"turns":8.0},{"damage":0.0,"enemies":"Gensokyo:Marisa","floor":45.0,"turns":4.0},{"damage":0,"enemies":"Gensokyo:Doremy","floor":47,"turns":5},{"damage":3,"enemies":"Gensokyo:Shinki","floor":50,"turns":9}],"seed_played":"-4967723391223360692","potions_obtained":[{"floor":4.0,"key":"Dexterity Potion"},{"floor":10.0,"key":"Dexterity Potion"},{"floor":11.0,"key":"Dexterity Potion"},{"floor":12.0,"key":"Energy Potion"},{"floor":18.0,"key":"Fruit Juice"},{"floor":25.0,"key":"Energy Potion"},{"floor":37.0,"key":"AttackPotion"},{"floor":41.0,"key":"SpeedPotion"},{"floor":47,"key":"Ancient Potion"}],"is_trial":false,"path_per_floor":["M","?","M","M","?","E","?","E","T","E","M","E","M","M","R","B",null,"M","?","COS","M","$","E","M","E","T","?","$","R","T","E","R","B",null,"M","?","M","COS","M","R","E","R","T","E","E","R","E","$","R","B",null],"character_chosen":"WATCHER","items_purchased":["Pantograph","Adaptation","Potion Belt","Mummified Hand","SkillPotion","Pocketwatch","Frozen Eye","Dexterity Potion","BottledMiracle"],"campfire_rested":1,"item_purchase_floors":[22,28,28,48,48,48,48,48,48],"current_hp_per_floor":[65,65,51,51,51,46,46,48,48,38,38,21,33,45,45,37,63,49,49,49,47,47,45,45,45,52,52,52,52,52,53,53,34,72,74,74,76,76,78,78,14,48,48,54,56,65,67,67,76,91],"gold":398,"neow_bonus":"UPGRADE_CARD","is_daily":false,"chose_seed":false,"campfire_upgraded":1,"win_rate":0.0,"timestamp":1610756838,"path_taken":["M","?","M","M","?","E","?","E","T","E","?","E","M","M","R","BOSS","M","?","COS","M","?","E","M","E","T","?","?","R","?","E","R","BOSS","M","?","M","COS","M","R","E","R","T","E","E","R","E","$","R","BOSS"],"items_purchased_type":["Relic","Card","Relic","Relic","Potion","Relic","Relic","Potion","Potion"],"build_version":"2020-12-22","purchased_purges":3,"victory":true,"max_hp_per_floor":[72,72,72,72,72,72,72,72,72,72,72,72,72,72,72,72,72,77,77,77,77,77,77,77,77,84,84,84,84,84,84,84,84,84,84,84,84,84,84,84,84,84,84,94,94,94,94,94,94,94],"card_choices":[{"not_picked":["Prostrate","FlyingSleeves","ThirdEye"],"picked":"SKIP","floor":1.0},{"not_picked":["JustLucky","Crescendo"],"picked":"Adaptation","floor":3.0},{"not_picked":["CarveReality","EmptyMind"],"picked":"Tantrum","floor":4.0},{"not_picked":["Evaluate","Study","Prostrate"],"picked":"SKIP","floor":6.0},{"not_picked":["Evaluate","Devotion"],"picked":"FearNoEvil","floor":8.0},{"not_picked":["PathToVictory","Perseverance"],"picked":"CutThroughFate","floor":10.0},{"not_picked":["SashWhip","FlyingSleeves"],"picked":"CrushJoints","floor":11.0},{"not_picked":["WaveOfTheHand","EmptyBody","Crescendo"],"picked":"SKIP","floor":12.0},{"not_picked":["Pray","SashWhip"],"picked":"Wallop","floor":13.0},{"not_picked":["Tantrum","Consecrate","PathToVictory"],"picked":"SKIP","floor":14.0},{"not_picked":["SpiritShield","Omniscience"],"picked":"Vault","floor":16.0},{"not_picked":["Meditate","Study+1","Evaluate+1"],"picked":"SKIP","floor":18.0},{"not_picked":["SashWhip","SignatureMove","Indignation"],"picked":"SKIP","floor":21.0},{"not_picked":["Weave","CrushJoints+1","LikeWater"],"picked":"SKIP","floor":23.0},{"not_picked":["Perseverance","CarveReality+1","FlyingSleeves"],"picked":"SKIP","floor":24.0},{"not_picked":["Protect","WaveOfTheHand","SpiritShield"],"picked":"SKIP","floor":25.0},{"not_picked":["Tantrum","Crescendo","Prostrate"],"picked":"SKIP","floor":31.0},{"not_picked":["Establishment","Judgement"],"picked":"MasterReality","floor":33.0},{"not_picked":["JustLucky","PathToVictory+1","SashWhip"],"picked":"SKIP","floor":35.0},{"not_picked":["Crescendo","CrushJoints+1","ThirdEye"],"picked":"SKIP","floor":37.0},{"not_picked":["Hello World","Gensokyo:EverlastingLife","Slice+1"],"picked":"SKIP","floor":39.0},{"not_picked":["Evaluate","Double Energy+1","Poisoned Stab+1"],"picked":"SKIP","floor":41.0},{"not_picked":["Brilliance","Genetic Algorithm","Anger"],"picked":"Skim+1","floor":44.0},{"not_picked":["Armaments","Tantrum","Leg Sweep+1","Panache"],"picked":"SKIP","floor":45.0},{"not_picked":["Reprogram+1","BattleHymn+1","Footwork","Blur"],"picked":"SKIP","floor":47}],"player_experience":585709,"relics_obtained":[{"floor":6.0,"key":"Dead Branch"},{"floor":8.0,"key":"StrikeDummy"},{"floor":9.0,"key":"Shovel"},{"floor":10.0,"key":"Vajra"},{"floor":12.0,"key":"Ornamental Fan"},{"floor":13.0,"key":"Gensokyo:OccultBall"},{"floor":16.0,"key":"Gensokyo:OccultBall"},{"floor":18.0,"key":"Gensokyo:OccultBall"},{"floor":23.0,"key":"Gensokyo:OccultBall"},{"floor":23.0,"key":"Nunchaku"},{"floor":25.0,"key":"Akabeko"},{"floor":26.0,"key":"Strawberry"},{"floor":29.0,"key":"Girya"},{"floor":30.0,"key":"Blood Vial"},{"floor":31.0,"key":"Gensokyo:ConquerorOfFear"},{"floor":31.0,"key":"Bottled Flame"},{"floor":32.0,"key":"WingedGreaves"},{"floor":33.0,"key":"Gensokyo:OccultBall"},{"floor":40.0,"key":"Dream Catcher"},{"floor":41.0,"key":"Question Card"},{"floor":41.0,"key":"Eternal Feather"},{"floor":43.0,"key":"TeardropLocket"},{"floor":44.0,"key":"Pear"},{"floor":44.0,"key":"Whetstone"},{"floor":45.0,"key":"Omamori"},{"floor":45.0,"key":"Oddly Smooth Stone"},{"floor":46.0,"key":"CaptainsWheel"},{"floor":47,"key":"Blue Candle"},{"floor":47,"key":"Bag of Marbles"},{"floor":49,"key":"Bag of Preparation"}],"event_choices":[],"is_beta":false,"boss_relics":[{"not_picked":["Runic Dome","Fusion Hammer"],"picked":"Snecko Eye"},{"not_picked":["Runic Pyramid","Sozu"],"picked":"Black Star"}],"items_purged_floors":[22,28,48],"is_endless":false,"potions_floor_spawned":[4,10,11,12,14,18,25,37,41,47],"ascension_level":10}}