{"host":"jdbhgql29eqg6e2t","time":1610768409,"event":{"mods":["BaseMod","Hermit","Infinite Spire","Minty Spire (QoL Compilation)","Replay The Spire","Shop Mod","StSLib","The Cursed","The Disciple"],"gold_per_floor":[112,187,362,0,0,0,29,29,29],"floor_reached":8,"language":"ENG","playtime":600,"items_purged":[],"score":52,"play_id":"6488b68a-315b-45f8-b275-9aeec0f2b0eb","local_time":"20210116004009","daily_mods":["Allstar","Heirloom","Time Dilation","Flight","Elite Swarm"],"is_ascension_mode":false,"campfire_choices":[{"data":"Enlightenment","floor":6,"key":"SMITH"}],"circlet_count":0,"master_deck":["Strike_Br","Strike_Br","Strike_Br","Strike_Br","Defend_Br","Defend_Br","Defend_Br","Defend_Br","SecondHand","PatternShift","The Bomb","Crow Ritual","Replay:Parry","Enlightenment+1","Panache","Echoward","Doubt","LockedAnchor","CrunchTime","Flay+1"],"relics":["Chronometer","Mango","Replay:Mystery Machine","MerchantsRug","Molten Egg 2","Juzu Bracelet"],"acts_visited":["Exordium"],"potions_floor_usage":[],"damage_taken":[{"damage":1,"enemies":"2 Louse","floor":1,"turns":3},{"damage":21,"enemies":"3 Sentries","floor":7,"turns":5},{"damage":55,"enemies":"Gremlin Nob","floor":8,"turns":4}],"seed_played":"-8540873071040011905","potions_obtained":[{"floor":1,"key":"SteroidPotion"}],"is_trial":true,"path_per_floor":["M","?","?","$","?","R","E","E"],"character_chosen":"CHRONO_CLASS","items_purchased":["Replay:Mystery Machine","MerchantsRug","LockedAnchor","CrunchTime"],"campfire_rested":0,"item_purchase_floors":[4,4,4,4],"current_hp_per_floor":[78,67,67,67,67,67,46,0,0],"gold":29,"neow_bonus":"","is_daily":false,"chose_seed":false,"campfire_upgraded":1,"win_rate":0.0,"timestamp":1610768409,"path_taken":["M","?","?","$","?","R","E","E"],"items_purchased_type":["Relic","Relic","Card","Card"],"build_version":"2020-12-22","purchased_purges":0,"victory":false,"max_hp_per_floor":[79,79,79,79,79,79,79,79,79],"card_choices":[{"not_picked":["HandsUpB","LockedScales"],"picked":"Echoward","floor":1},{"not_picked":["OverTime+1","OldTimer+1"],"picked":"Flay+1","floor":7}],"player_experience":526919,"relics_obtained":[{"floor":5,"key":"Molten Egg 2"},{"floor":7,"key":"Juzu Bracelet"}],"event_choices":[{"damage_healed":0,"gold_gain":75,"player_choice":"Gather Gold","damage_taken":11,"max_hp_gain":0,"max_hp_loss":0,"event_name":"World of Goop","floor":2,"gold_loss":0},{"damage_healed":0,"gold_gain":175,"player_choice":"AGREE","damage_taken":0,"max_hp_gain":0,"max_hp_loss":0,"event_name":"Liars Game","floor":3,"gold_loss":0,"cards_obtained":["Doubt"]}],"is_beta":false,"boss_relics":[],"items_purged_floors":[],"is_endless":false,"potions_floor_spawned":[1],"killed_by":"Gremlin Nob","ascension_level":0}}