{"host":"kdt6w7ix8lwe69i9","time":1610809219,"event":{"mods":["100% Spire Juice","Bartender","BaseMod","ChefMod","Downfall","Fiend Mod","Jorbs\u0027s Wanderer Trilogy","Minty Spire (QoL Compilation)","Reimu（博丽灵梦）","Robot Space Explorer","Shade Mod","StSLib","The Caster","The Cursed","The Disciple","The Dragon Tamer","The Druid","The Fake Hero","The Forsaken","The Gatherer","The Marked","TheBandit","TheSwordswoman"],"gold_per_floor":[510,522,522,535,535,568,568,568,568,27,27,52,72,105,105,102,102],"floor_reached":16,"language":"ENG","playtime":1266,"items_purged":["Poor:ReiMu"],"score":110,"play_id":"2de943e6-54ca-441b-90ca-831de6197407","local_time":"20210116100019","is_ascension_mode":false,"campfire_choices":[{"floor":7,"key":"REST"},{"data":"luka_mod:AlmaElma","floor":15,"key":"SMITH"}],"circlet_count":0,"master_deck":["luka_mod:StrikeLukaOne","luka_mod:StrikeLukaTwo","luka_mod:StrikeLukaThree+1","luka_mod:StrikeLukaFour+1","luka_mod:StrikeLukaFive","luka_mod:StrikeLukaSix","luka_mod:Salt","luka_mod:Guard","luka_mod:Wait","luka_mod:Edging","luka_mod:FlailWildly+1","luka_mod:Meditation+1","luka_mod:Surrender","luka_mod:AlmaElma+1","luka_mod:GuardTraining","luka_mod:FlashKill","luka_mod:ThunderThrust","luka_mod:Undine","luka_mod:Tamamo","luka_mod:Gnome","Injury","luka_mod:AngryLuka","luka_mod:Gnome","luka_mod:Tamamo","luka_mod:GuardedStrike","luka_mod:Calm"],"relics":["luka_mod:KeepsakeRing","Prayer Wheel","Whetstone","YidongShenshe:ReiMu","Mercury Hourglass","Gremlin Horn","War Paint","Golden Idol","InkBottle"],"acts_visited":["Exordium"],"potions_floor_usage":[6,12,13,14],"damage_taken":[{"damage":10,"enemies":"2 Louse","floor":1,"turns":2},{"damage":10,"enemies":"Small Slimes","floor":2,"turns":4},{"damage":13,"enemies":"Jaw Worm","floor":4,"turns":4},{"damage":34,"enemies":"Lagavulin","floor":6,"turns":7},{"damage":6,"enemies":"3 Louse","floor":12,"turns":3},{"damage":12,"enemies":"Gremlin Gang","floor":13,"turns":3},{"damage":16,"enemies":"Gremlin Nob","floor":14,"turns":6},{"damage":11,"enemies":"The Guardian","floor":16,"turns":6}],"seed_played":"-3501888952742711547","potions_obtained":[{"floor":1,"key":"PowerPotion"},{"floor":6,"key":"Energy Potion"},{"floor":12,"key":"SpeedPotion"},{"floor":13,"key":"Strength Potion"}],"is_trial":false,"path_per_floor":["M","M","?","M","?","E","R","?","T","$","?","M","M","E","R","B"],"character_chosen":"LUKA_CLASS","items_purchased":["Gremlin Horn","War Paint","luka_mod:Gnome"],"campfire_rested":1,"item_purchase_floors":[10,10,10],"current_hp_per_floor":[18,40,37,28,28,13,25,25,25,25,25,19,7,11,11,0,0],"gold":102,"neow_bonus":"THREE_RARE_CARDS","is_daily":false,"chose_seed":false,"campfire_upgraded":1,"win_rate":0.0,"timestamp":1610809219,"path_taken":["M","M","?","M","?","E","R","?","T","$","?","M","?","E","R","BOSS"],"items_purchased_type":["Relic","Relic","Card"],"build_version":"2020-12-22","purchased_purges":1,"victory":false,"max_hp_per_floor":[40,40,40,40,40,40,40,40,40,40,40,40,40,40,40,40,40],"card_choices":[{"not_picked":["luka_mod:SpoilerForm","luka_mod:Erubetie"],"picked":"luka_mod:AlmaElma","floor":0},{"not_picked":["luka_mod:Request","luka_mod:FireSlash"],"picked":"luka_mod:GuardTraining","floor":1},{"not_picked":["luka_mod:HeroicStrike","luka_mod:DeathSwordChaosStar"],"picked":"luka_mod:FlashKill","floor":2},{"not_picked":["luka_mod:Intense","luka_mod:NeverSurrender"],"picked":"luka_mod:ThunderThrust","floor":4},{"not_picked":["luka_mod:HeroicStrike","luka_mod:DemonDecapitation"],"picked":"luka_mod:Undine","floor":4},{"not_picked":["luka_mod:PrayToIlias","luka_mod:DemonSkullBeheading"],"picked":"luka_mod:Tamamo","floor":6},{"not_picked":["luka_mod:WaterSlash","luka_mod:FireSlash"],"picked":"luka_mod:AngryLuka","floor":12},{"not_picked":["luka_mod:FlashKill","luka_mod:GuardedStrike"],"picked":"luka_mod:Gnome","floor":12},{"not_picked":["luka_mod:FireSlash","luka_mod:HeroicStrike"],"picked":"luka_mod:Tamamo","floor":13},{"not_picked":["luka_mod:RestrictedStrike","luka_mod:Cutscene"],"picked":"luka_mod:GuardedStrike","floor":13},{"not_picked":["luka_mod:Overexert","luka_mod:IliasesJudgement"],"picked":"luka_mod:Calm","floor":14}],"player_experience":1836061,"relics_obtained":[{"floor":6,"key":"Whetstone"},{"floor":9,"key":"Mercury Hourglass"},{"floor":14,"key":"InkBottle"}],"event_choices":[{"damage_healed":0,"gold_gain":0,"player_choice":"Success","damage_taken":3,"relics_obtained":["Prayer Wheel"],"max_hp_gain":0,"max_hp_loss":0,"event_name":"Scrap Ooze","floor":3,"gold_loss":0},{"damage_healed":0,"gold_gain":0,"player_choice":"Take Tiny Shrine away","damage_taken":0,"relics_obtained":["YidongShenshe:ReiMu"],"max_hp_gain":0,"max_hp_loss":0,"event_name":"yidonshenshe","floor":8,"gold_loss":0,"cards_obtained":["Poor:ReiMu"]},{"damage_healed":0,"gold_gain":0,"player_choice":"Take Wound","damage_taken":0,"relics_obtained":["Golden Idol"],"max_hp_gain":0,"max_hp_loss":0,"event_name":"Golden Idol","floor":11,"gold_loss":0,"cards_obtained":["Injury"]}],"is_beta":false,"boss_relics":[],"items_purged_floors":[10],"is_endless":false,"potions_floor_spawned":[1,6,12,13],"killed_by":"The Guardian","ascension_level":0}}