{"host":"v54ek091sdz7ha6h","time":1610829999,"event":{"mods":["BaseMod","Better Vampires","Colored Map","Colored Powertips","DeckTracker","Highlight Path","KOR Keyword Fix","Minty Spire (QoL Compilation)","Rare Cards Sparkle","Relic Stats","StSLib","SuperFastMode","everything is the same but u backflip on backflip","slay the spire mod where everything is the same but ironclad has a cowboy hat"],"gold_per_floor":[119,119,133,152,77,109,129,204,204,15,15,33,47,47,47,123,123,133,109,109,122,122,122,78,93,118,118,135,135,150,150,150],"floor_reached":31,"language":"KOR","playtime":669,"items_purged":["Strike_G"],"score":478,"play_id":"4c619e0c-068e-4289-859b-f0d7acbc4d74","local_time":"20210117054639","is_ascension_mode":true,"campfire_choices":[{"floor":11,"key":"REST"},{"data":"Bouncing Flask","floor":15,"key":"SMITH"},{"floor":23,"key":"REST"},{"data":"Reflex","floor":29,"key":"SMITH"}],"circlet_count":0,"master_deck":["AscendersBane","Strike_G","Strike_G","Strike_G","Strike_G","Defend_G","Defend_G","Defend_G","Defend_G","Survivor","Neutralize","Poisoned Stab","Dagger Spray","Bouncing Flask+1","Dagger Throw","Glass Knife+1","CurseOfTheBell","Outmaneuver","Acrobatics","Reflex+1"],"relics":["Ring of the Snake","NeowsBlessing","Toy Ornithopter","FossilizedHelix","The Courier","Bag of Preparation","Calling Bell","Happy Flower","InkBottle","Ginger","Letter Opener"],"acts_visited":["Exordium","TheCity"],"potions_floor_usage":[6,30,31],"damage_taken":[{"damage":0,"enemies":"2 Louse","floor":1,"turns":1},{"damage":0,"enemies":"Cultist","floor":3,"turns":1},{"damage":0,"enemies":"Jaw Worm","floor":4,"turns":1},{"damage":39,"enemies":"Lagavulin","floor":6,"turns":9},{"damage":0,"enemies":"Blue Slaver","floor":7,"turns":4},{"damage":4,"enemies":"Exordium Wildlife","floor":12,"turns":4},{"damage":4,"enemies":"Lots of Slimes","floor":13,"turns":3},{"damage":14,"enemies":"Hexaghost","floor":16,"turns":8},{"damage":11,"enemies":"Spheric Guardian","floor":18,"turns":4},{"damage":14,"enemies":"2 Thieves","floor":19,"turns":4},{"damage":20,"enemies":"Snake Plant","floor":21,"turns":4},{"damage":11,"enemies":"Snecko","floor":25,"turns":6},{"damage":15,"enemies":"Centurion and Healer","floor":28,"turns":8},{"damage":0,"enemies":"Cultist and Chosen","floor":30,"turns":4},{"damage":35,"enemies":"Shelled Parasite and Fungi","floor":31,"turns":3}],"seed_played":"-832094090170760964","potions_obtained":[{"floor":4,"key":"LiquidMemories"},{"floor":7,"key":"FairyPotion"},{"floor":19,"key":"Fire Potion"},{"floor":21,"key":"DuplicationPotion"},{"floor":28,"key":"Fruit Juice"}],"is_trial":false,"path_per_floor":["M","?","M","M","?","E","M","?","T","$","R","M","M","$","R","B",null,"M","M","?","M","T","R","$","M","T","?","M","R","M","M"],"character_chosen":"THE_SILENT","items_purchased":["Bag of Preparation","Acrobatics"],"campfire_rested":2,"item_purchase_floors":[10,24],"current_hp_per_floor":[59,59,59,59,59,25,25,14,14,14,33,29,25,25,25,11,52,41,27,27,7,7,26,26,15,15,15,19,19,24,0,0],"gold":150,"neow_bonus":"THREE_ENEMY_KILL","is_daily":false,"chose_seed":false,"campfire_upgraded":2,"win_rate":0.0,"timestamp":1610829999,"path_taken":["M","?","M","?","?","E","M","?","T","?","R","?","M","?","R","BOSS","M","M","?","M","?","R","$","?","T","?","M","R","M","M"],"items_purchased_type":["Relic","Card"],"build_version":"2020-12-22","purchased_purges":1,"victory":false,"max_hp_per_floor":[66,66,66,66,66,66,66,66,66,66,66,66,66,66,66,66,66,66,66,66,66,66,66,66,66,66,66,66,66,66,71,71],"relic_stats":{"Happy Flower":[11],"counters":[15,64],"Bag of Preparation":[20],"Ginger":[9],"Letter Opener":[25],"obtain_stats":[{"Calling Bell":17,"NeowsBlessing":0,"Happy Flower":17,"The Courier":9,"Bag of Preparation":10,"Ginger":17,"Letter Opener":22,"Toy Ornithopter":2,"FossilizedHelix":6,"InkBottle":17,"Ring of the Snake":0},{"Calling Bell":8,"NeowsBlessing":0,"Happy Flower":8,"The Courier":5,"Bag of Preparation":5,"Ginger":8,"Letter Opener":11,"Toy Ornithopter":1,"FossilizedHelix":4,"InkBottle":8,"Ring of the Snake":0},{"Calling Bell":31,"NeowsBlessing":0,"Happy Flower":31,"The Courier":16,"Bag of Preparation":16,"Ginger":31,"Letter Opener":43,"Toy Ornithopter":1,"FossilizedHelix":12,"InkBottle":31,"Ring of the Snake":0}],"Toy Ornithopter":15,"InkBottle":[11],"Ring of the Snake":[30]},"card_choices":[{"not_picked":["Quick Slash","Prepared"],"picked":"Noxious Fumes","floor":1},{"not_picked":["Deadly Poison","Slice"],"picked":"Poisoned Stab","floor":3},{"not_picked":["Outmaneuver","Tactician"],"picked":"Dagger Spray","floor":4},{"not_picked":["Prepared","PiercingWail","Sucker Punch"],"picked":"SKIP","floor":6},{"not_picked":["Riddle With Holes","Deflect"],"picked":"Bouncing Flask","floor":7},{"not_picked":["Leg Sweep","Riddle With Holes"],"picked":"Dagger Throw","floor":12},{"not_picked":["Slice","Escape Plan","Flying Knee"],"picked":"SKIP","floor":13},{"not_picked":["Tools of the Trade","Phantasmal Killer"],"picked":"Glass Knife","floor":16},{"not_picked":["Distraction","Quick Slash","Dagger Throw"],"picked":"SKIP","floor":18},{"not_picked":["All Out Attack","Riddle With Holes","Quick Slash"],"picked":"SKIP","floor":19},{"not_picked":["Caltrops","Backflip"],"picked":"Outmaneuver","floor":21},{"not_picked":["Infinite Blades","Blade Dance","Deadly Poison"],"picked":"SKIP","floor":25},{"not_picked":["Deadly Poison","Infinite Blades"],"picked":"Reflex","floor":28},{"not_picked":["Dagger Throw","Slice","Sucker Punch"],"picked":"SKIP","floor":30}],"player_experience":1447178,"relics_obtained":[{"floor":6,"key":"FossilizedHelix"},{"floor":9,"key":"The Courier"},{"floor":17,"key":"Happy Flower"},{"floor":17,"key":"InkBottle"},{"floor":17,"key":"Ginger"},{"floor":22,"key":"Letter Opener"}],"event_choices":[{"cards_removed":["Noxious Fumes"],"damage_healed":0,"gold_gain":0,"player_choice":"Gave Card","damage_taken":0,"relics_obtained":["Toy Ornithopter"],"max_hp_gain":0,"max_hp_loss":0,"event_name":"WeMeetAgain","floor":2,"gold_loss":0},{"cards_removed":["Defend_G"],"damage_healed":0,"gold_gain":0,"player_choice":"Card Removal","damage_taken":0,"max_hp_gain":0,"max_hp_loss":0,"event_name":"The Cleric","floor":5,"gold_loss":75},{"damage_healed":0,"gold_gain":75,"player_choice":"Gather Gold","damage_taken":11,"max_hp_gain":0,"max_hp_loss":0,"event_name":"World of Goop","floor":8,"gold_loss":0},{"damage_healed":0,"gold_gain":0,"player_choice":"Ignored","damage_taken":0,"max_hp_gain":0,"max_hp_loss":0,"event_name":"Vampires","floor":20,"gold_loss":0},{"damage_healed":0,"gold_gain":0,"player_choice":"Upgraded","damage_taken":0,"max_hp_gain":0,"max_hp_loss":0,"event_name":"Upgrade Shrine","floor":27,"gold_loss":0,"cards_upgraded":["Glass Knife"]}],"is_beta":false,"boss_relics":[{"not_picked":["Snecko Eye","Fusion Hammer"],"picked":"Calling Bell"}],"items_purged_floors":[10],"is_endless":false,"potions_floor_spawned":[4,7,19,21,28],"killed_by":"Shelled Parasite and Fungi","ascension_level":20}}