{"host":"iak1zw6udsaqx1iy","time":1610815579,"event":{"mods":["Act Like it!","BaseMod","Gensokyo","Minty Spire (QoL Compilation)","Remilia（蕾米莉亚）","Replay The Spire","StSLib","The Alterego","The Cursed","The Servant 0.9.4","WarShipGirlsR/战舰少女R mod","Youmu（魂魄妖梦）"],"gold_per_floor":[118,118,129,197,207,239,239,268,346,375,375,407,417,449,449,551,551,568,585,599,614,627,659,659,659,682,696,716,741,741,759,759,858,858,873,887,898,911,911,946,946,972,972,972,972,972,998,998,998,1025,1025,1025,1025,1025,66,92,92],"floor_reached":58,"language":"ZHS","playtime":6302,"items_purged":[],"score":1977,"play_id":"18a11aef-d2ac-4eae-a172-e1824f329aba","local_time":"20210117004619","is_ascension_mode":true,"campfire_choices":[{"data":"SwordOfBindingDesires","floor":7.0,"key":"SMITH"},{"floor":15.0,"key":"RECALL"},{"data":"HumanGodSword","floor":24.0,"key":"SMITH"},{"data":"SpiderLilyBurial","floor":30.0,"key":"SMITH"},{"data":"HumanKnowledgeSword","floor":32.0,"key":"SMITH"},{"floor":41.0,"key":"DIG"},{"data":"TurningAngelCut","floor":46.0,"key":"SMITH"},{"data":"Strike_YM","floor":51.0,"key":"PURGE"}],"circlet_count":0,"master_deck":["Strike_YM","Strike_YM","Strike_YM","Defend_YM","Defend_YM","SlashOfPresentWorld","WheelOfPainOfLivingAndDead","HumanKnowledgeSword+1","SpiritCuttingSword+1","SwordOfBindingDesires+1","CherryBlossomFlashing","SlashOfMeditation+1","TwoHundredYojanaInOneSlash+1","Pain","CherryBlossomFlashing+1","PhosphoricSlash+1","FlashingScatteredFlowers+1","SlashOfTheEternalFuture+1","SlashOfDelusionalInnerEye+1","LightFlashOfTheNetherworld+1","HumanGodSword+1","FlashingScatteredFlowers+1","CherryBlossomFlashing+1","DoubleWheelOfPain+1","FiveSignsOfTheDyingDeva+1","TheCursedMod:Dregs","DispleasureOfTheSevenHakus","SpiderLilyBurial+1","LotusPostureSlash+1","HellRealmSword+1","TurningAngelCut+1","LowerRealmReflectionSlash+1","CherryBlossomFlashing+1","CherryBlossomFlashing+1","RapidSlash+1","SlashOfAscensionToBuddhahood+1","FlashingScatteredFlowers+1","ThreeKonsSevenHakus+1","VoidnessSword","AsTheSilentNirvana","TransmigrationSlash+1","SlashOfSaigyouSpringWind","HellFireSword","FastingOfTheYoungPreta","ThreeKonsSevenHakus","FlashingScatteredFlowers+1","FlashingScatteredFlowers+1","PretaSword+1","Magnetism","SlashOfMeditation+1"],"relics":["HalfPhantom","Durian","ReplayTheSpireMod:Ring of Addiction","SacredBark","White Beast Statue","FencingExperience","Molten Egg 2","Pantograph","Replay:Multitool","Gensokyo:LunaticRedEyes","Peace Pipe","Oddly Smooth Stone","Replay:Grab Bag","Cursed Key","Busted Crown","Ring of Chaos","Replay:Rubber Ducky","Boot","Replay:Ringing Soul","Painkiller Herb","Gensokyo:EmptyGrave","Replay:PocketPolymizer","Omamori","Thread and Needle","Chameleon Ring","Divine Protection","Gensokyo:DualWield","Eternal Feather","ReplayTheSpireMod:TigerMarble","Bottled Flame","Roukanken"],"acts_visited":["Exordium","Gensokyo:Gensokyo","Gensokyo:Gensokyoer","TheEnding"],"potions_floor_usage":[57],"damage_taken":[{"damage":11.0,"enemies":"Gensokyo:Gryphon","floor":1.0,"turns":4.0},{"damage":0.0,"enemies":"Gensokyo:3_Fairies","floor":3.0,"turns":4.0},{"damage":0.0,"enemies":"Gensokyo:2_Kodama","floor":5.0,"turns":4.0},{"damage":0.0,"enemies":"Gensokyo:Aya","floor":6.0,"turns":3.0},{"damage":0.0,"enemies":"Gensokyo:Mamizou","floor":8.0,"turns":4.0},{"damage":0.0,"enemies":"Gensokyo:Cirno","floor":10.0,"turns":5.0},{"damage":0.0,"enemies":"Gensokyo:Mamizou","floor":12.0,"turns":10.0},{"damage":0.0,"enemies":"Gensokyo:2_Rabbits","floor":13.0,"turns":2.0},{"damage":0.0,"enemies":"Gensokyo:Cirno","floor":14.0,"turns":4.0},{"damage":6.0,"enemies":"Gensokyo:Yukari","floor":16.0,"turns":8.0},{"damage":0.0,"enemies":"Gensokyo:CosmicMonolith","floor":18.0,"turns":2.0},{"damage":0.0,"enemies":"Gensokyo:3_Dogs","floor":19.0,"turns":3.0},{"damage":0.0,"enemies":"Gensokyo:Wraith","floor":20.0,"turns":5.0},{"damage":10.0,"enemies":"Gensokyo:Monolith_and_Dog","floor":21.0,"turns":3.0},{"damage":0.0,"enemies":"Gensokyo:3_Gloops","floor":22.0,"turns":4.0},{"damage":5.0,"enemies":"Gensokyo:Koishi","floor":23.0,"turns":4.0},{"damage":0.0,"enemies":"Gensokyo:Swordslinger","floor":27.0,"turns":2.0},{"damage":0.0,"enemies":"Gensokyo:Slime_Group","floor":28.0,"turns":2.0},{"damage":0.0,"enemies":"Gensokyo:Tenshi","floor":29.0,"turns":2.0},{"damage":13.0,"enemies":"Gensokyo:Mirror_and_Dog","floor":31.0,"turns":2.0},{"damage":2.0,"enemies":"Gensokyo:Eternal_Rivals","floor":33.0,"turns":9.0},{"damage":0.0,"enemies":"Gensokyo:AncientGuardian","floor":35.0,"turns":3.0},{"damage":0.0,"enemies":"Gensokyo:3_Boulders","floor":36.0,"turns":3.0},{"damage":0.0,"enemies":"Gensokyo:4_Bats","floor":37.0,"turns":3.0},{"damage":0.0,"enemies":"Gensokyo:SeedOfUnknown","floor":38.0,"turns":3.0},{"damage":0.0,"enemies":"Gensokyo:Marisa","floor":40.0,"turns":1.0},{"damage":1.0,"enemies":"Gensokyo:Doremy","floor":42.0,"turns":6.0},{"damage":0.0,"enemies":"Gensokyo:Kasen","floor":47.0,"turns":3.0},{"damage":0.0,"enemies":"Gensokyo:Marisa","floor":50.0,"turns":2.0},{"damage":0.0,"enemies":"Gensokyo:Shinki","floor":52.0,"turns":9.0},{"damage":0,"enemies":"Shield and Spear","floor":56,"turns":2},{"damage":0,"enemies":"The Heart","floor":57,"turns":7}],"seed_played":"5053432655699685151","potions_obtained":[{"floor":2.0,"key":"Fire Potion"},{"floor":2.0,"key":"CausticAgent"},{"floor":2.0,"key":"LiquidBronze"},{"floor":5.0,"key":"Dexterity Potion"},{"floor":6.0,"key":"AttackPotion"},{"floor":8.0,"key":"Swift Potion"},{"floor":10.0,"key":"SpeedPotion"},{"floor":12.0,"key":"FearPotion"},{"floor":13.0,"key":"BlessingOfTheForge"},{"floor":14.0,"key":"Fire Potion"},{"floor":16.0,"key":"CultistPotion"},{"floor":18.0,"key":"DistilledChaos"},{"floor":19.0,"key":"SkillPotion"},{"floor":20.0,"key":"Strength Potion"},{"floor":21.0,"key":"PowerPotion"},{"floor":22.0,"key":"SkillPotion"},{"floor":23.0,"key":"Strength Potion"},{"floor":27.0,"key":"Energy Potion"},{"floor":28.0,"key":"EntropicBrew"},{"floor":29.0,"key":"DistilledChaos"},{"floor":31.0,"key":"Adrenaline Potion"},{"floor":33.0,"key":"Swift Potion"},{"floor":35.0,"key":"Block Potion"},{"floor":36.0,"key":"LiquidMemories"},{"floor":37.0,"key":"AttackPotion"},{"floor":38.0,"key":"DistilledChaos"},{"floor":40.0,"key":"Toxic Potion"},{"floor":42.0,"key":"Flashbang"}],"is_trial":false,"path_per_floor":["M","?","M","T","M","E","R","E","T","E","?","E","M","E","R","B",null,"M","M","M","M","M","E","R","?","T","M","M","E","R","M","R","B",null,"?","?","?","?","?","E","T","E","PTL","PTL","T","T","E","T","T","E","T","B",null,"T","T","E","B",null],"character_chosen":"YOUMU","items_purchased":["Bottled Flame","DuplicationPotion","SpeedPotion","HellFireSword","FastingOfTheYoungPreta","ThreeKonsSevenHakus","FlashingScatteredFlowers+1","PretaSword+1","Magnetism"],"campfire_rested":0,"item_purchase_floors":[55,55,55,55,55,55,55,55,55],"current_hp_per_floor":[69,69,69,69,69,69,69,69,69,69,69,69,69,69,69,74,80,80,80,80,70,70,65,65,65,65,65,65,68,68,58,58,84,87,90,93,96,99,92,95,95,97,97,97,97,99,102,105,103,106,109,107,107,110,113,116,114],"gold":92,"neow_bonus":"ONE_RARE_RELIC","is_daily":false,"chose_seed":false,"campfire_upgraded":5,"win_rate":0.0,"timestamp":1610815579,"path_taken":["M","?","M","?","M","E","R","E","T","E","?","E","M","E","R","BOSS","M","M","M","M","M","E","R","?","T","?","M","E","R","M","R","BOSS","?","?","?","?","?","E","T","E","PTL","PTL","T","T","E","T","?","E","T","BOSS","T","T","E","BOSS"],"items_purchased_type":["Relic","Potion","Potion","Card","Card","Card","Card","Card","Card"],"build_version":"2020-12-22","purchased_purges":0,"victory":true,"max_hp_per_floor":[80,80,80,80,80,80,80,80,80,80,80,80,80,80,80,80,80,80,80,80,80,80,80,80,80,80,78,78,81,81,84,84,87,87,90,93,96,99,92,95,95,98,98,98,98,99,102,105,103,106,109,107,107,110,113,116,114],"card_choices":[{"not_picked":["TwoHundredYojanaInOneSlash","ThoughtCuttingSword"],"picked":"HumanKnowledgeSword","floor":1.0},{"not_picked":["FiveSignsOfTheDyingDeva","SpiderLilyBurial"],"picked":"SpiritCuttingSword","floor":3.0},{"not_picked":["SanzenSekai","PhosphoricSlash"],"picked":"SwordOfBindingDesires","floor":5.0},{"not_picked":["BloodOfAsura","ThreeKonsSevenHakus"],"picked":"CherryBlossomFlashing","floor":6.0},{"not_picked":["SlashOfTheEternalFuture+1","PretaSword+1"],"picked":"SlashOfMeditation+1","floor":8.0},{"not_picked":["ThoughtCuttingSword+1","ConstancyOfTheConventionalTruth"],"picked":"TwoHundredYojanaInOneSlash+1","floor":10.0},{"not_picked":["ThreeKonsSevenHakus","LowerRealmReflectionSlash+1"],"picked":"CherryBlossomFlashing+1","floor":12.0},{"not_picked":["SlashOfMeditation+1","ThreeKonsSevenHakus"],"picked":"PhosphoricSlash+1","floor":13.0},{"not_picked":["HiganSword","TransmigrationSlash+1"],"picked":"FlashingScatteredFlowers+1","floor":14.0},{"not_picked":["WickedSoul","FastingOfTheYoungPreta"],"picked":"SlashOfTheEternalFuture+1","floor":16.0},{"not_picked":[],"picked":"SlashOfDelusionalInnerEye+1","floor":18.0},{"not_picked":[],"picked":"LightFlashOfTheNetherworld+1","floor":19.0},{"not_picked":[],"picked":"HumanGodSword","floor":20.0},{"not_picked":[],"picked":"FlashingScatteredFlowers+1","floor":21.0},{"not_picked":[],"picked":"CherryBlossomFlashing+1","floor":22.0},{"not_picked":[],"picked":"DoubleWheelOfPain+1","floor":23.0},{"not_picked":[],"picked":"HellFireSword+1","floor":27.0},{"not_picked":[],"picked":"DispleasureOfTheSevenHakus","floor":28.0},{"not_picked":[],"picked":"SpiderLilyBurial","floor":29.0},{"not_picked":[],"picked":"LotusPostureSlash+1","floor":31.0},{"not_picked":[],"picked":"HellRealmSword+1","floor":33.0},{"not_picked":[],"picked":"TurningAngelCut","floor":35.0},{"not_picked":[],"picked":"LowerRealmReflectionSlash+1","floor":36.0},{"not_picked":[],"picked":"CherryBlossomFlashing+1","floor":37.0},{"not_picked":[],"picked":"CherryBlossomFlashing+1","floor":38.0},{"not_picked":[],"picked":"RapidSlash+1","floor":40.0},{"not_picked":[],"picked":"SlashOfAscensionToBuddhahood+1","floor":42.0},{"not_picked":[],"picked":"ThreeKonsSevenHakus+1","floor":47.0},{"not_picked":[],"picked":"AsTheSilentNirvana","floor":50.0},{"not_picked":[],"picked":"SlashOfMeditation+1","floor":56}],"player_experience":331668,"relics_obtained":[{"floor":2.0,"key":"ReplayTheSpireMod:Ring of Addiction"},{"floor":2.0,"key":"SacredBark"},{"floor":2.0,"key":"White Beast Statue"},{"floor":6.0,"key":"FencingExperience"},{"floor":8.0,"key":"Molten Egg 2"},{"floor":9.0,"key":"Pantograph"},{"floor":10.0,"key":"Replay:Multitool"},{"floor":12.0,"key":"Peace Pipe"},{"floor":14.0,"key":"Oddly Smooth Stone"},{"floor":23.0,"key":"Replay:Rubber Ducky"},{"floor":26.0,"key":"Boot"},{"floor":29.0,"key":"Replay:Ringing Soul"},{"floor":40.0,"key":"Replay:PocketPolymizer"},{"floor":41.0,"key":"Omamori"},{"floor":42.0,"key":"Thread and Needle"},{"floor":45.0,"key":"Chameleon Ring"},{"floor":47.0,"key":"Divine Protection"},{"floor":49.0,"key":"Eternal Feather"},{"floor":50.0,"key":"ReplayTheSpireMod:TigerMarble"},{"floor":56,"key":"Roukanken"}],"event_choices":[],"is_beta":false,"boss_relics":[{"not_picked":["ChewingGum","Pandora\u0027s Box"],"picked":"Replay:Grab Bag"},{"not_picked":["Runic Dome","Velvet Choker"],"picked":"Cursed Key"},{"not_picked":["Sozu","Fusion Hammer"],"picked":"Busted Crown"},{"not_picked":["Calling Bell","Astrolabe"],"picked":"Ring of Chaos"},{"not_picked":["ReplayTheSpireMod:DimensionalGlitch","Replay:Wanted Poster"],"picked":"Painkiller Herb"}],"items_purged_floors":[],"is_endless":false,"potions_floor_spawned":[3,5,6,8,10,12,13,14,16,18,19,20,21,22,23,27,28,29,31,33,35,36,37,38,40,42,47,50,56],"ascension_level":2}}