{"host":"q2l6xtlpu05lrop8","time":1610833833,"event":{"mods":["AchievementEnabler","BaseMod","Colored Map","Googly Eyes","Minty Spire (QoL Compilation)","Slay the Streamer","StSLib","The IronCluck","slay the spire mod where everything is the same but ironclad has a cowboy hat"],"gold_per_floor":[118,118,59,69,69,69,89,164,164,164,189,189,189,224,91,91,166,166,182,182,199,219,21,21,33,63,90,90,90,90,5,32,42,42,114,114,131,149,163,163,182,182,13,31,31,31,61,61,114,114,147,147,147],"floor_reached":54,"language":"ENG","playtime":5600,"items_purged":["Searing Blow","Perfected Strike+1"],"score":1384,"play_id":"68f57268-0ed3-4b14-bd5f-e44e8d13d62c","local_time":"20210116135033","is_ascension_mode":true,"campfire_choices":[{"data":"Shockwave","floor":6,"key":"SMITH"},{"data":"Bludgeon","floor":16,"key":"SMITH"},{"data":"Feel No Pain","floor":24,"key":"SMITH"},{"data":"Body Slam","floor":30,"key":"SMITH"},{"data":"Feel No Pain","floor":34,"key":"SMITH"},{"data":"Madness","floor":42,"key":"SMITH"},{"data":"Madness","floor":48,"key":"SMITH"},{"data":"Bludgeon","floor":50,"key":"SMITH"},{"data":"Fiend Fire","floor":52,"key":"SMITH"}],"circlet_count":0,"master_deck":["AscendersBane","Anger","Wild Strike+1","Shockwave+1","Feel No Pain+1","Shrug It Off","Shrug It Off","Cleave","Reaper","Flame Barrier","True Grit+1","Sever Soul","Reaper+1","Bludgeon+1","Shrug It Off","Combust","Feed+1","Anger","Flex","Thunderclap","Bludgeon","Body Slam+1","Heavy Blade","Feel No Pain+1","Bludgeon+1","Feel No Pain","Anger","Shrug It Off+1","Madness+1","Madness+1","Battle Trance","Heavy Blade","Iron Wave","Fiend Fire+1"],"relics":["Coffee Dripper","Self Forming Clay","Question Card","Bronze Scales","Runic Cube","Membership Card","Sundial","Whetstone","Toolbox","Akabeko","Runic Pyramid","Happy Flower","Bottled Flame","Regal Pillow","Unceasing Top","Nunchaku"],"acts_visited":["Exordium","TheCity","TheBeyond"],"potions_floor_usage":[17,19,26,35,35,47,53,53],"damage_taken":[{"damage":0,"enemies":"Jaw Worm","floor":1,"turns":4},{"damage":0,"enemies":"Cultist","floor":4,"turns":3},{"damage":4,"enemies":"Small Slimes","floor":7,"turns":4},{"damage":0,"enemies":"Lagavulin","floor":11,"turns":5},{"damage":10,"enemies":"3 Sentries","floor":14,"turns":5},{"damage":31,"enemies":"Slime Boss","floor":17,"turns":7},{"damage":10,"enemies":"2 Thieves","floor":19,"turns":4},{"damage":14,"enemies":"Chosen","floor":21,"turns":3},{"damage":12,"enemies":"3 Cultists","floor":22,"turns":4},{"damage":12,"enemies":"Snecko","floor":25,"turns":5},{"damage":6,"enemies":"Gremlin Leader","floor":26,"turns":7},{"damage":21,"enemies":"Slavers","floor":32,"turns":5},{"damage":8,"enemies":"Cultist and Chosen","floor":33,"turns":5},{"damage":78,"enemies":"Champ","floor":35,"turns":10},{"damage":9,"enemies":"3 Darklings","floor":37,"turns":4},{"damage":11,"enemies":"Orb Walker","floor":38,"turns":2},{"damage":14,"enemies":"Spire Growth","floor":39,"turns":5},{"damage":15,"enemies":"3 Darklings","floor":41,"turns":4},{"damage":7,"enemies":"Jaw Worm Horde","floor":44,"turns":5},{"damage":29,"enemies":"Nemesis","floor":47,"turns":3},{"damage":16,"enemies":"2 Orb Walkers","floor":49,"turns":3},{"damage":22,"enemies":"Giant Head","floor":51,"turns":9},{"damage":33,"enemies":"Donu and Deca","floor":53,"turns":5}],"seed_played":"8575590633927331807","potions_obtained":[{"floor":7,"key":"ColorlessPotion"},{"floor":11,"key":"FearPotion"},{"floor":25,"key":"BlessingOfTheForge"},{"floor":32,"key":"GamblersBrew"},{"floor":33,"key":"Ancient Potion"},{"floor":35,"key":"Swift Potion"},{"floor":39,"key":"FearPotion"},{"floor":47,"key":"GamblersBrew"},{"floor":51,"key":"PowerPotion"}],"is_trial":false,"path_per_floor":["M","?","$","M","?","R","M","?","T","T","E","?","$","E","$","R","B",null,"M","?","M","M","$","R","M","E","T","T","?","R","$","E","M","R","B",null,"M","M","M","?","M","R","$","M","T","T","E","R","?","R","E","R","B",null],"character_chosen":"IRONCLAD","items_purchased":["True Grit","Shrug It Off","Combust","Membership Card","Toolbox","Happy Flower","Battle Trance"],"campfire_rested":0,"item_purchase_floors":[3,15,15,23,31,43,43],"current_hp_per_floor":[74,75,75,75,75,75,75,64,64,64,70,70,70,65,65,65,38,66,65,65,55,59,59,59,51,69,69,69,69,69,69,60,84,84,25,71,86,75,68,53,56,56,56,79,79,79,54,54,42,42,45,45,46],"gold":147,"neow_bonus":"BOSS_RELIC","is_daily":false,"chose_seed":false,"campfire_upgraded":9,"win_rate":0.0,"timestamp":1610833833,"path_taken":["M","?","?","M","?","R","M","?","T","E","?","$","E","$","R","BOSS","M","?","?","M","$","R","M","E","T","?","R","$","E","M","R","BOSS","M","M","?","?","M","R","$","M","T","E","R","?","R","E","R","BOSS"],"items_purchased_type":["Card","Card","Card","Relic","Relic","Relic","Card"],"build_version":"2020-12-22","purchased_purges":2,"victory":true,"max_hp_per_floor":[75,75,75,75,75,75,75,75,75,75,75,75,75,75,75,75,75,75,78,78,78,82,82,82,82,82,82,82,82,82,82,86,86,86,86,86,86,86,86,86,90,90,90,94,94,94,98,98,102,102,102,102,106],"card_choices":[{"not_picked":["Cleave","Headbutt"],"picked":"Sever Soul","floor":4},{"not_picked":["Combust","Body Slam"],"picked":"Reaper","floor":7},{"not_picked":["Clash","Shrug It Off","Ghostly Armor"],"picked":"Bludgeon","floor":14},{"not_picked":["Brutality","Impervious","Exhume"],"picked":"Feed","floor":17},{"not_picked":["Burning Pact+1","Rampage","Armaments"],"picked":"Anger","floor":19},{"not_picked":["True Grit","Perfected Strike","Iron Wave"],"picked":"Searing Blow","floor":21},{"not_picked":["Twin Strike","Reckless Charge","Heavy Blade"],"picked":"Flex","floor":25},{"not_picked":["Shockwave+1","Infernal Blade","Bloodletting"],"picked":"Thunderclap","floor":26},{"not_picked":["Power Through","Exhume","Metallicize"],"picked":"Heavy Blade","floor":32},{"not_picked":["Headbutt","Pommel Strike","Warcry"],"picked":"Feel No Pain","floor":33},{"not_picked":["Impervious","Fiend Fire","Juggernaut"],"picked":"Bludgeon","floor":35},{"not_picked":["Flame Barrier","Cleave+1","Warcry"],"picked":"Feel No Pain","floor":37},{"not_picked":["Blood for Blood+1","Flex","Sword Boomerang"],"picked":"Anger","floor":38},{"not_picked":["Combust","Berserk","Thunderclap"],"picked":"Shrug It Off+1","floor":39},{"not_picked":["Body Slam","Heavy Blade","Anger"],"picked":"Perfected Strike+1","floor":41},{"not_picked":["Havoc+1","Reckless Charge","Combust+1"],"picked":"Heavy Blade","floor":44},{"not_picked":["Perfected Strike","Feel No Pain","Flex"],"picked":"Iron Wave","floor":49},{"not_picked":["Double Tap","Pommel Strike","Wild Strike"],"picked":"Fiend Fire","floor":51}],"player_experience":802228,"relics_obtained":[{"floor":9,"key":"Self Forming Clay"},{"floor":11,"key":"Question Card"},{"floor":14,"key":"Bronze Scales"},{"floor":26,"key":"Sundial"},{"floor":27,"key":"Whetstone"},{"floor":32,"key":"Akabeko"},{"floor":45,"key":"Bottled Flame"},{"floor":47,"key":"Regal Pillow"},{"floor":49,"key":"Unceasing Top"},{"floor":51,"key":"Nunchaku"}],"event_choices":[{"cards_removed":["Fire Breathing"],"damage_healed":1,"gold_gain":0,"player_choice":"Offered Uncommon","damage_taken":0,"max_hp_gain":0,"max_hp_loss":0,"event_name":"Bonfire Elementals","floor":2,"gold_loss":0},{"damage_healed":0,"gold_gain":0,"player_choice":"Grow","damage_taken":0,"max_hp_gain":0,"max_hp_loss":0,"event_name":"Living Wall","floor":5,"gold_loss":0,"cards_upgraded":["True Grit"]},{"damage_healed":0,"gold_gain":75,"player_choice":"Gather Gold","damage_taken":11,"max_hp_gain":0,"max_hp_loss":0,"event_name":"World of Goop","floor":8,"gold_loss":0},{"damage_healed":0,"gold_gain":0,"player_choice":"Leave","damage_taken":0,"max_hp_gain":0,"max_hp_loss":0,"event_name":"The Cleric","floor":12,"gold_loss":0},{"damage_healed":0,"gold_gain":0,"player_choice":"Upgraded","damage_taken":0,"max_hp_gain":0,"max_hp_loss":0,"event_name":"Upgrade Shrine","floor":20,"gold_loss":0,"cards_upgraded":["Feed"]},{"damage_healed":0,"gold_gain":0,"player_choice":"2 cards matched","damage_taken":0,"max_hp_gain":0,"max_hp_loss":0,"event_name":"Match and Keep!","floor":29,"gold_loss":0,"cards_obtained":["Bludgeon","Body Slam"]},{"damage_healed":0,"gold_gain":0,"player_choice":"Embrace Madness","damage_taken":15,"max_hp_gain":0,"max_hp_loss":0,"event_name":"Winding Halls","floor":40,"gold_loss":0,"cards_obtained":["Madness","Madness"]},{"damage_healed":0,"gold_gain":0,"player_choice":"Fight","damage_taken":0,"max_hp_gain":0,"max_hp_loss":0,"event_name":"Mysterious Sphere","floor":49,"gold_loss":0}],"is_beta":false,"boss_relics":[{"not_picked":["Busted Crown","Mark of Pain"],"picked":"Runic Cube"},{"not_picked":["Black Star","Cursed Key"],"picked":"Runic Pyramid"}],"items_purged_floors":[23,43],"is_endless":false,"potions_floor_spawned":[7,11,25,32,33,35,39,44,47,51],"ascension_level":16}}