{"host":"2nhpogk5xa0u9xre","time":1610826318,"event":{"mods":["Aspiration","BaseMod","Colored Powertips","Googly Eyes","Hubris","Infinite Spire","Minty Spire (QoL Compilation)","Rare Cards Sparkle","Replay The Spire","StSLib","The Construct","The Hayseed","The Hierophant","The Runesmith","The Senshi","everything is the same but u backflip on backflip"],"gold_per_floor":[114,114,131,147,166,195,195,215,215,215,215,240,256,267,267,366,416,429,448,448,448,448,482,482,501,526,538,556,227,227,227,227],"floor_reached":31,"language":"ENG","playtime":1046,"items_purged":["Underhanded Strike"],"score":294,"play_id":"bec46c52-747a-4988-b181-78cca9569d86","local_time":"20210116144518","daily_mods":["SealedDeck"],"is_ascension_mode":false,"campfire_choices":[{"data":"theSenshi:SailorNeptuneAssists","floor":7,"key":"SMITH"},{"data":"theSenshi:MoonCosmicPowerMakeUp","floor":10,"key":"SMITH"},{"floor":15,"key":"REST"},{"data":"theSenshi:FatedKiss","floor":24,"key":"SMITH"},{"data":"theSenshi:MoonCrystalPowerMakeUp","floor":30,"key":"SMITH"}],"circlet_count":0,"master_deck":["theSenshi:SailorNeptuneAssists+1","theSenshi:SailorMarsAssists","theSenshi:SailorJupiterAssists","theSenshi:MoonKick","theSenshi:MoonTiaraMagic","theSenshi:SailorPlanetAttack","theSenshi:MoonKick","theSenshi:MoonKick","Backflip","Slice","theSenshi:SailorMarsAssists","theSenshi:MoonCosmicPowerMakeUp","theSenshi:MoonCosmicPowerMakeUp+1","theSenshi:FatedKiss+1","theSenshi:SailorVenusAssists","theSenshi:StarlightHoneymoonTherapyKiss+1","theSenshi:MoonPrincessHalation","theSenshi:MercurysCunning","theSenshi:MoonCrystalPowerMakeUp+1","theSenshi:MoonKick","theSenshi:MoonCrystalPowerMakeUp+1","theSenshi:MoonPrincessHalation+1"],"relics":["theSenshi:TransformationBroochRelic","Blue Doll","CaptainsWheel","Meat on the Bone","ReplayFunnel","Tiny House","MutagenicStrength","aspiration:RitualStick","Boot","Replay:Mystery Machine","Singing Bowl"],"acts_visited":["Exordium","TheCity"],"potions_floor_usage":[4,16,16,18,18,23,27],"damage_taken":[{"damage":0,"enemies":"2 Louse","floor":1,"turns":2},{"damage":0,"enemies":"Jaw Worm","floor":3,"turns":3},{"damage":0,"enemies":"Small Slimes","floor":4,"turns":3},{"damage":0,"enemies":"Looter","floor":5,"turns":3},{"damage":18,"enemies":"Lagavulin","floor":6,"turns":4},{"damage":3,"enemies":"Exordium Wildlife","floor":8,"turns":4},{"damage":4,"enemies":"Gremlin Nob","floor":12,"turns":3},{"damage":12,"enemies":"Blue Slaver","floor":13,"turns":3},{"damage":8,"enemies":"Red Slaver","floor":14,"turns":2},{"damage":45,"enemies":"The Guardian","floor":16,"turns":11},{"damage":10,"enemies":"3 Byrds","floor":18,"turns":4},{"damage":4,"enemies":"Spheric Guardian","floor":19,"turns":5},{"damage":21,"enemies":"Slavers","floor":23,"turns":5},{"damage":34,"enemies":"Shelled Parasite and Fungi","floor":25,"turns":6},{"damage":6,"enemies":"Centurion and Healer","floor":27,"turns":5},{"damage":2,"enemies":"Snecko","floor":28,"turns":5},{"damage":63,"enemies":"Snake Plant","floor":31,"turns":4}],"seed_played":"5793873873746424354","potions_obtained":[{"floor":1,"key":"Venom Potion"},{"floor":3,"key":"Adrenaline Potion"},{"floor":5,"key":"Doom Potion"},{"floor":14,"key":"FearPotion"},{"floor":16,"key":"Energy Potion"},{"floor":17,"key":"infinitespire:BlackPotion"},{"floor":23,"key":"FearPotion"},{"floor":25,"key":"Dexterity Potion"}],"is_trial":true,"path_per_floor":["M","?","M","M","M","E","R","M","T","R","?","E","M","M","R","B",null,"M","M","?","?","?","E","R","M","T","M","M","$","R","M"],"character_chosen":"THE_SENSHI","items_purchased":["Singing Bowl"],"campfire_rested":1,"item_purchase_floors":[29],"current_hp_per_floor":[75,75,75,75,75,57,57,59,59,59,47,43,48,40,62,39,80,75,76,76,60,60,51,51,39,39,50,53,53,53,0,0],"gold":227,"neow_bonus":"","is_daily":false,"chose_seed":false,"campfire_upgraded":4,"win_rate":0.0,"timestamp":1610826318,"path_taken":["M","?","M","M","M","E","R","M","T","R","?","E","M","M","R","BOSS","M","M","?","?","?","E","R","?","T","M","M","$","R","M"],"items_purchased_type":["Relic"],"build_version":"2020-12-22","purchased_purges":1,"victory":false,"max_hp_per_floor":[75,75,75,75,75,75,75,75,75,75,75,75,75,75,75,75,80,80,80,80,80,80,80,80,80,80,80,80,80,80,80,80],"card_choices":[{"not_picked":["theSenshi:MoonPower","theSenshi:SteeledNerves"],"picked":"theSenshi:MoonKick","floor":1},{"not_picked":["theSenshi:TuxedoSmokingBomber","theSenshi:EncouragingSpeech","theSenshi:SchoolBag"],"picked":"SKIP","floor":3},{"not_picked":["theSenshi:MoonPrincessHalation","theSenshi:SupersonicWaves"],"picked":"theSenshi:SailorMarsAssists","floor":4},{"not_picked":["theSenshi:SteeledNerves","theSenshi:SailorStarFighterAssists","theSenshi:MercurysCunning"],"picked":"SKIP","floor":5},{"not_picked":["theSenshi:MoonPunch","theSenshi:MoonSpiralHeartAttack"],"picked":"theSenshi:MoonCosmicPowerMakeUp","floor":6},{"not_picked":["theSenshi:SupersonicWaves","theSenshi:TallSilhouette"],"picked":"theSenshi:MoonCosmicPowerMakeUp","floor":8},{"not_picked":["theSenshi:NeptunesGrace","theSenshi:SailorChibiMoonAssists"],"picked":"theSenshi:FatedKiss","floor":12},{"not_picked":["theSenshi:SteeledNerves","theSenshi:Sidestep","theSenshi:YouCanTalk"],"picked":"SKIP","floor":13},{"not_picked":["theSenshi:MoonPrincessHalation","theSenshi:MoonlightKnight"],"picked":"theSenshi:SailorVenusAssists","floor":14},{"not_picked":["theSenshi:ChibiMoonsLove","theSenshi:SilverCrystal"],"picked":"theSenshi:StarlightHoneymoonTherapyKiss","floor":16},{"not_picked":["theSenshi:LateForSchool","theSenshi:Overload"],"picked":"theSenshi:MoonPrincessHalation","floor":17},{"not_picked":["theSenshi:TallSilhouette","theSenshi:MoonPunch"],"picked":"theSenshi:MercurysCunning","floor":18},{"not_picked":["theSenshi:SchoolBag","theSenshi:LateForSchool","theSenshi:MoonsReflection"],"picked":"SKIP","floor":19},{"not_picked":["theSenshi:MoonGorgeousMeditation","theSenshi:TallSilhouette"],"picked":"theSenshi:MoonCrystalPowerMakeUp+1","floor":23},{"not_picked":["theSenshi:SailorVenusAssists","theSenshi:Sidestep"],"picked":"theSenshi:MoonKick","floor":25},{"not_picked":["theSenshi:MoonsReflection","theSenshi:TuxedoSmokingBomber"],"picked":"theSenshi:MoonCrystalPowerMakeUp","floor":27},{"not_picked":["theSenshi:SupersonicWaves","theSenshi:MoonPower"],"picked":"theSenshi:MoonPrincessHalation+1","floor":28}],"player_experience":259573,"relics_obtained":[{"floor":6,"key":"Blue Doll"},{"floor":9,"key":"CaptainsWheel"},{"floor":12,"key":"ReplayFunnel"},{"floor":23,"key":"Boot"},{"floor":26,"key":"Replay:Mystery Machine"}],"event_choices":[{"damage_healed":0,"gold_gain":0,"player_choice":"Success","damage_taken":12,"relics_obtained":["Meat on the Bone"],"max_hp_gain":0,"max_hp_loss":0,"event_name":"Scrap Ooze","floor":11,"gold_loss":0},{"damage_healed":0,"gold_gain":0,"player_choice":"Inject Mutagens","damage_taken":0,"relics_obtained":["MutagenicStrength"],"max_hp_gain":0,"max_hp_loss":0,"event_name":"Drug Dealer","floor":20,"gold_loss":0}],"is_beta":false,"boss_relics":[{"not_picked":["hubris:VirtuousBlindfold","theSenshi:MoonKaleidoScopeRelic"],"picked":"Tiny House"}],"items_purged_floors":[29],"is_endless":false,"potions_floor_spawned":[1,3,5,14,16,23,25],"killed_by":"Snake Plant","ascension_level":0}}