{"host":"tr12w2fixbnujl15","time":1610841230,"event":{"mods":["100% Spire Juice","2.2 Compatiblity","Arknights The Spire","BaseMod","Better Skull","BetterRewards","Clockwork Mod","Colored Powertips","Evolution","Hermit","Hubris","Infinite Spire","JesterMod","Koishi","Mad Scientist","Minty Spire (QoL Compilation)","Prisma Mod","Quick Restart","Replay The Spire","Shop Mod","StSLib","SuperFastMode","The Animator","The Bug Knight","The Construct","The Cursed","The Hierophant","The Mystic","The Necromancer","The Runesmith","The Sage","The Senshi","The Servant 0.9.4","The Spell Scribe","TheFirefly","WarShipGirlsR/????R mod","Yakumo Yukari mod"],"gold_per_floor":[112,112,112,159,178,211,223,223,248,248,278,293,306,481,481,481,481],"floor_reached":16,"language":"ENG","playtime":592,"items_purged":[],"score":135,"play_id":"2b0d8c17-20c8-4f3f-8794-e406fb8f49ad","local_time":"20210116185350","is_ascension_mode":false,"campfire_choices":[{"data":"ats:Wolf Pack","floor":8,"key":"SMITH"},{"data":"ats:Assault Order","floor":10,"key":"SMITH"},{"floor":15,"key":"REST"}],"circlet_count":0,"master_deck":["ats:Strike C","ats:Strike G","ats:Strike S","ats:Strike V","ats:Armor Crushing Shot+1","ats:Defend","ats:Defend","ats:Defend","ats:Defend","ats:Emotion Absorption","ats:Apocalypse","Doubt","ats:Consecutive Shot Auto","ats:Assault Order+1","ats:Curse Doll","ats:Wolf Pack+1","ats:Closed Bolt Burst Fire","ats:Ignite","ats:Spore Proliferation","ats:Healing Drone","Doubt"],"relics":["ats:Sanity","EVO:Axolotl","NeowsBlessing","Ring of Hypnosis","ats:Ability Aura","Lizard Tail","ats:Originium","Toy Ornithopter","infinitespire:Beetle Shell"],"acts_visited":["Exordium"],"potions_floor_usage":[11,11,16],"damage_taken":[{"damage":0,"enemies":"Cultist","floor":1,"turns":1},{"damage":0,"enemies":"Jaw Worm","floor":5,"turns":1},{"damage":0,"enemies":"Gremlin Nob","floor":6,"turns":1},{"damage":5,"enemies":"Small Slimes","floor":7,"turns":5},{"damage":35,"enemies":"HollowMod:MossKnight","floor":11,"turns":10},{"damage":3,"enemies":"Looter","floor":12,"turns":3},{"damage":12,"enemies":"Blue Slaver","floor":13,"turns":4},{"damage":161,"enemies":"Hexaghost","floor":16,"turns":17}],"seed_played":"8987058568343372714","potions_obtained":[{"floor":1,"key":"Adrenaline Potion"},{"floor":4,"key":"Explosive Potion"},{"floor":5,"key":"sagemod:Wine"},{"floor":11,"key":"Milkshake"},{"floor":13,"key":"Adrenaline Potion"}],"is_trial":false,"path_per_floor":["M","?","?","?","M","E","M","R","T","R","E","M","M","?","R","B"],"character_chosen":"DOCTOR_CLASS","items_purchased":[],"campfire_rested":1,"item_purchase_floors":[],"current_hp_per_floor":[72,72,72,54,54,58,61,61,61,61,37,38,34,34,55,0,0],"gold":481,"neow_bonus":"THREE_ENEMY_KILL","is_daily":false,"chose_seed":false,"campfire_upgraded":2,"win_rate":0.0,"timestamp":1610841230,"path_taken":["M","?","?","?","M","E","M","R","T","R","E","?","M","?","R","BOSS"],"items_purchased_type":[],"build_version":"2020-12-22","purchased_purges":0,"victory":false,"max_hp_per_floor":[72,72,72,72,72,72,72,72,72,72,72,72,72,72,72,72,72],"card_choices":[{"not_picked":["ats:Childhood Dance","ats:Revitalization"],"picked":"ats:Apocalypse","floor":1},{"not_picked":["ats:Ignite","ats:Revitalization"],"picked":"ats:Consecutive Shot Auto","floor":4},{"not_picked":["ats:Shell Defense","ats:Closed Bolt Burst Fire"],"picked":"ats:Assault Order","floor":4},{"not_picked":["ats:Apocalypse","ats:Hook Shot"],"picked":"ats:Curse Doll","floor":5},{"not_picked":["ats:Ignite","ats:Powerful Strike"],"picked":"ats:Wolf Pack","floor":6},{"not_picked":["ats:Powerful Strike","ats:Shadow Assault"],"picked":"ats:Closed Bolt Burst Fire","floor":7},{"not_picked":["ats:Powerful Strike","ats:Shell Defense"],"picked":"ats:Ignite","floor":11},{"not_picked":["ats:Ignite","ats:Cat Scratch"],"picked":"ats:Spore Proliferation","floor":12},{"not_picked":["ats:Chain Hook","ats:Ignite"],"picked":"ats:Healing Drone","floor":13}],"player_experience":61132,"relics_obtained":[{"floor":3,"key":"Ring of Hypnosis"},{"floor":4,"key":"ats:Ability Aura"},{"floor":6,"key":"Lizard Tail"},{"floor":6,"key":"ats:Originium"},{"floor":9,"key":"Toy Ornithopter"},{"floor":11,"key":"ats:Originium"},{"floor":11,"key":"infinitespire:Beetle Shell"}],"event_choices":[{"damage_healed":0,"gold_gain":0,"player_choice":"Grow","damage_taken":0,"max_hp_gain":0,"max_hp_loss":0,"event_name":"Living Wall","floor":2,"gold_loss":0,"cards_upgraded":["ats:Armor Crushing Shot"]},{"damage_healed":0,"gold_gain":175,"player_choice":"AGREE","damage_taken":0,"max_hp_gain":0,"max_hp_loss":0,"event_name":"Liars Game","floor":14,"gold_loss":0,"cards_obtained":["Doubt"]}],"is_beta":false,"boss_relics":[],"items_purged_floors":[],"is_endless":false,"potions_floor_spawned":[1,5,11,13],"killed_by":"Hexaghost","ascension_level":0}}