{"host":"c3lc60y5x60jlt1y","time":1610825822,"event":{"mods":["AchievementEnabler","BaseMod","Bestiary","Colored Map","Minty Spire (QoL Compilation)","Quick Restart","StSLib","ojb\u0027s Info Mod"],"gold_per_floor":[112,112,112,112,36,74,74,88,115,140,140,160,110,146,146,276,276,299,32,45,45,65,103,103,29,29,70,85,85,126,159,159,278,278,296,312,132,200,45,84,84,118,118,157,157,157,191,215,215,215],"floor_reached":51,"language":"ENG","playtime":3292,"items_purged":["Strike_B","Strike_B"],"score":1253,"play_id":"4dd11be7-59b1-41d6-af05-a1a7b6123f8a","local_time":"20210116213702","is_ascension_mode":true,"campfire_choices":[{"data":"Static Discharge","floor":7,"key":"SMITH"},{"data":"Amplify","floor":11,"key":"SMITH"},{"data":"White Noise","floor":15,"key":"SMITH"},{"data":"Echo Form","floor":24,"key":"SMITH"},{"data":"Buffer","floor":29,"key":"SMITH"},{"floor":32,"key":"REST"},{"data":"Seek","floor":41,"key":"SMITH"},{"data":"Buffer","floor":45,"key":"SMITH"},{"data":"Storm","floor":49,"key":"SMITH"}],"circlet_count":0,"master_deck":["Defend_B","Defend_B","Defend_B+1","Defend_B","Zap","Dualcast+1","Cold Snap","Sweeping Beam","Amplify+1","Static Discharge+1","White Noise+1","Self Repair","Chaos","Auto Shields","Echo Form+1","Storm+1","Loop","Leap","BootSequence","Capacitor","Buffer+1","Go for the Eyes+1","Capacitor","Seek+1","Stack+1","Coolheaded+1","Buffer+1","Storm+1","Defragment","Force Field+1","Madness","Madness","Force Field"],"relics":["Cracked Core","NeowsBlessing","Eternal Feather","Golden Idol","Thread and Needle","Anchor","Symbiotic Virus","Cursed Key","DataDisk","Mummified Hand","War Paint","Dream Catcher","Red Mask","Philosopher\u0027s Stone","Torii","Lantern","PreservedInsect","Bag of Marbles","Ginger"],"acts_visited":["Exordium","TheCity","TheBeyond"],"potions_floor_usage":[14,16,27,30,30,31,31,38,40,40,50,50],"damage_taken":[{"damage":0,"enemies":"Small Slimes","floor":1,"turns":1},{"damage":0,"enemies":"Lagavulin","floor":6,"turns":1},{"damage":0,"enemies":"2 Louse","floor":8,"turns":1},{"damage":0,"enemies":"Jaw Worm","floor":10,"turns":4},{"damage":4,"enemies":"2 Fungi Beasts","floor":12,"turns":4},{"damage":22,"enemies":"Gremlin Nob","floor":14,"turns":3},{"damage":15,"enemies":"The Guardian","floor":16,"turns":11},{"damage":7,"enemies":"Spheric Guardian","floor":18,"turns":5},{"damage":0,"enemies":"3 Byrds","floor":20,"turns":3},{"damage":10,"enemies":"Snake Plant","floor":22,"turns":3},{"damage":48,"enemies":"Slavers","floor":23,"turns":4},{"damage":21,"enemies":"Book of Stabbing","floor":27,"turns":5},{"damage":6,"enemies":"Snecko","floor":28,"turns":5},{"damage":0,"enemies":"Slavers","floor":30,"turns":4},{"damage":35,"enemies":"Masked Bandits","floor":31,"turns":3},{"damage":33,"enemies":"Champ","floor":33,"turns":11},{"damage":0,"enemies":"Orb Walker","floor":35,"turns":4},{"damage":8,"enemies":"3 Darklings","floor":36,"turns":5},{"damage":0,"enemies":"2 Orb Walkers","floor":38,"turns":5},{"damage":0,"enemies":"Nemesis","floor":40,"turns":7},{"damage":27,"enemies":"Reptomancer","floor":42,"turns":5},{"damage":0,"enemies":"Giant Head","floor":44,"turns":5},{"damage":8,"enemies":"Nemesis","floor":47,"turns":5},{"damage":10,"enemies":"Maw","floor":48,"turns":4},{"damage":19,"enemies":"Time Eater","floor":50,"turns":8}],"seed_played":"-6875291584696590885","potions_obtained":[{"floor":8,"key":"EssenceOfDarkness"},{"floor":10,"key":"FearPotion"},{"floor":12,"key":"FocusPotion"},{"floor":14,"key":"DistilledChaos"},{"floor":16,"key":"Strength Potion"},{"floor":23,"key":"ColorlessPotion"},{"floor":27,"key":"FocusPotion"},{"floor":30,"key":"Fire Potion"},{"floor":31,"key":"LiquidBronze"},{"floor":33,"key":"PowerPotion"},{"floor":36,"key":"LiquidMemories"},{"floor":44,"key":"GamblersBrew"},{"floor":47,"key":"Ancient Potion"}],"is_trial":false,"path_per_floor":["M","?","?","?","$","E","R","M","T","M","R","M","?","E","R","B",null,"M","$","M","?","M","E","R","$","T","E","M","R","E","?","R","B",null,"M","M","$","?","$","E","R","E","T","E","R","?","E","M","R","B",null],"character_chosen":"DEFECT","items_purchased":["Amplify","DataDisk","Loop","Capacitor","Buffer","Defragment","DistilledChaos"],"campfire_rested":1,"item_purchase_floors":[5,19,19,25,37,39,39],"current_hp_per_floor":[68,61,61,61,61,61,67,67,67,67,69,69,69,47,56,55,66,66,66,66,66,56,15,27,27,27,16,24,36,43,15,47,21,57,64,63,63,69,69,69,69,49,49,56,69,60,66,63,69,64],"gold":215,"neow_bonus":"THREE_ENEMY_KILL","is_daily":false,"chose_seed":false,"campfire_upgraded":8,"win_rate":0.0,"timestamp":1610825822,"path_taken":["M","?","?","?","$","E","R","M","T","M","R","M","?","E","R","BOSS","M","$","M","?","M","E","R","$","T","E","M","R","E","?","R","BOSS","M","M","$","?","$","E","R","E","T","E","R","?","E","M","R","BOSS"],"items_purchased_type":["Card","Relic","Card","Card","Card","Card","Potion"],"build_version":"2020-12-22","purchased_purges":2,"victory":true,"max_hp_per_floor":[75,75,69,69,69,69,69,69,69,69,69,69,69,69,69,69,69,69,69,69,69,69,69,69,69,69,69,69,69,69,69,69,69,69,69,69,69,69,69,69,69,69,69,69,69,69,69,69,69,69],"card_choices":[{"not_picked":["Beam Cell","Rebound"],"picked":"Cold Snap","floor":1},{"not_picked":["Force Field","Cold Snap"],"picked":"Static Discharge","floor":6},{"not_picked":["Heatsinks","Rebound"],"picked":"White Noise","floor":8},{"not_picked":["Streamline","Auto Shields"],"picked":"Self Repair","floor":10},{"not_picked":["Conserve Battery","Gash"],"picked":"Chaos","floor":12},{"not_picked":["Gash","Turbo"],"picked":"Auto Shields","floor":14},{"not_picked":["Multi-Cast","Meteor Strike"],"picked":"Echo Form","floor":16},{"not_picked":["Compile Driver","FTL+1"],"picked":"Storm","floor":18},{"not_picked":["Hologram","Sweeping Beam","Steam"],"picked":"SKIP","floor":20},{"not_picked":["Chaos","Steam"],"picked":"Leap","floor":22},{"not_picked":["Beam Cell","Barrage"],"picked":"BootSequence","floor":23},{"not_picked":["Sweeping Beam","Go for the Eyes","Rebound"],"picked":"SKIP","floor":27},{"not_picked":["Chaos","Stack"],"picked":"Buffer","floor":28},{"not_picked":["Steam","Auto Shields"],"picked":"Go for the Eyes+1","floor":30},{"not_picked":["Cold Snap","Redo"],"picked":"Capacitor","floor":31},{"not_picked":["Rainbow","Fission"],"picked":"Seek","floor":33},{"not_picked":["Doom and Gloom+1","Go for the Eyes+1"],"picked":"Stack+1","floor":35},{"not_picked":["Cold Snap+1","Streamline+1"],"picked":"Coolheaded+1","floor":36},{"not_picked":["Doom and Gloom+1","Compile Driver+1"],"picked":"Storm+1","floor":38},{"not_picked":["Defragment+1","Steam+1"],"picked":"Force Field+1","floor":40},{"not_picked":["Conserve Battery","Aggregate","Hyperbeam"],"picked":"SKIP","floor":42},{"not_picked":["Stack","Reinforced Body","Streamline"],"picked":"SKIP","floor":44},{"not_picked":["Doom and Gloom","Rainbow","Redo+1"],"picked":"SKIP","floor":47},{"not_picked":["Beam Cell+1","Sweeping Beam"],"picked":"Force Field","floor":48}],"player_experience":8118236,"relics_obtained":[{"floor":6,"key":"Thread and Needle"},{"floor":9,"key":"Anchor"},{"floor":14,"key":"Symbiotic Virus"},{"floor":23,"key":"Mummified Hand"},{"floor":27,"key":"War Paint"},{"floor":30,"key":"Dream Catcher"},{"floor":31,"key":"Red Mask"},{"floor":38,"key":"Torii"},{"floor":40,"key":"Lantern"},{"floor":42,"key":"PreservedInsect"},{"floor":44,"key":"Bag of Marbles"},{"floor":47,"key":"Ginger"}],"event_choices":[{"damage_healed":0,"gold_gain":0,"player_choice":"Success","damage_taken":7,"relics_obtained":["Eternal Feather"],"max_hp_gain":0,"max_hp_loss":0,"event_name":"Scrap Ooze","floor":2,"gold_loss":0},{"damage_healed":0,"gold_gain":0,"player_choice":"Lose Max HP","damage_taken":0,"relics_obtained":["Golden Idol"],"max_hp_gain":0,"max_hp_loss":6,"event_name":"Golden Idol","floor":3,"gold_loss":0},{"damage_healed":0,"gold_gain":0,"cards_transformed":["Strike_B"],"player_choice":"Change","damage_taken":0,"max_hp_gain":0,"max_hp_loss":0,"event_name":"Living Wall","floor":4,"gold_loss":0,"cards_obtained":["Sweeping Beam"]},{"cards_removed":["Strike_B"],"damage_healed":0,"gold_gain":0,"player_choice":"Card Removal","damage_taken":0,"max_hp_gain":0,"max_hp_loss":0,"event_name":"The Cleric","floor":13,"gold_loss":50},{"damage_healed":0,"gold_gain":0,"player_choice":"Ignored","damage_taken":0,"max_hp_gain":0,"max_hp_loss":0,"event_name":"Vampires","floor":21,"gold_loss":0},{"damage_healed":0,"gold_gain":0,"player_choice":"Fought Bandits","damage_taken":0,"max_hp_gain":0,"max_hp_loss":0,"event_name":"Masked Bandits","floor":31,"gold_loss":0},{"damage_healed":0,"gold_gain":0,"player_choice":"Fight","damage_taken":0,"max_hp_gain":0,"max_hp_loss":0,"event_name":"Mysterious Sphere","floor":38,"gold_loss":0},{"damage_healed":0,"gold_gain":0,"player_choice":"Embrace Madness","damage_taken":9,"max_hp_gain":0,"max_hp_loss":0,"event_name":"Winding Halls","floor":46,"gold_loss":0,"cards_obtained":["Madness","Madness"]}],"is_beta":false,"boss_relics":[{"not_picked":["Velvet Choker","Empty Cage"],"picked":"Cursed Key"},{"not_picked":["FrozenCore","Inserter"],"picked":"Philosopher\u0027s Stone"}],"items_purged_floors":[19,37],"is_endless":false,"potions_floor_spawned":[8,10,12,14,16,23,27,30,31,33,36,44,47],"ascension_level":8}}