{"host":"tf5skwcwe0vlu2md","time":1610794301,"event":{"mods":["BaseMod","Downfall","Highlight Path","Minty Spire (QoL Compilation)","StSLib","The Hierophant"],"gold_per_floor":[113,131,158,166,163,163,99,99],"floor_reached":7,"playtime":704,"items_purged":[],"score":45,"play_id":"0bc75f9d-e3e2-4da0-9cfb-2137915462f7","local_time":"20210116215141","is_ascension_mode":false,"campfire_choices":[{"data":"hierophant:HolyVerse","floor":6,"key":"SMITH"}],"circlet_count":0,"master_deck":["hierophant:Strike_Hierophant","hierophant:Strike_Hierophant","hierophant:Strike_Hierophant","hierophant:Strike_Hierophant","hierophant:Punish","hierophant:Defend_Hierophant","hierophant:Defend_Hierophant","hierophant:Defend_Hierophant","hierophant:Defend_Hierophant","hierophant:ChurchCoffers","hierophant:Doubloon","hierophant:Refuge","hierophant:Doubloon","hierophant:Doomsaying","hierophant:MorningPrayer","hierophant:HolyVerse+1"],"relics":["hierophant:PropheticMaskRelic"],"acts_visited":["Exordium"],"potions_floor_usage":[],"damage_taken":[{"damage":4,"enemies":"2 Louse","floor":1,"turns":3},{"damage":7,"enemies":"Small Slimes","floor":2,"turns":3},{"damage":4,"enemies":"Cultist","floor":3,"turns":5},{"damage":19,"enemies":"Large Slime","floor":4,"turns":10},{"damage":13,"enemies":"Exordium Wildlife","floor":5,"turns":6},{"damage":83,"enemies":"Lagavulin","floor":7,"turns":14}],"seed_played":"-8679826339658518631","potions_obtained":[{"floor":4,"key":"Explosive Potion"},{"floor":5,"key":"FairyPotion"}],"is_trial":false,"path_per_floor":["M","M","M","M","M","R","E"],"character_chosen":"HIEROPHANT","items_purchased":[],"campfire_rested":0,"item_purchase_floors":[],"current_hp_per_floor":[78,71,67,48,35,35,0,0],"gold":99,"neow_bonus":"TEN_PERCENT_HP_BONUS","is_daily":false,"chose_seed":false,"campfire_upgraded":1,"win_rate":0.0,"timestamp":1610794301,"path_taken":["M","M","M","M","M","R","E"],"items_purchased_type":[],"build_version":"2020-12-13","purchased_purges":0,"victory":false,"max_hp_per_floor":[82,82,82,82,82,82,82,82],"card_choices":[{"not_picked":["hierophant:Shelter","hierophant:Remorse"],"picked":"hierophant:Refuge","floor":1},{"not_picked":["hierophant:RepressedViolence","hierophant:OrnateBuckler"],"picked":"hierophant:Doubloon","floor":2},{"not_picked":["hierophant:ThreeLashes","hierophant:MorningPrayer"],"picked":"hierophant:Doomsaying","floor":3},{"not_picked":["hierophant:Encroach","hierophant:Prophecy"],"picked":"hierophant:MorningPrayer","floor":4},{"not_picked":["hierophant:Sermon","hierophant:AuricBeam"],"picked":"hierophant:HolyVerse","floor":5}],"player_experience":190243,"relics_obtained":[],"event_choices":[],"is_beta":false,"boss_relics":[],"items_purged_floors":[],"is_endless":false,"potions_floor_spawned":[4,5],"killed_by":"Lagavulin","ascension_level":0}}