{"host":"qik6c64y69p9jmph","time":1610837710,"event":{"mods":["AchievementEnabler","BaseMod","Downfall","Highlight Path","Minty Spire (QoL Compilation)","Quick Restart","StSLib","Synergy Search"],"gold_per_floor":[99,112,112,128,154,164,191,191,291,291,311,311,323,39,58,159,159,159,176,191,210,210,210,261,274,274,374,26,26,26,26,26,26],"floor_reached":31,"language":"ENG","playtime":2749,"items_purged":["Regret"],"score":300,"play_id":"a3525eaa-13b2-4888-a95c-84d3c9120e9e","local_time":"20210116175510","is_ascension_mode":false,"campfire_choices":[{"data":"Slimebound:Split","floor":1,"key":"SMITH"},{"data":"Slimebound:LeadByExample","floor":10,"key":"SMITH"},{"data":"Slimebound:LeechEnergy","floor":12,"key":"SMITH"},{"data":"Slimebound:OozeBath","floor":18,"key":"SMITH"},{"data":"Slimebound:OozeBath","floor":23,"key":"SMITH"},{"data":"Slimebound:Schlurp","floor":26,"key":"SMITH"}],"circlet_count":0,"master_deck":["Slimebound:Strike_Slimebound","Slimebound:Strike_Slimebound+1","Slimebound:Strike_Slimebound","Slimebound:Defend_Slimebound","Slimebound:Defend_Slimebound","Slimebound:Defend_Slimebound","Slimebound:Defend_Slimebound","Slimebound:Split+1","Slimebound:CorrosiveSpit","Slimebound:LeadByExample+1","Writhe","Slimebound:DouseInSlime+1","Slimebound:HauntingLick","Slimebound:LivingWall","Slimebound:OozeBath+1","Slimebound:LeechEnergy+1","Slimebound:LevelUp","Slimebound:Gluttony","Slimebound:OozeBath","Slimebound:Repurpose","Slimebound:SplitMire","Slimebound:OozeBath+1","Slimebound:Schlurp+1","Slimebound:Schlurp","Slimebound:SplitLeeching+1","expansioncontent:QuickStudy","Slimebound:DuplicatedForm"],"relics":["Slimebound:AbsorbEndCombat","Darkstone Periapt","Strawberry","Whetstone","Slimebound:MaxSlimesRelic","Bag of Preparation","Empty Cage","Bag of Marbles","TungstenRod","InkBottle","Enchiridion"],"acts_visited":["Exordium","TheCity"],"potions_floor_usage":[16,31,31],"damage_taken":[{"damage":9,"enemies":"Jaw Worm","floor":2,"turns":4},{"damage":3,"enemies":"Cultist","floor":4,"turns":2},{"damage":0,"enemies":"2 Louse","floor":6,"turns":3},{"damage":15,"enemies":"downfall:Heads","floor":9,"turns":6},{"damage":10,"enemies":"2 Fungi Beasts","floor":11,"turns":4},{"damage":6,"enemies":"3 Louse","floor":13,"turns":5},{"damage":9,"enemies":"downfall:FleeingMerchant","floor":14,"turns":4},{"damage":8,"enemies":"2 Fungi Beasts","floor":15,"turns":4},{"damage":33,"enemies":"WA_ARCHETYPE_RETAIN","floor":16,"turns":6},{"damage":4,"enemies":"Spheric Guardian","floor":19,"turns":4},{"damage":20,"enemies":"Snake Plant","floor":20,"turns":5},{"damage":27,"enemies":"Chosen and Byrds","floor":21,"turns":6},{"damage":6,"enemies":"Snecko","floor":25,"turns":5},{"damage":21,"enemies":"DF_ARCHETYPE_STREAMLINE","floor":27,"turns":7},{"damage":0,"enemies":"downfall:FleeingMerchant","floor":28,"turns":4},{"damage":71,"enemies":"Gremlin Leader","floor":31,"turns":3}],"seed_played":"2966897253987345669","potions_obtained":[{"floor":2,"key":"sneckomod:MuddlingPotion"},{"floor":11,"key":"SteroidPotion"},{"floor":15,"key":"ColorlessPotion"},{"floor":16,"key":"EssenceOfSteel"},{"floor":20,"key":"BlessingOfTheForge"}],"is_trial":false,"path_per_floor":["R","M","?","M","T","M","T","?","?","R","M","R","M","$","M","B",null,"R","M","M","M","?","R","T","M","R","?","$","?","?","E"],"character_chosen":"SLIMEBOUND","items_purchased":["Slimebound:Repurpose","Bag of Preparation","expansioncontent:QuickStudy","Slimebound:DuplicatedForm"],"campfire_rested":0,"item_purchase_floors":[14,14,28,28],"current_hp_per_floor":[71,64,88,87,94,95,95,101,93,93,85,85,81,74,68,38,108,108,105,87,65,101,101,101,99,99,83,84,84,69,0,0,0],"gold":26,"neow_bonus":"TEN_PERCENT_HP_BONUS","is_daily":false,"chose_seed":false,"campfire_upgraded":6,"win_rate":0.0,"timestamp":1610837710,"path_taken":["R","M","?","M","?","?","T","?","?","R","M","R","M","$","M","BOSS","R","M","M","M","?","R","T","M","R","?","$","?","?","E"],"items_purchased_type":["Card","Relic","Card","Card"],"build_version":"2020-12-22","purchased_purges":1,"victory":false,"max_hp_per_floor":[71,71,95,95,102,102,102,108,108,108,108,108,108,108,108,108,108,108,108,108,108,108,108,108,108,108,108,108,108,108,108,108,108],"card_choices":[{"not_picked":["Slimebound:FlameTackle","Slimebound:SlimeSpikes"],"picked":"Slimebound:LeadByExample","floor":2},{"not_picked":["Slimebound:GoopSpray","Slimebound:DisruptingSlam"],"picked":"Slimebound:HauntingLick","floor":4},{"not_picked":["Slimebound:Replication","Slimebound:DuplicatedForm"],"picked":"Slimebound:LivingWall","floor":6},{"not_picked":["Slimebound:LeadByExample","Slimebound:RejuvenatingLick"],"picked":"Slimebound:LeechEnergy","floor":9},{"not_picked":["Slimebound:Chomp","Slimebound:SplitBruiser"],"picked":"Slimebound:LevelUp","floor":11},{"not_picked":["Slimebound:MegaLick","Slimebound:Chomp"],"picked":"Slimebound:Gluttony","floor":13},{"not_picked":["Slimebound:LeechingTouch","Slimebound:GoopTackle"],"picked":"Slimebound:OozeBath","floor":14},{"not_picked":["Slimebound:SplitBruiser","Slimebound:Grow"],"picked":"Slimebound:SplitMire","floor":15},{"not_picked":["Slimebound:DuplicatedForm","Slimebound:WasteNot"],"picked":"Slimebound:OozeBath","floor":16},{"not_picked":["Slimebound:SplitBruiser","Slimebound:SlimeBarrage"],"picked":"Slimebound:Schlurp","floor":19},{"not_picked":["Slimebound:Chomp","Slimebound:ComboTackle"],"picked":"Slimebound:Schlurp","floor":20},{"not_picked":["Slimebound:SlimeSpikes","Slimebound:SplitAcid","Slimebound:PressTheAttack+1"],"picked":"SKIP","floor":21},{"not_picked":["Slimebound:ProtectTheBoss","Slimebound:RejuvenatingLick","Slimebound:ItLooksTasty"],"picked":"SKIP","floor":25},{"not_picked":["Slimebound:GoopSpray","Slimebound:ItLooksTasty"],"picked":"Slimebound:SplitLeeching+1","floor":27},{"not_picked":["Slimebound:LevelUp","Slimebound:SplitMire","Slimebound:SplitBruiser"],"picked":"SKIP","floor":28}],"player_experience":517163,"relics_obtained":[{"floor":5,"key":"Strawberry"},{"floor":7,"key":"Whetstone"},{"floor":24,"key":"Bag of Marbles"},{"floor":27,"key":"TungstenRod"},{"floor":27,"key":"InkBottle"},{"floor":30,"key":"Enchiridion"}],"event_choices":[{"damage_healed":0,"gold_gain":0,"player_choice":"Box","damage_taken":0,"relics_obtained":["Slimebound:MaxSlimesRelic"],"max_hp_gain":0,"max_hp_loss":0,"event_name":"Big Fish","floor":8,"gold_loss":0,"cards_obtained":["Regret"]},{"damage_healed":36,"gold_gain":0,"player_choice":"Heal","damage_taken":0,"max_hp_gain":0,"max_hp_loss":0,"event_name":"The Library","floor":22,"gold_loss":0}],"is_beta":false,"boss_relics":[{"not_picked":["Sozu","Pandora\u0027s Box"],"picked":"Empty Cage"}],"items_purged_floors":[14],"is_endless":false,"potions_floor_spawned":[2,11,15,16,20,27],"killed_by":"Gremlin Leader","ascension_level":0}}