{"host":"bw00wb7p5bw58om7","time":1610837546,"event":{"mods":["Act Like it!","BaseMod","Better Third Choice","CapriCore","Chen","Downfall","Gensokyo","Koishi","KomeijiMod","Marisa????????","Minty Spire (QoL Compilation)","Onozuka Komachi Mod","Permanent Neow","Prisma Mod","Reimu??????","Remilia??????","StSLib","The Administrix","The Immortal","The Senshi","The Servant 0.9.4","Yakumo Yukari mod"],"gold_per_floor":[119,119,119,119,139,171,171,75,75,87,101,129,144,154,154,255,255,270,270,270,97,121,133,177,189,201,213,0,47,76,101,113,221,233,265,290,314,345,371,410,422,464,476,488,2,2,27,40,40,40],"floor_reached":51,"language":"ENG","playtime":3140,"items_purged":["Night Terror"],"score":1072,"play_id":"65e9e34e-8f1b-422c-b733-df54fb089a06","local_time":"20210116225226","is_ascension_mode":true,"campfire_choices":[{"data":"RedMoon","floor":7,"key":"SMITH"},{"floor":15,"key":"REST"},{"data":"MastersStateliness","floor":23,"key":"SMITH"},{"data":"CharismaGuard","floor":25,"key":"SMITH"},{"data":"MastersStateliness","floor":27,"key":"SMITH"},{"data":"MastersStateliness","floor":32,"key":"SMITH"},{"data":"MastersStateliness","floor":41,"key":"SMITH"},{"data":"BatForm","floor":44,"key":"SMITH"},{"data":"ScarletMeister","floor":46,"key":"SMITH"},{"data":"ScarletCoffin","floor":49,"key":"SMITH"}],"circlet_count":0,"master_deck":["Strike_RM","Strike_RM","Strike_RM","Strike_RM","Defend_RM","Defend_RM+1","Defend_RM","RedMoon+1","ScarletShoot","ScarletImprint","Gensokyo:CrescentMoonSlash","Ultimatum","UnderTheZenith","DiffusionOfMisfortune+1","TwelveNightmare","MastersStateliness+1","CharismaGuard+1","LeisurelyOfLord","AfternoonTea","ForecastOfChange","TransientEternity","ReincarnationDial+1","ScarletMeister+1","MastersStateliness+1","RedRainbow","HunterOfTheNight","VampireSweep","CharismaGuard+1","MastersStateliness+1","RedRainbow+1","Stigmanizer+1","BatForm+1","ScarletDream+1","UnderTheZenith+1","ScarletImprint","MastersStateliness+1","HunterOfTheNight+1","UnderTheZenith+1","MastersStateliness+1","HunterOfTheNight","ScarletCoffin+1","HunterOfTheNight"],"relics":["ScarletHat","Mango","Turnip","InkBottle","Singing Bowl","Coffee Dripper","MawBank","Kunai","Pear","Matryoshka","Snecko Eye","Vajra","Nunchaku","HoshigumaDish","PreservedInsect","Mango","Membership Card","theSenshi:SuperSailorFukuRelic"],"acts_visited":["Gensokyo:Gensokyo","Gensokyo:Gensokyoer","Gensokyo:Gensokyoest"],"potions_floor_usage":[],"damage_taken":[{"damage":0,"enemies":"Gensokyo:Python","floor":1,"turns":6},{"damage":0,"enemies":"Gensokyo:3_Fairies","floor":5,"turns":3},{"damage":38,"enemies":"Gensokyo:Mamizou","floor":6,"turns":11},{"damage":0,"enemies":"Gensokyo:Gryphon","floor":10,"turns":3},{"damage":0,"enemies":"Gensokyo:Kitsune","floor":11,"turns":2},{"damage":2,"enemies":"Gensokyo:Cirno","floor":12,"turns":5},{"damage":7,"enemies":"Gensokyo:3_Kodama","floor":13,"turns":3},{"damage":0,"enemies":"Gensokyo:Python_and_Kodama","floor":14,"turns":2},{"damage":0,"enemies":"Gensokyo:Kokoro","floor":16,"turns":11},{"damage":15,"enemies":"Gensokyo:AngelMirror","floor":18,"turns":5},{"damage":27,"enemies":"Gensokyo:Tenshi","floor":24,"turns":3},{"damage":26,"enemies":"Gensokyo:Koishi","floor":29,"turns":7},{"damage":0,"enemies":"Gensokyo:CosmicMonolith","floor":30,"turns":5},{"damage":0,"enemies":"Gensokyo:Chomper_and_Gloop","floor":31,"turns":5},{"damage":4,"enemies":"Gensokyo:Eternal_Rivals","floor":33,"turns":6},{"damage":16,"enemies":"Gensokyo:3_Boulders","floor":35,"turns":6},{"damage":0,"enemies":"Gensokyo:AncientGuardian","floor":36,"turns":4},{"damage":0,"enemies":"Gensokyo:SeedOfUnknown","floor":37,"turns":4},{"damage":13,"enemies":"Gensokyo:Sharpion","floor":38,"turns":4},{"damage":0,"enemies":"Gensokyo:Rafflesia","floor":39,"turns":5},{"damage":36,"enemies":"Gensokyo:Kasen","floor":40,"turns":3},{"damage":25,"enemies":"Gensokyo:Doremy","floor":42,"turns":6},{"damage":24,"enemies":"Gensokyo:Marisa","floor":47,"turns":2},{"damage":0,"enemies":"Gensokyo:AtlasGolem","floor":48,"turns":3},{"damage":1,"enemies":"Gensokyo:Yuyuko","floor":50,"turns":6}],"seed_played":"8166710100645877976","potions_obtained":[{"floor":5,"key":"ColorlessPotion"},{"floor":6,"key":"Strength Potion"},{"floor":12,"key":"GrandPatriotsElixir:ReiMu"},{"floor":14,"key":"Block Potion"},{"floor":31,"key":"DuplicationPotion"}],"is_trial":false,"path_per_floor":["M","?","?","?","M","E","R","$","T","M","M","E","M","M","R","B",null,"M","?","?","$","T","R","E","R","T","R","?","E","M","M","R","B",null,"M","M","M","M","M","E","R","E","T","R","$","R","E","M","R","B",null],"character_chosen":"REMILIA","items_purchased":["DiffusionOfMisfortune","TwelveNightmare","MastersStateliness","RedRainbow","HunterOfTheNight","Mango","Membership Card","HunterOfTheNight"],"campfire_rested":1,"item_purchase_floors":[8,8,21,21,21,45,45,45],"current_hp_per_floor":[82,70,63,92,92,58,58,58,58,58,58,57,50,50,78,82,96,83,83,74,74,74,74,55,55,65,65,65,51,54,54,54,61,108,95,95,97,86,87,56,56,35,35,35,49,49,34,34,34,34],"gold":40,"neow_bonus":"TEN_PERCENT_HP_BONUS","is_daily":false,"chose_seed":false,"campfire_upgraded":9,"win_rate":0.0,"timestamp":1610837546,"path_taken":["M","?","?","?","M","E","R","?","T","M","?","E","M","M","R","BOSS","M","?","?","?","?","R","E","R","T","R","?","E","?","M","R","BOSS","M","M","M","M","M","E","R","E","T","R","$","R","E","M","R","BOSS"],"items_purchased_type":["Card","Card","Card","Card","Card","Relic","Relic","Card"],"build_version":"2020-12-22","purchased_purges":1,"victory":true,"max_hp_per_floor":[82,82,96,96,96,96,96,96,96,96,96,96,96,96,96,96,96,98,98,98,98,98,98,98,98,108,108,108,108,108,108,108,108,108,108,108,108,108,108,110,110,110,110,110,124,124,124,124,124,124],"card_choices":[{"not_picked":["Maim","FavorOfDestiny"],"picked":"ScarletImprint","floor":1},{"not_picked":["EndlessAdversity","RedRainbow"],"picked":"Ultimatum","floor":5},{"not_picked":["Ultimatum","EndlessAdversity"],"picked":"UnderTheZenith","floor":6},{"not_picked":["LeisurelyOfLord","EndlessAdversity"],"picked":"MastersStateliness","floor":10},{"not_picked":["FavorOfDestiny","UnstableMagic"],"picked":"CharismaGuard","floor":11},{"not_picked":["ScarletImprint","EmergencyRegeneration"],"picked":"LeisurelyOfLord","floor":12},{"not_picked":["LeisurelyOfLord","HunterOfTheNight"],"picked":"AfternoonTea","floor":13},{"not_picked":["ScarletImprint","BloodHunter"],"picked":"ForecastOfChange","floor":14},{"not_picked":["ForecastOfChange","ScarletMeister"],"picked":"TransientEternity","floor":16},{"not_picked":["UnstableMagic","Maim"],"picked":"ReincarnationDial+1","floor":18},{"not_picked":["UltimateOffering","FavorOfDestiny+1","ScarletGensokyo"],"picked":"Singing Bowl","floor":18},{"not_picked":["NightLord","ReincarnationDial"],"picked":"VampireSweep","floor":24},{"not_picked":["BloodyTrap+1","ReincarnationDial"],"picked":"CharismaGuard+1","floor":29},{"not_picked":["RedNightlessCastle","Stigmanizer+1"],"picked":"MastersStateliness","floor":29},{"not_picked":["ScarletImprint","EndlessAdversity"],"picked":"RedRainbow+1","floor":30},{"not_picked":["NightLord","LeisurelyOfLord"],"picked":"Stigmanizer+1","floor":31},{"not_picked":["ScarletCoffin","BloodRain"],"picked":"BatForm","floor":33},{"not_picked":["ForbiddenFruit","BlasphemousPunishment+1"],"picked":"ScarletDream+1","floor":35},{"not_picked":["Stigmanizer","BloodHunter"],"picked":"UnderTheZenith+1","floor":36},{"not_picked":["MastersStateliness+1","ScarletDevilSign"],"picked":"ScarletImprint","floor":37},{"not_picked":["ScarletImprint+1","UnderTheZenith"],"picked":"MastersStateliness","floor":37},{"not_picked":["ScarletImprint","BlasphemousPunishment"],"picked":"HunterOfTheNight+1","floor":38},{"not_picked":["VampireFantasy","ScarletDream"],"picked":"UnderTheZenith+1","floor":39},{"not_picked":["BloodHunter+1","ScarletDevilSign","EndlessAdversity+1"],"picked":"Singing Bowl","floor":40},{"not_picked":["Stigmanizer","EndlessAdversity"],"picked":"MastersStateliness+1","floor":42},{"not_picked":["UnstableMagic","ForbiddenFruit+1"],"picked":"ScarletCoffin","floor":47},{"not_picked":["DiffusionOfMisfortune","MastersStateliness+1"],"picked":"HunterOfTheNight","floor":48}],"player_experience":257128,"relics_obtained":[{"floor":6,"key":"Turnip"},{"floor":9,"key":"InkBottle"},{"floor":12,"key":"Singing Bowl"},{"floor":22,"key":"MawBank"},{"floor":24,"key":"Kunai"},{"floor":26,"key":"Pear"},{"floor":29,"key":"Matryoshka"},{"floor":40,"key":"Vajra"},{"floor":42,"key":"Nunchaku"},{"floor":43,"key":"HoshigumaDish"},{"floor":43,"key":"PreservedInsect"},{"floor":47,"key":"theSenshi:SuperSailorFukuRelic"}],"event_choices":[],"is_beta":false,"boss_relics":[{"not_picked":["Calling Bell","Astrolabe"],"picked":"Coffee Dripper"},{"not_picked":["Cursed Key","Busted Crown"],"picked":"Snecko Eye"}],"items_purged_floors":[45],"is_endless":false,"potions_floor_spawned":[5,6,12,14,29,31,36,38,40,42],"ascension_level":1}}