{"host":"kh6fvhxn285ncg0o","time":1610836679,"event":{"mods":["Act Like it!","BaseMod","Colored Map","Friendly Minions","Keyboard Shortcuts","Minty Spire (QoL Compilation)","Quick Restart","Relic Stats","StSLib","SuperFastMode"],"gold_per_floor":[112,130,280,205,205,236,236,252,252,285,299,344,378,404,416,428,428],"floor_reached":16,"language":"KOR","playtime":314,"items_purged":[],"score":290,"play_id":"6e3846c6-eb3a-4884-bfa4-081fb0a38246","local_time":"20210117073759","is_ascension_mode":true,"campfire_choices":[{"data":"Body Slam","floor":7,"key":"SMITH"},{"floor":15,"key":"REST"}],"circlet_count":0,"master_deck":["AscendersBane","Strike_R","Strike_R","Strike_R","Strike_R+1","Strike_R","Defend_R","Defend_R","Defend_R","Defend_R","Bash+1","Body Slam+1","Shrug It Off","Feed","Seeing Red","Berserk","Cleave"],"relics":["Burning Blood","NeowsBlessing","Magic Flower","Orichalcum","Smiling Mask","MawBank"],"acts_visited":["Exordium"],"potions_floor_usage":[10,14,16],"damage_taken":[{"damage":0,"enemies":"Jaw Worm","floor":1,"turns":1},{"damage":0,"enemies":"2 Louse","floor":2,"turns":2},{"damage":0,"enemies":"Lagavulin","floor":6,"turns":1},{"damage":6,"enemies":"Small Slimes","floor":8,"turns":3},{"damage":33,"enemies":"3 Sentries","floor":10,"turns":6},{"damage":15,"enemies":"Red Slaver","floor":11,"turns":4},{"damage":38,"enemies":"Gremlin Nob","floor":13,"turns":5},{"damage":8,"enemies":"Large Slime","floor":14,"turns":5},{"damage":45,"enemies":"Slime Boss","floor":16,"turns":5}],"seed_played":"5641515810889636156","potions_obtained":[{"floor":2,"key":"Ancient Potion"},{"floor":6,"key":"PowerPotion"},{"floor":8,"key":"LiquidMemories"},{"floor":11,"key":"Explosive Potion"}],"is_trial":false,"path_per_floor":["M","M","?","?","?","E","R","M","T","E","M","T","E","M","R","B"],"character_chosen":"IRONCLAD","items_purchased":[],"campfire_rested":1,"item_purchase_floors":[],"current_hp_per_floor":[74,75,75,75,52,58,58,61,61,42,41,41,12,18,43,0,0],"gold":428,"neow_bonus":"THREE_ENEMY_KILL","is_daily":false,"chose_seed":false,"campfire_upgraded":1,"win_rate":0.0,"timestamp":1610836679,"path_taken":["M","M","?","?","?","E","R","M","T","E","M","?","E","?","R","BOSS"],"items_purchased_type":[],"build_version":"2020-12-22","purchased_purges":0,"victory":false,"max_hp_per_floor":[75,75,75,75,75,75,75,75,75,78,81,81,81,84,84,84,84],"relic_stats":{"counters":[9,32],"Magic Flower":[21],"Orichalcum":[54],"Smiling Mask":0,"MawBank":36,"obtain_stats":[{"NeowsBlessing":0,"Magic Flower":6,"Orichalcum":10,"Smiling Mask":12,"MawBank":13,"Burning Blood":0},{"NeowsBlessing":0,"Magic Flower":3,"Orichalcum":5,"Smiling Mask":6,"MawBank":7,"Burning Blood":0},{"NeowsBlessing":0,"Magic Flower":4,"Orichalcum":13,"Smiling Mask":17,"MawBank":22,"Burning Blood":0}],"Burning Blood":58},"card_choices":[{"not_picked":["Havoc","Headbutt"],"picked":"Body Slam","floor":1},{"not_picked":["Dropkick","Burning Pact"],"picked":"Shrug It Off","floor":6},{"not_picked":["Clash","Shockwave"],"picked":"Feed","floor":8},{"not_picked":["Dropkick","Pommel Strike"],"picked":"Seeing Red","floor":10},{"not_picked":["Reckless Charge","Anger","Clothesline"],"picked":"SKIP","floor":11},{"not_picked":["Hemokinesis","Havoc"],"picked":"Berserk","floor":13},{"not_picked":["Cleave","Heavy Blade","Twin Strike"],"picked":"SKIP","floor":14},{"not_picked":["Heavy Blade","Twin Strike"],"picked":"Cleave","floor":14}],"player_experience":3470221,"relics_obtained":[{"floor":6,"key":"Magic Flower"},{"floor":10,"key":"Orichalcum"},{"floor":12,"key":"Smiling Mask"},{"floor":13,"key":"MawBank"}],"event_choices":[{"damage_healed":0,"gold_gain":150,"player_choice":"AGREE","damage_taken":0,"max_hp_gain":0,"max_hp_loss":0,"event_name":"Liars Game","floor":3,"gold_loss":0,"cards_obtained":["Doubt"]},{"cards_removed":["Doubt"],"damage_healed":0,"gold_gain":0,"player_choice":"Card Removal","damage_taken":0,"max_hp_gain":0,"max_hp_loss":0,"event_name":"The Cleric","floor":4,"gold_loss":75},{"damage_healed":0,"gold_gain":0,"player_choice":"Entered Light","damage_taken":23,"max_hp_gain":0,"max_hp_loss":0,"event_name":"Shining Light","floor":5,"gold_loss":0,"cards_upgraded":["Strike_R","Bash"]}],"is_beta":false,"boss_relics":[],"items_purged_floors":[],"is_endless":false,"potions_floor_spawned":[2,6,8,11],"killed_by":"Slime Boss","ascension_level":20}}