{"host":"sc0o2qwpf9j16a4i","time":1610803663,"event":{"mods":["AchievementEnabler","BaseMod","BetterRewards","Block Reminder","Colored Map","Colored Powertips","Custom Start","Highlight Path","Minty Spire (QoL Compilation)","Relic Stats"],"gold_per_floor":[119,138,138,138,138,138,172,0,71,95,116,150,150,171,171,267,267,288,288,258,283,302,302,338,338,338,376,376,390,149,149,149,243,243,267,22,43,74,97,97,372,372,396,417,317,340,359,400,400,400,400,400,400,10,53,53],"floor_reached":57,"language":"ENG","playtime":2539,"items_purged":["Strike_R","Parasite","Defend_R"],"score":3656,"play_id":"7e7b53c3-30c5-4d6f-ad99-ce27e5fa0527","local_time":"20210116152743","is_ascension_mode":true,"campfire_choices":[{"floor":6,"key":"REST"},{"data":"Armaments","floor":13,"key":"SMITH"},{"data":"True Grit","floor":15,"key":"SMITH"},{"data":"Strike_R","floor":23,"key":"PURGE"},{"data":"Strike_R","floor":25,"key":"PURGE"},{"data":"Strike_R","floor":28,"key":"PURGE"},{"data":"Strike_R","floor":32,"key":"PURGE"},{"floor":40,"key":"RECALL"},{"data":"Regret","floor":42,"key":"PURGE"},{"floor":49,"key":"REST"},{"floor":53,"key":"REST"}],"circlet_count":0,"master_deck":["AscendersBane","Defend_R+1","Defend_R+1","Defend_R","Bash","Evolve","Whirlwind","Disarm","Clothesline","Feel No Pain","Carnage","True Grit+1","Shrug It Off+1","Second Wind","Power Through","Feel No Pain","Warcry","Thunderclap","Armaments+1","Barricade","Body Slam+1","Power Through+1","Corruption","Pommel Strike","Feel No Pain","Reaper","Flame Barrier","Impervious","Warcry","Power Through","True Grit","Feel No Pain","Wild Strike","Body Slam+1","Disarm","Disarm","Disarm","Shrug It Off","Demon Form"],"relics":["Burning Blood","Gremlin Horn","Medical Kit","Regal Pillow","Pen Nib","Chemical X","Turnip","Dream Catcher","Lee\u0027s Waffle","Mercury Hourglass","Golden Idol","Peace Pipe","Paper Frog","DollysMirror","Matryoshka","HornCleat","Fusion Hammer","MealTicket","War Paint","Tiny Chest","Eternal Feather","Nunchaku","Runic Pyramid","Frozen Eye","FossilizedHelix","Juzu Bracelet","PreservedInsect","Boot","Lantern"],"acts_visited":["Exordium","TheCity","TheBeyond","TheEnding"],"potions_floor_usage":[16,16,29,50,56],"damage_taken":[{"damage":4,"enemies":"Jaw Worm","floor":1,"turns":3},{"damage":0,"enemies":"2 Louse","floor":2,"turns":1},{"damage":17,"enemies":"Lagavulin","floor":7,"turns":6},{"damage":0,"enemies":"Small Slimes","floor":10,"turns":3},{"damage":7,"enemies":"Red Slaver","floor":11,"turns":3},{"damage":17,"enemies":"3 Sentries","floor":12,"turns":5},{"damage":0,"enemies":"Blue Slaver","floor":14,"turns":1},{"damage":14,"enemies":"Slime Boss","floor":16,"turns":8},{"damage":0,"enemies":"3 Byrds","floor":18,"turns":5},{"damage":0,"enemies":"Chosen","floor":21,"turns":2},{"damage":0,"enemies":"Sentry and Sphere","floor":22,"turns":5},{"damage":15,"enemies":"Book of Stabbing","floor":24,"turns":8},{"damage":0,"enemies":"Slavers","floor":27,"turns":1},{"damage":5,"enemies":"Snake Plant","floor":29,"turns":6},{"damage":0,"enemies":"Champ","floor":33,"turns":12},{"damage":0,"enemies":"3 Darklings","floor":35,"turns":7},{"damage":0,"enemies":"3 Shapes","floor":37,"turns":4},{"damage":0,"enemies":"Mind Bloom Boss Battle","floor":38,"turns":6},{"damage":13,"enemies":"Writhing Mass","floor":44,"turns":7},{"damage":0,"enemies":"4 Shapes","floor":46,"turns":6},{"damage":20,"enemies":"Sphere and 2 Shapes","floor":47,"turns":7},{"damage":50,"enemies":"Giant Head","floor":48,"turns":7},{"damage":21,"enemies":"Awakened One","floor":50,"turns":14},{"damage":0,"enemies":"Time Eater","floor":51,"turns":9},{"damage":9,"enemies":"Shield and Spear","floor":55,"turns":9},{"damage":4,"enemies":"The Heart","floor":56,"turns":9}],"seed_played":"1424679763207261484","potions_obtained":[{"floor":1,"key":"SmokeBomb"},{"floor":12,"key":"AttackPotion"},{"floor":14,"key":"Regen Potion"},{"floor":20,"key":"Ancient Potion"},{"floor":20,"key":"Strength Potion"},{"floor":29,"key":"Regen Potion"},{"floor":38,"key":"PowerPotion"}],"is_trial":false,"path_per_floor":["M","M","?","?","?","R","E","$","T","M","M","E","R","M","R","B",null,"M","?","?","M","M","R","E","R","T","E","R","M","$","?","R","B",null,"M","$","M","?","T","R","?","R","T","M","$","M","M","E","R","B","B",null,"R","$","E","B",null],"character_chosen":"IRONCLAD","items_purchased":["Gremlin Horn","Medical Kit","Regal Pillow","Evolve","Pen Nib","Whirlwind","Disarm","Chemical X","Turnip","Dream Catcher","Clothesline","Feel No Pain","Lee\u0027s Waffle","Mercury Hourglass","Carnage","DollysMirror","Feel No Pain","Reaper","Flame Barrier","Power Through","Frozen Eye","Disarm","Shrug It Off","Demon Form"],"campfire_rested":3,"item_purchase_floors":[0,0,0,0,0,0,0,0,0,0,0,0,0,0,0,8,30,30,30,36,36,54,54,54],"current_hp_per_floor":[82,82,54,29,29,68,57,57,57,63,62,51,51,57,57,64,78,82,82,82,82,82,82,73,73,73,79,82,82,82,82,82,82,82,82,82,82,82,82,82,82,82,82,80,79,79,67,23,79,67,79,79,79,79,79,79],"gold":53,"neow_bonus":"","is_daily":false,"chose_seed":false,"campfire_upgraded":2,"win_rate":0.0,"timestamp":1610803663,"path_taken":["M","M","?","?","?","R","E","$","T","M","M","E","R","M","R","BOSS","M","?","?","?","M","R","E","R","T","E","R","M","$","?","R","BOSS","M","$","?","?","?","R","?","R","T","M","$","M","M","E","R","BOSS","BOSS","R","$","E","BOSS"],"items_purchased_type":["Relic","Relic","Relic","Card","Relic","Card","Card","Relic","Relic","Relic","Card","Card","Relic","Relic","Card","Relic","Card","Card","Card","Card","Relic","Card","Card","Card"],"build_version":"2020-12-22","purchased_purges":3,"victory":true,"max_hp_per_floor":[82,82,82,82,82,82,82,82,82,82,82,82,82,82,82,82,82,82,82,82,82,82,82,82,82,82,82,82,82,82,82,82,82,82,82,82,82,82,82,82,82,82,82,82,79,79,79,79,79,79,79,79,79,79,79,79],"relic_stats":{"Regal Pillow":27,"Lee\u0027s Waffle":123,"Gremlin Horn":[19,19],"counters":[77,452],"Golden Idol":197,"Eternal Feather":24,"Pen Nib":[17],"PreservedInsect":207,"Juzu Bracelet":0,"War Paint":["Power Through","Defend_R"],"Medical Kit":[95],"Boot":[1],"Burning Blood":224,"Mercury Hourglass":[583],"Peace Pipe":7,"Dream Catcher":4,"Nunchaku":[10],"MealTicket":2,"Tiny Chest":2,"Turnip":[32],"Chemical X":[28],"obtain_stats":[{"Ice Cream":0,"Gremlin Horn":0,"Nilry\u0027s Codex":31,"CeramicFish":26,"Ginger":0,"Whetstone":41,"Sling":0,"Boot":48,"Blood Vial":28,"HornCleat":29,"DollysMirror":8,"MealTicket":44,"Fusion Hammer":17,"Girya":0,"Pear":29,"Happy Flower":55,"Eternal Feather":7,"Pen Nib":0,"War Paint":26,"WarpedTongs":5,"Runic Dome":17,"SlaversCollar":34,"Bottled Flame":43,"Shuriken":24,"Bronze Scales":12,"Bird Faced Urn":21,"Snecko Eye":17,"Pandora\u0027s Box":0,"Unceasing Top":48,"Meat on the Bone":9,"Regal Pillow":12,"Lantern":0,"Mango":9,"Bag of Preparation":0,"Juzu Bracelet":39,"Smiling Mask":11,"Empty Cage":34,"Burning Blood":0,"Frozen Eye":36,"Dream Catcher":45,"Nunchaku":31,"Matryoshka":9,"Tiny Chest":12,"Red Mask":47,"Chemical X":0,"Red Skull":30,"Paper Frog":27,"Runic Pyramid":34,"Lee\u0027s Waffle":0,"Golden Idol":3,"The Courier":7,"PreservedInsect":43,"Orichalcum":24,"Medical Kit":0,"White Beast Statue":14,"Mercury Hourglass":0,"Peace Pipe":5,"Anchor":42,"Turnip":39,"Art of War":55,"Membership Card":0,"Toy Ornithopter":41,"FossilizedHelix":38},{"Ice Cream":24,"Gremlin Horn":51,"Nilry\u0027s Codex":13,"CeramicFish":12,"Ginger":24,"Whetstone":44,"Sling":24,"Boot":73,"Blood Vial":13,"HornCleat":13,"DollysMirror":54,"MealTicket":19,"Fusion Hammer":59,"Girya":24,"Pear":39,"Happy Flower":50,"Eternal Feather":3,"Pen Nib":51,"War Paint":63,"WarpedTongs":2,"Runic Dome":8,"SlaversCollar":14,"Bottled Flame":45,"Shuriken":38,"Bronze Scales":31,"Bird Faced Urn":36,"Snecko Eye":34,"Pandora\u0027s Box":0,"Unceasing Top":47,"Meat on the Bone":30,"Regal Pillow":6,"Lantern":24,"Mango":4,"Bag of Preparation":24,"Juzu Bracelet":69,"Smiling Mask":31,"Empty Cage":41,"Burning Blood":0,"Frozen Eye":67,"Dream Catcher":46,"Nunchaku":65,"Matryoshka":54,"Tiny Chest":31,"Red Mask":46,"Chemical X":51,"Red Skull":40,"Paper Frog":12,"Runic Pyramid":66,"Lee\u0027s Waffle":24,"Golden Idol":53,"The Courier":29,"PreservedInsect":69,"Orichalcum":12,"Medical Kit":51,"White Beast Statue":7,"Mercury Hourglass":51,"Peace Pipe":53,"Anchor":45,"Turnip":44,"Art of War":23,"Membership Card":24,"Toy Ornithopter":18,"FossilizedHelix":69},{"Ice Cream":167,"Gremlin Horn":301,"Nilry\u0027s Codex":65,"CeramicFish":59,"Ginger":167,"Whetstone":245,"Sling":167,"Boot":412,"Blood Vial":65,"HornCleat":65,"DollysMirror":311,"MealTicket":115,"Fusion Hammer":331,"Girya":167,"Pear":224,"Happy Flower":293,"Eternal Feather":13,"Pen Nib":301,"War Paint":351,"WarpedTongs":7,"Runic Dome":41,"SlaversCollar":74,"Bottled Flame":253,"Shuriken":220,"Bronze Scales":190,"Bird Faced Urn":212,"Snecko Eye":205,"Pandora\u0027s Box":0,"Unceasing Top":268,"Meat on the Bone":186,"Regal Pillow":26,"Lantern":167,"Mango":17,"Bag of Preparation":167,"Juzu Bracelet":386,"Smiling Mask":190,"Empty Cage":232,"Burning Blood":0,"Frozen Eye":377,"Dream Catcher":261,"Nunchaku":358,"Matryoshka":311,"Tiny Chest":190,"Red Mask":261,"Chemical X":301,"Red Skull":226,"Paper Frog":59,"Runic Pyramid":370,"Lee\u0027s Waffle":167,"Golden Idol":305,"The Courier":182,"PreservedInsect":386,"Orichalcum":59,"Medical Kit":301,"White Beast Statue":33,"Mercury Hourglass":301,"Peace Pipe":305,"Anchor":253,"Turnip":245,"Art of War":159,"Membership Card":167,"Toy Ornithopter":104,"FossilizedHelix":386}]},"card_choices":[{"not_picked":["Iron Wave","Intimidate"],"picked":"True Grit","floor":1},{"not_picked":["Heavy Blade","Wild Strike"],"picked":"Shrug It Off","floor":2},{"not_picked":["Body Slam","Carnage"],"picked":"Second Wind","floor":6},{"not_picked":["Limit Break","Twin Strike"],"picked":"Power Through","floor":7},{"not_picked":["Clash","Fire Breathing"],"picked":"Warcry","floor":10},{"not_picked":["Sever Soul","True Grit"],"picked":"Thunderclap","floor":11},{"not_picked":["Intimidate","Iron Wave"],"picked":"Armaments","floor":12},{"not_picked":["Headbutt","Perfected Strike","Sword Boomerang"],"picked":"SKIP","floor":14},{"not_picked":["Demon Form","Offering"],"picked":"Barricade","floor":16},{"not_picked":["Clothesline","Reckless Charge"],"picked":"Body Slam+1","floor":18},{"not_picked":["Perfected Strike","Twin Strike","Sword Boomerang"],"picked":"SKIP","floor":21},{"not_picked":["True Grit","Whirlwind"],"picked":"Power Through","floor":22},{"not_picked":["Reckless Charge","Havoc"],"picked":"Corruption","floor":24},{"not_picked":["Whirlwind","Clash"],"picked":"Pommel Strike","floor":27},{"not_picked":["Rampage","Heavy Blade","Inflame"],"picked":"SKIP","floor":29},{"not_picked":["Immolate","Reaper"],"picked":"Impervious","floor":33},{"not_picked":["Second Wind","Reckless Charge"],"picked":"Warcry","floor":35},{"not_picked":["Headbutt","Iron Wave"],"picked":"True Grit","floor":37},{"not_picked":["Clothesline","Whirlwind"],"picked":"Feel No Pain","floor":38},{"not_picked":["Clothesline","Blood for Blood+1"],"picked":"Wild Strike","floor":44},{"not_picked":["Metallicize","Hemokinesis+1","Perfected Strike"],"picked":"SKIP","floor":46},{"not_picked":["Perfected Strike","Anger+1"],"picked":"Body Slam+1","floor":47},{"not_picked":["Pummel+1","Havoc"],"picked":"Disarm","floor":48},{"not_picked":["Battle Trance","Blood for Blood"],"picked":"Disarm","floor":53},{"not_picked":["Wild Strike","Clothesline+1","Fire Breathing"],"picked":"SKIP","floor":55}],"player_experience":651265,"relics_obtained":[{"floor":5,"key":"Peace Pipe"},{"floor":7,"key":"Paper Frog"},{"floor":9,"key":"Matryoshka"},{"floor":12,"key":"HornCleat"},{"floor":24,"key":"MealTicket"},{"floor":26,"key":"War Paint"},{"floor":26,"key":"Tiny Chest"},{"floor":27,"key":"Eternal Feather"},{"floor":38,"key":"FossilizedHelix"},{"floor":39,"key":"Juzu Bracelet"},{"floor":43,"key":"PreservedInsect"},{"floor":48,"key":"Boot"},{"floor":55,"key":"Lantern"}],"event_choices":[{"damage_healed":0,"gold_gain":0,"player_choice":"Take Damage","damage_taken":28,"relics_obtained":["Golden Idol"],"max_hp_gain":0,"max_hp_loss":0,"event_name":"Golden Idol","floor":3,"gold_loss":0},{"damage_healed":0,"gold_gain":0,"player_choice":"Entered Light","damage_taken":25,"max_hp_gain":0,"max_hp_loss":0,"event_name":"Shining Light","floor":4,"gold_loss":0,"cards_upgraded":["Defend_R","Shrug It Off"]},{"damage_healed":0,"gold_gain":0,"player_choice":"Relic","damage_taken":0,"max_hp_gain":0,"max_hp_loss":0,"event_name":"Wheel of Change","floor":5,"gold_loss":0},{"damage_healed":0,"gold_gain":0,"player_choice":"Ignored","damage_taken":0,"max_hp_gain":0,"max_hp_loss":0,"event_name":"The Mausoleum","floor":19,"gold_loss":0},{"damage_healed":0,"gold_gain":0,"player_choice":"Bought 2 Potions","damage_taken":0,"max_hp_gain":0,"max_hp_loss":0,"event_name":"The Woman in Blue","floor":20,"gold_loss":0},{"damage_healed":0,"gold_gain":0,"player_choice":"Gave Potion","damage_taken":0,"relics_obtained":["Nunchaku"],"max_hp_gain":0,"max_hp_loss":0,"event_name":"WeMeetAgain","floor":31,"gold_loss":0},{"damage_healed":0,"gold_gain":0,"player_choice":"Fight","damage_taken":0,"max_hp_gain":0,"max_hp_loss":0,"event_name":"MindBloom","floor":38,"gold_loss":0},{"damage_healed":0,"gold_gain":275,"player_choice":"Desecrate","damage_taken":0,"max_hp_gain":0,"max_hp_loss":0,"event_name":"Golden Shrine","floor":41,"gold_loss":0,"cards_obtained":["Regret"]}],"is_beta":false,"boss_relics":[{"not_picked":["Calling Bell","Black Blood"],"picked":"Fusion Hammer"},{"not_picked":["SlaversCollar","Empty Cage"],"picked":"Runic Pyramid"}],"items_purged_floors":[0,45,54],"is_endless":false,"potions_floor_spawned":[1,12,14,21,22,29,38,46,47,48],"ascension_level":20}}