{"host":"w5vfr18i2ft1pzo2","time":1610812464,"event":{"mods":["AchievementEnabler","Act Like it!","Aspiration","BaseMod","Better Debug","Better Third Choice","BetterRewards","Colored Map","Colored Powertips","Conspire","Curses Come First","DNKmod","Defuse TimeMaze Blight","Dota2Spire","Elementarium","Energized Spire","Evolution","Force Act Four","Fox Events","Friendly Minions","Gensokyo","GifTheSpireLib","Gold Saver","Halation","Hallownest","Hubris","Hyrulean Relics","Infinite Spire","Jedi Mod","Marisa????????","Minty Spire (QoL Compilation)","MostiFishMod","Poor People Problems","Prisma Mod","Remilia??????","Replay The Spire","SacredBarkPlus","Small Relic Pack","Spicy Shops","Spikes Relics","StSLib","Stuff the Spire","SuperFastMode","Synergy Search","The Animator","The Blue Laboratory","The Servant 0.9.4","Trackpad","Treasure Hunter","Uncapped","Wandering Minibosses","Yakumo Yukari mod","noobMod","vexMod","??????REMEMod"],"gold_per_floor":[2743,2763,2763,2779,2793,2821,2821,2821,2844,2864,2814,2787,1510,1522,1522,1625,1625,1636,1649,1669,723,736,736,736,770,770,798,708,729,139,162,171,292,292,318,334,334,38,38,71,71,96,122,122,132,169,169,203,203,203,203,203,767,817,872,872,872,116,191,271,300,300,395,395,395,61,176,176,176],"floor_reached":70,"language":"ENG","playtime":2571,"items_purged":["Strike_G","Strike_G","Defend_G","Defend_G","Defend_G"],"score":1710,"play_id":"0ac0517c-7c14-4ae7-a36a-b967a4485be0","local_time":"20210116235424","is_ascension_mode":true,"campfire_choices":[{"floor":7,"key":"RECALL"},{"data":"jedi:pocketpoison","floor":15,"key":"SMITH"},{"data":"Draining Mist","floor":24,"key":"SMITH"},{"data":"MostiFishMod:Opportunism","floor":41,"key":"SMITH"},{"data":"MostiFishMod:LethalBlade","floor":49,"key":"SMITH"},{"data":"Defend_G","floor":52,"key":"SMITH"},{"data":"MostiFishMod:LethalBlade","floor":62,"key":"SMITH"},{"data":"REME_FirmDetermination","floor":68,"key":"SMITH"}],"circlet_count":0,"master_deck":["Strike_G+1","Strike_G+1","Defend_G","Survivor+1","Neutralize+1","animator:HigakiRinne","jedi:studyfrost+1","Hidden Blade","Dagger Throw+1","Infinite Blades+1","Backflip+1","jedi:studyshivs+1","TH:TreasureMap+1","jedi:pocketpoison+1","animator:HigakiRinne+1","MostiFishMod:Opportunism+1","wanderingMiniBosses:FinaleOfPromise+1","Blade Dance","MostiFishMod:FrostNova+1","Draining Mist+1","Slice+1","animator:HigakiRinne","MostiFishMod:OneDayCity+1","Escape Plan","jedi:pocketpoison+1","Accuracy+1","Accuracy+1","Distraction+1","Replay:Bag of Tricks+1","Night Terror+1","TH:BikiniMail+1","Backflip+1","Draining Mist+1","Draining Mist+1","MostiFishMod:LethalBlade+1","MostiFishMod:LethalBlade+1","StuffTheSpire:MirrorStance","hubris:TrickCloak+1","Apotheosis+1","Discovery+1","MostiFishMod:Dislodge+1","Acrobatics+1","jedi:studypoison+1","REME_FirmDetermination+1","Noxious Fumes","Noxious Fumes"],"relics":["animator:TheWolleyCore","Ring of the Snake","animator:AncientMedallion","Whetstone"],"acts_visited":["Exordium","TheCity","TheBeyond","TheEnding","EYB:TheUnnamedReign"],"potions_floor_usage":[33,33,33],"damage_taken":[{"damage":0.0,"enemies":"Jaw Worm","floor":1.0,"turns":4.0},{"damage":0.0,"enemies":"Cultist","floor":2.0,"turns":3.0},{"damage":0.0,"enemies":"2 Louse","floor":4.0,"turns":2.0},{"damage":0,"enemies":"Large Slime","floor":5,"turns":6},{"damage":0,"enemies":"Lagavulin","floor":6,"turns":7},{"damage":0,"enemies":"Red Slaver","floor":10,"turns":3},{"damage":0,"enemies":"Lots of Slimes","floor":14,"turns":3},{"damage":0,"enemies":"Slime Boss","floor":16,"turns":8},{"damage":0,"enemies":"Shell Parasite","floor":18,"turns":3},{"damage":0,"enemies":"Spheric Guardian","floor":19,"turns":1},{"damage":0,"enemies":"conspire:HollyBat","floor":20,"turns":5},{"damage":0,"enemies":"3 Cultists","floor":22,"turns":1},{"damage":0,"enemies":"conspire:Head Lice","floor":25,"turns":1},{"damage":0,"enemies":"Nightmare","floor":27,"turns":4},{"damage":0,"enemies":"Chosen and Byrds","floor":29,"turns":2},{"damage":0,"enemies":"Snake Plant","floor":31,"turns":1},{"damage":0,"enemies":"hubris:MusketHawk","floor":33,"turns":2},{"damage":0,"enemies":"3 Darklings","floor":35,"turns":1},{"damage":0,"enemies":"3 Shapes","floor":36,"turns":2},{"damage":0,"enemies":"R_Hoarder","floor":40,"turns":3},{"damage":0,"enemies":"Reptomancer","floor":42,"turns":2},{"damage":0,"enemies":"Transient","floor":45,"turns":3},{"damage":0,"enemies":"Nightmare","floor":46,"turns":3},{"damage":0,"enemies":"Nemesis","floor":48,"turns":3},{"damage":0,"enemies":"Replay:Hell Engine","floor":50,"turns":3},{"damage":0,"enemies":"animator:UNNAMED_HAT","floor":54,"turns":2},{"damage":9,"enemies":"animator:TRIPLE_SHAPES_WEAK","floor":55,"turns":2},{"damage":9,"enemies":"animator:LARGE_WISP","floor":59,"turns":3},{"damage":0,"enemies":"animator:TRIPLE_LAGAVULIN","floor":60,"turns":3},{"damage":0,"enemies":"conspire:MimicChest","floor":61,"turns":2},{"damage":2,"enemies":"animator:ULTIMATE_CUBE","floor":63,"turns":4},{"damage":0,"enemies":"animator:ULTIMATE_CRYSTAL","floor":67,"turns":2}],"seed_played":"5970471745465964710","potions_obtained":[{"floor":4,"key":"GhostInAJar"},{"floor":5,"key":"blueLaboratory:BottleOfVodka"},{"floor":10,"key":"Energy Potion"},{"floor":36,"key":"Dota2Spire:Clarity"},{"floor":40,"key":"Adrenaline Potion"},{"floor":42,"key":"Dota2Spire:Clarity"},{"floor":54,"key":"animator:FalseLifePotion"},{"floor":55,"key":"animator:FalseLifePotion"},{"floor":59,"key":"animator:FalseLifePotion"}],"is_trial":false,"path_per_floor":["M","M","?","M","M","E","R","?","T","M","?","?","$","M","R","B",null,"M","M","M","$","M","?","R","E","T","NM","?","M","$","M","R_BF","B",null,"M","M","T","$","?","E","R","E","T","AVR","M","NM","?","E","R","B",null,"R","??","M","M","T","?","$","M","M","?","R","E","T","?","$","E","R","B",null],"character_chosen":"THE_SILENT","items_purchased":["jedi:fakemustache","Molten Egg 2","SpikesRelics:DaevaFist","Dream Catcher","ZombieTooth","conspire:TreasureMap","Adrenaline Potion","aspiration:Lifesprig","Dota2Spire:MaskOfMadness","Dota2Spire:BattleFury","hubris:MedicalManual","Membership Card","LugNut","Dota2Spire:ArmletOfMordiggian","Blood Vial","MostiFishMod:OneDayCity","Escape Plan+1","jedi:pocketpoison","Accuracy","Tingsha","Draining Mist","Apotheosis","Discovery","animator:AncientMedallion","animator:AncientMedallion","REME_FirmDetermination","Noxious Fumes"],"campfire_rested":0,"item_purchase_floors":[13,13,13,13,13,13,13,21,21,21,21,30,30,30,30,30,30,30,30,38,38,58,58,58,58,66,66],"current_hp_per_floor":[70,70,70,70,70,70,70,70,70,70,70,59,70,70,70,70,70,70,70,70,70,70,53,53,53,53,53,53,53,70,70,70,70,70,70,70,70,70,70,70,70,70,70,70,70,70,55,57,57,59,67,67,92,92,83,83,68,68,71,83,92,92,90,90,90,90,92,92,90],"gold":176,"neow_bonus":"RANDOM_COLORLESS","is_daily":false,"chose_seed":false,"campfire_upgraded":7,"win_rate":0.0,"timestamp":1610812464,"path_taken":["M","M","?","M","M","E","R","?","T","M","?","?","$","M","R","BOSS","M","M","M","$","M","?","R","E","T","NM","?","M","$","M","R_BF","BOSS","M","M","?","$","?","E","R","E","T","AVR","M","NM","?","E","R","BOSS","R","??","M","M","T","?","$","M","M","?","R","E","T","?","$","E","R","BOSS"],"items_purchased_type":["Relic","Relic","Relic","Relic","Relic","Relic","Potion","Relic","Relic","Relic","Relic","Relic","Relic","Relic","Relic","Card","Card","Card","Card","Relic","Card","Card","Card","Relic","Relic","Card","Card"],"build_version":"2020-12-22","purchased_purges":5,"victory":true,"max_hp_per_floor":[70,70,70,70,70,70,70,70,70,70,70,70,70,70,70,70,70,70,70,70,70,70,70,70,70,70,70,70,70,70,70,70,70,70,70,70,70,70,70,70,70,70,70,70,70,70,70,70,70,70,70,70,92,92,92,92,92,92,92,92,92,92,92,92,92,92,92,92,92],"card_choices":[{"not_picked":["Assess","Impatience"],"picked":"ReplayTheSpireMod:Private Reserves","floor":0.0},{"not_picked":["StuffTheSpire:BumpUp","Flying Knee"],"picked":"Hidden Blade","floor":1.0},{"not_picked":["Tactician","Eviscerate","Underhanded Strike","Bane"],"picked":"Dagger Throw","floor":2.0},{"not_picked":["Riddle With Holes","MostiFishMod:ThornCasing","StuffTheSpire:ClusterCrunch","Pace"],"picked":"Infinite Blades","floor":4},{"not_picked":["Cloak And Dagger","StuffTheSpire:BumpUp","Dagger Spray","Flying Knee"],"picked":"Backflip","floor":5},{"not_picked":["ReplayTheSpireMod:Scrap Shanks","ReplayTheSpireMod:Shiv Toss","MostiFishMod:PoisonShield","Eviscerate"],"picked":"jedi:studyshivs","floor":6},{"not_picked":["TH:CopperCoins","TH:PixieDust","TH:ArmorSpikes"],"picked":"TH:TreasureMap","floor":6},{"not_picked":["TH:ElvenBoots","TH:DeckOfManyThings","TH:CopperCoins","TH:CursedSword"],"picked":"SKIP","floor":9},{"not_picked":["Dodge and Roll","StuffTheSpire:Injection","StuffTheSpire:BumpUp","Sucker Punch"],"picked":"jedi:pocketpoison","floor":10},{"not_picked":["ReplayTheSpireMod:Scrap Shanks","StuffTheSpire:Incursion","MostiFishMod:PerfectParry","StuffTheSpire:Python"],"picked":"ReplayTheSpireMod:Tripwire","floor":14},{"not_picked":["jedi:brewingpoison","Envenom","ReplayTheSpireMod:From All Sides+1","Malaise"],"picked":"MostiFishMod:Opportunism","floor":16},{"not_picked":[],"picked":"wanderingMiniBosses:FinaleOfPromise","floor":18},{"not_picked":["StuffTheSpire:ClusterCrunch+1","Bane+1","Dagger Throw+1","StuffTheSpire:Python"],"picked":"Fluid Movement+1","floor":18},{"not_picked":["Terror+1","StuffTheSpire:Python","StuffTheSpire:BumpUp+1","Dagger Throw+1"],"picked":"Blade Dance","floor":19},{"not_picked":["Cloak And Dagger","MostiFishMod:PoisonShield","ReplayTheSpireMod:Exploit Weakness","Noxious Fumes"],"picked":"MostiFishMod:FrostNova+1","floor":20},{"not_picked":["jedi:pocketpoison","ReplayTheSpireMod:Speed Training","Dodge and Roll","Underhanded Strike+1"],"picked":"Draining Mist","floor":22},{"not_picked":["hubris:Rewind","infinitespire:FutureSight"],"picked":"infinitespire:SealOfDarkness+","floor":23},{"not_picked":["Blade Dance","Reflex","Cloak And Dagger","PiercingWail"],"picked":"Slice+1","floor":25},{"not_picked":["TH:DeckOfManyThings","TH:PixieDust","TH:ElvenBoots","TH:TreasureMap"],"picked":"SKIP","floor":25},{"not_picked":["TH:CopperCoins","TH:ElvenBoots","TH:ArmorSpikes","TH:CursedSword"],"picked":"SKIP","floor":26},{"not_picked":["TH:TreasureMap","TH:CopperCoins","TH:ArmorSpikes","TH:PixieDust"],"picked":"SKIP","floor":27},{"not_picked":["Bane+1","MostiFishMod:PerfectParry","Eviscerate+1","REME_ShadowStrike+1","Flying Knee+1"],"picked":"SKIP","floor":27},{"not_picked":["Tactician","Prepared","StuffTheSpire:DoubleShiv+1","hubris:SlightOfHand"],"picked":"StuffTheSpire:BrimstoneBlast+1","floor":29},{"not_picked":["Dodge and Roll+1","Deadly Poison","Fluid Movement","Caltrops+1"],"picked":"Distraction","floor":31},{"not_picked":["infinitespire:Neurotoxin","Phantasmal Killer","ReplayTheSpireMod:Necrosis","Malaise"],"picked":"Night Terror","floor":33},{"not_picked":["TH:ArmorSpikes","TH:ElvenBoots","TH:CopperCoins"],"picked":"TH:BikiniMail","floor":33},{"not_picked":["Dagger Throw+1","Accuracy+1","StuffTheSpire:ReptileScales+1","InfectiousVector+1"],"picked":"Backflip+1","floor":35},{"not_picked":["Underhanded Strike+1","hubris:SlightOfHand","MostiFishMod:PerfectParry","Prepared+1","Cloak And Dagger"],"picked":"SKIP","floor":36},{"not_picked":["TH:ElvenBoots","TH:Mimic","TH:ArmorSpikes","TH:CursedSword"],"picked":"SKIP","floor":37},{"not_picked":["TH:Mimic","TH:DeckOfManyThings","TH:EnergyPotion","TH:CopperCoins"],"picked":"SKIP","floor":40},{"not_picked":["Prepared+1","Dagger Throw+1","Flying Knee+1","jedi:unstablefumes+1","Fluid Movement+1"],"picked":"SKIP","floor":40},{"not_picked":["TH:ArmorSpikes","TH:PixieDust","TH:ElvenBoots","TH:CopperCoins"],"picked":"SKIP","floor":42},{"not_picked":["Blade Dance","Sneak Up+1","hubris:Sniper","Hidden Blade+1","Sucker Punch+1"],"picked":"SKIP","floor":42},{"not_picked":["TH:ElvenBoots","TH:Mimic","TH:BikiniMail","TH:TreasureMap"],"picked":"SKIP","floor":43},{"not_picked":["Sneak Up+1","MostiFishMod:PerfectParry+1","Prepared","hubris:SlightOfHand","Hidden Blade"],"picked":"SKIP","floor":45},{"not_picked":["Noxious Fumes+1","Dodge and Roll+1","ReplayTheSpireMod:Speed Training+1","Unload+1"],"picked":"MostiFishMod:LethalBlade","floor":46},{"not_picked":["TH:ArmorSpikes","TH:Mimic","TH:DeckOfManyThings","TH:CursedSword"],"picked":"SKIP","floor":46},{"not_picked":["StuffTheSpire:Incantation","StuffTheSpire:Sprint","ReplayTheSpireMod:Tripwire+1","Underhanded Strike+1"],"picked":"MostiFishMod:LethalBlade","floor":48},{"not_picked":["TH:TreasureMap","TH:DeckOfManyThings","TH:ElvenBoots","TH:ArmorSpikes"],"picked":"SKIP","floor":48},{"not_picked":["Dodge and Roll","StuffTheSpire:ClusterCrunch"],"picked":"StuffTheSpire:MirrorStance","floor":54},{"not_picked":["StuffTheSpire:Python","Skewer+1"],"picked":"hubris:TrickCloak","floor":55},{"not_picked":["TH:EnergyPotion","TH:ArmorSpikes"],"picked":"SKIP","floor":56},{"not_picked":["Outmaneuver","hubris:Counter","Cloak And Dagger"],"picked":"SKIP","floor":59},{"not_picked":["MostiFishMod:PerfectParry","StuffTheSpire:BumpUp"],"picked":"MostiFishMod:Dislodge","floor":60},{"not_picked":["Prepared+1","REME_ShadowStrike"],"picked":"Acrobatics","floor":61},{"not_picked":["conspire:PoisonWeapons+1","jedi:poisonivy+1"],"picked":"jedi:studypoison","floor":63},{"not_picked":["TH:TreasureMap","TH:CursedSword"],"picked":"SKIP","floor":63},{"not_picked":["TH:EnergyPotion","TH:CopperCoins"],"picked":"SKIP","floor":64},{"not_picked":["TH:DeckOfManyThings","TH:Mimic"],"picked":"SKIP","floor":67},{"not_picked":["Dash","StuffTheSpire:Python+1","Wraith Form v2"],"picked":"SKIP","floor":67}],"player_experience":472795,"relics_obtained":[{"floor":1.0,"key":"SynthV:TestCard"},{"floor":6,"key":"Juzu Bracelet"},{"floor":18,"key":"wanderingMiniBosses:Blackblade"},{"floor":25,"key":"jedi:sprinkler"},{"floor":26,"key":"Blue Doll"},{"floor":27,"key":"CeramicFish"},{"floor":37,"key":"trackpad:DisasterInABottle"},{"floor":40,"key":"Torii"},{"floor":42,"key":"Thread and Needle"},{"floor":43,"key":"halation:WeightlessCrab"},{"floor":46,"key":"Dota2Spire:MagicBottle"},{"floor":48,"key":"aspiration:TomeofQuesting"},{"floor":53,"key":"animator:TheWolleyCore"},{"floor":56,"key":"animator:AncientMedallion"},{"floor":61,"key":"animator:AncientMedallion"},{"floor":63,"key":"animator:AncientMedallion"},{"floor":64,"key":"animator:AncientMedallion"},{"floor":67,"key":"animator:AncientMedallion"}],"event_choices":[{"damage_healed":0.0,"max_hp_gain":0.0,"max_hp_loss":0.0,"gold_gain":0.0,"event_name":"Accursed Blacksmith","player_choice":"Forge","floor":3.0,"gold_loss":0.0,"damage_taken":0.0,"cards_upgraded":["jedi:studyfrost"]},{"damage_healed":0,"gold_gain":0,"player_choice":"Upgraded","damage_taken":0,"max_hp_gain":0,"max_hp_loss":0,"event_name":"Upgrade Shrine","floor":8,"gold_loss":0,"cards_upgraded":["jedi:studyshivs"]},{"cards_removed":["Strike_G"],"damage_healed":0,"gold_gain":0,"player_choice":"Card Removal","damage_taken":0,"max_hp_gain":0,"max_hp_loss":0,"event_name":"The Cleric","floor":11,"gold_loss":50},{"damage_healed":0,"gold_gain":0,"player_choice":"Slimed","damage_taken":11,"max_hp_gain":0,"max_hp_loss":0,"event_name":"betterThird:BetterGoop","floor":12,"gold_loss":27},{"cards_removed":["Defend_G"],"damage_healed":0,"gold_gain":0,"player_choice":"Upgrade and Remove","damage_taken":0,"max_hp_gain":0,"max_hp_loss":0,"event_name":"Designer","floor":28,"gold_loss":90,"cards_upgraded":["Infinite Blades"]},{"damage_healed":0,"gold_gain":0,"player_choice":"0 cards matched","damage_taken":0,"max_hp_gain":0,"max_hp_loss":0,"event_name":"Match and Keep!","floor":39,"gold_loss":0,"cards_obtained":[]}],"is_beta":false,"boss_relics":[{"not_picked":["Replay:Bronze Core","hubris:HollowSoul"],"picked":"SlaversCollar"},{"not_picked":["Snecko Heart","aspiration:SecretTechniqueScroll"],"picked":"ChiXiaoBlade"}],"items_purged_floors":[13,21,38,38,44],"is_endless":false,"potions_floor_spawned":[4,5,10,20,25,27,31,36,40,42,54,59,61,63,67],"ascension_level":5}}