{"host":"ic2t2jxz7s3jvs1m","time":1610802691,"event":{"mods":["AchievementEnabler","Aspiration","BaseMod","Better Silent Start","Better Skull","Better Third Choice","Block Reminder","Challenge The Spire","Colored Map","Conspire","Curses Come First","Dark Map","Displayed Cursed Tome","Downfall","Energized Spire","Evolution","Fox Events","Friendly Minions","Good Game Mod","Halation","Hubris","Infinite Spire","Jess\u0027s Bottle","Marked Mod","Minty Spire (QoL Compilation)","Quick Restart","Relic Stats","Retaliation","SacredBarkPlus","Small Relic Pack","Spicy Shops","StSLib","The Blue Laboratory","Trackpad","Transform Curses","Uncapped","Waifu the Spire","vexMod"],"gold_per_floor":[99,115,115,129,144,154,154,165,165,65,165,185,199,215,234,335,335,235,253,253,253,6,22,22,22,42,42,42,67,85,35,47,146,146,146,160,160,213,213,79,132,151,171,186,186,198,198,198,215,215],"floor_reached":51,"language":"ENG","playtime":6599,"items_purged":[],"score":765,"play_id":"ac8b66c8-4392-4edb-80ea-a86437e45f7a","local_time":"20210116071131","is_ascension_mode":false,"campfire_choices":[{"floor":1.0,"key":"RECALL"},{"floor":10.0,"key":"REST"},{"data":"champ:TripleStrike","floor":18.0,"key":"SMITH"},{"floor":28.0,"key":"REST"},{"data":"infinitespire:Menacing","floor":35.0,"key":"SMITH"},{"data":"infinitespire:Starlight","floor":45.0,"key":"SMITH"},{"data":"champ:GladiatorForm","floor":45.0,"key":"SMITH"},{"floor":47.0,"key":"REST"}],"circlet_count":0,"master_deck":["champ:Strike","champ:Strike","champ:Strike","champ:Defend","champ:Defend","champ:Defend","champ:Defend","champ:Execute","champ:Taunt+1","Violence","champ:BladeFlurry","hexamod:Strike","champ:BladeFlurry","champ:FocusedDefense","champ:PreciseThrust","champ:EndlessRage","champ:FanOfKnives","champ:ShieldWall","champ:EnGarde","champ:BringItOn","champ:TripleStrike+1","champ:Shatter","infinitespire:Starlight+1","infinitespire:Menacing+1","champ:Lariat","champ:SetATrap","champ:AdrenalArmor","champ:FlashCut","champ:GutPunch","champ:GladiatorStyle","champ:SkillfulDodge","champ:GladiatorForm+1","champ:SteelEdge","champ:RapidStrikes+1","champ:PreciseThrust+1","champ:FaceSlap+1","champ:ShieldWall","Good Instincts","champ:CrownThrow+1","champ:GutPunch+1","champ:HeartStrike+1","champ:StanceDance","champ:DefensiveShout"],"relics":["champ:ChampionCrownUpgraded","EVO:Axolotl","REME:ComplimentaryCards","relicPack:OneForAll","downfall:HeartBlessingRed","downfall:HeartBlessingBlue","Lee\u0027s Waffle","halation:PinkSoulGem","relicPack:SpireResearchBook","halation:BlackBeret","relicPack:DSword","Strawberry","infinitespire:EmpoweringShard","halation:Prosthetics","halation:EternalFortune","halation:PenCase","vexMod:FocusSash"],"acts_visited":["Exordium","TheCity","TheBeyond"],"potions_floor_usage":[],"damage_taken":[{"damage":10.0,"enemies":"conspire:RoseBush","floor":2.0,"turns":3.0},{"damage":1.0,"enemies":"Cultist","floor":4.0,"turns":4.0},{"damage":18.0,"enemies":"2 Louse","floor":5.0,"turns":3.0},{"damage":18.0,"enemies":"Red Slaver","floor":6.0,"turns":4.0},{"damage":0.0,"enemies":"Gremlin Gang","floor":8.0,"turns":4.0},{"damage":0.0,"enemies":"2 Fungi Beasts","floor":12.0,"turns":3.0},{"damage":27.0,"enemies":"conspire:2 RoseBushes","floor":13.0,"turns":6.0},{"damage":10.0,"enemies":"Exordium Thugs","floor":14.0,"turns":4.0},{"damage":0.0,"enemies":"Red Slaver","floor":15.0,"turns":4.0},{"damage":57.0,"enemies":"WA_ARCHETYPE_RETAIN","floor":16.0,"turns":9.0},{"damage":35.0,"enemies":"3 Byrds","floor":19.0,"turns":5.0},{"damage":28.0,"enemies":"downfall:FleeingMerchant","floor":22.0,"turns":5.0},{"damage":19.0,"enemies":"Shell Parasite","floor":23.0,"turns":5.0},{"damage":79.0,"enemies":"3 Cultists","floor":26.0,"turns":6.0},{"damage":26.0,"enemies":"conspire:SneckoGhost","floor":29.0,"turns":8.0},{"damage":15.0,"enemies":"Snecko","floor":30.0,"turns":4.0},{"damage":10.0,"enemies":"downfall:FleeingMerchant","floor":31.0,"turns":4.0},{"damage":30.0,"enemies":"Centurion and Healer","floor":32.0,"turns":5.0},{"damage":76.0,"enemies":"SI_MIRROR_ARCHETYPE","floor":33.0,"turns":11.0},{"damage":43.0,"enemies":"3 Shapes","floor":36.0,"turns":5.0},{"damage":22.0,"enemies":"2 Orb Walkers","floor":38.0,"turns":5.0},{"damage":0.0,"enemies":"downfall:FleeingMerchant","floor":40.0,"turns":5.0},{"damage":15.0,"enemies":"Orb Walker","floor":42.0,"turns":3.0},{"damage":43.0,"enemies":"Sphere and 2 Shapes","floor":43.0,"turns":4.0},{"damage":19.0,"enemies":"Spire Growth","floor":44.0,"turns":4.0},{"damage":45.0,"enemies":"3 Darklings","floor":46.0,"turns":6.0},{"damage":27.0,"enemies":"Jaw Worm Horde","floor":49.0,"turns":4.0},{"damage":5,"enemies":"DF_ARCHETYPE_ORBS","floor":50,"turns":1}],"seed_played":"5763095754948858279","potions_obtained":[{"floor":4.0,"key":"bronze:BurnAndBuffPotion"},{"floor":8.0,"key":"sneckomod:MuddlingPotion"},{"floor":12.0,"key":"Swift Potion"},{"floor":13.0,"key":"SteroidPotion"},{"floor":14.0,"key":"LiquidBronze"},{"floor":16.0,"key":"bronze:BurnAndBuffPotion"},{"floor":19.0,"key":"Fruit Juice"},{"floor":26.0,"key":"Block Potion"},{"floor":30.0,"key":"DDmod:CleansePotion"},{"floor":33.0,"key":"blueLaboratory:RememoryPotion"},{"floor":42.0,"key":"ColorlessPotion"},{"floor":43.0,"key":"champ:OpenerPotion"},{"floor":49.0,"key":"hexamod:SoulburnPotion"}],"is_trial":false,"path_per_floor":["R","M","?","M","M","M","T","M","?","R","?","M","M","M","M","B",null,"R","M","AVR","?","$","M","T","?","M","T","R","E","M","$","M","B",null,"R","M","?","?","?","$","T","M","M","M","R","M","R","?","M","B",null],"character_chosen":"THE_CHAMP","items_purchased":["relicPack:SpireResearchBook","champ:SetATrap","champ:SkillfulDodge","halation:PenCase","champ:ShieldWall","Good Instincts"],"campfire_rested":3,"item_purchase_floors":[22,22,31,40,40,40],"current_hp_per_floor":[90,90,90,89,81,73,73,73,73,90,90,90,73,63,63,21,90,100,105,112,112,112,108,108,73,44,51,86,85,85,90,75,44,84,84,66,69,57,57,60,60,60,52,51,51,41,68,68,61,61],"gold":215,"neow_bonus":"UPGRADE_CARD","is_daily":false,"chose_seed":false,"campfire_upgraded":4,"win_rate":0.0,"timestamp":1610802691,"path_taken":["R","M","?","M","M","?","T","M","?","R","?","?","?","M","M","BOSS","R","M","AVR","?","$","M","T","?","M","?","R","E","?","?","M","BOSS","R","M","?","?","?","?","T","M","?","M","R","M","R","?","M","BOSS"],"items_purchased_type":["Relic","Card","Card","Relic","Card","Card"],"build_version":"2020-12-22","purchased_purges":0,"victory":true,"max_hp_per_floor":[90,90,90,90,90,90,90,90,90,90,90,90,90,90,90,90,90,100,105,112,112,112,112,112,112,112,119,119,119,119,119,119,119,84,84,84,87,87,87,90,90,90,90,93,93,93,93,93,93,93],"relic_stats":{"Lee\u0027s Waffle":7,"counters":[28,134],"obtain_stats":[{"halation:BlackBeret":24,"Lee\u0027s Waffle":20,"relicPack:DSword":25,"downfall:HeartBlessingRed":10,"champ:ChampionCrown":0,"champ:ChampionCrownUpgraded":17,"EVO:Axolotl":0,"vexMod:FocusSash":41,"halation:Prosthetics":34,"relicPack:SpireResearchBook":22,"relicPack:OneForAll":9,"REME:ComplimentaryCards":0,"downfall:HeartBlessingBlue":18,"Strawberry":27,"halation:EternalFortune":37,"halation:PenCase":40,"infinitespire:EmpoweringShard":29,"halation:PinkSoulGem":21},{"halation:BlackBeret":13,"Lee\u0027s Waffle":11,"relicPack:DSword":13,"downfall:HeartBlessingRed":5,"champ:ChampionCrown":0,"champ:ChampionCrownUpgraded":10,"EVO:Axolotl":0,"vexMod:FocusSash":22,"halation:Prosthetics":19,"relicPack:SpireResearchBook":12,"relicPack:OneForAll":5,"REME:ComplimentaryCards":0,"downfall:HeartBlessingBlue":10,"Strawberry":14,"halation:EternalFortune":20,"halation:PenCase":22,"infinitespire:EmpoweringShard":15,"halation:PinkSoulGem":11},{"halation:BlackBeret":59,"Lee\u0027s Waffle":49,"relicPack:DSword":59,"downfall:HeartBlessingRed":18,"champ:ChampionCrown":0,"champ:ChampionCrownUpgraded":44,"EVO:Axolotl":0,"vexMod:FocusSash":112,"halation:Prosthetics":97,"relicPack:SpireResearchBook":54,"relicPack:OneForAll":18,"REME:ComplimentaryCards":0,"downfall:HeartBlessingBlue":44,"Strawberry":65,"halation:EternalFortune":102,"halation:PenCase":112,"infinitespire:EmpoweringShard":73,"halation:PinkSoulGem":49}]},"card_choices":[{"not_picked":["champ:Haymaker","champ:CrownThrow"],"picked":"champ:BladeFlurry","floor":2.0},{"not_picked":["champ:TornadoPunch","champ:ShieldWall"],"picked":"champ:BladeFlurry","floor":4.0},{"not_picked":["champ:Circumvent","champ:FlashCut"],"picked":"champ:FocusedDefense","floor":5.0},{"not_picked":["champ:Encircle","champ:FlashCut"],"picked":"champ:PreciseThrust","floor":6.0},{"not_picked":["champ:FlashCut","champ:GutPunch"],"picked":"champ:EndlessRage","floor":8.0},{"not_picked":["champ:FancyFootwork","champ:RecklessLeap"],"picked":"champ:FanOfKnives","floor":12.0},{"not_picked":["champ:Shatter","champ:RecklessLeap"],"picked":"champ:ShieldWall","floor":13.0},{"not_picked":["champ:DefensiveShout","champ:Haymaker"],"picked":"champ:EnGarde","floor":14.0},{"not_picked":["champ:Haymaker","champ:CrookedStrike"],"picked":"champ:BringItOn","floor":15.0},{"not_picked":["champ:LastStand","champ:HeavySlash"],"picked":"champ:TripleStrike","floor":16.0},{"not_picked":["champ:Parry","champ:BringItOn"],"picked":"champ:Shatter","floor":19.0},{"not_picked":["champ:SetATrap","champ:Shatter+1"],"picked":"champ:Lariat","floor":22.0},{"not_picked":["champ:FanOfKnives","champ:PerfectedStrike"],"picked":"champ:AdrenalArmor","floor":23.0},{"not_picked":["champ:Shatter+1","champ:BringItOn"],"picked":"champ:FlashCut","floor":26.0},{"not_picked":["champ:ShieldWall","champ:PerfectedStrike"],"picked":"champ:IronFortress","floor":29.0},{"not_picked":["champ:PerfectedStrike+1","champ:FanOfKnives+1"],"picked":"champ:GutPunch","floor":30.0},{"not_picked":["champ:SkillfulDodge","champ:EndlessRage+1"],"picked":"champ:GladiatorStyle","floor":31.0},{"not_picked":["champ:CalledShot+1","champ:Haymaker+1"],"picked":"champ:GladiatorForm","floor":32.0},{"not_picked":["champ:GladiatorForm","champ:DancingMaster"],"picked":"champ:SteelEdge","floor":33.0},{"not_picked":["champ:IronFortress+1","champ:TornadoPunch"],"picked":"champ:RapidStrikes+1","floor":36.0},{"not_picked":["champ:AdrenalArmor+1","champ:Backstep"],"picked":"champ:PreciseThrust+1","floor":38.0},{"not_picked":["champ:Circumvent+1","champ:Haymaker+1"],"picked":"champ:FaceSlap+1","floor":40.0},{"not_picked":["champ:GutPunch+1","champ:PreciseThrust"],"picked":"champ:CrownThrow+1","floor":42.0},{"not_picked":["champ:PerfectedStrike+1","champ:Shatter"],"picked":"champ:GutPunch+1","floor":43.0},{"not_picked":["champ:BringItOn+1","champ:DefensiveShout+1"],"picked":"champ:HeartStrike+1","floor":44.0},{"not_picked":["champ:PreemptiveStrike","champ:Haymaker+1"],"picked":"champ:StanceDance","floor":46.0},{"not_picked":["champ:CrownThrow","champ:TornadoPunch"],"picked":"champ:DefensiveShout","floor":49.0}],"player_experience":369040,"relics_obtained":[{"floor":24.0,"key":"halation:BlackBeret"},{"floor":27.0,"key":"Strawberry"},{"floor":29.0,"key":"infinitespire:EmpoweringShard"},{"floor":40.0,"key":"halation:EternalFortune"},{"floor":41.0,"key":"vexMod:FocusSash"},{"floor":44.0,"key":"halation:EternalFortune"}],"event_choices":[{"cards_removed":["champ:Strike"],"damage_healed":0.0,"max_hp_gain":0.0,"max_hp_loss":0.0,"gold_gain":0.0,"event_name":"NoteForYourself","player_choice":"Took Card","floor":3.0,"gold_loss":0.0,"damage_taken":0.0,"cards_obtained":["hexamod:Strike"]},{"damage_healed":0.0,"max_hp_gain":0.0,"max_hp_loss":0.0,"gold_gain":100.0,"event_name":"Wheel of Change","player_choice":"Gold","floor":11.0,"gold_loss":0.0,"damage_taken":0.0},{"damage_healed":0.0,"max_hp_gain":0.0,"max_hp_loss":0.0,"gold_gain":0.0,"event_name":"Mysterious Sphere","player_choice":"Fight","floor":38.0,"gold_loss":0.0,"damage_taken":0.0},{"cards_removed":["champ:IronFortress"],"damage_healed":0.0,"max_hp_gain":0.0,"max_hp_loss":0.0,"gold_gain":0.0,"event_name":"Falling","player_choice":"Removed Power","floor":48.0,"gold_loss":0.0,"damage_taken":0.0}],"is_beta":false,"boss_relics":[{"not_picked":["aspiration:WatcherSkillbook","halation:LoveArrow"],"picked":"champ:ChampionCrownUpgraded"},{"not_picked":["vexMod:DeviousBotling","infinitespire:Cupcake"],"picked":"halation:Prosthetics"}],"items_purged_floors":[],"is_endless":false,"potions_floor_spawned":[4,8,12,13,14,16,19,26,30,32,33,42,43,44,46,49],"ascension_level":0}}