{"host":"7k2a2omxz3voj5ax","time":1610827685,"event":{"mods":["BaseMod","Marisa£¨ìFÓê¡¡Ä§ÀíÉ³£©","Minty Spire (QoL Compilation)","Quick Restart","Spicy Shops","StSLib","Starting Relic: Pandora\u0027s Box","¡¾ÒÅÎï¿¨ÅÆ¡¿REMEMod","óô»ðÖ¸ÄÏ"],"gold_per_floor":[116,116,134,134,170,229,269,310,337,162,215,305,17,71,71,186,186,225,256,290,215,65,118,118,178,178,231,289,45,101,144,144,255,255,298,348,148,188,188,249,309,97,97,181,181,181,181],"floor_reached":46,"language":"ZHS","playtime":2484,"items_purged":["ShootingEcho","MasterSpark","MysteriousBeam","UpSweep","Orbital+1","Dagger Throw","AlicesGift"],"score":1485,"play_id":"7339ceec-1a4f-4e4e-8afa-55b71cd787a1","local_time":"20210117050805","is_ascension_mode":true,"campfire_choices":[{"data":"UltimateShortwave","floor":15.0,"key":"SMITH"},{"data":"ConjureBlade","floor":24.0,"key":"SMITH"},{"data":"PowerUp","floor":32.0,"key":"SMITH"},{"floor":45.0,"key":"RECALL"}],"circlet_count":0,"master_deck":["AscendersBane","WitchOfGreed","Acceleration","DarkMatter+1","REME_GrazeFinale","PowerUp+1","UltimateShortwave+1","ConjureBlade+1"],"relics":["MiniHakkero","REME_ComplimentaryCards","NeowsBlessing","Golden Idol","Vajra","Juzu Bracelet","Omamori","War Paint","Blue Candle","PrismaticShard","Oddly Smooth Stone","RampagingMagicTools","Gambling Chip","Anchor","HornCleat","Red Mask","Unceasing Top","Orrery","Pantograph","Calling Bell","Tiny Chest","Matryoshka","Pocketwatch","WingedGreaves","FossilizedHelix","Smiling Mask","ClockworkSouvenir","Eternal Feather","Thread and Needle"],"acts_visited":["Exordium","TheCity","TheBeyond"],"potions_floor_usage":[],"damage_taken":[{"damage":0.0,"enemies":"Jaw Worm","floor":1.0,"turns":1.0},{"damage":0.0,"enemies":"2 Louse","floor":3.0,"turns":1.0},{"damage":0.0,"enemies":"Small Slimes","floor":5.0,"turns":1.0},{"damage":0.0,"enemies":"Lagavulin","floor":6.0,"turns":4.0},{"damage":8.0,"enemies":"Blue Slaver","floor":7.0,"turns":2.0},{"damage":0.0,"enemies":"Gremlin Nob","floor":8.0,"turns":2.0},{"damage":35.0,"enemies":"3 Sentries","floor":11.0,"turns":6.0},{"damage":4.0,"enemies":"Gremlin Nob","floor":12.0,"turns":3.0},{"damage":0.0,"enemies":"Lagavulin","floor":14.0,"turns":4.0},{"damage":38.0,"enemies":"Slime Boss","floor":16.0,"turns":8.0},{"damage":44.0,"enemies":"Shell Parasite","floor":18.0,"turns":3.0},{"damage":93.0,"enemies":"3 Byrds","floor":19.0,"turns":6.0},{"damage":45.0,"enemies":"Snake Plant","floor":20.0,"turns":3.0},{"damage":67.0,"enemies":"Slavers","floor":23.0,"turns":5.0},{"damage":66.0,"enemies":"Book of Stabbing","floor":25.0,"turns":4.0},{"damage":67.0,"enemies":"Masked Bandits","floor":27.0,"turns":5.0},{"damage":62.0,"enemies":"Slavers","floor":28.0,"turns":5.0},{"damage":0.0,"enemies":"Gremlin Leader","floor":30.0,"turns":3.0},{"damage":24.0,"enemies":"Chosen and Byrds","floor":31.0,"turns":5.0},{"damage":34.0,"enemies":"Automaton","floor":33.0,"turns":5.0},{"damage":26.0,"enemies":"3 Darklings","floor":35.0,"turns":3.0},{"damage":26.0,"enemies":"Mind Bloom Boss Battle","floor":36.0,"turns":4.0},{"damage":3.0,"enemies":"Orb Walker","floor":38.0,"turns":2.0},{"damage":117.0,"enemies":"Reptomancer","floor":40.0,"turns":4.0},{"damage":40.0,"enemies":"Giant Head","floor":41.0,"turns":5.0},{"damage":38.0,"enemies":"2 Orb Walkers","floor":44.0,"turns":4.0},{"damage":81,"enemies":"Reptomancer","floor":46,"turns":3}],"seed_played":"-9221872117564002433","potions_obtained":[{"floor":5.0,"key":"ColorlessPotion"},{"floor":5.0,"key":"Explosive Potion"},{"floor":6.0,"key":"Regen Potion"},{"floor":7.0,"key":"EntropicBrew"},{"floor":11.0,"key":"BottledSpark"},{"floor":23.0,"key":"ColorlessPotion"},{"floor":23.0,"key":"BottledSpark"},{"floor":28.0,"key":"AttackPotion"},{"floor":30.0,"key":"Strength Potion"},{"floor":35.0,"key":"FairyPotion"},{"floor":38.0,"key":"REME_GoldPotion"},{"floor":40.0,"key":"LiquidBronze"}],"is_trial":false,"path_per_floor":["M","?","M","?","M","E","M","E","T","$","E","?","$","E","R","B",null,"M","M","M","?","$","E","R","E","T","?","E","R","E","M","R","B",null,"M","?","$","M","?","E","E","$","T","?","R","E"],"character_chosen":"MARISA","items_purchased":["PrismaticShard","Orrery","ClockworkSouvenir"],"campfire_rested":0,"item_purchase_floors":[13,29,42],"current_hp_per_floor":[63,68,68,42,42,75,67,72,72,72,37,71,71,75,75,75,75,75,60,75,75,75,75,75,9,9,75,75,75,75,75,75,75,75,75,71,71,68,68,4,71,71,71,33,36,0,0],"gold":181,"neow_bonus":"THREE_ENEMY_KILL","is_daily":false,"chose_seed":false,"campfire_upgraded":3,"win_rate":0.0,"timestamp":1610827685,"path_taken":["M","?","M","?","M","E","M","E","T","$","E","?","$","E","R","BOSS","M","M","M","?","$","E","R","E","T","?","E","R","E","M","R","BOSS","M","?","$","M","?","E","E","$","T","?","R","E"],"items_purchased_type":["Relic","Relic","Relic"],"build_version":"2020-12-22","purchased_purges":7,"victory":false,"max_hp_per_floor":[70,75,75,75,75,75,75,75,75,75,75,75,75,75,75,75,75,75,75,75,75,75,75,75,75,75,75,75,75,75,75,75,75,75,75,75,75,75,71,71,71,71,71,71,71,71,71],"card_choices":[{"not_picked":["PulseMagic","EnergyRecoil","MilkyWay"],"picked":"SKIP","floor":1.0},{"not_picked":["IllusionStar","SporeBomb"],"picked":"PowerUp","floor":3.0},{"not_picked":["NonDirectionalLaser","PowerUp","WitchOfGreed"],"picked":"SKIP","floor":5.0},{"not_picked":["PowerUp","WitchOfGreed","EnergyRecoil"],"picked":"SKIP","floor":6.0},{"not_picked":["EnergyRecoil","PowerUp"],"picked":"UltimateShortwave","floor":7.0},{"not_picked":["RefractionSpark","MaximisePower","DeepEcoloBomb"],"picked":"SKIP","floor":8.0},{"not_picked":["MilkyWay","OortCloud","DragonMeteor"],"picked":"SKIP","floor":11.0},{"not_picked":["Perfected Strike","Barrage","WitchOfGreed"],"picked":"SKIP","floor":14.0},{"not_picked":["REME_WheelOfFate","CasketOfStar"],"picked":"ConjureBlade","floor":16.0},{"not_picked":["REME_Repentance","EmptyBody","Underhanded Strike+1"],"picked":"SKIP","floor":18.0},{"not_picked":["Weave","ThirdEye","Doom and Gloom"],"picked":"SKIP","floor":19.0},{"not_picked":["Weave","ThirdEye","Doom and Gloom"],"picked":"SKIP","floor":19.0},{"not_picked":["ChargeUpSpray","Sever Soul","PiercingWail"],"picked":"SKIP","floor":20.0},{"not_picked":["Quick Slash","SprinkleStarSeal+1","Infernal Blade"],"picked":"SKIP","floor":23.0},{"not_picked":["HandOfGreed","WitchOfGreed","DeceiveReality"],"picked":"SKIP","floor":25.0},{"not_picked":["Protect","Underhanded Strike+1","Dagger Throw"],"picked":"SKIP","floor":28.0},{"not_picked":["StarlightTyphoon","Flying Knee+1"],"picked":"Dagger Throw","floor":29.0},{"not_picked":["Prostrate","Flex","Enlightenment"],"picked":"SKIP","floor":30.0},{"not_picked":["Concentrate","Turbo","Good Instincts"],"picked":"SKIP","floor":31.0},{"not_picked":["Protect","Recycle","Purity"],"picked":"SKIP","floor":35.0},{"not_picked":["Anger","DoubleSpark+1","Eviscerate"],"picked":"SKIP","floor":38.0},{"not_picked":["CutThroughFate+1","Cleave+1","DC"],"picked":"SKIP","floor":40.0},{"not_picked":["Weave","Thunderclap","Wild Strike+1"],"picked":"SKIP","floor":41.0}],"player_experience":470615,"relics_obtained":[{"floor":6.0,"key":"Vajra"},{"floor":8.0,"key":"Juzu Bracelet"},{"floor":9.0,"key":"Omamori"},{"floor":11.0,"key":"War Paint"},{"floor":14.0,"key":"Oddly Smooth Stone"},{"floor":23.0,"key":"Gambling Chip"},{"floor":25.0,"key":"Anchor"},{"floor":26.0,"key":"HornCleat"},{"floor":27.0,"key":"Red Mask"},{"floor":28.0,"key":"Unceasing Top"},{"floor":30.0,"key":"Pantograph"},{"floor":34.0,"key":"Tiny Chest"},{"floor":34.0,"key":"Matryoshka"},{"floor":34.0,"key":"Pocketwatch"},{"floor":36.0,"key":"WingedGreaves"},{"floor":40.0,"key":"FossilizedHelix"},{"floor":41.0,"key":"Smiling Mask"},{"floor":43.0,"key":"Eternal Feather"},{"floor":44.0,"key":"Thread and Needle"}],"event_choices":[{"damage_healed":0.0,"max_hp_gain":5.0,"max_hp_loss":0.0,"gold_gain":0.0,"event_name":"Big Fish","player_choice":"Donut","floor":2.0,"gold_loss":0.0,"damage_taken":0.0},{"damage_healed":0.0,"max_hp_gain":0.0,"max_hp_loss":0.0,"gold_gain":0.0,"event_name":"Golden Idol","player_choice":"Take Damage","floor":4.0,"gold_loss":0.0,"damage_taken":26.0,"relics_obtained":["Golden Idol"]},{"damage_healed":0.0,"max_hp_gain":0.0,"max_hp_loss":0.0,"gold_gain":0.0,"event_name":"Dead Adventurer","player_choice":"Searched \u00272\u0027 times","floor":12.0,"gold_loss":0.0,"damage_taken":0.0,"relics_obtained":["Blue Candle"]},{"cards_removed":["DC"],"damage_healed":0.0,"max_hp_gain":0.0,"max_hp_loss":0.0,"gold_gain":0.0,"event_name":"Beggar","player_choice":"Gave Gold","floor":21.0,"gold_loss":75.0,"damage_taken":0.0},{"damage_healed":0.0,"max_hp_gain":0.0,"max_hp_loss":0.0,"gold_gain":0.0,"event_name":"Masked Bandits","player_choice":"Fought Bandits","floor":27.0,"gold_loss":0.0,"damage_taken":0.0},{"damage_healed":0.0,"max_hp_gain":0.0,"max_hp_loss":0.0,"gold_gain":0.0,"event_name":"MindBloom","player_choice":"Fight","floor":36.0,"gold_loss":0.0,"damage_taken":0.0},{"damage_healed":0.0,"max_hp_gain":0.0,"max_hp_loss":4.0,"gold_gain":0.0,"event_name":"Winding Halls","player_choice":"Max HP","floor":39.0,"gold_loss":0.0,"damage_taken":0.0},{"damage_healed":0.0,"max_hp_gain":0.0,"max_hp_loss":0.0,"gold_gain":0.0,"event_name":"Mysterious Sphere","player_choice":"Fight","floor":44.0,"gold_loss":0.0,"damage_taken":0.0}],"is_beta":false,"boss_relics":[{"not_picked":["Philosopher\u0027s Stone","Velvet Choker"],"picked":"RampagingMagicTools"},{"not_picked":["Busted Crown","Pandora\u0027s Box"],"picked":"Calling Bell"}],"items_purged_floors":[10,10,13,22,29,37,42],"is_endless":false,"potions_floor_spawned":[5,7,11,14,16,18,23,27,38,40,44],"killed_by":"Reptomancer","ascension_level":20}}