{"host":"u1dfzl6o6mfmauc3","time":1610772428,"event":{"mods":["100% Spire Juice","2.2 Compatiblity","AchievementEnabler","BaseMod","Block Reminder","Challenge The Spire","Dark Map","Hermit","Minty Spire (QoL Compilation)","Relic Stats","Robot Space Explorer","StSLib","The Disciple","The Marked"],"gold_per_floor":[109,124,124,144,144,144,179,179,179,179,179],"floor_reached":10,"language":"ENG","playtime":212,"items_purged":[],"score":69,"play_id":"240a639a-08f8-4a8e-ac79-762c83c21d65","local_time":"20210115234708","is_ascension_mode":true,"campfire_choices":[{"data":"Vigilance","floor":6,"key":"SMITH"}],"circlet_count":0,"master_deck":["Strike_P","Strike_P","Strike_P","Strike_P","Defend_P","Defend_P","Defend_P","Defend_P","Eruption","Vigilance+1","BowlingBash","WaveOfTheHand","EmptyBody","TalkToTheHand"],"relics":["Philosopher\u0027s Stone","Shuriken","Art of War","Pantograph"],"acts_visited":["Exordium"],"potions_floor_usage":[10,10],"damage_taken":[{"damage":7,"enemies":"Jaw Worm","floor":1,"turns":4},{"damage":0,"enemies":"Small Slimes","floor":2,"turns":2},{"damage":0,"enemies":"Cultist","floor":4,"turns":4},{"damage":29,"enemies":"Gremlin Nob","floor":7,"turns":4},{"damage":28,"enemies":"3 Sentries","floor":10,"turns":2}],"seed_played":"-3928706757398932933","potions_obtained":[{"floor":4,"key":"CultistPotion"},{"floor":7,"key":"FearPotion"}],"is_trial":false,"path_per_floor":["M","M","?","M","?","R","E","?","T","E"],"character_chosen":"WATCHER","items_purchased":[],"campfire_rested":0,"item_purchase_floors":[],"current_hp_per_floor":[65,65,65,65,40,40,11,11,11,0,0],"gold":179,"neow_bonus":"BOSS_RELIC","is_daily":false,"chose_seed":false,"campfire_upgraded":1,"win_rate":0.0,"timestamp":1610772428,"path_taken":["M","M","?","M","?","R","E","?","T","E"],"items_purchased_type":[],"build_version":"2020-12-22","purchased_purges":0,"victory":false,"max_hp_per_floor":[72,72,72,72,72,72,72,72,72,72,72],"relic_stats":{"counters":[5,16],"Shuriken":[2],"Pantograph":0,"Art of War":[0],"obtain_stats":[{"Shuriken":5,"Pantograph":9,"Philosopher\u0027s Stone":0,"Art of War":7,"PureWater":0},{"Shuriken":3,"Pantograph":4,"Philosopher\u0027s Stone":0,"Art of War":4,"PureWater":0},{"Shuriken":10,"Pantograph":14,"Philosopher\u0027s Stone":0,"Art of War":14,"PureWater":0}]},"card_choices":[{"not_picked":["FollowUp","Fasting2"],"picked":"BowlingBash","floor":1},{"not_picked":["SashWhip","Wallop"],"picked":"WaveOfTheHand","floor":2},{"not_picked":["Prostrate","Protect"],"picked":"EmptyBody","floor":4},{"not_picked":["PathToVictory","Protect"],"picked":"TalkToTheHand","floor":7}],"player_experience":83404,"relics_obtained":[{"floor":7,"key":"Art of War"},{"floor":9,"key":"Pantograph"}],"event_choices":[{"damage_healed":0,"gold_gain":0,"player_choice":"Ignored","damage_taken":0,"max_hp_gain":0,"max_hp_loss":0,"event_name":"Golden Wing","floor":3,"gold_loss":0},{"damage_healed":0,"gold_gain":0,"player_choice":"Success","damage_taken":25,"relics_obtained":["Shuriken"],"max_hp_gain":0,"max_hp_loss":0,"event_name":"Scrap Ooze","floor":5,"gold_loss":0},{"damage_healed":0,"gold_gain":0,"player_choice":"Ignored","damage_taken":0,"max_hp_gain":0,"max_hp_loss":0,"event_name":"Golden Idol","floor":8,"gold_loss":0}],"is_beta":false,"boss_relics":[],"items_purged_floors":[],"is_endless":false,"potions_floor_spawned":[4,7],"killed_by":"3 Sentries","ascension_level":1}}