{"host":"jqa9y4qkalbx8qgz","time":1610802647,"event":{"mods":["BaseMod","Bestiary","BetterRewards","CCEM","Downfall","Minty Spire (QoL Compilation)","Permanent Neow","Relic Stats","StSLib","The Alterego","Wandering Minibosses"],"gold_per_floor":[99,113,133,146,160,70,93,93,163,272,272,289,174,209,236,341,350,350,369,419,102,115,115,115,125,151,1,51,110,35,72,85,199,199,199,225,296,355,405,405,405,514,549,549,576,107,131,151,163,163,163,201,35,35,35,35,35,35],"floor_reached":56,"language":"ENG","playtime":6394,"items_purged":["Slimebound:Tackle","Slimebound:Strike_Slimebound","Looming Evil"],"score":882,"play_id":"f31b0d2f-ae53-4ab8-add3-7d4ffc902686","local_time":"20210116161047","is_ascension_mode":true,"campfire_choices":[{"data":"Slimebound:Split","floor":1.0,"key":"SMITH"},{"data":"Slimebound:MassFeed","floor":8.0,"key":"SMITH"},{"data":"Slimebound:GrowthPunch","floor":11.0,"key":"SMITH"},{"data":"Slimebound:OneTwoCombo","floor":18.0,"key":"SMITH"},{"floor":23.0,"key":"RECALL"},{"data":"Slimebound:SplitSpecialist","floor":27.0,"key":"SMITH"},{"data":"Slimebound:Gluttony","floor":27.0,"key":"SMITH"},{"data":"Slimebound:SamplingLick","floor":30.0,"key":"SMITH"},{"data":"Slimebound:SamplingLick","floor":30.0,"key":"SMITH"},{"data":"Slimebound:OneTwoCombo","floor":35.0,"key":"SMITH"},{"data":"Slimebound:CorrosiveSpit","floor":35.0,"key":"SMITH"},{"data":"Slimebound:Gluttony","floor":40.0,"key":"SMITH"},{"data":"Slimebound:Defend_Slimebound","floor":40.0,"key":"SMITH"},{"data":"Slimebound:FormOfPuddle","floor":44.0,"key":"SMITH"},{"data":"Slimebound:SplitMire","floor":44.0,"key":"SMITH"},{"data":"Slimebound:Darklings","floor":54,"key":"SMITH"}],"circlet_count":6,"master_deck":["Slimebound:Strike_Slimebound","Slimebound:Strike_Slimebound","Slimebound:Defend_Slimebound","Slimebound:Defend_Slimebound","Slimebound:Defend_Slimebound","Slimebound:Defend_Slimebound+1","Slimebound:Split+1","Slimebound:CorrosiveSpit+1","Slimebound:OneTwoCombo+1","Slimebound:SplitBruiser","Slimebound:SplitLeeching","Slimebound:GrowthPunch+1","Slimebound:SamplingLick+1","Slimebound:MassFeed+1","Slimebound:Gluttony+1","Slimebound:Prepare","Slimebound:SamplingLick+1","Slimebound:SplitMire+1","Madness","Slimebound:SplitSpecialist+1","Pain","Slimebound:Nibble+1","Slimebound:OneTwoCombo+1","Slimebound:Replication+1","Slimebound:Gluttony+1","Slimebound:LivingWall+1","Slimebound:FormOfPuddle+1","Slimebound:Replication+1","Slimebound:Darklings+1","Slimebound:MegaLick+1","Slimebound:SlimeSpikes+1","Slimebound:GoopSpray+1","Slimebound:Darklings","Slimebound:SplitSpecialist","Slimebound:Nibble","Slimebound:Repurpose"],"relics":["Slimebound:AbsorbEndCombat","Vajra","CeramicFish","downfall:CloakOfManyFaces","CultistMask","FaceOfCleric","NlothsMask","GremlinMask","SsserpentHead","Circlet","MealTicket","Boot","downfall:HeartBlessingRed","downfall:HeartBlessingGreen","WarpedTongs","downfall:HeartBlessingBlue","Coffee Dripper","Slimebound:AggressiveSlimeRelic","StoneCalendar","Slimebound:PotencyRelic","CCEMRelics:DissonantTune","Kunai"],"acts_visited":["Exordium","TheCity","TheBeyond","TheEnding"],"potions_floor_usage":[55,55,55],"damage_taken":[{"damage":12.0,"enemies":"Cultist","floor":2.0,"turns":3.0},{"damage":12.0,"enemies":"Small Slimes","floor":3.0,"turns":2.0},{"damage":17.0,"enemies":"Jaw Worm","floor":4.0,"turns":3.0},{"damage":16.0,"enemies":"Large Slime","floor":5.0,"turns":4.0},{"damage":22.0,"enemies":"downfall:FleeingMerchant","floor":6.0,"turns":4.0},{"damage":30.0,"enemies":"Lagavulin Event","floor":9.0,"turns":5.0},{"damage":31.0,"enemies":"downfall:FaceTrader","floor":10.0,"turns":7.0},{"damage":15.0,"enemies":"Gremlin Gang","floor":12.0,"turns":3.0},{"damage":17.0,"enemies":"downfall:FleeingMerchant","floor":13.0,"turns":4.0},{"damage":18.0,"enemies":"Gremlin Nob","floor":14.0,"turns":4.0},{"damage":12.0,"enemies":"Blue Slaver","floor":15.0,"turns":3.0},{"damage":35.0,"enemies":"downfall:Silent","floor":16.0,"turns":7.0},{"damage":27.0,"enemies":"3 Byrds","floor":19.0,"turns":4.0},{"damage":28.0,"enemies":"downfall:FleeingMerchant","floor":21.0,"turns":4.0},{"damage":20.0,"enemies":"Shell Parasite","floor":22.0,"turns":5.0},{"damage":44.0,"enemies":"3 Cultists","floor":25.0,"turns":3.0},{"damage":50.0,"enemies":"Slavers","floor":26.0,"turns":5.0},{"damage":62.0,"enemies":"Gremlin Leader","floor":31.0,"turns":6.0},{"damage":43.0,"enemies":"Centurion and Healer","floor":32.0,"turns":3.0},{"damage":72.0,"enemies":"downfall:Watcher","floor":33.0,"turns":10.0},{"damage":23.0,"enemies":"Orb Walker","floor":36.0,"turns":4.0},{"damage":28.0,"enemies":"3 Darklings","floor":37.0,"turns":3.0},{"damage":20.0,"enemies":"Mind Bloom Boss Battle","floor":42.0,"turns":2.0},{"damage":42.0,"enemies":"Reptomancer","floor":43.0,"turns":7.0},{"damage":79.0,"enemies":"R_Hoarder","floor":45.0,"turns":8.0},{"damage":12.0,"enemies":"downfall:FleeingMerchant","floor":46.0,"turns":2.0},{"damage":6,"enemies":"Transient","floor":47,"turns":5},{"damage":0,"enemies":"Sphere and 2 Shapes","floor":48,"turns":3},{"damage":14,"enemies":"Spire Growth","floor":49,"turns":4},{"damage":68,"enemies":"DF_ARCHETYPE_ORBS","floor":50,"turns":7},{"damage":99,"enemies":"downfall:CharBossMerchant","floor":52,"turns":7},{"damage":15,"enemies":"downfall:NeowBoss","floor":55,"turns":9},{"damage":155,"enemies":"downfall:NeowBossFinal","floor":56,"turns":6}],"seed_played":"4525173312279198059","potions_obtained":[{"floor":4.0,"key":"Fruit Juice"},{"floor":5.0,"key":"PowerPotion"},{"floor":12.0,"key":"Dexterity Potion"},{"floor":15.0,"key":"PowerPotion"},{"floor":25.0,"key":"SmokeBomb"},{"floor":33.0,"key":"PowerPotion"},{"floor":36.0,"key":"AttackPotion"},{"floor":43.0,"key":"champ:CounterPotion"},{"floor":48,"key":"ColorlessPotion"}],"is_trial":false,"path_per_floor":["R","M","M","M","M","$","T","R","?","?","R","M","$","E","M","B",null,"R","M","?","$","M","R","T","M","E","R","T","?","R","E","M","B",null,"R","M","M","?","?","R","T","?","E","R","E","$","M","M","M","B",null,"E","$","R","B","B"],"character_chosen":"SLIMEBOUND","items_purchased":["Replay:Arrowhead","Slimebound:Darklings","CCEMRelics:DissonantTune","Quantum Egg","Slimebound:MegaLick+1","Slimebound:SplitSpecialist","Slimebound:Nibble","Slimebound:Repurpose"],"campfire_rested":0,"item_purchase_floors":[21,46,46,46,46,53,53,53],"current_hp_per_floor":[60,60,60,60,56,60,60,60,62,63,63,81,82,85,92,97,97,97,95,95,103,108,108,108,125,135,135,135,135,145,142,154,139,164,164,165,174,174,174,174,174,175,180,180,164,190,191,200,190,140,206,113,128,128,129,0,0,0],"gold":35,"neow_bonus":"ONE_RANDOM_RARE_CARD","is_daily":false,"chose_seed":false,"campfire_upgraded":15,"win_rate":0.0,"timestamp":1610802647,"path_taken":["R","M","M","M","?","$","T","R","?","?","R","M","$","E","M","BOSS","R","M","?","$","M","R","T","M","E","R","?","?","R","E","M","BOSS","R","M","?","?","?","R","T","?","E","R","E","$","M","M","M","BOSS","E","$","R","BOSS","BOSS"],"items_purchased_type":["Undefined","Card","Relic","Undefined","Card","Card","Card","Card"],"build_version":"2020-12-22","purchased_purges":3,"victory":false,"max_hp_per_floor":[60,60,60,60,60,60,60,60,64,68,68,81,82,87,92,97,97,97,102,102,103,108,108,108,126,135,135,135,135,145,150,159,164,164,164,169,174,174,174,174,174,175,180,180,185,190,191,200,201,206,206,207,207,207,208,208,208,208],"relic_stats":{"SsserpentHead":350,"FaceOfCleric":25,"counters":[33,154],"CeramicFish":207,"MealTicket":37,"StoneCalendar":[138],"Kunai":[8],"Boot":[11],"obtain_stats":[{"ReplayTheSpireMod:Ring of Exchange":38,"CeramicFish":9,"Vajra":7,"GremlinMask":10,"downfall:HeartBlessingGreen":27,"StoneCalendar":42,"Replay:Mystery Machine":45,"Boot":26,"SsserpentHead":10,"FaceOfCleric":10,"downfall:HeartBlessingBlue":30,"CCEMRelics:DissonantTune":46,"MealTicket":20,"downfall:CloakOfManyFaces":10,"Kunai":52,"Slimebound:AggressiveSlimeRelic":41,"downfall:HeartBlessingRed":27,"Quantum Egg":46,"Circlet":0,"Replay:Arrowhead":21,"WarpedTongs":29,"Slimebound:PotencyRelic":43,"CultistMask":10,"Slimebound:AbsorbEndCombat":0,"Snack Pack":14,"Coffee Dripper":34,"ReplayTheSpireMod:Ring of Challenge":38,"ReplayTheSpireMod:Lightbulb":31,"Abe\u0027s Treasure":17,"NlothsMask":10},{"ReplayTheSpireMod:Ring of Exchange":22,"CeramicFish":5,"Vajra":5,"GremlinMask":7,"downfall:HeartBlessingGreen":17,"StoneCalendar":23,"Replay:Mystery Machine":25,"Boot":17,"SsserpentHead":7,"FaceOfCleric":7,"downfall:HeartBlessingBlue":17,"CCEMRelics:DissonantTune":26,"MealTicket":13,"downfall:CloakOfManyFaces":7,"Kunai":31,"Slimebound:AggressiveSlimeRelic":22,"downfall:HeartBlessingRed":17,"Quantum Egg":26,"Circlet":0,"Replay:Arrowhead":14,"WarpedTongs":17,"Slimebound:PotencyRelic":24,"CultistMask":7,"Slimebound:AbsorbEndCombat":0,"Snack Pack":10,"Coffee Dripper":20,"ReplayTheSpireMod:Ring of Challenge":22,"ReplayTheSpireMod:Lightbulb":18,"Abe\u0027s Treasure":12,"NlothsMask":7},{"ReplayTheSpireMod:Ring of Exchange":94,"CeramicFish":14,"Vajra":14,"GremlinMask":26,"downfall:HeartBlessingGreen":68,"StoneCalendar":96,"Replay:Mystery Machine":111,"Boot":68,"SsserpentHead":26,"FaceOfCleric":26,"downfall:HeartBlessingBlue":68,"CCEMRelics:DissonantTune":113,"MealTicket":51,"downfall:CloakOfManyFaces":26,"Kunai":139,"Slimebound:AggressiveSlimeRelic":94,"downfall:HeartBlessingRed":68,"Quantum Egg":113,"Circlet":0,"Replay:Arrowhead":55,"WarpedTongs":68,"Slimebound:PotencyRelic":103,"CultistMask":26,"Slimebound:AbsorbEndCombat":0,"Snack Pack":37,"Coffee Dripper":87,"ReplayTheSpireMod:Ring of Challenge":94,"ReplayTheSpireMod:Lightbulb":74,"Abe\u0027s Treasure":47,"NlothsMask":26}],"WarpedTongs":[75]},"card_choices":[{"not_picked":["Slimebound:RollThrough","Slimebound:GoopTackle"],"picked":"Slimebound:SplitBruiser","floor":2.0},{"not_picked":["Slimebound:SlimeBrawl","Slimebound:RollThrough"],"picked":"Slimebound:SplitLeeching","floor":3.0},{"not_picked":["Slimebound:SamplingLick","Slimebound:LevelUp"],"picked":"Slimebound:GrowthPunch","floor":4.0},{"not_picked":["Slimebound:FirmFortitude","Slimebound:SplitAcid"],"picked":"Slimebound:SamplingLick","floor":5.0},{"not_picked":["Slimebound:SplitMire","Slimebound:SlimeSpikes"],"picked":"Slimebound:MassFeed","floor":6.0},{"not_picked":["Slimebound:SplitMire","Slimebound:GrowthPunch"],"picked":"Slimebound:Gluttony","floor":9.0},{"not_picked":["Slimebound:GoopSpray","Slimebound:ServeAndProtect"],"picked":"Slimebound:Prepare","floor":10.0},{"not_picked":["Slimebound:FinishingTackle","Slimebound:ComboTackle","Slimebound:SlimeSpikes"],"picked":"SKIP","floor":12.0},{"not_picked":["Slimebound:FirmFortitude","Slimebound:FinishingTackle","Slimebound:SplitMire"],"picked":"SKIP","floor":13.0},{"not_picked":["Slimebound:Grow","Slimebound:SlimeSpikes"],"picked":"Slimebound:SamplingLick","floor":14.0},{"not_picked":["Slimebound:SplitMire","Slimebound:SlimeSpikes","Slimebound:LeechEnergy"],"picked":"SKIP","floor":15.0},{"not_picked":["Slimebound:SlimeSpikes","Slimebound:LeechEnergy"],"picked":"Slimebound:SplitMire","floor":15.0},{"not_picked":["Slimebound:Schlurp+1","Slimebound:Dissolve"],"picked":"Slimebound:SplitSpecialist","floor":19.0},{"not_picked":["Slimebound:SplitBruiser","Slimebound:AcidTongue","Slimebound:SplitMire"],"picked":"SKIP","floor":21.0},{"not_picked":["Slimebound:LeechEnergy","Slimebound:Chomp","Slimebound:SlimeTap"],"picked":"SKIP","floor":22.0},{"not_picked":["Slimebound:ViciousTackle","Slimebound:ComboTackle","Slimebound:SplitMire"],"picked":"SKIP","floor":25.0},{"not_picked":["Slimebound:RollThrough","Slimebound:DivideAndConquer","Slimebound:ForwardTackle+1"],"picked":"SKIP","floor":26.0},{"not_picked":["Slimebound:LeechEnergy","Slimebound:ViciousTackle+1"],"picked":"Slimebound:Nibble+1","floor":31.0},{"not_picked":["Slimebound:SplitMire","Slimebound:Overexert","Slimebound:ViciousTackle"],"picked":"SKIP","floor":32.0},{"not_picked":["Slimebound:LeechLife","Slimebound:Teamwork"],"picked":"Slimebound:OneTwoCombo","floor":33.0},{"not_picked":["Slimebound:MegaLick+1","Slimebound:ViciousTackle"],"picked":"Slimebound:Replication+1","floor":36.0},{"not_picked":["Slimebound:GoopSpray+1","Slimebound:Schlurp+1"],"picked":"Slimebound:Gluttony","floor":37.0},{"not_picked":["Slimebound:FinishingTackle+1","Slimebound:ViciousTackle+1"],"picked":"Slimebound:LivingWall+1","floor":42.0},{"not_picked":["Slimebound:HungryTackle","Slimebound:RejuvenatingLick+1"],"picked":"Slimebound:FormOfPuddle","floor":43.0},{"not_picked":["Slimebound:LeechingTouch+1","Slimebound:Schlurp","Slimebound:SplitMire"],"picked":"SKIP","floor":45.0},{"not_picked":["Slimebound:AcidTongue","Slimebound:SlimeSpikes+1"],"picked":"Slimebound:Replication+1","floor":46.0},{"not_picked":["Slimebound:Overexert","Slimebound:SplitBruiser"],"picked":"Slimebound:SlimeSpikes+1","floor":47},{"not_picked":["Slimebound:FlameTackle","Slimebound:Nibble"],"picked":"Slimebound:GoopSpray+1","floor":48},{"not_picked":["Slimebound:ComboTackle","Slimebound:FinishingTackle","Slimebound:ItLooksTasty"],"picked":"SKIP","floor":49},{"not_picked":["Slimebound:ServeAndProtect","Slimebound:LeechEnergy"],"picked":"Slimebound:Darklings","floor":52}],"player_experience":289613,"relics_obtained":[{"floor":7.0,"key":"Vajra"},{"floor":10.0,"key":"downfall:CloakOfManyFaces"},{"floor":14.0,"key":"Snack Pack"},{"floor":26.0,"key":"Boot"},{"floor":31.0,"key":"ReplayTheSpireMod:Lightbulb"},{"floor":38.0,"key":"ReplayTheSpireMod:Ring of Exchange"},{"floor":38.0,"key":"ReplayTheSpireMod:Ring of Challenge"},{"floor":41.0,"key":"Slimebound:AggressiveSlimeRelic"},{"floor":42.0,"key":"StoneCalendar"},{"floor":43.0,"key":"Slimebound:PotencyRelic"},{"floor":45.0,"key":"Replay:Mystery Machine"},{"floor":52,"key":"Kunai"}],"event_choices":[{"damage_healed":0.0,"max_hp_gain":0.0,"max_hp_loss":0.0,"gold_gain":0.0,"event_name":"Accursed Blacksmith","player_choice":"Rummage","floor":29.0,"gold_loss":0.0,"damage_taken":0.0,"relics_obtained":["WarpedTongs"],"cards_obtained":["Pain"]}],"is_beta":false,"boss_relics":[{"not_picked":["Black Star","Fusion Hammer"],"picked":"Abe\u0027s Treasure"},{"not_picked":["Runic Pyramid","ReplayTheSpireMod:DimensionalGlitch"],"picked":"Coffee Dripper"}],"items_purged_floors":[6,13,46],"is_endless":false,"potions_floor_spawned":[4,5,12,15,16,19,25,33,36,43,48,49],"killed_by":"downfall:NeowBossFinal","ascension_level":1}}