{"host":"oehe2dxjvdgux73m","time":1610779289,"event":{"mods":["AchievementEnabler","BaseMod","Colored Map","Colored Powertips","DeckTracker","Keyboard Shortcuts","Minty Spire (QoL Compilation)","Permanent Neow","Quick Restart","StSLib","SuperFastMode"],"gold_per_floor":[218,232,244,26,15,15,45,45,45,55,68,68,86,103,103,176,176,190,190,201,0,0,0,28,28,28,28,28,28,28,39,39,39,39],"floor_reached":33,"language":"KOR","playtime":1139,"items_purged":["Strike_G"],"score":467,"play_id":"0c12e317-a428-4c98-b446-10c8f1867898","local_time":"20210116154129","is_ascension_mode":true,"campfire_choices":[{"floor":8.0,"key":"REST"},{"data":"Neutralize","floor":12.0,"key":"SMITH"},{"data":"Noxious Fumes","floor":15.0,"key":"SMITH"},{"data":"Wraith Form v2","floor":23.0,"key":"SMITH"},{"data":"Apotheosis","floor":25.0,"key":"SMITH"},{"data":"Concentrate","floor":29.0,"key":"SMITH"},{"floor":32,"key":"REST"}],"circlet_count":0,"master_deck":["AscendersBane","Strike_G","Strike_G","Defend_G","Defend_G","Defend_G","Defend_G","Defend_G","Survivor","Neutralize+1","Well Laid Plans","Backstab","Noxious Fumes+1","Poisoned Stab","Dash","Dagger Spray","Corpse Explosion","Wraith Form v2+1","Crippling Poison","Apotheosis+1","Concentrate","Concentrate+1"],"relics":["Ring of the Snake","Bag of Preparation","Ninja Scroll","Sozu","Nloth\u0027s Gift","Tough Bandages","Kunai","Nilry\u0027s Codex"],"acts_visited":["Exordium","TheCity"],"potions_floor_usage":[],"damage_taken":[{"damage":0.0,"enemies":"Cultist","floor":1.0,"turns":4.0},{"damage":15.0,"enemies":"Jaw Worm","floor":2.0,"turns":7.0},{"damage":0.0,"enemies":"2 Louse","floor":3.0,"turns":2.0},{"damage":6.0,"enemies":"Exordium Thugs","floor":5.0,"turns":4.0},{"damage":30.0,"enemies":"Gremlin Nob","floor":7.0,"turns":5.0},{"damage":4.0,"enemies":"Blue Slaver","floor":10.0,"turns":2.0},{"damage":11.0,"enemies":"Large Slime","floor":11.0,"turns":5.0},{"damage":0.0,"enemies":"3 Louse","floor":13.0,"turns":3.0},{"damage":0.0,"enemies":"2 Fungi Beasts","floor":14.0,"turns":2.0},{"damage":9.0,"enemies":"Hexaghost","floor":16.0,"turns":8.0},{"damage":0.0,"enemies":"3 Byrds","floor":18.0,"turns":3.0},{"damage":4.0,"enemies":"Shell Parasite","floor":20.0,"turns":6.0},{"damage":27.0,"enemies":"Slavers","floor":24.0,"turns":3.0},{"damage":9,"enemies":"Centurion and Healer","floor":31,"turns":4},{"damage":35,"enemies":"Champ","floor":33,"turns":11}],"seed_played":"-6424253395232434807","potions_obtained":[{"floor":1.0,"key":"SteroidPotion"},{"floor":7.0,"key":"LiquidBronze"},{"floor":10.0,"key":"PowerPotion"},{"floor":11.0,"key":"CultistPotion"},{"floor":16.0,"key":"Fruit Juice"}],"is_trial":false,"path_per_floor":["M","M","M","$","M","?","E","R","T","M","M","R","M","M","R","B",null,"M","?","M","$","?","R","E","R","T","?","?","R","?","M","R","B"],"character_chosen":"THE_SILENT","items_purchased":["Bag of Preparation","Crippling Poison","Apotheosis"],"campfire_rested":2,"item_purchase_floors":[4,21,21],"current_hp_per_floor":[59,44,44,44,38,38,8,27,27,23,14,14,16,18,18,14,61,63,63,59,59,59,59,32,32,32,32,32,32,11,2,25,0,0],"gold":39,"neow_bonus":"HUNDRED_GOLD","is_daily":false,"chose_seed":false,"campfire_upgraded":5,"win_rate":0.0,"timestamp":1610779289,"path_taken":["M","?","M","$","M","?","E","R","T","M","M","R","M","?","R","BOSS","M","?","M","?","?","R","E","R","T","?","?","R","?","M","R","BOSS"],"items_purchased_type":["Relic","Card","Card"],"build_version":"2020-12-22","purchased_purges":1,"victory":false,"max_hp_per_floor":[66,66,66,66,66,66,66,66,66,66,68,68,70,72,72,77,77,79,79,79,79,79,79,79,79,79,79,79,79,79,79,79,79,79],"card_choices":[{"not_picked":["Deflect","Eviscerate"],"picked":"Well Laid Plans","floor":1.0},{"not_picked":["Flying Knee","Poisoned Stab"],"picked":"Backstab","floor":2.0},{"not_picked":["Deflect","Eviscerate"],"picked":"Noxious Fumes","floor":3.0},{"not_picked":["Unload","Riddle With Holes"],"picked":"Poisoned Stab","floor":5.0},{"not_picked":["Tactician","Dodge and Roll"],"picked":"Dash","floor":7.0},{"not_picked":["Bane","Underhanded Strike"],"picked":"Dagger Spray","floor":10.0},{"not_picked":["Prepared","Dagger Throw","Flying Knee"],"picked":"Singing Bowl","floor":11.0},{"not_picked":["Dagger Spray","Distraction","Underhanded Strike"],"picked":"Singing Bowl","floor":13.0},{"not_picked":["Well Laid Plans","Flying Knee","Dagger Throw"],"picked":"Singing Bowl","floor":14.0},{"not_picked":["Night Terror","Doppelganger"],"picked":"Corpse Explosion","floor":16.0},{"not_picked":["Poisoned Stab","Deflect+1","Quick Slash"],"picked":"Singing Bowl","floor":18.0},{"not_picked":["Acrobatics+1","Endless Agony"],"picked":"Wraith Form v2","floor":20.0},{"not_picked":["Expertise","Dodge and Roll","Masterful Stab"],"picked":"SKIP","floor":24.0},{"not_picked":["Heel Hook","Backstab","Terror"],"picked":"SKIP","floor":31}],"player_experience":215448,"relics_obtained":[{"floor":6.0,"key":"Singing Bowl"},{"floor":9.0,"key":"Ninja Scroll"},{"floor":24.0,"key":"Tough Bandages"},{"floor":26.0,"key":"Kunai"},{"floor":30.0,"key":"Nilry\u0027s Codex"}],"event_choices":[{"damage_healed":0.0,"max_hp_gain":0.0,"max_hp_loss":0.0,"gold_gain":0.0,"event_name":"Wheel of Change","player_choice":"Relic","floor":6.0,"gold_loss":0.0,"damage_taken":0.0},{"damage_healed":0.0,"max_hp_gain":0.0,"max_hp_loss":0.0,"gold_gain":0.0,"event_name":"N\u0027loth","player_choice":"Traded Relic","floor":19.0,"relics_lost":["Singing Bowl"],"gold_loss":0.0,"damage_taken":0.0,"relics_obtained":["Nloth\u0027s Gift"]},{"damage_healed":0.0,"max_hp_gain":0.0,"max_hp_loss":0.0,"gold_gain":0.0,"cards_transformed":["Strike_G","Strike_G"],"event_name":"Drug Dealer","player_choice":"Became Test Subject","floor":27.0,"gold_loss":0.0,"damage_taken":0.0,"cards_obtained":["Concentrate","Concentrate"]},{"damage_healed":0.0,"max_hp_gain":0.0,"max_hp_loss":0.0,"gold_gain":0.0,"event_name":"Vampires","player_choice":"Ignored","floor":28.0,"gold_loss":0.0,"damage_taken":0.0},{"damage_healed":0.0,"max_hp_gain":0.0,"max_hp_loss":0.0,"gold_gain":0.0,"event_name":"Cursed Tome","player_choice":"Obtained Book","floor":30.0,"gold_loss":0.0,"damage_taken":21.0}],"is_beta":false,"boss_relics":[{"not_picked":["Calling Bell","SacredBark"],"picked":"Sozu"}],"items_purged_floors":[4],"is_endless":false,"potions_floor_spawned":[1,7,10,11,16,18],"killed_by":"Champ","ascension_level":15}}