{"host":"gs0b57ogvki1o7r7","time":1610808054,"event":{"mods":["2.2 Compatiblity","BaseMod","Colored Map","DeckTracker","Highlight Path","KOR Keyword Fix","Keyboard Shortcuts","Minty Spire (QoL Compilation)","Permanent Neow","Quick Restart","StSLib","SuperFastMode","everything is the same but u backflip on backflip"],"gold_per_floor":[112,128,148,162,173,173,184,184,207,58,58,71,90,90,90,186,186,198,70,86,98,197,197,197,197,220,73,86,86,112,129,129,230,230,243,263,273,273,128,128,144,144,218,218,230,280,106,126,126,126,126],"floor_reached":50,"language":"KOR","playtime":2025,"items_purged":["Defend_R","Strike_R"],"score":608,"play_id":"6effa9d9-1f6a-4153-ac98-2a11634e9b87","local_time":"20210116234054","is_ascension_mode":false,"campfire_choices":[{"data":"Heavy Blade","floor":6.0,"key":"SMITH"},{"data":"Shockwave","floor":8.0,"key":"SMITH"},{"data":"Limit Break","floor":11.0,"key":"SMITH"},{"data":"Pommel Strike","floor":15.0,"key":"SMITH"},{"data":"Double Tap","floor":23.0,"key":"SMITH"},{"data":"Rupture","floor":29.0,"key":"SMITH"},{"data":"Flex","floor":32.0,"key":"SMITH"},{"data":"Pummel","floor":42.0,"key":"SMITH"},{"data":"Spot Weakness","floor":44.0,"key":"SMITH"},{"data":"Flex","floor":49.0,"key":"SMITH"}],"circlet_count":0,"master_deck":["Bash+1","Heavy Blade+1","Pommel Strike+1","Shockwave+1","Limit Break+1","Pummel+1","Double Tap+1","Double Tap+1","Brutality+1","Sever Soul+1","Flex+1","Rupture+1","Flex+1","Spot Weakness+1","Seeing Red+1","Flex+1","Flex+1","Flex+1"],"relics":["Burning Blood","Whetstone","Astrolabe","Nunchaku","Red Skull","Meat on the Bone","Philosopher\u0027s Stone","Question Card","Incense Burner","HandDrill"],"acts_visited":["Exordium","TheCity","TheBeyond"],"potions_floor_usage":[],"damage_taken":[{"damage":6.0,"enemies":"Cultist","floor":1.0,"turns":3.0},{"damage":0.0,"enemies":"Small Slimes","floor":2.0,"turns":3.0},{"damage":9.0,"enemies":"Jaw Worm","floor":3.0,"turns":4.0},{"damage":12.0,"enemies":"2 Fungi Beasts","floor":4.0,"turns":4.0},{"damage":36.0,"enemies":"Large Slime","floor":5.0,"turns":6.0},{"damage":7.0,"enemies":"Looter","floor":7.0,"turns":3.0},{"damage":15.0,"enemies":"Exordium Wildlife","floor":12.0,"turns":4.0},{"damage":12.0,"enemies":"3 Louse","floor":13.0,"turns":5.0},{"damage":0.0,"enemies":"Slime Boss","floor":16.0,"turns":6.0},{"damage":33.0,"enemies":"2 Thieves","floor":18.0,"turns":4.0},{"damage":12.0,"enemies":"Spheric Guardian","floor":20.0,"turns":3.0},{"damage":30.0,"enemies":"Cultist and Chosen","floor":21.0,"turns":5.0},{"damage":10.0,"enemies":"Sentry and Sphere","floor":28.0,"turns":3.0},{"damage":7.0,"enemies":"Gremlin Leader","floor":30.0,"turns":2.0},{"damage":1.0,"enemies":"Snecko","floor":31.0,"turns":2.0},{"damage":1.0,"enemies":"Collector","floor":33.0,"turns":2.0},{"damage":19.0,"enemies":"3 Darklings","floor":35.0,"turns":3.0},{"damage":13.0,"enemies":"Orb Walker","floor":36.0,"turns":2.0},{"damage":21.0,"enemies":"Sphere and 2 Shapes","floor":37.0,"turns":2.0},{"damage":7.0,"enemies":"Maw","floor":41.0,"turns":4.0},{"damage":11.0,"enemies":"Transient","floor":45.0,"turns":5.0},{"damage":26.0,"enemies":"Mind Bloom Boss Battle","floor":46.0,"turns":3.0},{"damage":17.0,"enemies":"Writhing Mass","floor":48.0,"turns":2.0},{"damage":46,"enemies":"Time Eater","floor":50,"turns":3}],"seed_played":"-2482712642197158046","potions_obtained":[{"floor":2.0,"key":"Fruit Juice"},{"floor":4.0,"key":"SpeedPotion"},{"floor":7.0,"key":"SpeedPotion"},{"floor":12.0,"key":"FearPotion"},{"floor":13.0,"key":"AttackPotion"},{"floor":21.0,"key":"ColorlessPotion"},{"floor":28.0,"key":"Strength Potion"},{"floor":30.0,"key":"FearPotion"},{"floor":33.0,"key":"Regen Potion"},{"floor":35.0,"key":"Explosive Potion"}],"is_trial":false,"path_per_floor":["M","M","M","M","M","R","M","R","T","$","R","M","M","?","R","B",null,"M","$","M","M","?","R","?","?","T","$","M","R","E","M","R","B",null,"M","M","M","?","$","?","M","R","T","R","M","?","$","M","R","B"],"character_chosen":"IRONCLAD","items_purchased":["Limit Break","Flex","Rupture","Red Skull","Flex","HandDrill","Flex"],"campfire_rested":0,"item_purchase_floors":[10,19,19,27,39,47,47],"current_hp_per_floor":[72,72,69,63,38,38,37,37,37,37,37,28,22,15,15,21,77,50,50,44,20,20,20,20,20,20,20,16,16,15,32,32,49,77,64,57,54,54,54,54,53,53,53,53,48,40,40,41,41,0,0],"gold":126,"neow_bonus":"REMOVE_TWO","is_daily":false,"chose_seed":false,"campfire_upgraded":10,"win_rate":0.0,"timestamp":1610808054,"path_taken":["M","M","M","M","M","R","M","R","T","$","R","M","?","?","R","BOSS","M","$","M","M","?","R","?","?","T","?","M","R","E","M","R","BOSS","M","M","M","?","$","?","M","R","T","R","?","?","$","M","R","BOSS"],"items_purchased_type":["Card","Card","Card","Relic","Card","Relic","Card"],"build_version":"2020-12-22","purchased_purges":2,"victory":false,"max_hp_per_floor":[72,72,72,72,77,77,77,77,77,77,77,77,77,77,77,77,77,77,77,77,77,77,77,77,77,77,77,77,77,77,77,77,77,77,77,77,77,77,77,77,77,77,77,77,77,77,77,77,77,77,77],"card_choices":[{"not_picked":["Shrug It Off","Sever Soul"],"picked":"Heavy Blade","floor":1.0},{"not_picked":["Sentinel","True Grit","Havoc"],"picked":"SKIP","floor":2.0},{"not_picked":["Perfected Strike","Headbutt"],"picked":"Pommel Strike","floor":3.0},{"not_picked":["Perfected Strike","Corruption"],"picked":"Shockwave","floor":4.0},{"not_picked":["Shrug It Off","Rampage"],"picked":"Pummel","floor":5.0},{"not_picked":["Second Wind","Clash","Dual Wield"],"picked":"SKIP","floor":7.0},{"not_picked":["Havoc","Clash","Carnage"],"picked":"SKIP","floor":12.0},{"not_picked":["Corruption","Disarm"],"picked":"Pummel","floor":13.0},{"not_picked":["Juggernaut","Impervious"],"picked":"Double Tap","floor":16.0},{"not_picked":["Feel No Pain","Twin Strike","Cleave"],"picked":"SKIP","floor":18.0},{"not_picked":["True Grit+1","Clash","Pummel"],"picked":"SKIP","floor":20.0},{"not_picked":["Headbutt","Clothesline"],"picked":"Flex+1","floor":21.0},{"not_picked":["Flex","Shockwave"],"picked":"Spot Weakness","floor":28.0},{"not_picked":["Shrug It Off","Armaments","Warcry+1"],"picked":"SKIP","floor":30.0},{"not_picked":["Thunderclap","Feel No Pain","Metallicize+1"],"picked":"SKIP","floor":31.0},{"not_picked":["Rage","Dropkick"],"picked":"Seeing Red+1","floor":35.0},{"not_picked":["Infernal Blade","Reckless Charge","Shrug It Off"],"picked":"SKIP","floor":36.0},{"not_picked":["Body Slam+1","Rage+1","Dual Wield"],"picked":"SKIP","floor":37.0},{"not_picked":["Entrench","Spot Weakness"],"picked":"Flex+1","floor":41.0},{"not_picked":["Dark Embrace+1","Pommel Strike","Feel No Pain","Havoc"],"picked":"SKIP","floor":45.0},{"not_picked":["Shockwave+1","Havoc","Twin Strike+1","Metallicize"],"picked":"SKIP","floor":48.0}],"player_experience":110391,"relics_obtained":[{"floor":9.0,"key":"Whetstone"},{"floor":26.0,"key":"Nunchaku"},{"floor":30.0,"key":"Meat on the Bone"},{"floor":43.0,"key":"Question Card"},{"floor":46.0,"key":"Incense Burner"}],"event_choices":[{"cards_removed":["Defend_R"],"damage_healed":0.0,"max_hp_gain":0.0,"max_hp_loss":0.0,"gold_gain":0.0,"event_name":"Golden Wing","player_choice":"Card Removal","floor":14.0,"gold_loss":0.0,"damage_taken":7.0},{"damage_healed":0.0,"max_hp_gain":0.0,"max_hp_loss":0.0,"gold_gain":99.0,"event_name":"Nest","player_choice":"Stole From Cult","floor":22.0,"gold_loss":0.0,"damage_taken":0.0},{"cards_removed":["Strike_R"],"damage_healed":0.0,"max_hp_gain":0.0,"max_hp_loss":0.0,"gold_gain":0.0,"event_name":"Back to Basics","player_choice":"Elegance","floor":24.0,"gold_loss":0.0,"damage_taken":0.0},{"damage_healed":0.0,"max_hp_gain":0.0,"max_hp_loss":0.0,"gold_gain":0.0,"event_name":"Vampires","player_choice":"Ignored","floor":25.0,"gold_loss":0.0,"damage_taken":0.0},{"cards_removed":["Pummel"],"damage_healed":0.0,"max_hp_gain":0.0,"max_hp_loss":0.0,"gold_gain":0.0,"event_name":"Falling","player_choice":"Removed Attack","floor":38.0,"gold_loss":0.0,"damage_taken":0.0},{"damage_healed":0.0,"max_hp_gain":0.0,"max_hp_loss":0.0,"gold_gain":0.0,"event_name":"Accursed Blacksmith","player_choice":"Forge","floor":40.0,"gold_loss":0.0,"damage_taken":0.0,"cards_upgraded":["Flex"]},{"damage_healed":0.0,"max_hp_gain":0.0,"max_hp_loss":0.0,"gold_gain":0.0,"event_name":"MindBloom","player_choice":"Fight","floor":46.0,"gold_loss":0.0,"damage_taken":0.0}],"is_beta":false,"boss_relics":[{"not_picked":["Fusion Hammer","Mark of Pain"],"picked":"Astrolabe"},{"not_picked":["SacredBark","Tiny House"],"picked":"Philosopher\u0027s Stone"}],"items_purged_floors":[10,39],"is_endless":false,"potions_floor_spawned":[2,4,7,12,13,21,28,30,33,35,41,45],"killed_by":"Time Eater","ascension_level":0}}