{"host":"ndpbn7fqb3wjbd7p","time":1610840051,"event":{"mods":["AchievementEnabler","Act Like it!","AlwaysNeverKeys","BaseMod","Better Vampires","Block Reminder","Colored Powertips","DeckTracker","Defuse TimeMaze Blight","Friendly Minions","Hallownest","Hermit","Highlight Path","Hubris","MarisaÅiñ∂âJÅ@ñÇóùçπÅj","Minty Spire (QoL Compilation)","Permanent Neow","Shade Mod","StSLib","SuperFastMode","Synergy Search","The Mystic","Unceasing Turn Reminder","Wandering Minibosses","egg"],"gold_per_floor":[111,36,36,46,59,59,86,86,158,158,11,11,43,43,43,117,117,127,159,159,9,89,89,104,136,136,136,154,254,254,278,278,353,353,369,48,48,48,162,162,179,179,202,222,249,249,23,36,36,36],"floor_reached":51,"language":"ENG","playtime":3750,"items_purged":["Defend_G","Defend_G","Defend_G","Dodge and Roll"],"score":1270,"play_id":"1a966dcb-f827-4f83-afef-19cdd5a0fda6","local_time":"20210117003411","is_ascension_mode":true,"campfire_choices":[{"data":"Phantasmal Killer","floor":6,"key":"SMITH"},{"floor":8,"key":"DIG"},{"floor":10,"key":"DIG"},{"data":"Underhanded Strike","floor":12,"key":"SMITH"},{"data":"Underhanded Strike","floor":15,"key":"SMITH"},{"data":"Neutralize","floor":23,"key":"SMITH"},{"data":"Reflex","floor":27,"key":"SMITH"},{"data":"Calculated Gamble","floor":32,"key":"SMITH"},{"data":"Tactician","floor":40,"key":"SMITH"},{"data":"Acrobatics","floor":42,"key":"SMITH"},{"data":"Prepared","floor":49,"key":"SMITH"}],"circlet_count":0,"master_deck":["AscendersBane","Survivor","Neutralize+1","Phantasmal Killer+1","Dagger Throw","Underhanded Strike+1","Underhanded Strike+1","Phantasmal Killer+1","After Image","Doppelganger","Heel Hook+1","Backflip+1","Backstab+1","Heel Hook","Calculated Gamble+1","Acrobatics+1","Reflex+1","Adrenaline","Eviscerate","Acrobatics+1","Tactician+1","Madness","Well Laid Plans","Prepared+1","Finisher","Reflex+1","Escape Plan"],"relics":["Ring of the Snake","Shovel","Art of War","Mummified Hand","Meat on the Bone","DollysMirror","Tiny Chest","Astrolabe","Red Mask","Pear","Regal Pillow","hubris:PeanutButter","Letter Opener","hubris:MedicalManual","Orichalcum","hubris:Backtick","TungstenRod","Nunchaku","hubris:Icosahedron","Oddly Smooth Stone","Boot"],"acts_visited":["Exordium","TheCity","TheBeyond"],"potions_floor_usage":[13,16,16,29,29,50],"damage_taken":[{"damage":1,"enemies":"2 Louse","floor":1,"turns":4},{"damage":7,"enemies":"Cultist","floor":4,"turns":6},{"damage":1,"enemies":"Jaw Worm","floor":5,"turns":4},{"damage":14,"enemies":"Gremlin Nob","floor":7,"turns":4},{"damage":23,"enemies":"Lagavulin","floor":13,"turns":4},{"damage":4,"enemies":"Slime Boss","floor":16,"turns":7},{"damage":10,"enemies":"3 Byrds","floor":18,"turns":5},{"damage":2,"enemies":"Masked Bandits","floor":19,"turns":3},{"damage":8,"enemies":"Chosen","floor":24,"turns":2},{"damage":3,"enemies":"Book of Stabbing","floor":25,"turns":3},{"damage":0,"enemies":"3 Cultists","floor":28,"turns":3},{"damage":0,"enemies":"Colosseum Slavers","floor":29,"turns":3},{"damage":0,"enemies":"Colosseum Nobs","floor":29,"turns":3},{"damage":13,"enemies":"Collector","floor":33,"turns":5},{"damage":0,"enemies":"3 Shapes","floor":35,"turns":2},{"damage":0,"enemies":"3 Darklings","floor":39,"turns":1},{"damage":0,"enemies":"Transient","floor":41,"turns":2},{"damage":0,"enemies":"4 Shapes","floor":44,"turns":2},{"damage":0,"enemies":"Reptomancer","floor":45,"turns":2},{"damage":0,"enemies":"3 Darklings","floor":48,"turns":1},{"damage":0,"enemies":"hubris:GrandSnecko","floor":50,"turns":2}],"seed_played":"4119083550382069389","potions_obtained":[{"floor":5,"key":"Regen Potion"},{"floor":7,"key":"SteroidPotion"},{"floor":13,"key":"AttackPotion"},{"floor":18,"key":"Poison Potion"},{"floor":25,"key":"AttackPotion"},{"floor":28,"key":"Swift Potion"},{"floor":39,"key":"ColorlessPotion"},{"floor":41,"key":"FairyPotion"}],"is_trial":false,"path_per_floor":["M","$","?","M","M","R","E","R","T","R","$","R","E","?","R","B",null,"M","?","?","$","T","R","M","E","T","R","M","?","?","T","R","B",null,"M","$","?","?","M","R","M","R","T","M","E","?","$","M","R","B",null],"character_chosen":"THE_SILENT","items_purchased":["DollysMirror","Acrobatics","Tactician","Nunchaku","Escape Plan"],"campfire_rested":0,"item_purchase_floors":[11,21,36,36,47],"current_hp_per_floor":[58,58,58,51,50,50,36,36,36,36,36,36,25,25,25,36,59,49,47,66,66,76,76,68,65,65,65,65,65,65,65,65,52,70,70,70,70,66,66,66,66,66,66,66,66,66,66,66,66,66],"gold":36,"neow_bonus":"TRANSFORM_CARD","is_daily":false,"chose_seed":false,"campfire_upgraded":9,"win_rate":0.0,"timestamp":1610840051,"path_taken":["M","$","?","M","M","R","E","R","T","R","$","R","E","?","R","BOSS","M","?","?","$","?","R","?","E","T","R","M","?","?","?","R","BOSS","M","$","?","?","M","R","M","R","T","M","E","?","$","M","R","BOSS"],"items_purchased_type":["Relic","Card","Card","Relic","Card"],"build_version":"2020-12-22","purchased_purges":4,"victory":true,"max_hp_per_floor":[66,66,66,66,66,66,66,66,66,66,66,66,66,66,66,66,66,66,66,66,66,76,76,76,76,76,76,76,76,76,76,76,76,76,76,76,76,76,76,76,76,76,76,76,76,76,76,76,76,76],"card_choices":[{"not_picked":["Bane","Prepared"],"picked":"Dodge and Roll","floor":1},{"not_picked":["Dodge and Roll","Poisoned Stab"],"picked":"Dagger Throw","floor":4},{"not_picked":["PiercingWail","Finisher"],"picked":"Underhanded Strike","floor":5},{"not_picked":["Quick Slash","hubris:Sniper"],"picked":"Underhanded Strike","floor":7},{"not_picked":["Corpse Explosion","Noxious Fumes","hubris:Counter"],"picked":"SKIP","floor":13},{"not_picked":["A Thousand Cuts","Envenom"],"picked":"Doppelganger","floor":16},{"not_picked":["Dagger Spray","Poisoned Stab"],"picked":"Heel Hook","floor":18},{"not_picked":["Dash+1","Bouncing Flask+1"],"picked":"Calculated Gamble","floor":19},{"not_picked":["Flying Knee","Prepared"],"picked":"Reflex","floor":24},{"not_picked":["Underhanded Strike","Bouncing Flask"],"picked":"Adrenaline","floor":25},{"not_picked":["Outmaneuver","Quick Slash"],"picked":"Eviscerate","floor":28},{"not_picked":["Poisoned Stab","Backflip"],"picked":"Acrobatics+1","floor":35},{"not_picked":["Swift Strike","Secret Technique"],"picked":"Madness","floor":38},{"not_picked":["Acrobatics","Deadly Poison+1","Dagger Spray"],"picked":"SKIP","floor":39},{"not_picked":["Bane","Deflect"],"picked":"Well Laid Plans","floor":41},{"not_picked":["Venomology","Cloak And Dagger"],"picked":"Prepared","floor":44},{"not_picked":["Deadly Poison","Outmaneuver+1"],"picked":"Finisher","floor":45},{"not_picked":["hubris:TrickCloak","Footwork+1","Bane"],"picked":"SKIP","floor":48}],"player_experience":1133177,"relics_obtained":[{"floor":7,"key":"Shovel"},{"floor":8,"key":"Art of War"},{"floor":9,"key":"Mummified Hand"},{"floor":10,"key":"Meat on the Bone"},{"floor":13,"key":"Tiny Chest"},{"floor":19,"key":"Red Mask"},{"floor":22,"key":"Pear"},{"floor":25,"key":"Regal Pillow"},{"floor":26,"key":"hubris:PeanutButter"},{"floor":29,"key":"Letter Opener"},{"floor":29,"key":"hubris:MedicalManual"},{"floor":31,"key":"Orichalcum"},{"floor":43,"key":"Oddly Smooth Stone"},{"floor":45,"key":"Boot"}],"event_choices":[{"cards_removed":["Defend_G"],"damage_healed":0,"gold_gain":0,"player_choice":"Forget","damage_taken":0,"max_hp_gain":0,"max_hp_loss":0,"event_name":"Living Wall","floor":3,"gold_loss":0},{"damage_healed":0,"gold_gain":0,"cards_transformed":["Strike_G"],"player_choice":"Transformed","damage_taken":0,"max_hp_gain":0,"max_hp_loss":0,"event_name":"Transmorgrifier","floor":14,"gold_loss":0,"cards_obtained":["After Image"]},{"damage_healed":0,"gold_gain":0,"player_choice":"Fought Bandits","damage_taken":0,"max_hp_gain":0,"max_hp_loss":0,"event_name":"Masked Bandits","floor":19,"gold_loss":0},{"damage_healed":22,"gold_gain":0,"player_choice":"Heal","damage_taken":0,"max_hp_gain":0,"max_hp_loss":0,"event_name":"The Library","floor":20,"gold_loss":0},{"damage_healed":0,"gold_gain":0,"player_choice":"Fight","damage_taken":0,"max_hp_gain":0,"max_hp_loss":0,"event_name":"Colosseum","floor":29,"gold_loss":0},{"damage_healed":0,"gold_gain":0,"player_choice":"Fought Nobs","damage_taken":0,"max_hp_gain":0,"max_hp_loss":0,"event_name":"Colosseum","floor":29,"gold_loss":0},{"cards_removed":["Defend_G"],"damage_healed":0,"gold_gain":0,"player_choice":"Card Removal","damage_taken":0,"max_hp_gain":0,"max_hp_loss":0,"event_name":"Wheel of Change","floor":30,"gold_loss":0},{"damage_healed":0,"gold_gain":0,"player_choice":"Memory 2","damage_taken":5,"max_hp_gain":0,"max_hp_loss":0,"event_name":"SensoryStone","floor":38,"gold_loss":0},{"damage_healed":0,"gold_gain":0,"player_choice":"Copied","damage_taken":0,"max_hp_gain":0,"max_hp_loss":0,"event_name":"Duplicator","floor":46,"gold_loss":0,"cards_obtained":["Reflex"]}],"is_beta":false,"boss_relics":[{"not_picked":["hubris:GrandSneckoEye","hubris:VirtuousBlindfold"],"picked":"Astrolabe"},{"not_picked":["Ring of the Serpent","hubris:TerracottaHorce"],"picked":"hubris:Backtick"}],"items_purged_floors":[2,21,36,47],"is_endless":false,"potions_floor_spawned":[5,7,13,18,25,28,29,39,41,44,48],"ascension_level":14}}