{"host":"gmh2c2g66mxmprnw","time":1610796127,"event":{"mods":["BaseMod","Better Match","Colored Powertips","Friendly Minions","Highlight Path","Infinite Spire","Minty Spire (QoL Compilation)","Quick Restart","Relic Sorter","Replay The Spire","Shop Mod","StSLib"],"gold_per_floor":[368,450,465,430,45,45,73,73,73,73,104,123,142,142,142,246,246,257,4,4,4,4,4,14,26,50,81,99,133,133,145,145,241,341,341,508,534,534,534],"floor_reached":38,"language":"ENG","playtime":2203,"items_purged":["Strike_G","Second Wind","Decay"],"score":541,"play_id":"e208b4e9-a81b-42ad-9237-4981e62b351f","local_time":"20210116022207","is_ascension_mode":true,"campfire_choices":[{"data":"ReplayTheSpireMod:LeadingStrike","floor":6.0,"key":"SMITH"},{"floor":8.0,"key":"REST"},{"data":"Bash","floor":10.0,"key":"SMITH"},{"floor":15.0,"key":"DIG"},{"data":"Brutality","floor":23.0,"key":"SMITH"},{"data":"Armaments","floor":23.0,"key":"SMITH"},{"floor":30.0,"key":"REST"},{"floor":32.0,"key":"REST"},{"data":"Limit Break","floor":35.0,"key":"SMITH"},{"data":"Bloodletting","floor":35.0,"key":"SMITH"}],"circlet_count":0,"master_deck":["Bash+1","Intimidate","ReplayTheSpireMod:LeadingStrike+1","Flex","Shrug It Off","Wild Strike","Armaments+1","Clothesline","Brutality+1","Spreading Infection","Fire Breathing","Rage","ReplayTheSpireMod:Splinters","Forethought","Riddle With Holes+1","Bludgeon","Double Energy+1","Whirlwind","Limit Break+1","Rip and Tear+1","Reaper","Rampage+1","Bloodletting+1","Dark Embrace","Rupture","ReplayTheSpireMod:Muscle Training+1"],"relics":["Iron Core","Cauldron","Counterbalance","Sizzling Blood","NlothsMask","Red Skull","Replay:Baseball","infinitespire:CursedDice","Replay:Wanted Poster","Busted Crown","MerchantsRug","Whetstone","Brimstone","ReplayTheSpireMod:Lightbulb"],"acts_visited":["Exordium","TheCity","TheEnding"],"potions_floor_usage":[],"damage_taken":[{"damage":5.0,"enemies":"Small Slimes","floor":1.0,"turns":3.0},{"damage":7.0,"enemies":"Jaw Worm","floor":3.0,"turns":5.0},{"damage":35.0,"enemies":"Lagavulin","floor":7.0,"turns":8.0},{"damage":43.0,"enemies":"Gremlin Nob","floor":11.0,"turns":5.0},{"damage":0.0,"enemies":"2 Louse","floor":12.0,"turns":2.0},{"damage":7.0,"enemies":"Looter","floor":13.0,"turns":3.0},{"damage":39.0,"enemies":"The Guardian","floor":16.0,"turns":12.0},{"damage":17.0,"enemies":"Chosen","floor":18.0,"turns":6.0},{"damage":19.0,"enemies":"Shell Parasite","floor":24.0,"turns":5.0},{"damage":22.0,"enemies":"Cultist and Chosen","floor":25.0,"turns":5.0},{"damage":27.0,"enemies":"Replay:Snechameleon","floor":27.0,"turns":5.0},{"damage":1.0,"enemies":"Snecko","floor":28.0,"turns":2.0},{"damage":0.0,"enemies":"Nightmare","floor":29.0,"turns":1.0},{"damage":24.0,"enemies":"Chosen and Byrds","floor":31.0,"turns":5.0},{"damage":52.0,"enemies":"Champ","floor":33.0,"turns":8.0},{"damage":76.0,"enemies":"Shield and Spear","floor":37.0,"turns":3.0},{"damage":21,"enemies":"The Heart","floor":38,"turns":5}],"seed_played":"3024720417935384542","potions_obtained":[{"floor":2.0,"key":"Doom Potion"},{"floor":2.0,"key":"ElixirPotion"},{"floor":2.0,"key":"SmokeBomb"},{"floor":12.0,"key":"ElixirPotion"},{"floor":16.0,"key":"SpeedPotion"},{"floor":18.0,"key":"Swift Potion"},{"floor":22.0,"key":"CultistPotion"},{"floor":22.0,"key":"Toxic Potion"},{"floor":22.0,"key":"Venom Potion"},{"floor":22.0,"key":"Dexterity Potion"},{"floor":22.0,"key":"Languid Potion"},{"floor":25.0,"key":"Weak Potion"},{"floor":27.0,"key":"Adrenaline Potion"},{"floor":29.0,"key":"Weak Potion"},{"floor":33.0,"key":"Energy Potion"}],"is_trial":false,"path_per_floor":["M","?","M","?","$","R","E","R","T","R","E","M","M","?","R","B",null,"M","$","?","?","AVR","R","M","M","T","E","M","NM","R","M","R","B",null,"R","$","E","B"],"character_chosen":"IRONCLAD","items_purchased":["Nunchaku","Dream Catcher","ReplayTheSpireMod:CursedCoin","MerchantsRug","Du-Vu Doll","Fire Breathing","Rupture","MerchantsRug","Whetstone","Brimstone"],"campfire_rested":3,"item_purchase_floors":[5,5,19,19,19,19,36,36,36,36],"current_hp_per_floor":[80,48,47,67,67,67,38,62,62,62,25,31,30,54,54,21,80,69,75,75,75,79,79,64,46,46,23,26,30,57,37,64,16,90,90,90,18,0,0],"gold":534,"neow_bonus":"TWO_FIFTY_GOLD","is_daily":false,"chose_seed":false,"campfire_upgraded":6,"win_rate":0.0,"timestamp":1610796127,"path_taken":["M","?","M","?","$","R","E","R","T","R","E","M","M","?","R","BOSS","M","$","?","?","AVR","R","?","M","T","E","M","NM","R","M","R","BOSS","R","$","E","BOSS"],"items_purchased_type":["Relic","Relic","Relic","Relic","Relic","Card","Card","Relic","Relic","Relic"],"build_version":"2020-12-22","purchased_purges":3,"victory":false,"max_hp_per_floor":[80,80,80,80,80,80,80,80,80,80,80,80,80,80,80,80,80,80,86,86,86,90,90,90,90,90,90,90,90,90,90,90,90,90,90,90,90,90,90],"card_choices":[{"not_picked":["ReplayTheSpireMod:Limb From Limb","Intimidate"],"picked":"Second Wind","floor":1.0},{"not_picked":["Replay:Undeath\u0027s Touch","Run Through"],"picked":"Intimidate","floor":2.0},{"not_picked":["Ghostly Armor","Thunderclap"],"picked":"ReplayTheSpireMod:LeadingStrike","floor":3.0},{"not_picked":["Iron Wave","Disarm"],"picked":"Flex","floor":7.0},{"not_picked":["Anger","Sword Boomerang"],"picked":"Shrug It Off","floor":8.0},{"not_picked":["Second Wind","Flex"],"picked":"Wild Strike","floor":11.0},{"not_picked":["Headbutt","Heavy Blade"],"picked":"Armaments","floor":12.0},{"not_picked":["Hemokinesis","Sever Soul"],"picked":"Clothesline","floor":13.0},{"not_picked":["Replay:Many Hands","Bludgeon"],"picked":"Brutality","floor":16.0},{"not_picked":["Replay:Undeath\u0027s Touch","Heavy Blade"],"picked":"Perfected Strike","floor":18.0},{"not_picked":["Indignation","Sucker Punch+1"],"picked":"Forethought","floor":24.0},{"not_picked":["Sever Soul+1","Double Energy"],"picked":"Riddle With Holes+1","floor":25.0},{"not_picked":["Cold Snap+1","PathToVictory"],"picked":"Bludgeon","floor":27.0},{"not_picked":["FIFO Queue","JustLucky"],"picked":"Double Energy+1","floor":29.0},{"not_picked":["Backflip","CrushJoints"],"picked":"Whirlwind","floor":31.0},{"not_picked":["Malaise","ReplayTheSpireMod:Brewmster"],"picked":"Limit Break","floor":33.0},{"not_picked":[],"picked":"ReplayTheSpireMod:Muscle Training+1","floor":37.0}],"player_experience":2216917,"relics_obtained":[{"floor":7.0,"key":"Pen Nib"},{"floor":9.0,"key":"Potion Belt"},{"floor":11.0,"key":"Darkstone Periapt"},{"floor":15.0,"key":"Replay:Bottled Flurry"},{"floor":26.0,"key":"Replay:Baseball"},{"floor":27.0,"key":"Juzu Bracelet"},{"floor":29.0,"key":"infinitespire:CursedDice"},{"floor":37.0,"key":"ReplayTheSpireMod:Lightbulb"}],"event_choices":[{"damage_healed":20.0,"max_hp_gain":0.0,"max_hp_loss":0.0,"gold_gain":0.0,"event_name":"The Cleric","player_choice":"Healed","floor":4.0,"gold_loss":35.0,"damage_taken":0.0},{"damage_healed":0.0,"max_hp_gain":0.0,"max_hp_loss":0.0,"gold_gain":0.0,"event_name":"The Library","player_choice":"Read","floor":20.0,"gold_loss":0.0,"damage_taken":0.0,"cards_obtained":["Rage"]}],"is_beta":false,"boss_relics":[{"not_picked":["Snecko Eye","SlaversCollar"],"picked":"Cursed Key"},{"not_picked":["Calling Bell","Empty Cage"],"picked":"Replay:Grab Bag"},{"not_picked":["Fusion Hammer","infinitespire:Cupcake"],"picked":"Replay:Wanted Poster"},{"not_picked":["Runic Dome","Coffee Dripper"],"picked":"Busted Crown"},{"not_picked":["Runic Cube","ReplayTheSpireMod:SealedPack"],"picked":"Pandora\u0027s Box"}],"items_purged_floors":[5,22,36],"is_endless":true,"potions_floor_spawned":[7,12,16,18,25,27,29,33],"killed_by":"The Heart","ascension_level":1}}