{"host":"tf5skwcwe0vlu2md","time":1610791621,"event":{"mods":["BaseMod","Downfall","Highlight Path","Minty Spire (QoL Compilation)","StSLib"],"gold_per_floor":[109,127,127,139,139,139,139,173,173,199,199,199,231,249,249,249,249],"floor_reached":16,"playtime":662,"items_purged":[],"score":185,"play_id":"57f48246-30fe-45e9-a7d9-b6961ea35030","local_time":"20210116210701","is_ascension_mode":true,"campfire_choices":[{"data":"Flex","floor":6.0,"key":"SMITH"},{"data":"Shrug It Off","floor":12.0,"key":"SMITH"},{"floor":15,"key":"REST"}],"circlet_count":0,"master_deck":["Strike_R","Strike_R","Strike_R","Strike_R","Strike_R","Defend_R","Defend_R","Defend_R","Defend_R","Bash","Thunderclap","Flex+1","Shrug It Off+1","Exhume+1","Havoc+1","Clothesline","Cleave"],"relics":["Burning Blood","Dead Branch","Toxic Egg 2","MealTicket"],"acts_visited":["Exordium"],"potions_floor_usage":[14],"damage_taken":[{"damage":1.0,"enemies":"Cultist","floor":1.0,"turns":3.0},{"damage":11.0,"enemies":"Jaw Worm","floor":2.0,"turns":4.0},{"damage":5.0,"enemies":"2 Louse","floor":4.0,"turns":2.0},{"damage":27.0,"enemies":"Gremlin Nob","floor":8.0,"turns":4.0},{"damage":40.0,"enemies":"3 Sentries","floor":10.0,"turns":6.0},{"damage":24.0,"enemies":"Lagavulin","floor":13.0,"turns":5.0},{"damage":12,"enemies":"2 Fungi Beasts","floor":14,"turns":3},{"damage":37,"enemies":"Slime Boss","floor":16,"turns":8}],"seed_played":"3670819236538625678","potions_obtained":[{"floor":4.0,"key":"AttackPotion"},{"floor":13,"key":"Swift Potion"}],"is_trial":false,"path_per_floor":["M","M","?","M","?","R","?","E","T","E","?","R","E","M","R","B"],"character_chosen":"IRONCLAD","items_purchased":[],"campfire_rested":1,"item_purchase_floors":[],"current_hp_per_floor":[88,83,88,89,89,89,89,68,68,34,34,34,16,10,37,0,0],"gold":249,"neow_bonus":"TEN_PERCENT_HP_BONUS","is_daily":false,"chose_seed":false,"campfire_upgraded":2,"win_rate":0.0,"timestamp":1610791621,"path_taken":["M","M","?","M","?","R","?","E","T","E","?","R","E","M","R","BOSS"],"items_purchased_type":[],"build_version":"2020-12-13","purchased_purges":0,"victory":false,"max_hp_per_floor":[88,88,93,93,93,93,93,93,93,93,93,93,93,93,93,93,93],"card_choices":[{"not_picked":["Iron Wave","Disarm"],"picked":"Thunderclap","floor":1.0},{"not_picked":["Clothesline","True Grit"],"picked":"Flex","floor":2.0},{"not_picked":["Heavy Blade","Metallicize"],"picked":"Shrug It Off","floor":4.0},{"not_picked":["Sword Boomerang","Heavy Blade"],"picked":"Exhume","floor":8.0},{"not_picked":["Headbutt","Fire Breathing"],"picked":"Havoc+1","floor":10.0},{"not_picked":["Fire Breathing","Corruption"],"picked":"Clothesline","floor":13},{"not_picked":["Sever Soul","Twin Strike"],"picked":"Cleave","floor":14}],"player_experience":187813,"relics_obtained":[{"floor":8.0,"key":"Dead Branch"},{"floor":10.0,"key":"Toxic Egg 2"},{"floor":13,"key":"MealTicket"}],"event_choices":[{"damage_healed":0.0,"max_hp_gain":5.0,"max_hp_loss":0.0,"gold_gain":0.0,"event_name":"Big Fish","player_choice":"Donut","floor":3.0,"gold_loss":0.0,"damage_taken":0.0},{"damage_healed":0.0,"max_hp_gain":0.0,"max_hp_loss":0.0,"gold_gain":0.0,"event_name":"The Cleric","player_choice":"Leave","floor":5.0,"gold_loss":0.0,"damage_taken":0.0},{"damage_healed":0.0,"max_hp_gain":0.0,"max_hp_loss":0.0,"gold_gain":0.0,"event_name":"Golden Wing","player_choice":"Ignored","floor":7.0,"gold_loss":0.0,"damage_taken":0.0},{"damage_healed":0.0,"max_hp_gain":0.0,"max_hp_loss":0.0,"gold_gain":0.0,"event_name":"Accursed Blacksmith","player_choice":"Forge","floor":11.0,"gold_loss":0.0,"damage_taken":0.0,"cards_upgraded":["Exhume"]}],"is_beta":false,"boss_relics":[],"items_purged_floors":[],"is_endless":false,"potions_floor_spawned":[4,13],"killed_by":"Slime Boss","ascension_level":2}}