{"host":"346rnf4ppo4s0s11","time":1610807835,"event":{"mods":["Aspiration","BaseMod","Energized Spire","Hubris","Minty Spire (QoL Compilation)","StSLib"],"gold_per_floor":[113,132,151,76,88,116,136,36,36,36,36],"floor_reached":10,"language":"ENG","playtime":555,"items_purged":["Strike_R","Defend_R"],"score":70,"play_id":"1acbdf32-9916-4269-8660-cf70315e0e0e","local_time":"20210116143715","is_ascension_mode":false,"campfire_choices":[],"circlet_count":0,"master_deck":["Strike_R","Strike_R","Defend_R","Defend_R","Defend_R","Bash","Pommel Strike","Iron Wave","Whirlwind","Flex","hubris:DuctTapeCard","Twin Strike"],"relics":["Burning Blood","NeowsBlessing","hubris:DuctTape","Darkstone Periapt"],"acts_visited":["Exordium"],"potions_floor_usage":[6],"damage_taken":[{"damage":0,"enemies":"2 Louse","floor":1,"turns":1},{"damage":0,"enemies":"Jaw Worm","floor":2,"turns":1},{"damage":0,"enemies":"Cultist","floor":3,"turns":1},{"damage":0,"enemies":"3 Louse","floor":5,"turns":1},{"damage":44,"enemies":"3 Sentries","floor":6,"turns":8},{"damage":25,"enemies":"Exordium Thugs","floor":7,"turns":5},{"damage":31,"enemies":"Lagavulin","floor":10,"turns":3}],"seed_played":"-9009853264674478037","potions_obtained":[{"floor":5,"key":"AttackPotion"}],"is_trial":false,"path_per_floor":["M","M","M","$","M","E","M","$","T","E"],"character_chosen":"IRONCLAD","items_purchased":[],"campfire_rested":0,"item_purchase_floors":[],"current_hp_per_floor":[80,80,80,80,80,42,23,23,23,0,0],"gold":36,"neow_bonus":"THREE_ENEMY_KILL","is_daily":false,"chose_seed":false,"campfire_upgraded":0,"win_rate":0.0,"timestamp":1610807835,"path_taken":["M","M","M","$","M","E","M","$","T","E"],"items_purchased_type":[],"build_version":"2020-12-22","purchased_purges":2,"victory":false,"max_hp_per_floor":[80,80,80,80,80,80,80,80,80,80,80],"card_choices":[{"not_picked":["True Grit","Shrug It Off"],"picked":"Pommel Strike","floor":1},{"not_picked":["Perfected Strike","Anger"],"picked":"Iron Wave","floor":2},{"not_picked":["Thunderclap","Dual Wield"],"picked":"Whirlwind","floor":3},{"not_picked":["Clothesline","Iron Wave"],"picked":"Flex","floor":5},{"not_picked":["Headbutt","Uppercut"],"picked":"Twin Strike","floor":6},{"not_picked":["Heavy Blade","Perfected Strike","Reckless Charge"],"picked":"SKIP","floor":7}],"player_experience":3258,"relics_obtained":[{"floor":6,"key":"hubris:DuctTape"},{"floor":9,"key":"Darkstone Periapt"}],"event_choices":[],"is_beta":false,"boss_relics":[],"items_purged_floors":[4,8],"is_endless":false,"potions_floor_spawned":[5],"killed_by":"Lagavulin","ascension_level":0}}