{"host":"rfig31diolzjwfq0","time":1610809102,"event":{"mods":["AchievementEnabler","BaseMod","Colored Map","Colored Powertips","Downfall","Googly Eyes","Highlight Path","Minty Spire (QoL Compilation)","Relic Stats","StSLib"],"gold_per_floor":[99,111,130,280,295,323,346,346,346,361,377,388,388,388,408,408,408],"floor_reached":16,"language":"ENG","playtime":948,"items_purged":[],"score":104,"play_id":"d99b8779-dc2e-40b8-a0f0-379515a3a4c9","local_time":"20210116085822","is_ascension_mode":false,"campfire_choices":[{"data":"bronze:Replicate","floor":1,"key":"SMITH"},{"data":"bronze:HardenedForm","floor":8,"key":"SMITH"},{"floor":13,"key":"REST"}],"circlet_count":0,"master_deck":["bronze:Strike","bronze:Strike","bronze:Strike","bronze:Strike","bronze:Defend","bronze:Defend","bronze:Defend","bronze:Defend","bronze:Replicate+1","bronze:Goto","bronze:DelayedGuard","bronze:WhirlingStrike","downfall:Icky","bronze:Flail","bronze:HardenedForm+1","bronze:CutThrough","bronze:DelayedGuard"],"relics":["bronze:BronzeCore","Pen Nib","Potion Belt","downfall:BrokenWingStatue"],"acts_visited":["Exordium"],"potions_floor_usage":[],"damage_taken":[{"damage":0,"enemies":"2 Louse","floor":2,"turns":3},{"damage":0,"enemies":"Cultist","floor":3,"turns":4},{"damage":6,"enemies":"Jaw Worm","floor":5,"turns":4},{"damage":12,"enemies":"Gremlin Nob","floor":6,"turns":4},{"damage":20,"enemies":"Red Slaver","floor":10,"turns":5},{"damage":7,"enemies":"Exordium Wildlife","floor":11,"turns":2},{"damage":6,"enemies":"Gremlin Gang","floor":12,"turns":3},{"damage":7,"enemies":"Exordium Thugs","floor":15,"turns":3},{"damage":50,"enemies":"IC_STATUS_ARCHETYPE","floor":16,"turns":8}],"seed_played":"-6684137334636676721","potions_obtained":[{"floor":6,"key":"SkillPotion"},{"floor":9,"key":"downfall:CursedFountainPotion"},{"floor":11,"key":"SteroidPotion"},{"floor":12,"key":"Ancient Potion"},{"floor":15,"key":"SpeedPotion"}],"is_trial":false,"path_per_floor":["R","M","M","?","M","E","T","R","?","M","M","M","R","?","M","B"],"character_chosen":"THE_AUTOMATON","items_purchased":[],"campfire_rested":1,"item_purchase_floors":[],"current_hp_per_floor":[77,77,77,77,71,59,59,59,59,39,32,26,49,49,42,0,0],"gold":408,"neow_bonus":"TEN_PERCENT_HP_BONUS","is_daily":false,"chose_seed":false,"campfire_upgraded":2,"win_rate":0.0,"timestamp":1610809102,"path_taken":["R","M","M","?","M","E","T","R","?","?","M","M","R","?","M","BOSS"],"items_purchased_type":[],"build_version":"2020-12-22","purchased_purges":0,"victory":false,"max_hp_per_floor":[77,77,77,77,77,77,77,77,77,77,77,77,77,77,77,77,77],"relic_stats":{"counters":[9,36],"Pen Nib":[3],"obtain_stats":[{"Potion Belt":7,"bronze:BronzeCore":0,"downfall:BrokenWingStatue":14,"Pen Nib":6},{"Potion Belt":4,"bronze:BronzeCore":0,"downfall:BrokenWingStatue":7,"Pen Nib":4},{"Potion Belt":15,"bronze:BronzeCore":0,"downfall:BrokenWingStatue":25,"Pen Nib":15}]},"card_choices":[{"not_picked":["bronze:Invalidate","bronze:Overload"],"picked":"bronze:DelayedGuard","floor":2},{"not_picked":["bronze:BugBarrage","bronze:Branch"],"picked":"bronze:WhirlingStrike","floor":3},{"not_picked":["bronze:BitShift","bronze:Iterate"],"picked":"bronze:Flail","floor":5},{"not_picked":["bronze:Deprecate","bronze:Turbo"],"picked":"bronze:HardenedForm","floor":6},{"not_picked":["bronze:FineTuning","bronze:BuggyMess","bronze:Iterate"],"picked":"SKIP","floor":10},{"not_picked":["bronze:BitShift","bronze:Break"],"picked":"bronze:CutThrough","floor":11},{"not_picked":["bronze:BugBarrage","bronze:WildBeam","bronze:WhirlingStrike"],"picked":"SKIP","floor":12},{"not_picked":["bronze:BronzeOrb","bronze:OilSpill"],"picked":"bronze:DelayedGuard","floor":15}],"player_experience":235238,"relics_obtained":[{"floor":6,"key":"Pen Nib"},{"floor":7,"key":"Potion Belt"}],"event_choices":[],"is_beta":false,"boss_relics":[],"items_purged_floors":[],"is_endless":false,"potions_floor_spawned":[6,11,12,15],"killed_by":"IC_STATUS_ARCHETYPE","ascension_level":0}}