{"host":"wbdly04l9mkn9nrc","time":1610793374,"event":{"mods":["AchievementEnabler","BaseMod","BetterRewards","Minty Spire (QoL Compilation)","Replay The Spire","StSLib","[IsaacMod]ÒÔÈö¼âËþ"],"gold_per_floor":[116,191,7,22,22,22,56,56,80,80,80,105,105,141,141,227,236,247,274,274,289,35,71,84,119,119,119,119,128,128,142,142,222,222,247,295,310,19,34,34,76,86,165,165,226,226,261,286,286,286],"floor_reached":51,"language":"ZHS","playtime":2699,"items_purged":["Strike_P","Strike_P"],"score":1944,"play_id":"a1e280dc-0db7-4cf4-9353-99f28152e2e9","local_time":"20210116183614","is_ascension_mode":true,"campfire_choices":[{"data":"Eruption","floor":6.0,"key":"SMITH"},{"data":"EpicFetus","floor":11.0,"key":"SMITH"},{"floor":13.0,"key":"REST"},{"data":"ForeignInfluence","floor":15.0,"key":"SMITH"},{"floor":28.0,"key":"REST"},{"data":"Worship","floor":30.0,"key":"SMITH"},{"data":"Devotion","floor":32.0,"key":"SMITH"},{"floor":40.0,"key":"REST"},{"data":"CrushJoints","floor":44.0,"key":"SMITH"},{"data":"TalkToTheHand","floor":46.0,"key":"SMITH"},{"floor":49.0,"key":"REST"}],"circlet_count":0,"master_deck":["AscendersBane","Strike_P","Strike_P","Defend_P","Defend_P","Defend_P+1","Defend_P+1","Eruption+1","Vigilance","EpicFetus+1","Brilliance","FearNoEvil+1","Indignation","CrushJoints+1","Replay:DivineShield+1","ReachHeaven","ForeignInfluence+1","InnerPeace","Devotion+1","LessonLearned+1","Worship+1","ThirdEye","TalkToTheHand+1","RitualDagger","Scrawl+1","Prostrate","Collect+1","Wallop+1","Protect+1","Swivel+1"],"relics":["PureWater","HushsDoor","TheBible","Habit","Chameleon Ring","InkBottle","Membership Card","Centennial Puzzle","Omamori","CeramicFish","CultistMask","Smiling Mask","MagicMushroom","Kunai","Chaos","MoneyPower","TeardropLocket","Ginger","Enchiridion","GoldenEye","Counterbalance","Bottled Lightning","Frozen Egg 2","Molten Egg 2","Toxic Egg 2","Black Star","Golden Egg","Replay:Mystery Machine"],"acts_visited":["Exordium","TheCity","TheBeyond"],"potions_floor_usage":[50],"damage_taken":[{"damage":0.0,"enemies":"Cultist","floor":1.0,"turns":3.0},{"damage":6.0,"enemies":"Jaw Worm","floor":4.0,"turns":3.0},{"damage":28.0,"enemies":"Lagavulin","floor":7.0,"turns":4.0},{"damage":18.0,"enemies":"Small Slimes","floor":12.0,"turns":2.0},{"damage":4.0,"enemies":"Gremlin Nob","floor":14.0,"turns":3.0},{"damage":0.0,"enemies":"Fading Forest","floor":16.0,"turns":11.0},{"damage":5.0,"enemies":"Shell Parasite","floor":18.0,"turns":3.0},{"damage":0.0,"enemies":"Spheric Guardian","floor":19.0,"turns":2.0},{"damage":3.0,"enemies":"3 Cultists","floor":21.0,"turns":3.0},{"damage":0.0,"enemies":"Gremlin Leader","floor":23.0,"turns":2.0},{"damage":5.0,"enemies":"Chosen and Byrds","floor":24.0,"turns":5.0},{"damage":10.0,"enemies":"Replay:Snechameleon","floor":25.0,"turns":5.0},{"damage":4.0,"enemies":"Cultist and Chosen","floor":31.0,"turns":3.0},{"damage":15.0,"enemies":"Automaton","floor":33.0,"turns":8.0},{"damage":24.0,"enemies":"3 Darklings","floor":35.0,"turns":3.0},{"damage":0.0,"enemies":"3 Shapes","floor":37.0,"turns":3.0},{"damage":0.0,"enemies":"Writhing Mass","floor":39.0,"turns":3.0},{"damage":0.0,"enemies":"Nemesis","floor":41.0,"turns":3.0},{"damage":0.0,"enemies":"Spire Growth","floor":42.0,"turns":3.0},{"damage":19.0,"enemies":"2 Orb Walkers","floor":45.0,"turns":4.0},{"damage":2.0,"enemies":"Reptomancer","floor":47.0,"turns":4.0},{"damage":13.0,"enemies":"Maw","floor":48.0,"turns":5.0},{"damage":37,"enemies":"Awakened One","floor":50,"turns":9}],"seed_played":"4368106935331504442","potions_obtained":[{"floor":1.0,"key":"Regen Potion"},{"floor":8.0,"key":"Ambrosia"},{"floor":8.0,"key":"DuplicationPotion"},{"floor":23.0,"key":"EssenceOfSteel"}],"is_trial":false,"path_per_floor":["M","T","$","M","?","R","E","?","T","?","R","M","R","E","R","B",null,"M","M","?","M","$","E","M","E","T","?","R","?","R","M","R","B",null,"M","?","M","$","M","R","E","M","T","R","?","R","E","M","R","B",null],"character_chosen":"WATCHER","items_purchased":["Habit","Chameleon Ring","Brilliance","FearNoEvil","BlessingOfTheForge","Membership Card","CrushJoints","LessonLearned","Kunai","Chaos","Bottled Lightning","Frozen Egg 2"],"campfire_rested":4,"item_purchase_floors":[0,0,0,0,0,3,3,17,22,22,38,38],"current_hp_per_floor":[40,40,40,34,34,34,24,24,24,24,24,6,26,22,22,22,61,57,58,58,56,56,57,53,44,44,28,49,43,43,40,40,26,60,37,37,38,38,39,60,61,62,62,62,44,44,43,31,52,16],"gold":286,"neow_bonus":"","is_daily":false,"chose_seed":false,"campfire_upgraded":7,"win_rate":0.0,"timestamp":1610793374,"path_taken":["M","?","$","M","?","R","E","?","T","?","R","M","R","E","R","BOSS","M","?","?","?","$","E","M","E","T","?","R","?","R","M","R","BOSS","M","?","M","$","M","R","E","M","T","R","?","R","E","M","R","BOSS"],"items_purchased_type":["Relic","Relic","Card","Card","Potion","Relic","Card","Card","Relic","Card","Relic","Relic"],"build_version":"2020-12-22","purchased_purges":2,"victory":true,"max_hp_per_floor":[68,68,68,68,68,68,68,68,68,68,68,68,68,68,68,68,71,71,71,71,71,71,71,71,71,71,71,71,71,71,71,71,71,71,71,71,71,71,71,71,71,71,71,71,71,71,71,71,71,71],"card_choices":[{"not_picked":[],"picked":"EpicFetus","floor":0.0},{"not_picked":["JustLucky","PathToVictory"],"picked":"Indignation","floor":1.0},{"not_picked":["Protect","Replay:ManipulateFuture"],"picked":"Replay:DivineShield","floor":4.0},{"not_picked":["Replay:DivineShield","WaveOfTheHand"],"picked":"ReachHeaven","floor":7.0},{"not_picked":["Prostrate","Replay:DivineShield"],"picked":"ForeignInfluence","floor":12.0},{"not_picked":["Halt","FollowUp"],"picked":"InnerPeace","floor":14.0},{"not_picked":["Replay:AllIn","Brilliance"],"picked":"Devotion","floor":16.0},{"not_picked":["Consecrate","FlyingSleeves","Replay:AtTheReady"],"picked":"SKIP","floor":18.0},{"not_picked":["Study","Indignation"],"picked":"Worship","floor":19.0},{"not_picked":["SashWhip","Consecrate","WaveOfTheHand"],"picked":"SKIP","floor":21.0},{"not_picked":["PathToVictory","Replay:ManipulateFuture"],"picked":"ThirdEye","floor":23.0},{"not_picked":["PathToVictory","Blasphemy","SashWhip"],"picked":"SKIP","floor":24.0},{"not_picked":["CutThroughFate","Indignation"],"picked":"TalkToTheHand","floor":25.0},{"not_picked":["BowlingBash","Replay:ManipulateFuture","Halt"],"picked":"SKIP","floor":31.0},{"not_picked":["Establishment","Judgement"],"picked":"Scrawl","floor":33.0},{"not_picked":["Consecrate+1","BowlingBash"],"picked":"Prostrate","floor":35.0},{"not_picked":["CrushJoints","JustLucky"],"picked":"Collect+1","floor":36.0},{"not_picked":["InnerPeace","Consecrate","DeceiveReality+1"],"picked":"SKIP","floor":37.0},{"not_picked":["PathToVictory","Replay:Anticipation","ClearTheMind"],"picked":"SKIP","floor":39.0},{"not_picked":["Perseverance","ClearTheMind"],"picked":"Wallop+1","floor":41.0},{"not_picked":["ThirdEye","CrushJoints+1","FlyingSleeves+1"],"picked":"SKIP","floor":42.0},{"not_picked":["MentalFortress+1","SandsOfTime+1"],"picked":"Protect+1","floor":45.0},{"not_picked":["Swivel+1","CrushJoints+1","WaveOfTheHand+1"],"picked":"SKIP","floor":47.0},{"not_picked":["Devotion+1","Replay:BluntJabs+1"],"picked":"Swivel+1","floor":48.0}],"player_experience":250438,"relics_obtained":[{"floor":2.0,"key":"InkBottle"},{"floor":7.0,"key":"Omamori"},{"floor":9.0,"key":"CeramicFish"},{"floor":14.0,"key":"Smiling Mask"},{"floor":23.0,"key":"MoneyPower"},{"floor":25.0,"key":"TeardropLocket"},{"floor":26.0,"key":"Ginger"},{"floor":27.0,"key":"Enchiridion"},{"floor":36.0,"key":"Counterbalance"},{"floor":41.0,"key":"Molten Egg 2"},{"floor":43.0,"key":"Toxic Egg 2"},{"floor":45.0,"key":"Black Star"},{"floor":47.0,"key":"Golden Egg"},{"floor":47.0,"key":"Replay:Mystery Machine"}],"event_choices":[{"damage_healed":0.0,"max_hp_gain":0.0,"max_hp_loss":0.0,"gold_gain":0.0,"event_name":"WeMeetAgain","player_choice":"Gave Potion","floor":5.0,"gold_loss":0.0,"damage_taken":0.0,"relics_obtained":["Centennial Puzzle"]},{"damage_healed":0.0,"max_hp_gain":0.0,"max_hp_loss":0.0,"gold_gain":0.0,"event_name":"Lab","player_choice":"Got Potions","floor":8.0,"gold_loss":0.0,"damage_taken":0.0},{"damage_healed":0.0,"max_hp_gain":0.0,"max_hp_loss":0.0,"gold_gain":0.0,"event_name":"FaceTrader","player_choice":"Trade","floor":10.0,"gold_loss":0.0,"damage_taken":0.0,"relics_obtained":["CultistMask"]},{"damage_healed":0.0,"max_hp_gain":0.0,"max_hp_loss":0.0,"gold_gain":0.0,"event_name":"Cursed Tome","player_choice":"Obtained Book","floor":27.0,"gold_loss":0.0,"damage_taken":16.0},{"damage_healed":0.0,"max_hp_gain":0.0,"max_hp_loss":0.0,"gold_gain":0.0,"event_name":"Nest","player_choice":"Joined the Cult","floor":29.0,"gold_loss":0.0,"damage_taken":6.0,"cards_obtained":["RitualDagger"]},{"damage_healed":0.0,"max_hp_gain":0.0,"max_hp_loss":0.0,"gold_gain":0.0,"event_name":"Mysterious Sphere","player_choice":"Fight","floor":45.0,"gold_loss":0.0,"damage_taken":0.0}],"is_beta":false,"boss_relics":[{"not_picked":["Empty Cage","Honey Jar"],"picked":"MagicMushroom"},{"not_picked":[]},{"not_picked":["GnawedLeaf","MyShadow"],"picked":"GoldenEye"},{"not_picked":[]}],"items_purged_floors":[22,38],"is_endless":false,"potions_floor_spawned":[1,14,23,24,31,33,37,42,45,47],"ascension_level":14}}