{"host":"dr41nvulj7sfoe6v","time":1610811369,"event":{"mods":["AchievementEnabler","BaseMod","Better Altar","Better Match","Better Note","Better Sensory Stone","Better Skull","Better Third Choice","Colored Map","Colored Powertips","Curses Come First","Dark Map","Minty Spire (QoL Compilation)","Poor People Problems","Rare Cards Sparkle","Replay The Spire","StSLib"],"gold_per_floor":[112,124,124,174,186,219,219,231,280,280,280],"floor_reached":10,"language":"ENG","playtime":470,"items_purged":[],"score":68,"play_id":"e4d5bbe9-2871-46d8-8814-93ddc45f491c","local_time":"20210116103609","is_ascension_mode":false,"campfire_choices":[],"circlet_count":0,"master_deck":["Strike_G","Strike_G","Strike_G","Strike_G","Defend_G","Defend_G","Defend_G","Defend_G","Defend_G","Survivor","Neutralize","Deadly Poison","Dagger Spray","ReplayTheSpireMod:Scrap Shanks+1","Voices","Caltrops","Heel Hook","Slice"],"relics":["Ring of the Snake","NeowsBlessing","Ring of Hypnosis","Ring of Greed","Membership Card","Replay:Wax Seal","Replay:Ringing Soul","NlothsMask"],"acts_visited":[],"potions_floor_usage":[6,8,10],"damage_taken":[{"damage":0,"enemies":"Jaw Worm","floor":1,"turns":1},{"damage":0,"enemies":"Small Slimes","floor":2,"turns":1},{"damage":0,"enemies":"Cultist","floor":5,"turns":1},{"damage":19,"enemies":"Lagavulin","floor":6,"turns":9},{"damage":11,"enemies":"Large Slime","floor":8,"turns":7},{"damage":190,"enemies":"Gremlin Nob","floor":10,"turns":5}],"seed_played":"-134229313500782086","potions_obtained":[{"floor":2,"key":"FearPotion"},{"floor":5,"key":"Languid Potion"},{"floor":6,"key":"SneckoOil"}],"is_trial":false,"path_per_floor":["M","M","?","?","M","E","?","M","T","E"],"character_chosen":"THE_SILENT","items_purchased":[],"campfire_rested":0,"item_purchase_floors":[],"current_hp_per_floor":[70,70,70,70,70,54,54,46,49,0,0],"gold":280,"neow_bonus":"THREE_ENEMY_KILL","is_daily":false,"chose_seed":false,"campfire_upgraded":0,"win_rate":0.0,"timestamp":1610811369,"path_taken":["M","M","?","?","M","E","?","?","T","E"],"items_purchased_type":[],"build_version":"2020-12-22","purchased_purges":0,"victory":false,"max_hp_per_floor":[70,70,70,70,70,73,73,76,79,79,79],"card_choices":[{"not_picked":["Flechettes","ReplayTheSpireMod:Scrap Shanks"],"picked":"Deadly Poison","floor":1},{"not_picked":["Masterful Stab","Dodge and Roll"],"picked":"Dagger Spray","floor":2},{"not_picked":["Deadly Poison","Sneak Up"],"picked":"Caltrops","floor":5},{"not_picked":["Quick Slash","Riddle With Holes"],"picked":"Heel Hook","floor":6},{"not_picked":["Deadly Poison","Expertise"],"picked":"Slice","floor":8}],"player_experience":3825,"relics_obtained":[{"floor":4,"key":"Ring of Hypnosis"},{"floor":4,"key":"Ring of Greed"},{"floor":4,"key":"Membership Card"},{"floor":4,"key":"Replay:Wax Seal"},{"floor":6,"key":"Replay:Ringing Soul"}],"event_choices":[{"damage_healed":0,"gold_gain":0,"player_choice":"Trade","damage_taken":0,"relics_obtained":["NlothsMask"],"max_hp_gain":0,"max_hp_loss":0,"event_name":"FaceTrader","floor":7,"gold_loss":0}],"is_beta":false,"boss_relics":[],"items_purged_floors":[],"is_endless":false,"potions_floor_spawned":[2,5,6],"killed_by":"Gremlin Nob","ascension_level":0}}