{"host":"760a56s19xsdubqb","time":1610834067,"event":{"mods":["BaseMod","Minty Spire (QoL Compilation)","Quick Restart","Remove Card Discount Mod","StSLib"],"gold_per_floor":[112,123,123,15,27,57,70,70,96,96,115,115,131,75,75,173,173,184,184,90,106,106,136,136,136,136,161,161,161,191,209,209,209,209],"floor_reached":33,"language":"ENG","playtime":1206,"items_purged":["Strike_P","Strike_P","Strike_P","Strike_P"],"score":344,"play_id":"93ef9ed3-f010-4668-8281-e1e291afd272","local_time":"20210116165427","is_ascension_mode":true,"campfire_choices":[{"floor":8,"key":"REST"},{"floor":12,"key":"REST"},{"floor":15,"key":"RECALL"},{"data":"Dramatic Entrance","floor":24,"key":"SMITH"},{"data":"DevaForm","floor":32,"key":"SMITH"}],"circlet_count":0,"master_deck":["Defend_P","Defend_P","Defend_P","Defend_P","Eruption","Vigilance","Consecrate","BowlingBash","EmptyFist","Wallop+1","SashWhip","SandsOfTime","SandsOfTime","DeceiveReality","Consecrate","DevaForm+1","WindmillStrike","Dramatic Entrance+1","Wallop","Regret","LessonLearned","Evaluate+1","Halt"],"relics":["PureWater","NeowsBlessing","Bronze Scales","PreservedInsect","Cursed Key","MutagenicStrength","MealTicket","Letter Opener","Juzu Bracelet","Regal Pillow"],"acts_visited":["Exordium","TheCity"],"potions_floor_usage":[31],"damage_taken":[{"damage":0,"enemies":"Cultist","floor":1,"turns":1},{"damage":0,"enemies":"Small Slimes","floor":2,"turns":1},{"damage":0,"enemies":"2 Louse","floor":5,"turns":1},{"damage":25,"enemies":"Lagavulin","floor":6,"turns":7},{"damage":0,"enemies":"Exordium Wildlife","floor":7,"turns":3},{"damage":27,"enemies":"Large Slime","floor":11,"turns":4},{"damage":0,"enemies":"2 Fungi Beasts","floor":13,"turns":3},{"damage":20,"enemies":"Slime Boss","floor":16,"turns":10},{"damage":16,"enemies":"2 Thieves","floor":18,"turns":3},{"damage":0,"enemies":"Spheric Guardian","floor":21,"turns":3},{"damage":25,"enemies":"Slavers","floor":23,"turns":3},{"damage":0,"enemies":"Gremlin Leader","floor":27,"turns":2},{"damage":12,"enemies":"Book of Stabbing","floor":30,"turns":2},{"damage":0,"enemies":"Shelled Parasite and Fungi","floor":31,"turns":1},{"damage":51,"enemies":"Automaton","floor":33,"turns":6}],"seed_played":"6387956309470768529","potions_obtained":[{"floor":2,"key":"PowerPotion"},{"floor":3,"key":"ColorlessPotion"},{"floor":3,"key":"BlessingOfTheForge"},{"floor":11,"key":"Regen Potion"}],"is_trial":false,"path_per_floor":["M","M","?","$","M","E","M","R","T","?","M","R","M","$","R","B",null,"M","?","$","M","?","E","R","$","T","E","?","?","E","M","R","B"],"character_chosen":"WATCHER","items_purchased":["EmptyFist","Wallop","Consecrate","Dramatic Entrance"],"campfire_rested":2,"item_purchase_floors":[4,4,14,20],"current_hp_per_floor":[72,72,72,72,72,47,47,68,68,68,41,62,62,62,62,42,72,56,72,72,72,72,47,47,62,62,62,62,62,50,50,50,0,0],"gold":209,"neow_bonus":"THREE_ENEMY_KILL","is_daily":false,"chose_seed":false,"campfire_upgraded":2,"win_rate":0.0,"timestamp":1610834067,"path_taken":["M","?","?","?","M","E","M","R","T","?","M","R","M","$","R","BOSS","M","?","$","M","?","E","R","?","T","E","?","?","E","M","R","BOSS"],"items_purchased_type":["Card","Card","Card","Card"],"build_version":"2020-12-22","purchased_purges":4,"victory":false,"max_hp_per_floor":[72,72,72,72,72,72,72,72,72,72,72,72,72,72,72,72,72,72,72,72,72,72,72,72,72,72,72,72,72,72,72,72,72,72],"card_choices":[{"not_picked":["ThirdEye","Pray"],"picked":"Consecrate","floor":1},{"not_picked":["BattleHymn","Wireheading"],"picked":"BowlingBash","floor":2},{"not_picked":["Prostrate","InnerPeace"],"picked":"SashWhip","floor":5},{"not_picked":["Study","JustLucky"],"picked":"SandsOfTime","floor":6},{"not_picked":["JustLucky","Fasting2"],"picked":"SandsOfTime","floor":7},{"not_picked":["Alpha","Wireheading"],"picked":"DeceiveReality","floor":11},{"not_picked":["Prostrate","BowlingBash","Collect"],"picked":"SKIP","floor":13},{"not_picked":["Devotion","ConjureBlade"],"picked":"DevaForm","floor":16},{"not_picked":["WheelKick","ThirdEye"],"picked":"WindmillStrike","floor":18},{"not_picked":["FlyingSleeves","CrushJoints","Halt"],"picked":"SKIP","floor":21},{"not_picked":["FlyingSleeves","ThirdEye+1"],"picked":"Wallop","floor":23},{"not_picked":["Crescendo+1","Judgement"],"picked":"LessonLearned","floor":27},{"not_picked":["Sanctity","LikeWater"],"picked":"Evaluate+1","floor":30},{"not_picked":["TalkToTheHand","Sanctity"],"picked":"Halt","floor":31}],"player_experience":954499,"relics_obtained":[{"floor":6,"key":"Bronze Scales"},{"floor":9,"key":"PreservedInsect"},{"floor":23,"key":"MealTicket"},{"floor":26,"key":"Letter Opener"},{"floor":27,"key":"Juzu Bracelet"},{"floor":30,"key":"Regal Pillow"}],"event_choices":[{"damage_healed":0,"gold_gain":0,"player_choice":"Got Potions","damage_taken":0,"max_hp_gain":0,"max_hp_loss":0,"event_name":"Lab","floor":3,"gold_loss":0},{"damage_healed":0,"gold_gain":0,"player_choice":"Grow","damage_taken":0,"max_hp_gain":0,"max_hp_loss":0,"event_name":"Living Wall","floor":10,"gold_loss":0,"cards_upgraded":["Wallop"]},{"damage_healed":24,"gold_gain":0,"player_choice":"Heal","damage_taken":0,"max_hp_gain":0,"max_hp_loss":0,"event_name":"The Library","floor":19,"gold_loss":0},{"damage_healed":0,"gold_gain":0,"player_choice":"Inject Mutagens","damage_taken":0,"relics_obtained":["MutagenicStrength"],"max_hp_gain":0,"max_hp_loss":0,"event_name":"Drug Dealer","floor":22,"gold_loss":0},{"damage_healed":0,"gold_gain":0,"player_choice":"Ignored","damage_taken":0,"max_hp_gain":0,"max_hp_loss":0,"event_name":"Ghosts","floor":28,"gold_loss":0},{"damage_healed":0,"gold_gain":0,"player_choice":"Ignored","damage_taken":0,"max_hp_gain":0,"max_hp_loss":0,"event_name":"Fountain of Cleansing","floor":29,"gold_loss":0}],"is_beta":false,"boss_relics":[{"not_picked":["Runic Pyramid","Calling Bell"],"picked":"Cursed Key"}],"items_purged_floors":[4,4,4,14],"is_endless":false,"potions_floor_spawned":[2,7,11,16,18,27],"killed_by":"Automaton","ascension_level":1}}