{"host":"f5gffvlv6a66yqkd","time":1610820417,"event":{"mods":["2.2 Compatiblity","Alarm Clock","BaseMod","Colored Map","Custom Start","DeckTracker","Keyboard Shortcuts","Minty Spire (QoL Compilation)","Permanent Neow","Quick Restart","Relic Stats","StSLib","SuperFastMode"],"gold_per_floor":[114,114,126,136,149,165,165,198,198,225,52,52,87,97,97,173,173,186,186,186,111,111,111,124,124,171,171,85,85,97,115,115,189,189,206,49,49,49,62,62,87,87,112,112,129,4,34,49,49,49,49],"floor_reached":50,"language":"KOR","playtime":1465,"items_purged":["Strike_P","Strike_P","Strike_P"],"score":1116,"play_id":"e9bec847-f669-4242-9ebf-f482cfc73dcb","local_time":"20210117030657","is_ascension_mode":true,"campfire_choices":[{"data":"Eruption","floor":7.0,"key":"SMITH"},{"data":"ForeignInfluence","floor":12.0,"key":"SMITH"},{"data":"EmptyFist","floor":15.0,"key":"SMITH"},{"data":"Wallop","floor":23.0,"key":"SMITH"},{"data":"Halt","floor":25.0,"key":"SMITH"},{"data":"CutThroughFate","floor":27.0,"key":"SMITH"},{"data":"TalkToTheHand","floor":29.0,"key":"SMITH"},{"data":"Indignation","floor":32.0,"key":"SMITH"},{"data":"Vault","floor":40.0,"key":"SMITH"},{"data":"DeceiveReality","floor":42.0,"key":"SMITH"},{"data":"Vault","floor":44.0,"key":"SMITH"},{"floor":49,"key":"RECALL"}],"circlet_count":0,"master_deck":["AscendersBane","Strike_P","Defend_P","Defend_P","Defend_P+1","Eruption+1","Vigilance","CutThroughFate+1","ForeignInfluence+1","EmptyFist+1","Consecrate","Halt+1","Indignation+1","Vault+1","Wallop+1","Vault+1","TalkToTheHand+1","Dark Shackles","Secret Technique","Secret Weapon+1","DeceiveReality+1","Establishment"],"relics":["PureWater","Oddly Smooth Stone","HornCleat","Ornamental Fan","Odd Mushroom","OrangePellets","Happy Flower","SacredBark","VioletLotus","War Paint","Lizard Tail","Pen Nib","PreservedInsect"],"acts_visited":["Exordium","TheCity","TheBeyond"],"potions_floor_usage":[50],"damage_taken":[{"damage":0.0,"enemies":"Small Slimes","floor":1.0,"turns":4.0},{"damage":0.0,"enemies":"Cultist","floor":3.0,"turns":2.0},{"damage":6.0,"enemies":"Jaw Worm","floor":4.0,"turns":2.0},{"damage":0.0,"enemies":"Large Slime","floor":5.0,"turns":3.0},{"damage":0.0,"enemies":"Looter","floor":6.0,"turns":3.0},{"damage":0.0,"enemies":"3 Sentries","floor":8.0,"turns":1.0},{"damage":2.0,"enemies":"The Mushroom Lair","floor":10.0,"turns":4.0},{"damage":4.0,"enemies":"Gremlin Nob","floor":13.0,"turns":3.0},{"damage":0.0,"enemies":"Lots of Slimes","floor":14.0,"turns":3.0},{"damage":41.0,"enemies":"The Guardian","floor":16.0,"turns":8.0},{"damage":0.0,"enemies":"Chosen","floor":18.0,"turns":3.0},{"damage":2.0,"enemies":"2 Thieves","floor":24.0,"turns":3.0},{"damage":0.0,"enemies":"Shelled Parasite and Fungi","floor":30.0,"turns":3.0},{"damage":2.0,"enemies":"Centurion and Healer","floor":31.0,"turns":6.0},{"damage":83.0,"enemies":"Champ","floor":33.0,"turns":10.0},{"damage":0.0,"enemies":"3 Darklings","floor":35.0,"turns":4.0},{"damage":0.0,"enemies":"Orb Walker","floor":39.0,"turns":3.0},{"damage":0.0,"enemies":"Reptomancer","floor":41.0,"turns":4.0},{"damage":0,"enemies":"Spire Growth","floor":45,"turns":6},{"damage":77,"enemies":"Nemesis","floor":47,"turns":9},{"damage":2,"enemies":"3 Darklings","floor":48,"turns":5},{"damage":26,"enemies":"Time Eater","floor":50,"turns":1}],"seed_played":"-8332266097735384597","potions_obtained":[{"floor":3.0,"key":"Block Potion"},{"floor":6.0,"key":"FairyPotion"},{"floor":31.0,"key":"AttackPotion"},{"floor":39.0,"key":"Ambrosia"},{"floor":48,"key":"PowerPotion"}],"is_trial":false,"path_per_floor":["M","?","M","M","M","M","R","E","T","?","$","R","E","M","R","B",null,"M","?","?","$","?","R","M","R","T","R","$","R","M","M","R","B",null,"M","$","?","T","M","R","E","R","T","R","M","$","E","M","R","B"],"character_chosen":"WATCHER","items_purchased":["OrangePellets","TalkToTheHand","ColorlessPotion"],"campfire_rested":0,"item_purchase_floors":[11,28,36],"current_hp_per_floor":[61,61,61,55,55,55,55,55,55,53,53,53,49,49,49,8,53,53,34,34,34,34,34,32,32,32,32,32,32,32,30,30,3,56,56,56,46,46,46,46,46,46,46,46,46,46,14,12,12,0,0],"gold":49,"neow_bonus":"RANDOM_COMMON_RELIC","is_daily":false,"chose_seed":false,"campfire_upgraded":11,"win_rate":0.0,"timestamp":1610820417,"path_taken":["M","?","?","M","M","?","R","E","T","?","$","R","E","M","R","BOSS","M","?","?","$","?","R","M","R","T","R","$","R","M","?","R","BOSS","M","$","?","?","M","R","E","R","T","R","M","$","E","M","R","BOSS"],"items_purchased_type":["Relic","Card","Potion"],"build_version":"2020-12-22","purchased_purges":3,"victory":false,"max_hp_per_floor":[68,68,68,68,68,68,68,68,68,68,68,68,68,68,68,68,68,68,73,73,73,73,73,73,73,73,73,73,73,73,73,73,73,73,73,73,73,73,73,73,73,73,73,73,73,73,73,73,73,73,73],"relic_stats":{"OrangePellets":[0],"Lizard Tail":36,"Happy Flower":[22],"counters":[22,90],"Ornamental Fan":[116],"VioletLotus":[3],"Pen Nib":[3],"PreservedInsect":0,"War Paint":["Secret Weapon","Defend_P"],"obtain_stats":[{"Happy Flower":13,"SacredBark":17,"Oddly Smooth Stone":0,"Pen Nib":43,"PreservedInsect":47,"Odd Mushroom":10,"War Paint":38,"OrangePellets":11,"Lizard Tail":41,"HornCleat":8,"Ornamental Fan":9,"VioletLotus":34,"PureWater":0},{"Happy Flower":8,"SacredBark":10,"Oddly Smooth Stone":0,"Pen Nib":18,"PreservedInsect":20,"Odd Mushroom":7,"War Paint":16,"OrangePellets":7,"Lizard Tail":18,"HornCleat":6,"Ornamental Fan":6,"VioletLotus":15,"PureWater":0},{"Happy Flower":22,"SacredBark":33,"Oddly Smooth Stone":0,"Pen Nib":69,"PreservedInsect":84,"Odd Mushroom":19,"War Paint":62,"OrangePellets":19,"Lizard Tail":69,"HornCleat":15,"Ornamental Fan":15,"VioletLotus":58,"PureWater":0}]},"card_choices":[{"not_picked":["Swivel","Halt"],"picked":"CutThroughFate","floor":1.0},{"not_picked":["Fasting2","Nirvana"],"picked":"ForeignInfluence","floor":3.0},{"not_picked":["Wireheading","CutThroughFate","BowlingBash"],"picked":"SKIP","floor":4.0},{"not_picked":["CutThroughFate","WreathOfFlame"],"picked":"EmptyFist","floor":5.0},{"not_picked":["Indignation","ThirdEye"],"picked":"Consecrate","floor":6.0},{"not_picked":["EmptyFist","Evaluate"],"picked":"Halt","floor":8.0},{"not_picked":["Crescendo","FlurryOfBlows"],"picked":"Indignation","floor":13.0},{"not_picked":["Halt","ThirdEye","CutThroughFate"],"picked":"SKIP","floor":14.0},{"not_picked":["Omniscience","DeusExMachina"],"picked":"Vault","floor":16.0},{"not_picked":["FlurryOfBlows","DeceiveReality"],"picked":"Wallop","floor":18.0},{"not_picked":["CrushJoints","CutThroughFate","ConjureBlade"],"picked":"SKIP","floor":24.0},{"not_picked":["Evaluate","Halt","SignatureMove"],"picked":"SKIP","floor":30.0},{"not_picked":["ClearTheMind+1","Evaluate","BowlingBash"],"picked":"SKIP","floor":31.0},{"not_picked":["BowlingBash","Halt+1","ClearTheMind"],"picked":"SKIP","floor":35.0},{"not_picked":["Magnetism","Sadistic Nature"],"picked":"Dark Shackles","floor":37.0},{"not_picked":["The Bomb","Magnetism"],"picked":"Secret Technique","floor":37.0},{"not_picked":["Discovery","The Bomb"],"picked":"Secret Weapon","floor":37.0},{"not_picked":["JustLucky+1","FollowUp+1","Crescendo"],"picked":"SKIP","floor":39.0},{"not_picked":["ClearTheMind","Indignation"],"picked":"DeceiveReality","floor":41.0},{"not_picked":["ThirdEye","FollowUp+1","PathToVictory"],"picked":"SKIP","floor":45},{"not_picked":["EmptyFist+1","Prostrate"],"picked":"Establishment","floor":47},{"not_picked":["FlyingSleeves+1","Evaluate+1","ClearTheMind"],"picked":"SKIP","floor":48}],"player_experience":1573665,"relics_obtained":[{"floor":8.0,"key":"HornCleat"},{"floor":9.0,"key":"Ornamental Fan"},{"floor":10.0,"key":"Odd Mushroom"},{"floor":13.0,"key":"Happy Flower"},{"floor":38.0,"key":"War Paint"},{"floor":41.0,"key":"Lizard Tail"},{"floor":43.0,"key":"Pen Nib"},{"floor":47,"key":"PreservedInsect"}],"event_choices":[{"cards_removed":["Defend_P"],"damage_healed":0.0,"max_hp_gain":0.0,"max_hp_loss":0.0,"gold_gain":0.0,"event_name":"Purifier","player_choice":"Purged","floor":2.0,"gold_loss":0.0,"damage_taken":0.0},{"damage_healed":0.0,"max_hp_gain":0.0,"max_hp_loss":0.0,"gold_gain":0.0,"event_name":"Mushrooms","player_choice":"Fought Mushrooms","floor":10.0,"gold_loss":0.0,"damage_taken":0.0},{"damage_healed":0.0,"max_hp_gain":5.0,"max_hp_loss":0.0,"gold_gain":0.0,"event_name":"Forgotten Altar","player_choice":"Shed Blood","floor":19.0,"gold_loss":0.0,"damage_taken":24.0},{"damage_healed":0.0,"max_hp_gain":0.0,"max_hp_loss":0.0,"gold_gain":0.0,"event_name":"Vampires","player_choice":"Ignored","floor":20.0,"gold_loss":0.0,"damage_taken":0.0},{"damage_healed":0.0,"max_hp_gain":0.0,"max_hp_loss":0.0,"gold_gain":0.0,"event_name":"Duplicator","player_choice":"Copied","floor":22.0,"gold_loss":0.0,"damage_taken":0.0,"cards_obtained":["Vault"]},{"damage_healed":0.0,"max_hp_gain":0.0,"max_hp_loss":0.0,"gold_gain":0.0,"event_name":"SensoryStone","player_choice":"Memory 3","floor":37.0,"gold_loss":0.0,"damage_taken":10.0}],"is_beta":false,"boss_relics":[{"not_picked":["Calling Bell","Empty Cage"],"picked":"SacredBark"},{"not_picked":["Sozu","Tiny House"],"picked":"VioletLotus"}],"items_purged_floors":[21,36,46],"is_endless":false,"potions_floor_spawned":[3,6,10,16,31,39,48],"killed_by":"Time Eater","ascension_level":20}}