{"host":"p9t7qd83igtcp2bh","time":1610761237,"event":{"mods":["2.2 Compatiblity","AchievementEnabler","BaseMod","Colored Map","Colored Powertips","Custom Start","DeckTracker","Keyboard Shortcuts","Minty Spire (QoL Compilation)","Permanent Neow","StSLib","SuperFastMode","everything is the same but u backflip on backflip"],"gold_per_floor":[360,372,372,392,199,199,212,247,318,335,351,351,383,383,383,383,383],"floor_reached":16,"language":"KOR","playtime":416,"items_purged":[],"score":218,"play_id":"8eb5365a-662e-4f76-ac37-52635667a65c","local_time":"20210116104037","is_ascension_mode":true,"campfire_choices":[{"data":"FTL","floor":6,"key":"SMITH"},{"floor":12,"key":"REST"},{"floor":15,"key":"REST"}],"circlet_count":0,"master_deck":["AscendersBane","Strike_B","Strike_B","Strike_B+1","Strike_B","Defend_B+1","Defend_B","Defend_B","Defend_B","Zap","Dualcast","Gash","FTL+1","Stack","Sunder","Self Repair","All For One","Conserve Battery"],"relics":["Cracked Core","Toolbox","Ginger","Letter Opener","Potion Belt"],"acts_visited":["Exordium"],"potions_floor_usage":[10,16,16],"damage_taken":[{"damage":2,"enemies":"Jaw Worm","floor":1,"turns":3},{"damage":1,"enemies":"Cultist","floor":2,"turns":3},{"damage":9,"enemies":"2 Louse","floor":4,"turns":3},{"damage":3,"enemies":"Blue Slaver","floor":7,"turns":3},{"damage":35,"enemies":"Lagavulin","floor":8,"turns":5},{"damage":13,"enemies":"Exordium Thugs","floor":10,"turns":3},{"damage":0,"enemies":"2 Fungi Beasts","floor":11,"turns":2},{"damage":25,"enemies":"3 Sentries","floor":13,"turns":5},{"damage":31,"enemies":"The Guardian","floor":16,"turns":9}],"seed_played":"1862782337847716720","potions_obtained":[{"floor":1,"key":"Weak Potion"},{"floor":8,"key":"LiquidMemories"},{"floor":13,"key":"Strength Potion"}],"is_trial":false,"path_per_floor":["M","M","?","M","$","R","M","E","T","M","M","R","E","?","R","B"],"character_chosen":"DEFECT","items_purchased":["Toolbox","Stack"],"campfire_rested":2,"item_purchase_floors":[5,5],"current_hp_per_floor":[44,43,71,62,62,62,59,24,24,18,25,46,28,7,28,0,0],"gold":383,"neow_bonus":"TWO_FIFTY_GOLD","is_daily":false,"chose_seed":false,"campfire_upgraded":1,"win_rate":0.0,"timestamp":1610761237,"path_taken":["M","M","?","M","$","R","M","E","T","M","?","R","E","?","R","BOSS"],"items_purchased_type":["Relic","Card"],"build_version":"2020-12-22","purchased_purges":0,"victory":false,"max_hp_per_floor":[71,71,71,71,71,71,71,71,71,71,71,71,71,71,71,71,71],"card_choices":[{"not_picked":["Redo","Steam"],"picked":"Blizzard","floor":1},{"not_picked":["Turbo","Gash","Steam"],"picked":"SKIP","floor":2},{"not_picked":["Turbo","Steam"],"picked":"Gash","floor":2},{"not_picked":["Tempest","Leap"],"picked":"FTL","floor":4},{"not_picked":["Ball Lightning","Hologram"],"picked":"Sunder","floor":7},{"not_picked":["Stack","Barrage"],"picked":"Self Repair","floor":8},{"not_picked":["Barrage","Double Energy","Storm"],"picked":"SKIP","floor":10},{"not_picked":["Steam Power","Rebound"],"picked":"All For One","floor":11},{"not_picked":["Stack","Streamline"],"picked":"Conserve Battery","floor":13}],"player_experience":645956,"relics_obtained":[{"floor":8,"key":"Ginger"},{"floor":9,"key":"Letter Opener"},{"floor":13,"key":"Potion Belt"}],"event_choices":[{"cards_removed":["Blizzard"],"damage_healed":28,"gold_gain":0,"player_choice":"Offered Uncommon","damage_taken":0,"max_hp_gain":0,"max_hp_loss":0,"event_name":"Bonfire Elementals","floor":3,"gold_loss":0},{"damage_healed":0,"gold_gain":0,"player_choice":"Entered Light","damage_taken":21,"max_hp_gain":0,"max_hp_loss":0,"event_name":"Shining Light","floor":14,"gold_loss":0,"cards_upgraded":["Defend_B","Strike_B"]}],"is_beta":false,"boss_relics":[],"items_purged_floors":[],"is_endless":false,"potions_floor_spawned":[1,8,13],"killed_by":"The Guardian","ascension_level":19}}