{"host":"d85gwtocd8go8gx0","time":1610787239,"event":{"mods":["BaseMod","Highlight Path","Minty Spire (QoL Compilation)","Permanent Neow","Quick Restart","UnlockEverythingMod"],"gold_per_floor":[113,188,188,198,215,249,24,58,82,145,70,70,70],"floor_reached":12,"language":"ENG","playtime":350,"items_purged":["Strike_R"],"score":172,"play_id":"e185277b-e9b5-48e4-b948-b0dbd46d7b44","local_time":"20210116005359","is_ascension_mode":true,"campfire_choices":[],"circlet_count":0,"master_deck":["AscendersBane","Strike_R","Strike_R","Strike_R","Strike_R","Defend_R","Defend_R","Defend_R","Defend_R","Bash+1","Flex","Pommel Strike","Offering","Twin Strike","Pummel","Offering","Thunderclap","Ghostly Armor","Anger"],"relics":["Mark of Pain","Potion Belt","Bag of Preparation","PreservedInsect","Shuriken"],"acts_visited":["Exordium"],"potions_floor_usage":[],"damage_taken":[{"damage":0.0,"enemies":"Small Slimes","floor":1.0,"turns":3.0},{"damage":0.0,"enemies":"2 Louse","floor":4.0,"turns":3.0},{"damage":4.0,"enemies":"Jaw Worm","floor":5.0,"turns":3.0},{"damage":31.0,"enemies":"Gremlin Nob","floor":6.0,"turns":4.0},{"damage":27.0,"enemies":"Lagavulin","floor":8.0,"turns":5.0},{"damage":6.0,"enemies":"3 Sentries","floor":10.0,"turns":5.0},{"damage":6,"enemies":"3 Sentries","floor":12,"turns":2}],"seed_played":"-3071568528199645141","potions_obtained":[{"floor":4.0,"key":"Ancient Potion"},{"floor":5.0,"key":"BloodPotion"},{"floor":6.0,"key":"Fire Potion"}],"is_trial":false,"path_per_floor":["M","?","?","M","M","E","$","E","T","?","$","E"],"character_chosen":"IRONCLAD","items_purchased":["Pummel","Offering","Thunderclap"],"campfire_rested":0,"item_purchase_floors":[7,7,7],"current_hp_per_floor":[68,57,57,57,53,22,22,10,10,4,4,0,0],"gold":70,"neow_bonus":"BOSS_RELIC","is_daily":false,"chose_seed":false,"campfire_upgraded":0,"win_rate":0.0,"timestamp":1610787239,"path_taken":["M","?","?","M","M","E","?","E","T","?","$","E"],"items_purchased_type":["Card","Card","Card"],"build_version":"2020-12-22","purchased_purges":1,"victory":false,"max_hp_per_floor":[75,75,75,75,75,75,75,75,75,75,75,75,75],"card_choices":[{"not_picked":["Cleave","Bloodletting"],"picked":"Flex","floor":1.0},{"not_picked":["Sentinel","Sword Boomerang"],"picked":"Pommel Strike","floor":4.0},{"not_picked":["Carnage","Feel No Pain"],"picked":"Offering","floor":5.0},{"not_picked":["Thunderclap","Sword Boomerang"],"picked":"Twin Strike","floor":6.0},{"not_picked":["Hemokinesis","Clash"],"picked":"Ghostly Armor","floor":8.0},{"not_picked":["True Grit","Iron Wave"],"picked":"Anger","floor":10.0}],"player_experience":12644,"relics_obtained":[{"floor":6.0,"key":"Potion Belt"},{"floor":8.0,"key":"Bag of Preparation"},{"floor":9.0,"key":"PreservedInsect"},{"floor":10.0,"key":"Shuriken"}],"event_choices":[{"damage_healed":0.0,"max_hp_gain":0.0,"max_hp_loss":0.0,"gold_gain":75.0,"event_name":"World of Goop","player_choice":"Gather Gold","floor":2.0,"gold_loss":0.0,"damage_taken":11.0},{"damage_healed":0.0,"max_hp_gain":0.0,"max_hp_loss":0.0,"gold_gain":0.0,"event_name":"Living Wall","player_choice":"Grow","floor":3.0,"gold_loss":0.0,"damage_taken":0.0,"cards_upgraded":["Bash"]},{"damage_healed":0.0,"max_hp_gain":0.0,"max_hp_loss":0.0,"gold_gain":0.0,"event_name":"Dead Adventurer","player_choice":"Searched \u00271\u0027 times","floor":10.0,"gold_loss":0.0,"damage_taken":0.0}],"is_beta":false,"boss_relics":[],"items_purged_floors":[11],"is_endless":false,"potions_floor_spawned":[4,5,6],"killed_by":"3 Sentries","ascension_level":20}}