{"host":"2qv44oxt58ptq59r","time":1610811380,"event":{"mods":["AchievementEnabler","BaseMod","Colored Powertips","Highlight Path","Minty Spire (QoL Compilation)","Permanent Neow","StSLib"],"gold_per_floor":[118,19,19,36,46,79,79,108,108,108,119,119,137,137,137,241,241,254,286,286,266,285,285,319,319,319,319,14,26,51,2,2,2,2],"floor_reached":33,"language":"ENG","playtime":3894,"items_purged":[],"score":333,"play_id":"a589b7e9-9fe0-4dcc-ac14-e382c808688a","local_time":"20210116153620","is_ascension_mode":true,"campfire_choices":[{"data":"Uppercut","floor":7,"key":"SMITH"},{"data":"Feel No Pain","floor":10,"key":"SMITH"},{"floor":15,"key":"REST"},{"data":"Blood for Blood","floor":23,"key":"SMITH"},{"data":"Shockwave","floor":25,"key":"SMITH"},{"floor":27,"key":"RECALL"},{"data":"Seeing Red","floor":32,"key":"SMITH"}],"circlet_count":0,"master_deck":["Strike_R","Strike_R","Strike_R","Defend_R","Defend_R","Defend_R","Defend_R","Bash+1","Seeing Red+1","Uppercut+1","Spot Weakness","Headbutt","Feel No Pain+1","Blood for Blood+1","Feed","Thunderclap","Shockwave+1","Thunderclap+1","Feed","Heavy Blade+1"],"relics":["Burning Blood","Boot","PreservedInsect","Torii","Empty Cage","Red Mask","Bottled Tornado","Toxic Egg 2","Strawberry","OrangePellets","Kunai"],"acts_visited":["Exordium","TheCity"],"potions_floor_usage":[4,8,11,16,19,19,21,21,29,30,33],"damage_taken":[{"damage":0,"enemies":"Small Slimes","floor":1,"turns":3},{"damage":1,"enemies":"Cultist","floor":4,"turns":3},{"damage":3,"enemies":"Jaw Worm","floor":5,"turns":2},{"damage":34,"enemies":"3 Sentries","floor":6,"turns":8},{"damage":13,"enemies":"Gremlin Nob","floor":8,"turns":3},{"damage":14,"enemies":"Red Slaver","floor":11,"turns":4},{"damage":23,"enemies":"Large Slime","floor":13,"turns":5},{"damage":26,"enemies":"The Guardian","floor":16,"turns":8},{"damage":13,"enemies":"Chosen","floor":18,"turns":7},{"damage":15,"enemies":"Masked Bandits","floor":19,"turns":4},{"damage":17,"enemies":"2 Thieves","floor":21,"turns":4},{"damage":20,"enemies":"Centurion and Healer","floor":22,"turns":12},{"damage":3,"enemies":"Gremlin Leader","floor":24,"turns":3},{"damage":4,"enemies":"Snake Plant","floor":29,"turns":4},{"damage":13,"enemies":"Book of Stabbing","floor":30,"turns":4},{"damage":66,"enemies":"Automaton","floor":33,"turns":8}],"seed_played":"1104518709951105674","potions_obtained":[{"floor":1,"key":"BloodPotion"},{"floor":5,"key":"DuplicationPotion"},{"floor":6,"key":"BlessingOfTheForge"},{"floor":8,"key":"Fire Potion"},{"floor":16,"key":"Block Potion"},{"floor":18,"key":"EssenceOfSteel"},{"floor":19,"key":"Dexterity Potion"},{"floor":24,"key":"EssenceOfSteel"},{"floor":29,"key":"BlessingOfTheForge"}],"is_trial":false,"path_per_floor":["M","$","?","M","M","E","R","E","T","R","M","?","M","?","R","B",null,"M","?","?","M","M","R","E","R","T","R","$","M","E","$","R","B"],"character_chosen":"IRONCLAD","items_purchased":["Fruit Juice","Strawberry","OrangePellets","Weak Potion"],"campfire_rested":1,"item_purchase_floors":[2,28,28,31],"current_hp_per_floor":[80,80,80,85,85,57,57,67,67,67,59,59,42,42,67,47,85,81,75,75,64,53,53,56,56,56,56,63,65,58,58,58,0,0],"gold":2,"neow_bonus":"RANDOM_COMMON_RELIC","is_daily":false,"chose_seed":false,"campfire_upgraded":5,"win_rate":0.0,"timestamp":1610811380,"path_taken":["M","$","?","M","?","E","R","E","T","R","M","?","?","?","R","BOSS","M","?","?","M","M","R","E","R","T","R","$","M","E","$","R","BOSS"],"items_purchased_type":["Potion","Relic","Relic","Potion"],"build_version":"2020-12-22","purchased_purges":0,"victory":false,"max_hp_per_floor":[80,80,80,85,85,85,85,85,85,85,85,85,85,85,85,85,85,88,91,91,91,94,94,94,94,94,94,101,101,101,101,101,101,101],"card_choices":[{"not_picked":["Wild Strike","Headbutt"],"picked":"Seeing Red","floor":1},{"not_picked":["Heavy Blade","Entrench"],"picked":"Uppercut","floor":4},{"not_picked":["Pommel Strike","Barricade"],"picked":"Spot Weakness","floor":5},{"not_picked":["Double Tap","True Grit"],"picked":"Headbutt","floor":6},{"not_picked":["Fire Breathing","Armaments"],"picked":"Feel No Pain","floor":8},{"not_picked":["Sword Boomerang","Clash"],"picked":"Blood for Blood","floor":11},{"not_picked":["Sword Boomerang","Havoc","Flex"],"picked":"SKIP","floor":13},{"not_picked":["Double Tap","Corruption"],"picked":"Feed","floor":16},{"not_picked":["Clash","Perfected Strike"],"picked":"Thunderclap","floor":18},{"not_picked":["Shrug It Off","Cleave"],"picked":"Thunderclap+1","floor":21},{"not_picked":["True Grit","Perfected Strike","Body Slam"],"picked":"SKIP","floor":22},{"not_picked":["Reckless Charge","Searing Blow+1","Second Wind"],"picked":"SKIP","floor":24},{"not_picked":["Infernal Blade+1","Flex+1"],"picked":"Feed","floor":29},{"not_picked":["Twin Strike","Infernal Blade+1"],"picked":"Heavy Blade+1","floor":30}],"player_experience":5366950,"relics_obtained":[{"floor":6,"key":"PreservedInsect"},{"floor":8,"key":"Torii"},{"floor":19,"key":"Red Mask"},{"floor":24,"key":"Bottled Tornado"},{"floor":26,"key":"Toxic Egg 2"},{"floor":30,"key":"Kunai"}],"event_choices":[{"damage_healed":0,"gold_gain":0,"player_choice":"Forge","damage_taken":0,"max_hp_gain":0,"max_hp_loss":0,"event_name":"Accursed Blacksmith","floor":3,"gold_loss":0,"cards_upgraded":["Bash"]},{"damage_healed":0,"gold_gain":0,"player_choice":"Ignored","damage_taken":0,"max_hp_gain":0,"max_hp_loss":0,"event_name":"NoteForYourself","floor":12,"gold_loss":0},{"damage_healed":0,"gold_gain":0,"player_choice":"Ignored","damage_taken":0,"max_hp_gain":0,"max_hp_loss":0,"event_name":"Liars Game","floor":14,"gold_loss":0},{"damage_healed":0,"gold_gain":0,"player_choice":"Fought Bandits","damage_taken":0,"max_hp_gain":0,"max_hp_loss":0,"event_name":"Masked Bandits","floor":19,"gold_loss":0},{"damage_healed":0,"gold_gain":0,"player_choice":"Read","damage_taken":0,"max_hp_gain":0,"max_hp_loss":0,"event_name":"The Library","floor":20,"gold_loss":0,"cards_obtained":["Shockwave"]}],"is_beta":false,"boss_relics":[{"not_picked":["Ectoplasm","Cursed Key"],"picked":"Empty Cage"}],"items_purged_floors":[],"is_endless":false,"potions_floor_spawned":[1,5,6,8,16,18,19,24,29],"killed_by":"Automaton","ascension_level":1}}