{"host":"z9grmtg2w0nmz8n1","time":1610760347,"event":{"mods":["Aspiration","BaseMod","Better Altar","Better Match","Better Note","Better Sensory Stone","Better Skull","Better Third Choice","BetterRewards","Clawfect","Colored Map","Conspire","GifTheSpireLib","Halation","Highlight Path","Hubris","Hunter ??","Jedi Mod","Minty Spire (QoL Compilation)","Permanent Neow","Replay The Spire","Shop Mod","Spicy Shops","StSLib","Stuff the Spire","The Runesmith"],"gold_per_floor":[119,119,137,12,24,24,58,70,70,70,70,70],"floor_reached":11,"language":"ENG","playtime":428,"items_purged":["Regret"],"score":102,"play_id":"099d4b4f-c857-4bc3-b5ee-6eb4b4c1ccef","local_time":"20210115232547","is_ascension_mode":true,"campfire_choices":[{"floor":6,"key":"RECALL"}],"circlet_count":0,"master_deck":["Gash","Gash","Gash","Gash","Gash","Defend_B","Defend_B","Defend_B","Defend_B","Defend_B","Clawfect:ClawForTheEyes","Clawfect:Clawline"],"relics":["Clawfect:DRClaw","Replay:Bottled Flurry","MealTicket","Replay:WaspNest"],"acts_visited":["Exordium"],"potions_floor_usage":[7],"damage_taken":[{"damage":8,"enemies":"2 Louse","floor":1,"turns":4},{"damage":6,"enemies":"Small Slimes","floor":3,"turns":4},{"damage":1,"enemies":"conspire:RoseBush","floor":5,"turns":5},{"damage":26,"enemies":"3 Sentries","floor":7,"turns":7},{"damage":0,"enemies":"Red Slaver","floor":8,"turns":4},{"damage":27,"enemies":"Gremlin Nob","floor":11,"turns":4}],"seed_played":"-997380425888324103","potions_obtained":[{"floor":1,"key":"LiquidBronze"},{"floor":5,"key":"Swift Potion"}],"is_trial":false,"path_per_floor":["M","?","M","$","M","R","E","M","T","?","E"],"character_chosen":"DEFECT","items_purchased":["Clawfect:ClawForTheEyes"],"campfire_rested":0,"item_purchase_floors":[4],"current_hp_per_floor":[67,67,61,61,60,60,34,34,34,34,7,7],"gold":70,"neow_bonus":"RANDOM_EVENT","is_daily":false,"chose_seed":false,"campfire_upgraded":0,"win_rate":0.0,"timestamp":1610760347,"path_taken":["M","?","M","$","M","R","E","M","T","?","E"],"items_purchased_type":["Card"],"build_version":"2020-12-22","purchased_purges":1,"victory":false,"max_hp_per_floor":[75,75,75,75,75,75,75,75,75,75,75,75],"card_choices":[{"not_picked":["Rebound","Steam Power","StuffTheSpire:LoadUp"],"picked":"SKIP","floor":1},{"not_picked":["Clawfect:ClawpileDriver","Panic Button","StuffTheSpire:Rend"],"picked":"SKIP","floor":3},{"not_picked":["Fusion","Clawfect:ClawCell","Coolheaded"],"picked":"SKIP","floor":5},{"not_picked":["Steam","StuffTheSpire:NuclearReactor","ReplayTheSpireMod:Dual Polarity"],"picked":"SKIP","floor":7},{"not_picked":["Stack","Blizzard"],"picked":"Clawfect:Clawline","floor":8}],"player_experience":819263,"relics_obtained":[{"floor":7,"key":"MealTicket"}],"event_choices":[{"damage_healed":0,"gold_gain":0,"player_choice":"Box","damage_taken":0,"relics_obtained":["Replay:Bottled Flurry"],"max_hp_gain":0,"max_hp_loss":0,"event_name":"Big Fish","floor":0,"gold_loss":0,"cards_obtained":["Regret"]},{"damage_healed":0,"gold_gain":1,"player_choice":"1","damage_taken":0,"max_hp_gain":0,"max_hp_loss":0,"event_name":"betterStone:BetterStone","floor":2,"gold_loss":0},{"damage_healed":0,"gold_gain":0,"player_choice":"Gave Potion","damage_taken":0,"relics_obtained":["Replay:WaspNest"],"max_hp_gain":0,"max_hp_loss":0,"event_name":"WeMeetAgain","floor":10,"gold_loss":0}],"is_beta":false,"boss_relics":[],"items_purged_floors":[4],"is_endless":false,"potions_floor_spawned":[1,5],"killed_by":"Gremlin Nob","ascension_level":1}}