{"host":"enpah696raxjhbxd","time":1610786048,"event":{"mods":["BaseMod","Challenge The Spire","Chen","Colored Powertips","Friendly Minions","Minty Spire (QoL Compilation)","Replay The Spire","StSLib","TestMod","The Bladedancer","The Poker Player","UnlockEverythingMod","vexMod"],"gold_per_floor":[110,110,110,110,125,152,152,163,163,198,225,259,259,272,272,375,375,390,0,0,0,20,20,51,51,51,73,104,104,126,163,163,167,167],"floor_reached":33,"language":"ZHS","playtime":1024,"items_purged":[],"score":2985,"play_id":"7ea48260-5afb-429d-8779-343c9c8bcae8","local_time":"20210116163408","is_ascension_mode":true,"campfire_choices":[{"data":"blademaster:Flurry","floor":7,"key":"SMITH"},{"data":"blademaster:TraverseCut","floor":13,"key":"SMITH"},{"data":"blademaster:Havoc","floor":15,"key":"SMITH"},{"data":"blademaster:AwakeningStrike","floor":23,"key":"SMITH"},{"floor":25,"key":"REST"},{"data":"RitualDagger","floor":29,"key":"SMITH"},{"floor":32,"key":"RECALL"}],"circlet_count":0,"master_deck":["blademaster:Strike","blademaster:Strike","blademaster:Strike","blademaster:Strike","blademaster:Defend","blademaster:Defend","blademaster:Defend","blademaster:Defend","blademaster:RagingBlow+1","blademaster:HighVoltage","blademaster:ThunderingOpener","blademaster:Flurry+1","blademaster:Havoc+1","blademaster:TraverseCut+1","blademaster:ColdBlood","blademaster:AwakeningStrike+1","RitualDagger+1","blademaster:Overcharge","blademaster:TraverseCut"],"relics":["blademaster:DancersAmulet","testmod-TestBox","testmod-TurbochargingSystem","NeowsBlessing","Ornamental Fan","Mummified Hand","Replay:Bottled Flurry","Blue Doll","Smiling Mask","testmod-DeterminationOfClimber","Bag of Preparation","ReplayTheSpireMod:Ninjato","Replay:Mystery Machine","testmod-ObsoleteBoomerang"],"acts_visited":["Exordium","TheCity"],"potions_floor_usage":[16,16,33,33,33],"damage_taken":[{"damage":0,"enemies":"Small Slimes","floor":1,"turns":1},{"damage":0,"enemies":"2 Louse","floor":5,"turns":1},{"damage":0,"enemies":"Replay:BlueRogue","floor":6,"turns":1},{"damage":0,"enemies":"Jaw Worm","floor":8,"turns":1},{"damage":11,"enemies":"3 Sentries","floor":10,"turns":7},{"damage":13,"enemies":"Replay:BlueRogue","floor":12,"turns":3},{"damage":0,"enemies":"Exordium Wildlife","floor":14,"turns":2},{"damage":19,"enemies":"The Guardian","floor":16,"turns":5},{"damage":8,"enemies":"Chosen","floor":18,"turns":2},{"damage":0,"enemies":"Spheric Guardian","floor":22,"turns":2},{"damage":46,"enemies":"Slavers","floor":24,"turns":5},{"damage":0,"enemies":"3 Cultists","floor":27,"turns":2},{"damage":0,"enemies":"Replay:Snechameleon","floor":28,"turns":1},{"damage":0,"enemies":"Snecko","floor":30,"turns":1},{"damage":0,"enemies":"Slavers","floor":31,"turns":2}],"seed_played":"7160042120189592089","potions_obtained":[{"floor":6,"key":"LifebloodPotion"},{"floor":12,"key":"Milkshake"},{"floor":14,"key":"ColorlessPotion"},{"floor":18,"key":"Regen Potion"},{"floor":27,"key":"DuplicationPotion"}],"is_trial":false,"path_per_floor":["M","?","?","$","M","E","R","M","T","E","T","E","R","M","R","B",null,"M","?","?","?","M","R","E","R","T","M","E","R","M","E","R","B"],"character_chosen":"THE_BLADEMASTER","items_purchased":[],"campfire_rested":1,"item_purchase_floors":[],"current_hp_per_floor":[75,75,75,75,75,75,75,75,75,64,64,51,51,51,51,32,75,67,67,61,61,62,62,17,39,39,42,46,46,49,53,53,49,49],"gold":167,"neow_bonus":"THREE_ENEMY_KILL","is_daily":false,"chose_seed":false,"campfire_upgraded":5,"win_rate":0.0,"timestamp":1610786048,"path_taken":["M","?","?","$","M","E","R","M","T","E","?","E","R","?","R","BOSS","M","?","?","?","?","R","E","R","T","M","E","R","M","E","R","BOSS"],"items_purchased_type":[],"build_version":"2020-12-22","purchased_purges":0,"victory":false,"max_hp_per_floor":[75,75,75,75,75,75,75,75,75,75,75,75,75,75,75,75,75,75,75,75,75,75,75,75,75,75,75,75,75,75,75,75,75,75],"card_choices":[{"not_picked":["blademaster:Quickstep","blademaster:Cut"],"picked":"blademaster:ThunderingOpener","floor":1},{"not_picked":["blademaster:Safeguard","blademaster:ChargingUp"],"picked":"blademaster:Flurry","floor":5},{"not_picked":["blademaster:FuriousStrike","blademaster:Blockade","blademaster:Discharge"],"picked":"SKIP","floor":6},{"not_picked":["blademaster:DragonStrike","blademaster:CombatPrep"],"picked":"blademaster:Havoc","floor":8},{"not_picked":["blademaster:FuriousStrike","blademaster:Quickstep"],"picked":"blademaster:TraverseCut","floor":10},{"not_picked":["blademaster:DaggerAndCloak","blademaster:CombatPrep","blademaster:Momentum"],"picked":"SKIP","floor":12},{"not_picked":["blademaster:BladeMastery","blademaster:Thrust","blademaster:BrainBloom"],"picked":"SKIP","floor":14},{"not_picked":["blademaster:LightningDraw","blademaster:Flash"],"picked":"blademaster:ColdBlood","floor":16},{"not_picked":["blademaster:Cut","blademaster:Slice"],"picked":"blademaster:AwakeningStrike","floor":18},{"not_picked":["blademaster:CombatPrep","blademaster:Quickstep","blademaster:DragonStrike+1"],"picked":"SKIP","floor":22},{"not_picked":["blademaster:AwakeningStrike+1","blademaster:SlyStabs+1"],"picked":"blademaster:Overcharge","floor":24},{"not_picked":["blademaster:Havoc","blademaster:AirSlash"],"picked":"blademaster:TraverseCut","floor":27},{"not_picked":["blademaster:BloodyBlow","blademaster:ChargingUp","blademaster:Safeguard"],"picked":"SKIP","floor":28},{"not_picked":["blademaster:BloodyBlow","blademaster:AwakeningStrike","blademaster:Hailwind"],"picked":"SKIP","floor":30},{"not_picked":["blademaster:ParryingStrike","blademaster:Slice","blademaster:AspectOfWind"],"picked":"SKIP","floor":31}],"player_experience":215638,"relics_obtained":[{"floor":6,"key":"Ornamental Fan"},{"floor":6,"key":"blademaster:StrongPerk"},{"floor":9,"key":"Mummified Hand"},{"floor":10,"key":"Replay:Bottled Flurry"},{"floor":10,"key":"blademaster:BonusComboPerk"},{"floor":11,"key":"Blue Doll"},{"floor":12,"key":"Smiling Mask"},{"floor":12,"key":"blademaster:FinisherDrawCardPerk"},{"floor":24,"key":"Bag of Preparation"},{"floor":24,"key":"blademaster:LightningChargePerk"},{"floor":26,"key":"ReplayTheSpireMod:Ninjato"},{"floor":28,"key":"Replay:Mystery Machine"},{"floor":28,"key":"blademaster:RandomStancePerk"},{"floor":31,"key":"testmod-ObsoleteBoomerang"},{"floor":31,"key":"blademaster:OnAttackedChargePerk"}],"event_choices":[{"damage_healed":0,"gold_gain":0,"player_choice":"Grow","damage_taken":0,"max_hp_gain":0,"max_hp_loss":0,"event_name":"Living Wall","floor":2,"gold_loss":0,"cards_upgraded":["blademaster:RagingBlow"]},{"damage_healed":0,"gold_gain":0,"player_choice":"Leave","damage_taken":0,"max_hp_gain":0,"max_hp_loss":0,"event_name":"The Cleric","floor":3,"gold_loss":0},{"damage_healed":0,"gold_gain":0,"player_choice":"Paid Fearfully","damage_taken":0,"max_hp_gain":0,"max_hp_loss":0,"event_name":"Masked Bandits","floor":19,"gold_loss":390},{"damage_healed":0,"gold_gain":0,"player_choice":"Joined the Cult","damage_taken":6,"max_hp_gain":0,"max_hp_loss":0,"event_name":"Nest","floor":20,"gold_loss":0,"cards_obtained":["RitualDagger"]},{"damage_healed":0,"gold_gain":0,"player_choice":"Ignored","damage_taken":0,"max_hp_gain":0,"max_hp_loss":0,"event_name":"给自己的盒子","floor":21,"gold_loss":0}],"is_beta":false,"boss_relics":[{"not_picked":["vexMod:NewClearReactor","testmod-EnergyCheck"],"picked":"testmod-DeterminationOfClimber"}],"items_purged_floors":[],"is_endless":false,"potions_floor_spawned":[6,12,14,18,27,30],"killed_by":"Pondfish","ascension_level":3}}