{"host":"j4tm1fhkymdbe3p9","time":1610797209,"event":{"mods":["A Magickal Journey","BaseMod","Better Third Choice","BetterRewards","Chen","Downfall","Hermit","Hubris","Infinite Spire","Koishi","Luminous","Marisa????????","Mimic Mod","Minty Spire (QoL Compilation)","Reimu??????","Remilia??????","Replay The Spire","Shade Mod","Shop Mod","StSLib","The Administrix","The Animator","The Blackbeard","The Bladedancer","The Construct","The Cursed","The Disciple","The Druid","The Exalted","The Gatherer","The Hierophant","The Mystic","The Necromancer","The Runesmith","The Servant 0.9.4","The Spell Scribe","TheSwordswoman","??????REMEMod"],"gold_per_floor":[114,129,129,129,129,169,199,64,91,110,124,124,165,20,20,145,145,168,168,191,239,338,371,371,371,371,371,279,304,304,328,328,459,459,477,141,155,170,170,214,239,259,259,279,319,319,319,342,342,342],"floor_reached":51,"language":"ENG","playtime":3054,"items_purged":["hermit:Strike_Hermit","hermit:LoneWolf"],"score":960,"play_id":"39381d40-3e17-43cf-a505-55f591c13575","local_time":"20210116064009","is_ascension_mode":false,"campfire_choices":[{"floor":12,"key":"REST"},{"data":"hermit:EternalForm","floor":15,"key":"SMITH"},{"data":"hermit:EternalForm","floor":25,"key":"SMITH"},{"data":"hermit:EternalForm","floor":27,"key":"SMITH"},{"data":"hermit:BigShot","floor":30,"key":"SMITH"},{"data":"hermit:FlashPowder","floor":32,"key":"SMITH"},{"data":"hermit:Roulette","floor":46,"key":"SMITH"},{"data":"hermit:NoHoldsBarred","floor":49,"key":"SMITH"}],"circlet_count":0,"master_deck":["hermit:Snapshot","hermit:Covet","Bromod:Serration","hermit:Magnum","hermit:Misfire","Injury","hermit:TrackingShot","hermit:Combo+1","hermit:Headshot+1","hermit:Malice","hermit:EternalForm+1","hermit:EternalForm+1","hermit:FlashPowder+1","hermit:EternalForm+1","hermit:Quickdraw","hermit:NoHoldsBarred+1","hermit:Midnight","hermit:Enervate","hermit:Manifest+1","hermit:Roulette+1","hermit:Headshot+1","hermit:BigShot+1","hermit:OverwhelmingPower","hermit:Roulette+1","hermit:Magnum","hermit:Headshot+1","hermit:Roulette+1","hermit:NoHoldsBarred+1","hermit:Roulette+1"],"relics":["hermit:Momento","REME_ComplimentaryCards","Golden Idol","hubris:Towel","PreservedInsect","hubris:SlimyHat","Strawberry","Happy Flower","Lee\u0027s Waffle","Pandora\u0027s Box","hubris:BottledHeart","AntiCross","Kunai","Bromod:ArcaneAwakening","Replay:Bottled Eggs","hubris:Backtick","Bottled Tornado","Membership Card","Replay:Ringing Soul","infinitespire:Lucky Rock","ReplayTheSpireMod:Ninjato","Bromod:ArcaneMomentum"],"acts_visited":["Exordium","TheCity","TheBeyond"],"potions_floor_usage":[11,11,21,37,50],"damage_taken":[{"damage":0,"enemies":"Small Slimes","floor":1,"turns":3},{"damage":6,"enemies":"Jaw Worm","floor":2,"turns":3},{"damage":51,"enemies":"Gremlin Nob","floor":6,"turns":6},{"damage":0,"enemies":"2 Louse","floor":10,"turns":2},{"damage":5,"enemies":"Looter","floor":11,"turns":2},{"damage":24,"enemies":"Replay:BlueRogue","floor":13,"turns":3},{"damage":49,"enemies":"Hexaghost","floor":16,"turns":4},{"damage":10,"enemies":"Spheric Guardian","floor":18,"turns":3},{"damage":0,"enemies":"3 Byrds","floor":20,"turns":4},{"damage":0,"enemies":"3 Cultists","floor":21,"turns":5},{"damage":0,"enemies":"Gremlin Leader","floor":23,"turns":2},{"damage":0,"enemies":"3 Cultists","floor":29,"turns":2},{"damage":0,"enemies":"Snake Plant","floor":31,"turns":2},{"damage":0,"enemies":"Automaton","floor":33,"turns":3},{"damage":0,"enemies":"Orb Walker","floor":35,"turns":1},{"damage":0,"enemies":"3 Darklings","floor":37,"turns":2},{"damage":0,"enemies":"Jaw Worm Horde","floor":38,"turns":2},{"damage":0,"enemies":"R_Hoarder","floor":40,"turns":3},{"damage":0,"enemies":"Maw","floor":41,"turns":4},{"damage":0,"enemies":"Transient","floor":42,"turns":4},{"damage":0,"enemies":"Spire Growth","floor":44,"turns":2},{"damage":0,"enemies":"Nightmare","floor":45,"turns":5},{"damage":0,"enemies":"3 Darklings","floor":48,"turns":2},{"damage":0,"enemies":"Time Eater","floor":50,"turns":5}],"seed_played":"-4581625872404307176","potions_obtained":[{"floor":10,"key":"EntropicBrew"},{"floor":31,"key":"LifebloodPotion"},{"floor":33,"key":"PowerPotion"},{"floor":37,"key":"REME_GoldPotion"},{"floor":44,"key":"champ:CounterPotion"},{"floor":45,"key":"Ancient Potion"}],"is_trial":false,"path_per_floor":["M","M","?","?","?","E","?","$","T","M","M","R","E","$","R","B",null,"M","?","M","MIM","?","E","?","R","T","R","$","M","R","M","R","B",null,"M","$","M","M","?","E","M","M","T","M","NM","R","?","M","R","B",null],"character_chosen":"HERMIT","items_purchased":["hermit:Combo+1","Lee\u0027s Waffle","hermit:Headshot","hermit:BigShot","Membership Card","Replay:Ringing Soul"],"campfire_rested":1,"item_purchase_floors":[8,14,28,28,36,36],"current_hp_per_floor":[75,69,69,69,69,18,18,18,25,25,20,44,20,89,89,40,89,79,1,1,1,1,1,1,1,1,1,1,1,1,1,1,1,1,1,1,1,1,1,1,1,1,1,1,1,1,1,1,1,1],"gold":342,"neow_bonus":"ONE_RANDOM_RARE_CARD","is_daily":false,"chose_seed":false,"campfire_upgraded":7,"win_rate":0.0,"timestamp":1610797209,"path_taken":["M","M","?","?","?","E","?","$","T","M","M","R","E","?","R","BOSS","M","?","M","?","?","E","?","R","T","R","$","?","R","M","R","BOSS","M","$","M","M","?","E","M","?","T","M","NM","R","?","M","R","BOSS"],"items_purchased_type":["Card","Relic","Card","Card","Relic","Relic"],"build_version":"2020-12-22","purchased_purges":2,"victory":true,"max_hp_per_floor":[75,75,75,75,75,75,75,75,82,82,82,82,82,89,89,89,89,89,1,1,1,1,1,1,1,1,1,1,1,1,1,1,1,1,1,1,1,1,1,1,1,1,1,1,1,1,1,1,1,1],"card_choices":[{"not_picked":["hermit:Maintenance","hermit:HighCaliber","hermit:PistolWhip"],"picked":"SKIP","floor":1},{"not_picked":["hermit:HighCaliber","hermit:Desperado"],"picked":"hermit:Misfire","floor":2},{"not_picked":["hermit:Gestalt","hermit:Feint"],"picked":"hermit:TrackingShot","floor":6},{"not_picked":["hermit:WideOpen","hermit:TrackingShot"],"picked":"hermit:Headshot","floor":10},{"not_picked":["hermit:Misfire","hermit:WideOpen"],"picked":"hermit:Malice","floor":11},{"not_picked":["hermit:LoneWolf","hermit:Quickdraw"],"picked":"hermit:EternalForm","floor":13},{"not_picked":["hermit:FinalCanter","hermit:Magnum"],"picked":"hermit:EternalForm","floor":16},{"not_picked":["hermit:Headshot","hermit:BodyArmor"],"picked":"hermit:Enervate","floor":18},{"not_picked":["hermit:FullyLoaded+1","hermit:TakeCover"],"picked":"hermit:Manifest+1","floor":20},{"not_picked":["hermit:HighCaliber","hermit:BigShot+1"],"picked":"hermit:Roulette+1","floor":21},{"not_picked":["hermit:Quickdraw","hermit:HoleUp","hermit:LowProfile"],"picked":"SKIP","floor":23},{"not_picked":["hermit:Horror","hermit:Cheat","hermit:PistolWhip"],"picked":"SKIP","floor":29},{"not_picked":["hermit:Purgatory","hermit:Maintenance","hermit:Snipe"],"picked":"SKIP","floor":31},{"not_picked":["hermit:Reprieve","hermit:FinalCanter"],"picked":"hermit:OverwhelmingPower","floor":33},{"not_picked":["hermit:Midnight","hermit:BodyArmor","hermit:Dive"],"picked":"SKIP","floor":35},{"not_picked":["hermit:FullyLoaded+1","hermit:Feint","hermit:Coalescence+1"],"picked":"SKIP","floor":37},{"not_picked":["hermit:Feint","hermit:Headshot"],"picked":"hermit:Roulette+1","floor":38},{"not_picked":["hermit:Manifest+1","hermit:Snipe"],"picked":"hermit:Headshot+1","floor":40},{"not_picked":["hermit:Glare","hermit:SprayPray"],"picked":"hermit:Roulette+1","floor":41},{"not_picked":["hermit:Manifest+1","hermit:Quickdraw+1"],"picked":"hermit:NoHoldsBarred+1","floor":42},{"not_picked":["hermit:Manifest+1","hermit:Gestalt+1","hermit:Quickdraw+1"],"picked":"SKIP","floor":44},{"not_picked":["hermit:LowProfile","hermit:Coalescence"],"picked":"hermit:Roulette","floor":45},{"not_picked":["hermit:Vantage","hermit:LowProfile+1","hermit:Ricochet"],"picked":"SKIP","floor":48}],"player_experience":591891,"relics_obtained":[{"floor":6,"key":"PreservedInsect"},{"floor":9,"key":"Strawberry"},{"floor":13,"key":"Happy Flower"},{"floor":21,"key":"AntiCross"},{"floor":21,"key":"Kunai"},{"floor":23,"key":"Bromod:ArcaneAwakening"},{"floor":26,"key":"Replay:Bottled Eggs"},{"floor":40,"key":"infinitespire:Lucky Rock"},{"floor":43,"key":"ReplayTheSpireMod:Ninjato"},{"floor":45,"key":"Bromod:ArcaneMomentum"}],"event_choices":[{"damage_healed":0,"gold_gain":0,"player_choice":"Take Wound","damage_taken":0,"relics_obtained":["Golden Idol"],"max_hp_gain":0,"max_hp_loss":0,"event_name":"Golden Idol","floor":3,"gold_loss":0,"cards_obtained":["Injury"]},{"damage_healed":0,"gold_gain":30,"player_choice":"Searched \u00273\u0027 times","damage_taken":0,"relics_obtained":["hubris:SlimyHat"],"max_hp_gain":0,"max_hp_loss":0,"event_name":"Dead Adventurer","floor":7,"gold_loss":0},{"damage_healed":0,"gold_gain":99,"player_choice":"Steal","damage_taken":0,"max_hp_gain":0,"max_hp_loss":0,"event_name":"betterThird:BetterNest","floor":22,"gold_loss":0},{"damage_healed":0,"gold_gain":0,"player_choice":"1 cards matched","damage_taken":0,"max_hp_gain":0,"max_hp_loss":0,"event_name":"Match and Keep!","floor":39,"gold_loss":0,"cards_obtained":["hermit:Magnum"]}],"is_beta":false,"boss_relics":[{"not_picked":["Replay:Bronze Core","construct:ClawGrip"],"picked":"Pandora\u0027s Box"},{"not_picked":["REME_ChargedStone","Runesmith:UraniumAnvil"],"picked":"hubris:Backtick"}],"items_purged_floors":[8,36],"is_endless":false,"potions_floor_spawned":[1,10,29,31,33,37,44,45],"ascension_level":0}}