{"host":"v1m5rkjj38qutr02","time":1610784451,"event":{"mods":["Act Like it!","BaseMod","Challenge The Spire","Conspire","Gensokyo","GungeonMod","Hallownest","Minty Spire (QoL Compilation)","Replay The Spire","StSLib","The Bug Knight","Youmu£®ªÍ∆«—˝√Œ£©"],"gold_per_floor":[119,119,2,27,27,27,67,161,161,17,17,42,42,67,67,196,196,219,239,288,288,13,56,56,56,111,111,127,127,69,29,29,154,154,175,191,524,537,537,570,570,570,595,215,215,233,233,244,244,244],"floor_reached":51,"language":"ZHS","playtime":1370,"items_purged":["Injury","Strike_B"],"score":1074,"play_id":"4a4ef08e-db78-4079-b1de-2e46730c377f","local_time":"20210116160730","is_ascension_mode":true,"campfire_choices":[{"data":"Double Energy","floor":6.0,"key":"SMITH"},{"data":"Seek","floor":11.0,"key":"SMITH"},{"data":"Zap","floor":13.0,"key":"SMITH"},{"data":"Storm","floor":15.0,"key":"SMITH"},{"floor":24.0,"key":"REST"},{"data":"Defragment","floor":27.0,"key":"SMITH"},{"floor":32.0,"key":"REST"},{"floor":41.0,"key":"REST"},{"data":"Buffer","floor":47.0,"key":"SMITH"},{"floor":49.0,"key":"REST"}],"circlet_count":0,"master_deck":["AscendersBane","Strike_B","Strike_B","Strike_B","Defend_B","Defend_B","Defend_B","Defend_B","Zap+1","Dualcast","Storm+1","Hologram","Double Energy+1","Sunder+1","Conserve Battery","Seek+1","Electrodynamics","FIFO Queue","Turbo","Defragment+1","Coolheaded","Consume+1","Buffer+1","Buffer","Capacitor","Hologram+1","Amplify","Storm"],"relics":["Cracked Core","NeowsBlessing","Shuriken","Akabeko","Replay:Bottled Snecko","Busted Crown","Replay:Antivirus Software","Membership Card","Divine Protection","Boot","Philosopher\u0027s Stone","Dream Catcher","Replay:Mystery Machine","MealTicket","Replay:Wax Seal","HollowMod:StagPassRelic"],"acts_visited":["Exordium","TheCity","TheBeyond"],"potions_floor_usage":[50,50,50],"damage_taken":[{"damage":0.0,"enemies":"Jaw Worm","floor":1.0,"turns":1.0},{"damage":0.0,"enemies":"Small Slimes","floor":4.0,"turns":1.0},{"damage":0.0,"enemies":"Gremlin Nob","floor":7.0,"turns":1.0},{"damage":0.0,"enemies":"Cultist","floor":12.0,"turns":2.0},{"damage":0.0,"enemies":"Looter","floor":14.0,"turns":1.0},{"damage":65.0,"enemies":"Hexaghost","floor":16.0,"turns":11.0},{"damage":0.0,"enemies":"Spheric Guardian","floor":18.0,"turns":3.0},{"damage":9.0,"enemies":"Shell Parasite","floor":19.0,"turns":4.0},{"damage":0.0,"enemies":"Snake Plant","floor":21.0,"turns":1.0},{"damage":26.0,"enemies":"Slavers","floor":23.0,"turns":4.0},{"damage":0.0,"enemies":"Centurion and Healer","floor":28.0,"turns":5.0},{"damage":54.0,"enemies":"Automaton","floor":33.0,"turns":7.0},{"damage":0.0,"enemies":"Orb Walker","floor":35.0,"turns":3.0},{"damage":0.0,"enemies":"3 Darklings","floor":36.0,"turns":3.0},{"damage":19.0,"enemies":"Spire Growth","floor":38.0,"turns":6.0},{"damage":15.0,"enemies":"Giant Head","floor":40.0,"turns":8.0},{"damage":0.0,"enemies":"4 Shapes","floor":46.0,"turns":3.0},{"damage":0.0,"enemies":"Maw","floor":48.0,"turns":7.0},{"damage":36,"enemies":"Time Eater","floor":50,"turns":10}],"seed_played":"6998419100966034200","potions_obtained":[{"floor":4.0,"key":"CultistPotion"},{"floor":7.0,"key":"LifebloodPotion"},{"floor":8.0,"key":"SmokeBomb"},{"floor":18.0,"key":"PowerPotion"},{"floor":23.0,"key":"Dexterity Potion"},{"floor":28.0,"key":"DistilledChaos"},{"floor":36.0,"key":"SkillPotion"},{"floor":38.0,"key":"Milkshake"}],"is_trial":false,"path_per_floor":["M","?","$","M","?","R","E","?","T","$","R","M","R","M","R","B",null,"M","M","T","M","$","E","R","?","T","R","M","?","$","$","R","B",null,"M","M","?","M","?","E","R","?","T","$","T","M","R","M","R","B",null],"character_chosen":"DEFECT","items_purchased":["Storm","Hologram","Seek","Membership Card","Turbo","Defragment","Coolheaded","Buffer","Capacitor","Amplify","MealTicket","Replay:Wax Seal","Storm","Fruit Juice","Dexterity Potion","Weak Potion"],"campfire_rested":4,"item_purchase_floors":[3,3,10,22,22,22,22,30,31,44,44,44,44,44,44,44],"current_hp_per_floor":[68,68,68,68,68,68,68,68,68,68,68,68,68,68,68,3,57,57,48,48,48,48,22,44,44,44,44,44,44,44,44,66,12,59,59,59,59,40,40,25,47,47,47,52,52,52,52,52,76,40],"gold":244,"neow_bonus":"THREE_ENEMY_KILL","is_daily":false,"chose_seed":false,"campfire_upgraded":6,"win_rate":0.0,"timestamp":1610784450,"path_taken":["M","?","$","M","?","R","E","?","T","$","R","M","R","M","R","BOSS","M","M","?","M","$","E","R","?","T","R","M","?","?","$","R","BOSS","M","M","?","M","?","E","R","?","T","$","?","?","R","M","R","BOSS"],"items_purchased_type":["Card","Card","Card","Relic","Card","Card","Card","Card","Card","Card","Relic","Relic","Card","Potion","Potion","Potion"],"build_version":"2020-12-22","purchased_purges":2,"victory":true,"max_hp_per_floor":[75,75,75,75,75,75,75,75,75,75,75,75,75,75,75,75,75,75,75,75,75,75,75,75,75,75,75,75,75,75,75,75,75,75,75,75,75,75,75,75,75,75,75,80,80,80,80,80,80,80],"card_choices":[{"not_picked":["Sweeping Beam","Static Discharge"],"picked":"FIFO Queue","floor":1.0},{"not_picked":["Stack","Rebound"],"picked":"Double Energy","floor":4.0},{"not_picked":["Tempest","ReplaySort","ReplayRNGCard"],"picked":"SKIP","floor":7.0},{"not_picked":["ReplayTheSpireMod:Reroute Power","Steam"],"picked":"Conserve Battery","floor":8.0},{"not_picked":["ReplayTheSpireMod:Reroute Power","Steam","Hologram"],"picked":"SKIP","floor":12.0},{"not_picked":["Fusion","Conserve Battery","Barrage"],"picked":"SKIP","floor":14.0},{"not_picked":["Core Surge","ReplayRNGCard"],"picked":"Electrodynamics","floor":16.0},{"not_picked":[],"picked":"FIFO Queue","floor":18.0},{"not_picked":["Genetic Algorithm"],"picked":"SKIP","floor":19.0},{"not_picked":["BasicCrystalCard"],"picked":"SKIP","floor":23.0},{"not_picked":[],"picked":"Consume+1","floor":28.0},{"not_picked":["Stack"],"picked":"SKIP","floor":35.0},{"not_picked":["Genetic Algorithm"],"picked":"SKIP","floor":36.0},{"not_picked":["Sweeping Beam+1"],"picked":"SKIP","floor":38.0},{"not_picked":[],"picked":"Hologram+1","floor":40.0},{"not_picked":["Compile Driver+1"],"picked":"SKIP","floor":46.0},{"not_picked":["Redo+1"],"picked":"SKIP","floor":48.0}],"player_experience":413965,"relics_obtained":[{"floor":7.0,"key":"Shuriken"},{"floor":8.0,"key":"Akabeko"},{"floor":9.0,"key":"Replay:Bottled Snecko"},{"floor":20.0,"key":"Replay:Antivirus Software"},{"floor":23.0,"key":"Divine Protection"},{"floor":26.0,"key":"Boot"},{"floor":40.0,"key":"Dream Catcher"},{"floor":43.0,"key":"Replay:Mystery Machine"},{"floor":45.0,"key":"HollowMod:StagPassRelic"}],"event_choices":[{"damage_healed":0.0,"max_hp_gain":0.0,"max_hp_loss":0.0,"gold_gain":0.0,"event_name":"Golden Idol","player_choice":"Take Wound","floor":2.0,"gold_loss":0.0,"damage_taken":0.0,"relics_obtained":["Golden Idol"],"cards_obtained":["Injury"]},{"damage_healed":0.0,"max_hp_gain":0.0,"max_hp_loss":0.0,"gold_gain":0.0,"event_name":"Ghosts","player_choice":"Ignored","floor":25.0,"gold_loss":0.0,"damage_taken":0.0},{"damage_healed":0.0,"max_hp_gain":0.0,"max_hp_loss":0.0,"gold_gain":0.0,"event_name":"Cursed Tome","player_choice":"Ignored","floor":29.0,"gold_loss":0.0,"damage_taken":0.0},{"damage_healed":0.0,"max_hp_gain":0.0,"max_hp_loss":0.0,"gold_gain":333.0,"event_name":"The Moai Head","player_choice":"Gave Idol","floor":37.0,"relics_lost":["Golden Idol"],"gold_loss":0.0,"damage_taken":0.0},{"damage_healed":0.0,"max_hp_gain":0.0,"max_hp_loss":0.0,"gold_gain":0.0,"event_name":"Mysterious Sphere","player_choice":"Ignored","floor":42.0,"gold_loss":0.0,"damage_taken":0.0}],"is_beta":false,"boss_relics":[{"not_picked":["Snecko Eye","ChewingGum"],"picked":"Busted Crown"},{"not_picked":["Sozu","Tiny House"],"picked":"Philosopher\u0027s Stone"}],"items_purged_floors":[22,44],"is_endless":false,"potions_floor_spawned":[4,7,14,18,21,23,28,36,38],"ascension_level":10}}