{"host":"d61fcf2p3sjwe6yo","time":1610826498,"event":{"mods":["AchievementEnabler","BaseMod","Colored Map","Downfall","Minty Spire (QoL Compilation)","StSLib","SuperFastMode"],"gold_per_floor":[99,114,114,114,132,132,179,205,37,37,63,78,78,107,124,222,222,222,242,242,256,275,307,357,257,269,286,75,103,3,103,118,218,218,218,231,250,268,396,396,396,428,428,442,454,354,369,401,414,414,414,444,92,92,92,92],"floor_reached":57,"language":"ENG","playtime":3398,"items_purged":["bronze:Defend","Writhe","bronze:CleanCode","bronze:Strike"],"score":1524,"play_id":"c3e76087-e2a4-4546-a0d5-d71b29edea8b","local_time":"20210116224818","is_ascension_mode":true,"campfire_choices":[{"data":"bronze:Replicate","floor":1,"key":"SMITH"},{"floor":13,"key":"REST"},{"floor":18,"key":"RECALL"},{"floor":25,"key":"REST"},{"floor":30,"key":"REST"}],"circlet_count":0,"master_deck":["bronze:Strike+1","bronze:Strike+1","bronze:Defend","bronze:Defend","bronze:Defend","bronze:Replicate+1","bronze:Goto","bronze:Spike","bronze:Repair+1","bronze:HardenedForm+1","bronze:Shell+1","bronze:FineTuning","bronze:OilSpill+1","bronze:Branch","bronze:InfiniteLoop+1","bronze:Repulsor+1","bronze:OilSpill+1","bronze:HardenedForm","bronze:OilSpill+1","bronze:Terminator+1","bronze:Shell","expansioncontent:StudyTheSpire+1","expansioncontent:Chronoboost","bronze:Verify","bronze:OilSpill+1","bronze:Branch+1","expansioncontent:QuickStudy"],"relics":["bronze:BronzeCore","Whetstone","Sundial","Pen Nib","Singing Bowl","Fusion Hammer","TungstenRod","Centennial Puzzle","downfall:HeartBlessingRed","Membership Card","Oddly Smooth Stone","downfall:HeartBlessingGreen","White Beast Statue","Coffee Dripper","bronze:CableSpool","downfall:HeartBlessingBlue","Omamori","Nunchaku","Calipers"],"acts_visited":["Exordium","TheCity","TheBeyond","TheEnding"],"potions_floor_usage":[22,29,38,38,42,42,42,45,48,49,49,50,56,56,56],"damage_taken":[{"damage":2,"enemies":"Jaw Worm","floor":2,"turns":3},{"damage":10,"enemies":"Small Slimes","floor":5,"turns":3},{"damage":22,"enemies":"Small Slimes","floor":6,"turns":4},{"damage":32,"enemies":"Gremlin Nob","floor":8,"turns":4},{"damage":0,"enemies":"downfall:FleeingMerchant","floor":9,"turns":4},{"damage":10,"enemies":"Lagavulin","floor":11,"turns":5},{"damage":6,"enemies":"2 Louse","floor":12,"turns":3},{"damage":9,"enemies":"3 Sentries","floor":14,"turns":6},{"damage":4,"enemies":"Exordium Thugs","floor":15,"turns":4},{"damage":0,"enemies":"SI_SHIV_ARCHETYPE","floor":16,"turns":7},{"damage":27,"enemies":"3 Byrds","floor":19,"turns":5},{"damage":7,"enemies":"Cultist and Chosen","floor":21,"turns":5},{"damage":15,"enemies":"Snake Plant","floor":22,"turns":4},{"damage":32,"enemies":"Gremlin Leader","floor":23,"turns":8},{"damage":9,"enemies":"Centurion and Healer","floor":26,"turns":5},{"damage":21,"enemies":"Shelled Parasite and Fungi","floor":27,"turns":3},{"damage":2,"enemies":"downfall:FleeingMerchant","floor":28,"turns":4},{"damage":21,"enemies":"Slavers","floor":29,"turns":5},{"damage":7,"enemies":"downfall:LadyInBlue","floor":31,"turns":7},{"damage":18,"enemies":"Snecko","floor":32,"turns":6},{"damage":60,"enemies":"IC_MUSHROOM_ARCHETYPE","floor":33,"turns":6},{"damage":7,"enemies":"3 Shapes","floor":36,"turns":3},{"damage":0,"enemies":"3 Darklings","floor":37,"turns":6},{"damage":5,"enemies":"Maw","floor":38,"turns":4},{"damage":6,"enemies":"downfall:FleeingMerchant","floor":39,"turns":4},{"damage":45,"enemies":"Nemesis","floor":42,"turns":5},{"damage":8,"enemies":"Sphere and 2 Shapes","floor":44,"turns":4},{"damage":0,"enemies":"3 Darklings","floor":45,"turns":3},{"damage":1,"enemies":"4 Shapes","floor":47,"turns":4},{"damage":12,"enemies":"Reptomancer","floor":48,"turns":3},{"damage":20,"enemies":"Jaw Worm Horde","floor":49,"turns":6},{"damage":29,"enemies":"WA_ARCHETYPE_DIVINITY","floor":50,"turns":10},{"damage":42,"enemies":"downfall:CharBossMerchant","floor":52,"turns":7},{"damage":25,"enemies":"downfall:NeowBoss","floor":55,"turns":11},{"damage":22,"enemies":"downfall:NeowBossFinal","floor":56,"turns":9}],"seed_played":"-8713008888921984720","potions_obtained":[{"floor":6,"key":"Energy Potion"},{"floor":12,"key":"Weak Potion"},{"floor":14,"key":"LiquidBronze"},{"floor":29,"key":"GamblersBrew"},{"floor":31,"key":"PowerPotion"},{"floor":31,"key":"GamblersBrew"},{"floor":31,"key":"Swift Potion"},{"floor":32,"key":"hexamod:SoulburnPotion"},{"floor":38,"key":"Weak Potion"},{"floor":39,"key":"hexamod:SoulburnPotion"},{"floor":42,"key":"Explosive Potion"},{"floor":44,"key":"DuplicationPotion"},{"floor":45,"key":"ColorlessPotion"},{"floor":47,"key":"LiquidBronze"},{"floor":48,"key":"DuplicationPotion"},{"floor":49,"key":"Guardian:BlockOnCardUsePotion"},{"floor":52,"key":"Dexterity Potion"}],"is_trial":false,"path_per_floor":["R","M","?","?","M","?","T","E","$","?","E","M","R","E","M","B",null,"R","M","?","M","M","E","T","R","M","M","$","E","R","?","M","B",null,"R","M","M","M","$","?","T","E","?","M","M","R","M","E","M","B",null,"E","$","R","B","B",null],"character_chosen":"THE_AUTOMATON","items_purchased":["bronze:Shell","Membership Card","bronze:Shell","expansioncontent:StudyTheSpire+1","Calipers","PowerPotion","expansioncontent:QuickStudy"],"campfire_rested":3,"item_purchase_floors":[9,28,39,39,53,53,53],"current_hp_per_floor":[77,75,75,80,70,48,48,23,30,30,30,34,58,60,66,77,82,82,67,67,72,70,50,50,77,81,72,82,71,96,91,80,30,98,98,98,100,100,96,96,96,53,53,47,47,57,78,88,79,60,120,90,90,90,75,63],"gold":92,"neow_bonus":"TEN_PERCENT_HP_BONUS","is_daily":false,"chose_seed":false,"campfire_upgraded":1,"win_rate":0.0,"timestamp":1610826498,"path_taken":["R","M","?","?","M","?","T","E","$","?","E","M","R","E","M","BOSS","R","M","?","?","M","E","T","R","M","M","$","E","R","?","M","BOSS","R","M","M","M","$","?","T","E","?","?","M","R","M","E","M","BOSS","E","$","R","BOSS","BOSS"],"items_purchased_type":["Card","Relic","Card","Card","Relic","Potion","Card"],"build_version":"2020-12-22","purchased_purges":4,"victory":true,"max_hp_per_floor":[77,77,77,82,82,82,82,82,82,82,82,82,82,82,82,82,82,82,84,84,86,88,90,90,90,92,94,96,96,96,98,98,98,98,98,98,100,100,102,102,102,104,104,106,106,116,118,120,120,120,120,122,122,122,122,122],"card_choices":[{"not_picked":["bronze:Invalidate","bronze:WildBeam","bronze:Fortify"],"picked":"SKIP","floor":2},{"not_picked":["bronze:Repulsor","bronze:DarkDash","bronze:Refactor"],"picked":"SKIP","floor":5},{"not_picked":[],"picked":"bronze:Spike","floor":6},{"not_picked":["bronze:BitShift","bronze:Allocate"],"picked":"bronze:Repair","floor":6},{"not_picked":["bronze:Fortify","bronze:OilSpill"],"picked":"bronze:CleanCode","floor":8},{"not_picked":["bronze:BitShift","bronze:DelayedGuard"],"picked":"bronze:HardenedForm","floor":9},{"not_picked":["bronze:Terminator","bronze:Boost"],"picked":"bronze:FineTuning","floor":11},{"not_picked":["bronze:Invalidate","bronze:CutThrough","bronze:DarkDash"],"picked":"SKIP","floor":12},{"not_picked":["bronze:DigitalCarnage","bronze:Safeguard"],"picked":"bronze:OilSpill","floor":14},{"not_picked":["bronze:Fortify","bronze:BitShift"],"picked":"bronze:Branch","floor":15},{"not_picked":["bronze:BurnOut","bronze:ShipIt"],"picked":"bronze:InfiniteLoop","floor":16},{"not_picked":["bronze:GetLatest+1","bronze:Overload","bronze:CutThrough+1"],"picked":"Singing Bowl","floor":19},{"not_picked":["bronze:ChosenStrike","bronze:ItsAFeature","bronze:Return"],"picked":"Singing Bowl","floor":21},{"not_picked":["bronze:FineTuning","bronze:Branch","bronze:Constructor"],"picked":"Singing Bowl","floor":22},{"not_picked":["bronze:Boost","bronze:FollowUp","bronze:BugBarrage"],"picked":"Singing Bowl","floor":23},{"not_picked":["bronze:Turbo","bronze:Boost+1","bronze:Branch"],"picked":"Singing Bowl","floor":26},{"not_picked":["bronze:BuggyMess","bronze:Iterate","bronze:BitShift"],"picked":"Singing Bowl","floor":27},{"not_picked":["bronze:FineTuning","bronze:Separator","bronze:Overheat"],"picked":"Singing Bowl","floor":28},{"not_picked":["bronze:RecursiveStrike","bronze:CutThrough+1"],"picked":"bronze:Repulsor+1","floor":29},{"not_picked":["bronze:CutThrough","bronze:DelayedGuard","bronze:DelayedSlice"],"picked":"Singing Bowl","floor":31},{"not_picked":["bronze:WhirlingStrike","bronze:ForLoop+1"],"picked":"bronze:OilSpill+1","floor":32},{"not_picked":["bronze:TinkerersToolbox","bronze:Mutator"],"picked":"bronze:HardenedForm","floor":33},{"not_picked":["bronze:Refactor","bronze:FineTuning+1"],"picked":"bronze:OilSpill+1","floor":36},{"not_picked":["bronze:Optimize","bronze:InfiniteBeams","bronze:DigitalCarnage"],"picked":"Singing Bowl","floor":37},{"not_picked":["bronze:WildBeam","bronze:BuggyMess+1"],"picked":"bronze:Terminator+1","floor":38},{"not_picked":["bronze:Shield+1","bronze:Iterate+1","bronze:Branch"],"picked":"Singing Bowl","floor":39},{"not_picked":["expansioncontent:PrepareCrush","expansioncontent:YouAreMine"],"picked":"expansioncontent:Chronoboost","floor":40},{"not_picked":["bronze:Allocate+1","bronze:BronzeArmor+1","bronze:Boost"],"picked":"Singing Bowl","floor":42},{"not_picked":["bronze:DelayedSlice","bronze:Flail","bronze:NullPointer+1"],"picked":"Singing Bowl","floor":44},{"not_picked":["bronze:WildBeam","bronze:Shield"],"picked":"bronze:OilSpill+1","floor":45},{"not_picked":["bronze:Shield","bronze:Separator+1","bronze:Iterate"],"picked":"Singing Bowl","floor":47},{"not_picked":["bronze:Iterate+1","bronze:DelayedGuard+1","bronze:BugBarrage+1"],"picked":"Singing Bowl","floor":48},{"not_picked":["bronze:Shield","bronze:ChildClass+1"],"picked":"bronze:Branch+1","floor":49},{"not_picked":["bronze:FindAndReplace","bronze:BuggyMess+1","bronze:ForLoop+1"],"picked":"Singing Bowl","floor":52}],"player_experience":570356,"relics_obtained":[{"floor":7,"key":"Whetstone"},{"floor":8,"key":"Sundial"},{"floor":11,"key":"Pen Nib"},{"floor":14,"key":"Singing Bowl"},{"floor":23,"key":"TungstenRod"},{"floor":24,"key":"Centennial Puzzle"},{"floor":29,"key":"Oddly Smooth Stone"},{"floor":31,"key":"White Beast Statue"},{"floor":42,"key":"bronze:CableSpool"},{"floor":48,"key":"Omamori"},{"floor":52,"key":"Nunchaku"}],"event_choices":[{"cards_removed":["bronze:Strike"],"damage_healed":0,"gold_gain":0,"player_choice":"Card Removal","damage_taken":0,"max_hp_gain":0,"max_hp_loss":0,"event_name":"The Cleric","floor":3,"gold_loss":0},{"damage_healed":0,"gold_gain":0,"player_choice":"Donut","damage_taken":0,"max_hp_gain":5,"max_hp_loss":0,"event_name":"Big Fish","floor":4,"gold_loss":0}],"is_beta":false,"boss_relics":[{"not_picked":["Tiny House","Empty Cage"],"picked":"Fusion Hammer"},{"not_picked":["Astrolabe","Snecko Eye"],"picked":"Coffee Dripper"}],"items_purged_floors":[9,28,39,53],"is_endless":false,"potions_floor_spawned":[6,12,14,16,19,29,31,32,33,36,37,38,39,42,44,45,47,48,49,52],"ascension_level":3}}