{"host":"7gewg82ormp6yt4e","time":1610803895,"event":{"mods":["BaseMod","Block Reminder","Colored Map","Colored Powertips","DeckTracker","Highlight Path","Minty Spire (QoL Compilation)","Relic Stats","StSLib","ojb\u0027s Info Mod"],"gold_per_floor":[10,20,39,39,59,59,79,104,180,210,210,210,222,260,260,340,340,364,409,54,92,110,110,139,139,163,206,206,229,229,229,229],"floor_reached":31,"language":"JPN","playtime":1627,"items_purged":[],"score":657,"play_id":"1d9a54a0-5f1f-47d4-8f13-b6b094f3d27f","local_time":"20210116223135","is_ascension_mode":true,"campfire_choices":[{"data":"Apotheosis","floor":6,"key":"SMITH"},{"data":"Hyperbeam","floor":11,"key":"SMITH"},{"data":"Undo","floor":15,"key":"SMITH"},{"data":"Master of Strategy","floor":23,"key":"SMITH"},{"data":"Secret Weapon","floor":25,"key":"SMITH"},{"data":"Biased Cognition","floor":28,"key":"SMITH"},{"data":"Defend_B","floor":30,"key":"PURGE"}],"circlet_count":0,"master_deck":["AscendersBane","Defend_B","Defend_B","Zap","Dualcast","Apotheosis+1","Streamline","Sweeping Beam","Ball Lightning","Cold Snap","Hyperbeam+1","Undo+1","Glacier","Hologram","Conserve Battery","Biased Cognition+1","Rebound+1","Bite","Bite","Bite","Bite","Master of Strategy+1","Capacitor","Core Surge","Secret Weapon+1","Doom and Gloom","Capacitor"],"relics":["Cracked Core","Bottled Flame","Gremlin Horn","Turnip","CeramicFish","Velvet Choker","DataDisk","Red Mask","Potion Belt","Juzu Bracelet","Peace Pipe"],"acts_visited":["Exordium","TheCity"],"potions_floor_usage":[5,10,16,16,24],"damage_taken":[{"damage":0,"enemies":"Cultist","floor":1,"turns":3},{"damage":0,"enemies":"Small Slimes","floor":2,"turns":3},{"damage":7,"enemies":"Jaw Worm","floor":3,"turns":3},{"damage":8,"enemies":"Blue Slaver","floor":5,"turns":5},{"damage":4,"enemies":"Looter","floor":7,"turns":3},{"damage":16,"enemies":"Lagavulin","floor":8,"turns":6},{"damage":4,"enemies":"Gremlin Nob","floor":10,"turns":3},{"damage":0,"enemies":"Lots of Slimes","floor":13,"turns":1},{"damage":5,"enemies":"Lagavulin","floor":14,"turns":9},{"damage":21,"enemies":"Hexaghost","floor":16,"turns":11},{"damage":0,"enemies":"Spheric Guardian","floor":18,"turns":4},{"damage":0,"enemies":"Masked Bandits","floor":21,"turns":1},{"damage":0,"enemies":"Gremlin Leader","floor":24,"turns":7},{"damage":10,"enemies":"Book of Stabbing","floor":27,"turns":8},{"damage":16,"enemies":"Shell Parasite","floor":29,"turns":5},{"damage":52,"enemies":"Gremlin Leader","floor":31,"turns":4}],"seed_played":"5104120842374234804","potions_obtained":[{"floor":3,"key":"Regen Potion"},{"floor":4,"key":"ColorlessPotion"},{"floor":7,"key":"Energy Potion"},{"floor":10,"key":"Strength Potion"},{"floor":16,"key":"Dexterity Potion"},{"floor":21,"key":"Fire Potion"}],"is_trial":false,"path_per_floor":["M","M","M","?","M","R","M","E","T","E","R","?","M","E","R","B",null,"M","?","$","?","?","R","E","R","T","E","R","M","R","E"],"character_chosen":"DEFECT","items_purchased":["DataDisk","Master of Strategy"],"campfire_rested":0,"item_purchase_floors":[20,20],"current_hp_per_floor":[64,64,57,57,63,63,59,43,43,39,39,39,39,34,34,13,57,57,49,49,49,49,49,49,49,49,49,49,42,42,0,0],"gold":229,"neow_bonus":"RANDOM_COLORLESS_2","is_daily":false,"chose_seed":false,"campfire_upgraded":6,"win_rate":0.0,"timestamp":1610803895,"path_taken":["M","M","M","?","?","R","M","E","T","E","R","?","M","E","R","BOSS","M","?","$","?","?","R","E","R","T","E","R","M","R","E"],"items_purchased_type":["Relic","Card"],"build_version":"2020-12-22","purchased_purges":0,"victory":false,"max_hp_per_floor":[71,71,71,71,71,71,71,71,71,71,71,71,71,71,71,71,71,71,49,49,49,49,49,49,49,49,49,49,49,49,49,49],"relic_stats":{"Peace Pipe":1,"Gremlin Horn":[11,11],"counters":[16,76],"CeramicFish":126,"Turnip":[9],"Juzu Bracelet":0,"obtain_stats":[{"Potion Belt":24,"Peace Pipe":27,"Bottled Flame":8,"DataDisk":20,"Gremlin Horn":9,"CeramicFish":14,"Velvet Choker":17,"Turnip":10,"Red Mask":21,"Juzu Bracelet":26,"Cracked Core":0},{"Potion Belt":13,"Peace Pipe":14,"Bottled Flame":6,"DataDisk":11,"Gremlin Horn":6,"CeramicFish":9,"Velvet Choker":10,"Turnip":7,"Red Mask":12,"Juzu Bracelet":13,"Cracked Core":0},{"Potion Belt":59,"Peace Pipe":67,"Bottled Flame":23,"DataDisk":51,"Gremlin Horn":23,"CeramicFish":36,"Velvet Choker":47,"Turnip":26,"Red Mask":52,"Juzu Bracelet":59,"Cracked Core":0}]},"card_choices":[{"not_picked":["Mayhem","Master of Strategy"],"picked":"Apotheosis","floor":0},{"not_picked":["Compile Driver","Tempest"],"picked":"Streamline","floor":1},{"not_picked":["Go for the Eyes","Lockon"],"picked":"Sweeping Beam","floor":2},{"not_picked":["Streamline","Conserve Battery"],"picked":"Ball Lightning","floor":3},{"not_picked":["Skim","Streamline"],"picked":"Cold Snap","floor":5},{"not_picked":["Chill","Fusion"],"picked":"Hyperbeam","floor":7},{"not_picked":["Conserve Battery","Gash"],"picked":"Undo","floor":8},{"not_picked":["Leap","Go for the Eyes"],"picked":"Glacier","floor":10},{"not_picked":["White Noise","Redo"],"picked":"Hologram","floor":13},{"not_picked":["Thunder Strike","Stack"],"picked":"Conserve Battery","floor":14},{"not_picked":["Meteor Strike","Rainbow"],"picked":"Biased Cognition","floor":16},{"not_picked":["Leap","Tempest"],"picked":"Rebound+1","floor":18},{"not_picked":["Compile Driver","Loop"],"picked":"Capacitor","floor":21},{"not_picked":["Gash","Turbo","Ball Lightning"],"picked":"SKIP","floor":24},{"not_picked":["Go for the Eyes","All For One"],"picked":"Doom and Gloom","floor":27},{"not_picked":["Stack","Double Energy+1"],"picked":"Capacitor","floor":29}],"player_experience":2597495,"relics_obtained":[{"floor":8,"key":"Bottled Flame"},{"floor":9,"key":"Gremlin Horn"},{"floor":10,"key":"Turnip"},{"floor":14,"key":"CeramicFish"},{"floor":21,"key":"Red Mask"},{"floor":24,"key":"Potion Belt"},{"floor":26,"key":"Juzu Bracelet"},{"floor":27,"key":"Peace Pipe"}],"event_choices":[{"damage_healed":0,"gold_gain":0,"player_choice":"Got Potions","damage_taken":0,"max_hp_gain":0,"max_hp_loss":0,"event_name":"Lab","floor":4,"gold_loss":0},{"damage_healed":0,"gold_gain":0,"player_choice":"Ignored","damage_taken":0,"max_hp_gain":0,"max_hp_loss":0,"event_name":"Shining Light","floor":12,"gold_loss":0},{"damage_healed":0,"gold_gain":0,"player_choice":"Became a vampire","damage_taken":0,"max_hp_gain":0,"max_hp_loss":22,"event_name":"Vampires","floor":19,"gold_loss":0,"cards_obtained":["Bite","Bite","Bite","Bite","Bite"]},{"damage_healed":0,"gold_gain":0,"player_choice":"Fought Bandits","damage_taken":0,"max_hp_gain":0,"max_hp_loss":0,"event_name":"Masked Bandits","floor":21,"gold_loss":0},{"damage_healed":0,"gold_gain":0,"cards_transformed":["Defend_B","Bite"],"player_choice":"Became Test Subject","damage_taken":0,"max_hp_gain":0,"max_hp_loss":0,"event_name":"Drug Dealer","floor":22,"gold_loss":0,"cards_obtained":["Core Surge","Secret Weapon"]}],"is_beta":false,"boss_relics":[{"not_picked":["Tiny House","FrozenCore"],"picked":"Velvet Choker"}],"items_purged_floors":[],"is_endless":false,"potions_floor_spawned":[3,7,10,16,21],"killed_by":"Gremlin Leader","ascension_level":20}}