{"host":"heot42mtselsoupx","time":1610788741,"event":{"mods":["ATMod(°¢èªMod)","BaseMod","Minty Spire (QoL Compilation)","Quick Restart","StSLib","¡¾ÒÅÎï¿¨ÅÆ¡¿REMEMod"],"gold_per_floor":[134,209,59,59,59,59,59,29,54,84,99,176,176,351,351,451,451,558,585,618,5,20,20,50,100,150,150,165,165,15,165,165,265,265,280,295,362,412,412,412,412,62,112,334,134,149,99,99,99,99],"floor_reached":51,"language":"ZHS","playtime":2499,"items_purged":["Regret","Doubt","Defend_G","Strike_G"],"score":853,"play_id":"023ecaf9-6032-411a-943f-d29d077d85d9","local_time":"20210116171901","daily_mods":["Allstar","Flight","Night Terrors"],"is_ascension_mode":false,"campfire_choices":[{"data":"AT_RealColorLess","floor":6,"key":"SMITH"},{"floor":15,"key":"REST"},{"data":"AT_WindFlip","floor":23,"key":"SMITH"},{"data":"HandOfGreed","floor":27,"key":"SMITH"},{"data":"Mind Blast","floor":32,"key":"SMITH"},{"data":"REME_AllRoundStrike","floor":40,"key":"SMITH"},{"data":"Strike_G","floor":49,"key":"SMITH"}],"circlet_count":0,"master_deck":["Strike_G","Strike_G+1","Strike_G+1","Defend_G+1","Defend_G","Defend_G+1","Defend_G","Survivor","Neutralize","Mind Blast+1","Forethought","Finesse+1","HandOfGreed+1","Discovery+1","AT_RealColorLess+1","AT_WindFlip+1","AT_TwilightShroud","REME_BattleFury+1","AT_WindFlip+1","Masterful Stab+1","Panache+1","REME_ShadowForm+1","CurseOfTheBell","REME_AllRoundStrike+1"],"relics":["Ring of the Snake","REME_ComplimentaryCards","AT_ATBox","TwistedFunnel","AT_SunfireAegis","War Paint","HornCleat","REME_LowDesire","MawBank","Happy Flower","Red Mask","AT_SilvercatRing","TungstenRod","Ancient Tea Set","Smiling Mask","REME_HandOfSuture","Medical Kit","Unceasing Top","Ornamental Fan","Calling Bell","AT_RabadonDeathcap","Kunai","Oddly Smooth Stone","Ice Cream","AT_ChloranthyRing","REME_CardOfGreed","Boot","AT_ArchangelStaff"],"acts_visited":["Exordium","TheCity","TheBeyond"],"potions_floor_usage":[8,28,31,50,50,50],"damage_taken":[{"damage":0,"enemies":"2 Louse","floor":1,"turns":2},{"damage":20,"enemies":"Gremlin Nob","floor":10,"turns":4},{"damage":6,"enemies":"Small Slimes","floor":11,"turns":2},{"damage":10,"enemies":"Slime Boss","floor":16,"turns":6},{"damage":0,"enemies":"2 Thieves","floor":18,"turns":4},{"damage":0,"enemies":"Spheric Guardian","floor":19,"turns":2},{"damage":10,"enemies":"Masked Bandits","floor":20,"turns":2},{"damage":0,"enemies":"3 Cultists","floor":22,"turns":5},{"damage":24,"enemies":"Gremlin Leader","floor":24,"turns":5},{"damage":0,"enemies":"Cultist and Chosen","floor":28,"turns":3},{"damage":8,"enemies":"Colosseum Slavers","floor":31,"turns":2},{"damage":0,"enemies":"Colosseum Nobs","floor":31,"turns":3},{"damage":0,"enemies":"Collector","floor":33,"turns":4},{"damage":0,"enemies":"3 Darklings","floor":35,"turns":4},{"damage":2,"enemies":"Orb Walker","floor":36,"turns":3},{"damage":16,"enemies":"2 Orb Walkers","floor":37,"turns":4},{"damage":2,"enemies":"Mind Bloom Boss Battle","floor":38,"turns":7},{"damage":0,"enemies":"Jaw Worm Horde","floor":46,"turns":2},{"damage":0,"enemies":"Time Eater","floor":50,"turns":7}],"seed_played":"2700428786693623746","potions_obtained":[{"floor":8,"key":"SneckoOil"},{"floor":8,"key":"REME_GoldPotion"},{"floor":11,"key":"SpeedPotion"},{"floor":18,"key":"Regen Potion"},{"floor":22,"key":"Strength Potion"},{"floor":33,"key":"SpeedPotion"},{"floor":36,"key":"Dexterity Potion"}],"is_trial":false,"path_per_floor":["M","?","$","?","$","R","?","?","T","E","M","?","?","?","R","B",null,"M","M","?","$","M","R","E","?","T","R","M","?","$","?","R","B",null,"M","M","?","?","?","R","?","$","T","?","$","M","$","?","R","B",null],"character_chosen":"THE_SILENT","items_purchased":["TwistedFunnel","AT_SilvercatRing","TungstenRod","Medical Kit","AT_ChloranthyRing","REME_CardOfGreed","AT_ArchangelStaff"],"campfire_rested":1,"item_purchase_floors":[3,21,21,30,42,42,45],"current_hp_per_floor":[70,59,59,59,59,59,45,45,45,25,19,19,1,1,65,55,65,65,65,55,55,55,55,31,31,31,31,31,31,31,32,32,32,65,65,63,47,45,45,45,45,45,45,45,45,45,45,45,45,45],"gold":99,"neow_bonus":"","is_daily":true,"chose_seed":false,"campfire_upgraded":6,"win_rate":0.0,"timestamp":1610788741,"path_taken":["M","?","$","?","?","R","?","?","T","E","?","?","?","?","R","BOSS","M","M","?","$","M","R","E","?","T","R","?","?","$","?","R","BOSS","M","M","?","?","?","R","?","$","T","?","$","?","$","?","R","BOSS"],"items_purchased_type":["Relic","Relic","Relic","Relic","Relic","Relic","Relic"],"build_version":"2020-12-22","purchased_purges":4,"victory":true,"max_hp_per_floor":[70,70,70,70,70,70,70,70,70,70,70,70,70,70,65,65,65,65,65,65,65,65,65,65,65,65,65,65,65,65,65,65,65,65,65,65,65,65,62,62,62,62,62,62,62,62,62,62,62,62],"card_choices":[{"not_picked":["Dodge and Roll","All Out Attack","Underhanded Strike"],"picked":"SKIP","floor":1},{"not_picked":["Escape Plan","Poisoned Stab","Tactician"],"picked":"SKIP","floor":10},{"not_picked":["Cloak And Dagger","Flying Knee"],"picked":"AT_TwilightShroud","floor":11},{"not_picked":["Deflect","AT_WindFlip+1","AT_ShadowStep","AT_TearsDenial"],"picked":"SKIP","floor":18},{"not_picked":["Poisoned Stab","Deflect","Choke"],"picked":"REME_BattleFury","floor":19},{"not_picked":["Accuracy","Dagger Throw","Night Terror","Purity+1"],"picked":"SKIP","floor":22},{"not_picked":["Acrobatics","Cloak And Dagger+1","Magnetism"],"picked":"AT_WindFlip+1","floor":24},{"not_picked":["Poisoned Stab","Cloak And Dagger","AT_Homeward"],"picked":"Masterful Stab+1","floor":28},{"not_picked":["Endless Agony+1","Tactician","Dodge and Roll"],"picked":"Panache","floor":31},{"not_picked":["Doppelganger","Corpse Explosion","Transmutation"],"picked":"REME_ShadowForm","floor":33},{"not_picked":["Quick Slash+1","AT_WindRun+1","Reflex+1"],"picked":"REME_AllRoundStrike","floor":35},{"not_picked":["Slice+1","Blade Dance","PiercingWail","Swift Strike+1"],"picked":"SKIP","floor":36},{"not_picked":["Expertise","Finisher","Flying Knee+1","Deep Breath+1"],"picked":"SKIP","floor":46}],"player_experience":221462,"relics_obtained":[{"floor":9,"key":"War Paint"},{"floor":10,"key":"HornCleat"},{"floor":17,"key":"MawBank"},{"floor":17,"key":"Happy Flower"},{"floor":20,"key":"Red Mask"},{"floor":24,"key":"Ancient Tea Set"},{"floor":26,"key":"Smiling Mask"},{"floor":31,"key":"Unceasing Top"},{"floor":31,"key":"Ornamental Fan"},{"floor":34,"key":"AT_RabadonDeathcap"},{"floor":34,"key":"Kunai"},{"floor":34,"key":"Oddly Smooth Stone"},{"floor":37,"key":"Ice Cream"},{"floor":43,"key":"Boot"}],"event_choices":[{"damage_healed":0,"gold_gain":75,"player_choice":"Gather Gold","damage_taken":11,"max_hp_gain":0,"max_hp_loss":0,"event_name":"World of Goop","floor":2,"gold_loss":0},{"damage_healed":0,"gold_gain":0,"player_choice":"Box","damage_taken":0,"relics_obtained":["AT_SunfireAegis"],"max_hp_gain":0,"max_hp_loss":0,"event_name":"Big Fish","floor":4,"gold_loss":0,"cards_obtained":["Regret"]},{"damage_healed":0,"gold_gain":0,"player_choice":"Entered Light","damage_taken":14,"max_hp_gain":0,"max_hp_loss":0,"event_name":"Shining Light","floor":7,"gold_loss":0,"cards_upgraded":["Strike_G","Defend_G"]},{"damage_healed":0,"gold_gain":0,"player_choice":"Bought 2 Potions","damage_taken":0,"max_hp_gain":0,"max_hp_loss":0,"event_name":"The Woman in Blue","floor":8,"gold_loss":0},{"damage_healed":0,"gold_gain":77,"player_choice":"Gained Gold","damage_taken":0,"max_hp_gain":0,"max_hp_loss":0,"event_name":"Golden Wing","floor":12,"gold_loss":0},{"damage_healed":0,"gold_gain":0,"player_choice":"Fled","damage_taken":18,"max_hp_gain":0,"max_hp_loss":0,"event_name":"Scrap Ooze","floor":13,"gold_loss":0},{"damage_healed":0,"gold_gain":175,"player_choice":"AGREE","damage_taken":0,"max_hp_gain":0,"max_hp_loss":0,"event_name":"Liars Game","floor":14,"gold_loss":0,"cards_obtained":["Doubt"]},{"damage_healed":0,"gold_gain":0,"player_choice":"Fought Bandits","damage_taken":0,"max_hp_gain":0,"max_hp_loss":0,"event_name":"Masked Bandits","floor":20,"gold_loss":0},{"damage_healed":0,"gold_gain":100,"player_choice":"Bet on Murderer","damage_taken":0,"max_hp_gain":0,"max_hp_loss":0,"event_name":"The Joust","floor":25,"gold_loss":50},{"damage_healed":0,"gold_gain":0,"player_choice":"Opened","damage_taken":0,"relics_obtained":["REME_HandOfSuture"],"max_hp_gain":0,"max_hp_loss":0,"event_name":"The Mausoleum","floor":29,"gold_loss":0},{"damage_healed":0,"gold_gain":0,"player_choice":"Fight","damage_taken":0,"max_hp_gain":0,"max_hp_loss":0,"event_name":"Colosseum","floor":31,"gold_loss":0},{"damage_healed":0,"gold_gain":0,"player_choice":"Fought Nobs","damage_taken":0,"max_hp_gain":0,"max_hp_loss":0,"event_name":"Colosseum","floor":31,"gold_loss":0},{"damage_healed":0,"gold_gain":0,"player_choice":"Fight","damage_taken":0,"max_hp_gain":0,"max_hp_loss":0,"event_name":"Mysterious Sphere","floor":37,"gold_loss":0},{"damage_healed":0,"gold_gain":0,"player_choice":"Fight","damage_taken":0,"max_hp_gain":0,"max_hp_loss":0,"event_name":"MindBloom","floor":38,"gold_loss":0},{"damage_healed":0,"gold_gain":0,"player_choice":"Max HP","damage_taken":0,"max_hp_gain":0,"max_hp_loss":3,"event_name":"Winding Halls","floor":39,"gold_loss":0},{"cards_removed":["Strike_G"],"damage_healed":0,"gold_gain":0,"player_choice":"Removed Attack","damage_taken":0,"max_hp_gain":0,"max_hp_loss":0,"event_name":"Falling","floor":41,"gold_loss":0},{"damage_healed":0,"gold_gain":222,"player_choice":"Wore Mask","damage_taken":0,"max_hp_gain":0,"max_hp_loss":0,"event_name":"Tomb of Lord Red Mask","floor":44,"gold_loss":0},{"damage_healed":0,"gold_gain":0,"player_choice":"Memory 1","damage_taken":0,"max_hp_gain":0,"max_hp_loss":0,"event_name":"SensoryStone","floor":48,"gold_loss":0}],"is_beta":false,"boss_relics":[{"not_picked":["Philosopher\u0027s Stone","REME_DuelDisc"],"picked":"REME_LowDesire"},{"not_picked":["HoveringKite","Cursed Key"],"picked":"Calling Bell"}],"items_purged_floors":[21,42,45,47],"is_endless":false,"potions_floor_spawned":[11,18,19,22,33,36,37],"ascension_level":0}}