{"host":"oeotdbd679q6m6vu","time":1610759550,"event":{"mods":["Act Like it!","BaseMod","Colored Map","Decade(Õı–°√˜)","Downfall","Friendly Minions","Gensokyo","GifTheSpireLib","Highlight Path","Marisa£®ÏF”Í°°ƒß¿Ì…≥£©","Minty Spire (QoL Compilation)","Rare Cards Sparkle","Reimu£®≤©¿ˆ¡È√Œ£©","StSLib","The Animator","Youmu£®ªÍ∆«—˝√Œ£©"],"gold_per_floor":[99,99,99,99,374,393,441,49,66,93,108,143,143,153,167,280,280,180,180,280,307,307,307,307,336,536,553,573,573,573,573],"floor_reached":29,"language":"ZHS","playtime":1107,"items_purged":["Regret"],"score":291,"play_id":"ca88b0c3-d635-4bcd-b2ed-a1b76d138bb3","local_time":"20210115201230","is_ascension_mode":false,"campfire_choices":[{"data":"hexamod:Sear","floor":1,"key":"SMITH"},{"data":"hexamod:SearingWound","floor":18,"key":"SMITH"},{"data":"hexamod:RainOfEmbers","floor":23,"key":"SMITH"}],"circlet_count":0,"master_deck":["hexamod:Strike","hexamod:Strike","hexamod:Strike","hexamod:Strike","hexamod:Defend","hexamod:Defend","hexamod:Defend","hexamod:Defend","hexamod:Sear+1","hexamod:Float","hexamod:ChargedBarrage","hexamod:FlamesFromBeyond","hexamod:EmpoweredFlame","hexamod:BurningTouch","hexamod:ChargedBarrage","hexamod:RainOfEmbers+1","hexamod:ThirdSeal","hexamod:BurningTouch","hexamod:FlamesFromBeyond","hexamod:BurningTouch","hexamod:PhantomFireball","hexamod:FastForward","hexamod:SecondSeal","hexamod:FlameSwitch","hexamod:SearingWound+1","hexamod:GhostflameInferno","hexamod:HeatCrush","hexamod:FlamesFromBeyond+1"],"relics":["hexamod:SpiritBrand","downfall:HeartsMalice","Chemical X","Orichalcum","Black Star","downfall:HeartBlessingBlue","downfall:RedIOU","Mastiff:ReiMu","Sundial","Lantern","InkBottle"],"acts_visited":["Exordium","TheCity"],"potions_floor_usage":[16,16,29],"damage_taken":[{"damage":0,"enemies":"Cultist","floor":2,"turns":1},{"damage":0,"enemies":"Jaw Worm","floor":3,"turns":1},{"damage":0,"enemies":"2 Louse","floor":4,"turns":1},{"damage":6,"enemies":"2 Fungi Beasts","floor":6,"turns":3},{"damage":12,"enemies":"downfall:FleeingMerchant","floor":8,"turns":4},{"damage":0,"enemies":"Exordium Thugs","floor":9,"turns":3},{"damage":13,"enemies":"Gremlin Gang","floor":11,"turns":5},{"damage":9,"enemies":"Gremlin Nob","floor":12,"turns":3},{"damage":3,"enemies":"Red Slaver","floor":14,"turns":3},{"damage":0,"enemies":"Exordium Wildlife","floor":15,"turns":3},{"damage":37,"enemies":"WA_ARCHETYPE_RETAIN","floor":16,"turns":5},{"damage":15,"enemies":"Chosen","floor":21,"turns":5},{"damage":16,"enemies":"Book of Stabbing","floor":25,"turns":3},{"damage":23,"enemies":"Shell Parasite","floor":27,"turns":4},{"damage":5,"enemies":"Cultist and Chosen","floor":28,"turns":3},{"damage":22,"enemies":"Slavers","floor":29,"turns":2}],"seed_played":"1859980442889849266","potions_obtained":[{"floor":6,"key":"SkillPotion"},{"floor":9,"key":"GamblersBrew"},{"floor":11,"key":"Strength Potion"},{"floor":12,"key":"Fire Potion"},{"floor":14,"key":"Fire Potion"},{"floor":25,"key":"Energy Potion"},{"floor":27,"key":"PowerPotion"}],"is_trial":false,"path_per_floor":["R","M","M","M","?","M","T","$","M","T","M","E","?","M","M","B",null,"R","?","?","M","?","R","T","E","?","M","M","E"],"character_chosen":"THE_SPIRIT","items_purchased":["Chemical X","hexamod:RainOfEmbers","hexamod:ThirdSeal"],"campfire_rested":0,"item_purchase_floors":[8,8,8],"current_hp_per_floor":[70,70,70,70,70,64,64,52,52,52,39,30,80,77,77,40,80,90,90,90,75,75,75,75,59,59,36,31,9,9,9],"gold":573,"neow_bonus":"THREE_ENEMY_KILL","is_daily":false,"chose_seed":false,"campfire_upgraded":3,"win_rate":0.0,"timestamp":1610759550,"path_taken":["R","M","M","?","?","?","T","$","M","?","M","E","?","M","M","BOSS","R","?","?","M","?","R","T","E","?","M","M","E"],"items_purchased_type":["Relic","Card","Card"],"build_version":"2020-12-22","purchased_purges":1,"victory":false,"max_hp_per_floor":[70,70,70,70,70,70,70,70,70,70,70,70,80,80,80,80,80,90,90,90,90,90,90,90,90,90,90,90,90,90,90],"card_choices":[{"not_picked":["hexamod:FlamesFromBeyond","hexamod:SoulSteal"],"picked":"hexamod:ChargedBarrage","floor":2},{"not_picked":["hexamod:SwordOfDarkness","hexamod:BacktrackSmack"],"picked":"hexamod:FlamesFromBeyond","floor":3},{"not_picked":["hexamod:SwordOfDarkness","hexamod:Haunt"],"picked":"hexamod:EmpoweredFlame","floor":4},{"not_picked":["hexamod:Rewind","hexamod:InspiringFlames"],"picked":"hexamod:BurningTouch","floor":6},{"not_picked":["hexamod:BacktrackSmack","hexamod:HeatMetal"],"picked":"hexamod:ChargedBarrage","floor":8},{"not_picked":["hexamod:SpectersWail","hexamod:GhostOfSpirePresent"],"picked":"hexamod:BurningTouch","floor":9},{"not_picked":["hexamod:GhostShield","hexamod:GhostLash"],"picked":"hexamod:FlamesFromBeyond","floor":9},{"not_picked":["hexamod:Firestarter","hexamod:Rewind"],"picked":"hexamod:BurningTouch","floor":11},{"not_picked":["hexamod:GhostShield","hexamod:InspiringFlames","hexamod:SwordOfDarkness"],"picked":"SKIP","floor":11},{"not_picked":["hexamod:GhostLash","hexamod:ThirdSeal"],"picked":"hexamod:ForkedFlame","floor":12},{"not_picked":["hexamod:EtherealExpedition","hexamod:ThermalTransfer","hexamod:HeatMetal"],"picked":"SKIP","floor":12},{"not_picked":["hexamod:EtherealExpedition","hexamod:ThermalTransfer","hexamod:HeatMetal"],"picked":"SKIP","floor":12},{"not_picked":["hexamod:AdvancingGuard","hexamod:Haunt"],"picked":"hexamod:PhantomFireball","floor":14},{"not_picked":["hexamod:GhostLash","hexamod:InspiringFlames"],"picked":"hexamod:FastForward","floor":14},{"not_picked":["hexamod:BacktrackSmack","hexamod:RetreatToShadows"],"picked":"hexamod:SecondSeal","floor":15},{"not_picked":["hexamod:ThermalTransfer","hexamod:SwordOfDarkness"],"picked":"hexamod:FlameSwitch","floor":15},{"not_picked":["hexamod:ForkedFlame","hexamod:HexaLevel"],"picked":"hexamod:SearingWound","floor":16},{"not_picked":["hexamod:FlameSwitch","hexamod:ParanormalForm"],"picked":"hexamod:GhostflameInferno","floor":16},{"not_picked":["hexamod:Firestarter","hexamod:RecurringNightmare","hexamod:GhostLash+1"],"picked":"SKIP","floor":21},{"not_picked":["hexamod:SecondSeal","hexamod:InspiringFlames","hexamod:GhostOfSpireFuture"],"picked":"SKIP","floor":21},{"not_picked":["hexamod:ShieldOfDarkness","hexamod:HeatMetal","hexamod:GhostOfSpirePresent"],"picked":"SKIP","floor":25},{"not_picked":["hexamod:RecurringNightmare+1","hexamod:PowerFromBeyond"],"picked":"hexamod:HeatCrush","floor":27},{"not_picked":["hexamod:SpectersWail","hexamod:CatchUp"],"picked":"hexamod:FlamesFromBeyond+1","floor":27},{"not_picked":["hexamod:AdvancingGuard","hexamod:Haunt+1","hexamod:SpectersWail"],"picked":"SKIP","floor":28}],"player_experience":326312,"relics_obtained":[{"floor":7,"key":"hexamod:MatchstickCase"},{"floor":12,"key":"Orichalcum"},{"floor":24,"key":"Sundial"},{"floor":25,"key":"Lantern"},{"floor":25,"key":"InkBottle"}],"event_choices":[{"cards_removed":["hexamod:ForkedFlame"],"damage_healed":40,"gold_gain":0,"player_choice":"Offered Rare","damage_taken":0,"max_hp_gain":10,"max_hp_loss":0,"event_name":"Bonfire Elementals","floor":13,"gold_loss":0}],"is_beta":false,"boss_relics":[{"not_picked":["bronze:MakeshiftBattery","Empty Cage"],"picked":"Black Star"}],"items_purged_floors":[8],"is_endless":false,"potions_floor_spawned":[6,9,11,12,14,15,25,27],"killed_by":"Slavers","ascension_level":0}}