{"host":"cjhtzh7tp54jdfyv","time":1610812349,"event":{"mods":["AchievementEnabler","BaseMod","Colored Map","Colored Powertips","Curses Come First","DeckTracker","Filter the Spire","Minty Spire (QoL Compilation)","RNG Fix","Relic Sorter","Relic Stats","StSLib","UnlockEverythingMod","ojb\u0027s Better Paths Mod","ojb\u0027s Info Mod"],"gold_per_floor":[16,34,0,15,15,15,30,64,64,78,88,88,122,135,135,135,135],"floor_reached":16,"language":"ENG","playtime":1324,"items_purged":[],"score":228,"play_id":"e607f28d-5f95-488e-8747-388676b04017","local_time":"20210116105229","is_ascension_mode":true,"campfire_choices":[{"data":"Blade Dance","floor":6,"key":"SMITH"},{"data":"Leg Sweep","floor":15,"key":"SMITH"}],"circlet_count":0,"master_deck":["AscendersBane","Strike_G","Strike_G","Strike_G","Strike_G","Strike_G","Defend_G","Defend_G","Defend_G","Defend_G+1","Defend_G","Survivor+1","Neutralize","Venomology","Dagger Throw","Blade Dance+1","Dash","Venomology","Masterful Stab","Blade Dance","Leg Sweep+1"],"relics":["Ring of the Snake","War Paint","Gremlin Horn","Golden Idol","Mercury Hourglass"],"acts_visited":["Exordium"],"potions_floor_usage":[4,7,8,8,10,11,13,13,13,14,16,16,16,16],"damage_taken":[{"damage":25,"enemies":"Jaw Worm","floor":1,"turns":11},{"damage":1,"enemies":"Small Slimes","floor":2,"turns":4},{"damage":5,"enemies":"Cultist","floor":4,"turns":5},{"damage":0,"enemies":"Blue Slaver","floor":7,"turns":3},{"damage":7,"enemies":"Lagavulin","floor":8,"turns":7},{"damage":0,"enemies":"3 Louse","floor":10,"turns":6},{"damage":0,"enemies":"Large Slime","floor":11,"turns":4},{"damage":9,"enemies":"Gremlin Nob","floor":13,"turns":3},{"damage":0,"enemies":"2 Fungi Beasts","floor":14,"turns":4},{"damage":27,"enemies":"Hexaghost","floor":16,"turns":12}],"seed_played":"3706277146751884580","potions_obtained":[{"floor":4,"key":"Explosive Potion"},{"floor":11,"key":"Regen Potion"}],"is_trial":false,"path_per_floor":["M","M","?","M","?","R","M","E","T","M","M","?","E","M","R","B"],"character_chosen":"THE_SILENT","items_purchased":[],"campfire_rested":0,"item_purchase_floors":[],"current_hp_per_floor":[34,33,33,28,28,28,28,21,21,21,21,21,21,21,21,0,0],"gold":135,"neow_bonus":"THREE_RARE_CARDS","is_daily":false,"chose_seed":false,"campfire_upgraded":2,"win_rate":0.0,"timestamp":1610812349,"path_taken":["M","M","?","M","?","R","M","E","T","M","?","?","E","M","R","BOSS"],"items_purchased_type":[],"build_version":"2020-12-22","purchased_purges":0,"victory":false,"max_hp_per_floor":[66,66,66,66,66,66,66,66,66,66,66,60,60,60,60,60,60],"relic_stats":{"Gremlin Horn":[4,4],"counters":[10,59],"Golden Idol":10,"War Paint":["Defend_G","Survivor"],"obtain_stats":[{"Gremlin Horn":9,"Golden Idol":12,"War Paint":8,"Ring of the Snake":0,"Mercury Hourglass":13},{"Gremlin Horn":5,"Golden Idol":7,"War Paint":5,"Ring of the Snake":0,"Mercury Hourglass":8},{"Gremlin Horn":30,"Golden Idol":40,"War Paint":30,"Ring of the Snake":0,"Mercury Hourglass":43}],"Ring of the Snake":[20],"Mercury Hourglass":[51]},"card_choices":[{"not_picked":["Bullet Time","Doppelganger"],"picked":"Venomology","floor":0},{"not_picked":["PiercingWail","Acrobatics","Backflip"],"picked":"SKIP","floor":1},{"not_picked":["Reflex","Calculated Gamble"],"picked":"Dagger Throw","floor":2},{"not_picked":["Cloak And Dagger","Dagger Throw"],"picked":"Blade Dance","floor":4},{"not_picked":["Quick Slash","Infinite Blades"],"picked":"Dash","floor":7},{"not_picked":["Deflect","PiercingWail"],"picked":"Venomology","floor":8},{"not_picked":["Flying Knee","Distraction"],"picked":"Masterful Stab","floor":10},{"not_picked":["Setup","Heel Hook"],"picked":"Blade Dance","floor":11},{"not_picked":["Dash","Masterful Stab"],"picked":"Leg Sweep","floor":13},{"not_picked":["Distraction","All Out Attack","Outmaneuver"],"picked":"SKIP","floor":14}],"player_experience":4381448,"relics_obtained":[{"floor":8,"key":"War Paint"},{"floor":9,"key":"Gremlin Horn"},{"floor":13,"key":"Mercury Hourglass"}],"event_choices":[{"damage_healed":0,"gold_gain":0,"player_choice":"Left Gold","damage_taken":0,"max_hp_gain":0,"max_hp_loss":0,"event_name":"World of Goop","floor":3,"gold_loss":34},{"damage_healed":0,"gold_gain":0,"player_choice":"Ignored","damage_taken":0,"max_hp_gain":0,"max_hp_loss":0,"event_name":"Liars Game","floor":5,"gold_loss":0},{"damage_healed":0,"gold_gain":0,"player_choice":"Lose Max HP","damage_taken":0,"relics_obtained":["Golden Idol"],"max_hp_gain":0,"max_hp_loss":6,"event_name":"Golden Idol","floor":12,"gold_loss":0}],"is_beta":false,"boss_relics":[],"items_purged_floors":[],"is_endless":false,"potions_floor_spawned":[4,7,11,14],"killed_by":"Hexaghost","ascension_level":20}}