{"host":"h6r7r6c3xsnc1kic","time":1610804919,"event":{"mods":["BaseMod","Hermit","Koishi","Minty Spire (QoL Compilation)","Replay The Spire","StSLib","The Bug Knight","The Cursed","The Dragon Tamer","The Hierophant","The Jungle","The Poker Player","The Runesmith"],"gold_per_floor":[109,126,126,143,158,184,196,230,230,339,339,359,359,379,379,480,480,500,510,232,232,77,77,106,106,160,174,174,99,119,119,119,119,119],"floor_reached":33,"language":"KOR","playtime":1612,"items_purged":[],"score":277,"play_id":"b4d405b6-5251-49d0-9aa0-3a8a5db528a9","local_time":"20210116224839","daily_mods":["Heirloom"],"is_ascension_mode":false,"campfire_choices":[{"floor":11,"key":"REST"},{"floor":13,"key":"REST"},{"data":"hermit:Maintenance","floor":15,"key":"SMITH"},{"floor":23,"key":"REST"},{"data":"Chrysalis","floor":25,"key":"SMITH"},{"floor":28,"key":"REST"},{"floor":32,"key":"REST"}],"circlet_count":0,"master_deck":["hermit:Strike_Hermit","hermit:Strike_Hermit","hermit:Strike_Hermit","hermit:Strike_Hermit","hermit:Defend_Hermit","hermit:Defend_Hermit","hermit:Defend_Hermit","hermit:Defend_Hermit","hermit:Snapshot","hermit:Covet","hermit:TakeCover","hermit:ShadowCloak","hermit:LoneWolf","hermit:Grudge","hermit:TakeAim","hermit:Ricochet","hermit:Maintenance+1","hermit:Enervate","hermit:BigShot","hermit:CursedWeapon","hermit:Headshot","hermit:RoundhouseKick","hermit:Glare","hermit:Glare","Chrysalis+1","Flash of Steel","Swift Strike","hermit:FlashPowder","hermit:Coalescence+1"],"relics":["hermit:Momento","FossilizedHelix","Garlic","Bottled Tornado","Blue Candle","SlaversCollar","Replay:Rubber Ducky","ReplayTheSpireMod:ShopPack","ReplayTheSpireMod:Ring of Exchange","ReplayTheSpireMod:Ring of Sloth","HandDrill","HollowMod:PaleOreRelic","Regal Pillow"],"acts_visited":["Exordium","TheCity"],"potions_floor_usage":[6,16,16,24,33,33],"damage_taken":[{"damage":0,"enemies":"2 Louse","floor":1,"turns":3},{"damage":0,"enemies":"Small Slimes","floor":2,"turns":3},{"damage":2,"enemies":"Jaw Worm","floor":4,"turns":4},{"damage":2,"enemies":"Blue Slaver","floor":5,"turns":4},{"damage":13,"enemies":"Gremlin Nob","floor":6,"turns":4},{"damage":11,"enemies":"Gremlin Gang","floor":7,"turns":7},{"damage":24,"enemies":"HollowMod:MossKnight","floor":8,"turns":10},{"damage":1,"enemies":"Red Slaver","floor":12,"turns":3},{"damage":10,"enemies":"Looter","floor":14,"turns":3},{"damage":25,"enemies":"Hexaghost","floor":16,"turns":9},{"damage":23,"enemies":"Spheric Guardian","floor":18,"turns":4},{"damage":0,"enemies":"3 Byrds","floor":19,"turns":6},{"damage":24,"enemies":"Slavers","floor":24,"turns":5},{"damage":29,"enemies":"Shelled Parasite and Fungi","floor":27,"turns":8},{"damage":36,"enemies":"Snecko","floor":30,"turns":6},{"damage":62,"enemies":"Collector","floor":33,"turns":15}],"seed_played":"8634794984196590504","potions_obtained":[{"floor":1,"key":"AttackPotion"},{"floor":6,"key":"Cursed Concoction"},{"floor":12,"key":"BlessingOfTheForge"},{"floor":16,"key":"Adrenaline Potion"},{"floor":24,"key":"Strength Potion"},{"floor":30,"key":"FearPotion"}],"is_trial":true,"path_per_floor":["M","M","$","M","M","E","M","E","T","?","R","M","R","M","R","B",null,"M","M","$","?","$","R","E","R","T","M","R","?","M","?","R","B"],"character_chosen":"HERMIT","items_purchased":["Replay:Rubber Ducky","ReplayTheSpireMod:ShopPack","HandDrill"],"campfire_rested":5,"item_purchase_floors":[20,20,22],"current_hp_per_floor":[75,75,75,73,71,58,47,23,23,23,45,44,66,56,56,31,75,52,52,52,52,52,74,50,50,50,21,58,58,22,22,59,0,0],"gold":119,"neow_bonus":"","is_daily":false,"chose_seed":false,"campfire_upgraded":2,"win_rate":0.0,"timestamp":1610804919,"path_taken":["M","M","$","M","M","E","M","E","T","?","R","M","R","M","R","BOSS","M","M","$","?","$","R","E","R","T","M","R","?","M","?","R","BOSS"],"items_purchased_type":["Relic","Relic","Relic"],"build_version":"2020-12-22","purchased_purges":0,"victory":false,"max_hp_per_floor":[75,75,75,75,75,75,75,75,75,75,75,75,75,75,75,75,75,75,75,75,75,75,75,75,75,75,75,75,75,75,75,75,75,75],"card_choices":[{"not_picked":["hermit:SprayPray","hermit:HighCaliber"],"picked":"hermit:TakeCover","floor":1},{"not_picked":["hermit:Manifest","hermit:Dive"],"picked":"hermit:ShadowCloak","floor":2},{"not_picked":["hermit:HoleUp","hermit:Misfire"],"picked":"hermit:LoneWolf","floor":4},{"not_picked":["hermit:WideOpen","hermit:ItchyTrigger"],"picked":"hermit:Grudge","floor":5},{"not_picked":["hermit:Coalescence","hermit:LoneWolf"],"picked":"hermit:TakeAim","floor":6},{"not_picked":["hermit:LowProfile","hermit:Snipe"],"picked":"hermit:Ricochet","floor":7},{"not_picked":["hermit:Roulette","hermit:CalledShot"],"picked":"hermit:Maintenance","floor":8},{"not_picked":["hermit:Ricochet","hermit:ItchyTrigger"],"picked":"hermit:Enervate","floor":10},{"not_picked":["hermit:TakeAim","hermit:BodyArmor"],"picked":"hermit:BigShot","floor":10},{"not_picked":["hermit:FinalCanter","hermit:Spite"],"picked":"hermit:CursedWeapon","floor":10},{"not_picked":["hermit:WideOpen","hermit:Roulette"],"picked":"hermit:Headshot","floor":12},{"not_picked":["hermit:Cheat","hermit:TakeAim","hermit:Roulette"],"picked":"SKIP","floor":14},{"not_picked":["hermit:HighNoon","hermit:Magnum"],"picked":"hermit:RoundhouseKick","floor":16},{"not_picked":["hermit:Manifest+1","hermit:LoneWolf"],"picked":"hermit:Glare","floor":18},{"not_picked":["hermit:Midnight","hermit:FullyLoaded"],"picked":"hermit:Glare","floor":19},{"not_picked":["ReplayTheSpireMod:Brewmster","Master of Strategy"],"picked":"Chrysalis","floor":20},{"not_picked":["ReplayTheSpireMod:Brewmster","Magnetism"],"picked":"Flash of Steel","floor":20},{"not_picked":["Replay:Sssssssssstrike","Enlightenment"],"picked":"Swift Strike","floor":20},{"not_picked":["hermit:EternalForm","hermit:ItchyTrigger","hermit:LuckOfTheDraw"],"picked":"SKIP","floor":24},{"not_picked":["hermit:TakeCover","hermit:CalledShot"],"picked":"hermit:FlashPowder","floor":27},{"not_picked":["hermit:Ricochet","hermit:WideOpen"],"picked":"hermit:Coalescence+1","floor":30}],"player_experience":165341,"relics_obtained":[{"floor":6,"key":"Garlic"},{"floor":8,"key":"Bottled Tornado"},{"floor":9,"key":"Blue Candle"},{"floor":21,"key":"ReplayTheSpireMod:Ring of Exchange"},{"floor":21,"key":"ReplayTheSpireMod:Ring of Sloth"},{"floor":24,"key":"HollowMod:PaleOreRelic"},{"floor":26,"key":"Regal Pillow"}],"event_choices":[{"cards_removed":["ReplayTheSpireMod:Splinters"],"damage_healed":0,"gold_gain":0,"player_choice":"Gave Gold","damage_taken":0,"max_hp_gain":0,"max_hp_loss":0,"event_name":"Beggar","floor":29,"gold_loss":75},{"damage_healed":0,"gold_gain":0,"player_choice":"Ignored","damage_taken":0,"max_hp_gain":0,"max_hp_loss":0,"event_name":"NoteForYourself","floor":31,"gold_loss":0}],"is_beta":false,"boss_relics":[{"not_picked":["Empty Cage","ReplayTheSpireMod:DimensionalGlitch"],"picked":"SlaversCollar"}],"items_purged_floors":[],"is_endless":false,"potions_floor_spawned":[1,6,12,16,24,30],"killed_by":"Collector","ascension_level":0}}