{"host":"oigynbtg272c19pw","time":1610794581,"event":{"mods":["BaseMod","Colored Map","Minty Spire (QoL Compilation)","Relic Stats","Slay the Relics Exporter","StSLib"],"gold_per_floor":[117,1,12,30,46,46,62,88,88,105,105,16,16,71,71,145,145,163,173,173,193,16,16,16],"floor_reached":23,"playtime":1195,"items_purged":["Strike_G","Strike_G"],"score":486,"play_id":"59155d51-8783-498e-9661-50ff2f28fbc1","local_time":"20210116115621","is_ascension_mode":true,"campfire_choices":[{"data":"Corpse Explosion","floor":6,"key":"SMITH"},{"floor":11,"key":"REST"},{"data":"Malaise","floor":15,"key":"SMITH"}],"circlet_count":0,"master_deck":["AscendersBane","Strike_G","Strike_G","Strike_G","Defend_G","Defend_G","Defend_G","Defend_G","Defend_G","Survivor","Neutralize","Corpse Explosion+1","Dagger Spray","Riddle With Holes","Escape Plan","Blur","Outmaneuver","Footwork","Malaise+1","Backflip","Noxious Fumes","After Image","Cloak And Dagger","Cloak And Dagger","RitualDagger","Dodge and Roll","Malaise"],"relics":["Ring of the Snake","Kunai","Boot","Regal Pillow","Cursed Key"],"acts_visited":["Exordium","TheCity"],"potions_floor_usage":[8,10,14,16,23],"damage_taken":[{"damage":1,"enemies":"Jaw Worm","floor":1,"turns":4},{"damage":7,"enemies":"2 Louse","floor":3,"turns":2},{"damage":0,"enemies":"Cultist","floor":4,"turns":3},{"damage":0,"enemies":"Lots of Slimes","floor":5,"turns":1},{"damage":0,"enemies":"Large Slime","floor":7,"turns":6},{"damage":29,"enemies":"3 Sentries","floor":8,"turns":8},{"damage":0,"enemies":"3 Louse","floor":10,"turns":3},{"damage":12,"enemies":"3 Sentries","floor":14,"turns":7},{"damage":0,"enemies":"The Guardian","floor":16,"turns":11},{"damage":7,"enemies":"Shell Parasite","floor":18,"turns":7},{"damage":11,"enemies":"2 Thieves","floor":19,"turns":3},{"damage":0,"enemies":"Snake Plant","floor":21,"turns":6},{"damage":48,"enemies":"Gremlin Leader","floor":23,"turns":9}],"seed_played":"8343665001749701119","potions_obtained":[{"floor":3,"key":"Energy Potion"},{"floor":7,"key":"Explosive Potion"},{"floor":8,"key":"Dexterity Potion"},{"floor":14,"key":"SpeedPotion"},{"floor":18,"key":"Regen Potion"}],"is_trial":false,"path_per_floor":["M","$","M","M","M","R","M","E","T","M","R","$","?","?","R","B",null,"M","M","?","M","$","E"],"character_chosen":"THE_SILENT","items_purchased":["Riddle With Holes","Noxious Fumes","Malaise"],"campfire_rested":1,"item_purchase_floors":[2,12,22],"current_hp_per_floor":[43,43,36,36,36,36,36,7,7,7,26,26,26,14,14,14,53,46,35,29,29,29,0,0],"gold":16,"neow_bonus":"THREE_RARE_CARDS","is_daily":false,"chose_seed":false,"campfire_upgraded":2,"win_rate":0.0,"timestamp":1610794581,"path_taken":["M","$","M","M","M","R","M","E","T","M","R","$","?","?","R","BOSS","M","M","?","M","$","E"],"items_purchased_type":["Card","Card","Card"],"build_version":"2020-12-13","purchased_purges":2,"victory":false,"max_hp_per_floor":[66,66,66,66,66,66,66,66,66,66,66,66,66,66,66,66,66,66,66,66,66,66,66,66],"relic_stats":{"Regal Pillow":0,"counters":[13,70],"Kunai":[8],"Boot":[128],"Cursed Key":0,"obtain_stats":[{"Regal Pillow":14,"Kunai":8,"Boot":9,"Cursed Key":17,"Ring of the Snake":0},{"Regal Pillow":8,"Kunai":6,"Boot":6,"Cursed Key":9,"Ring of the Snake":0},{"Regal Pillow":34,"Kunai":24,"Boot":24,"Cursed Key":45,"Ring of the Snake":0}],"Ring of the Snake":[26]},"card_choices":[{"not_picked":["Adrenaline","Malaise"],"picked":"Corpse Explosion","floor":0},{"not_picked":["Dagger Throw","Prepared"],"picked":"Dagger Spray","floor":1},{"not_picked":["Accuracy","Expertise"],"picked":"Escape Plan","floor":3},{"not_picked":["Blade Dance","Deflect"],"picked":"Blur","floor":4},{"not_picked":["Dagger Spray","Slice"],"picked":"Outmaneuver","floor":5},{"not_picked":["Dodge and Roll","All Out Attack"],"picked":"Footwork","floor":7},{"not_picked":["Blade Dance","Quick Slash"],"picked":"Malaise","floor":8},{"not_picked":["Expertise","Riddle With Holes"],"picked":"Backflip","floor":10},{"not_picked":["Corpse Explosion","Venomology"],"picked":"After Image","floor":16},{"not_picked":["Calculated Gamble","Dagger Throw"],"picked":"Cloak And Dagger","floor":18},{"not_picked":["Slice","All Out Attack"],"picked":"Cloak And Dagger","floor":19},{"not_picked":["Outmaneuver","Slice"],"picked":"Dodge and Roll","floor":21}],"player_experience":1407732,"relics_obtained":[{"floor":8,"key":"Kunai"},{"floor":9,"key":"Boot"},{"floor":14,"key":"Regal Pillow"}],"event_choices":[{"damage_healed":0,"gold_gain":0,"player_choice":"Ignored","damage_taken":0,"max_hp_gain":0,"max_hp_loss":0,"event_name":"Shining Light","floor":13,"gold_loss":0},{"damage_healed":0,"gold_gain":30,"player_choice":"Searched \u00273\u0027 times","damage_taken":0,"max_hp_gain":0,"max_hp_loss":0,"event_name":"Dead Adventurer","floor":14,"gold_loss":0},{"damage_healed":0,"gold_gain":0,"player_choice":"Joined the Cult","damage_taken":6,"max_hp_gain":0,"max_hp_loss":0,"event_name":"Nest","floor":20,"gold_loss":0,"cards_obtained":["RitualDagger"]}],"is_beta":false,"boss_relics":[{"not_picked":["Tiny House","WristBlade"],"picked":"Cursed Key"}],"items_purged_floors":[2,22],"is_endless":false,"potions_floor_spawned":[3,7,8,14,18],"killed_by":"Gremlin Leader","ascension_level":20}}