{"host":"kvh5342rl0c7vxi5","time":1610761312,"event":{"mods":["BaseMod","Downfall","Hermit","Jorbs\u0027s Wanderer Trilogy","Minty Spire (QoL Compilation)","Quick Restart","StSLib","SuperFastMode","The Poker Player"],"gold_per_floor":[112,112,132,142,15,45,45,24,24,24,57,57,76,110,110,208,208,222,233,233,233,233,245,267,279,279],"floor_reached":25,"language":"ENG","playtime":889,"items_purged":["hermit:Strike_Hermit"],"score":296,"play_id":"792fa4d2-8dfc-4c07-8730-fe52179d4d7b","local_time":"20210115204152","is_ascension_mode":true,"campfire_choices":[{"data":"hermit:Gestalt","floor":7.0,"key":"SMITH"},{"floor":12.0,"key":"REST"},{"data":"hermit:Horror","floor":15.0,"key":"SMITH"},{"data":"hermit:FlashPowder","floor":23,"key":"SMITH"}],"circlet_count":0,"master_deck":["hermit:Strike_Hermit","hermit:Defend_Hermit","hermit:Defend_Hermit","hermit:Defend_Hermit","hermit:Snapshot","hermit:Covet","hermit:Roughhouse","hermit:HighCaliber","Regret","hermit:GoldenBullet+1","hermit:Gestalt+1","hermit:FlashPowder+1","hermit:Horror+1","hermit:Dissolve","hermit:Showdown+1","hermit:Ricochet+1","hermit:Virtue+1","hermit:Deadeye+1"],"relics":["hermit:Momento","Ornamental Fan","Tiny Chest","White Beast Statue","Omamori","Anchor","Astrolabe","Orichalcum","MawBank"],"acts_visited":["Exordium","TheCity"],"potions_floor_usage":[25],"damage_taken":[{"damage":4.0,"enemies":"2 Louse","floor":1.0,"turns":2.0},{"damage":0.0,"enemies":"Small Slimes","floor":3.0,"turns":2.0},{"damage":5.0,"enemies":"Cultist","floor":4.0,"turns":4.0},{"damage":20.0,"enemies":"3 Sentries","floor":6.0,"turns":8.0},{"damage":2.0,"enemies":"Lagavulin","floor":11.0,"turns":6.0},{"damage":12.0,"enemies":"Large Slime","floor":13.0,"turns":7.0},{"damage":7.0,"enemies":"Gremlin Nob","floor":14.0,"turns":5.0},{"damage":27.0,"enemies":"The Guardian","floor":16.0,"turns":15.0},{"damage":7,"enemies":"Shell Parasite","floor":18,"turns":6},{"damage":2,"enemies":"Spheric Guardian","floor":19,"turns":4},{"damage":1,"enemies":"Centurion and Healer","floor":24,"turns":5},{"damage":93,"enemies":"Gremlin Leader","floor":25,"turns":10}],"seed_played":"-3745006290600328290","potions_obtained":[{"floor":3.0,"key":"SneckoOil"},{"floor":11.0,"key":"Regen Potion"},{"floor":13.0,"key":"Guardian:BlockOnCardUsePotion"},{"floor":14.0,"key":"DistilledChaos"},{"floor":16.0,"key":"FairyPotion"},{"floor":18,"key":"FearPotion"}],"is_trial":false,"path_per_floor":["M","?","M","M","$","E","R","?","T","?","E","R","M","E","R","B",null,"M","M","T","T","?","R","M","E"],"character_chosen":"HERMIT","items_purchased":["Dexterity Potion"],"campfire_rested":1,"item_purchase_floors":[5],"current_hp_per_floor":[46,46,46,41,41,21,21,21,21,21,19,41,38,31,31,4,57,50,48,48,48,48,48,47,0,0],"gold":279,"neow_bonus":"THREE_RARE_CARDS","is_daily":false,"chose_seed":false,"campfire_upgraded":3,"win_rate":0.0,"timestamp":1610761312,"path_taken":["M","?","M","M","$","E","R","?","T","?","E","R","M","E","R","BOSS","M","?","?","?","?","R","?","E"],"items_purchased_type":["Potion"],"build_version":"2020-12-22","purchased_purges":1,"victory":false,"max_hp_per_floor":[75,75,75,75,75,75,75,75,75,75,75,75,75,75,75,75,75,75,75,75,75,75,75,75,75,75],"card_choices":[{"not_picked":["hermit:RoundhouseKick","hermit:Adapt"],"picked":"hermit:Roughhouse","floor":0.0},{"not_picked":["hermit:Desperado","hermit:Roulette"],"picked":"hermit:HighCaliber","floor":1.0},{"not_picked":["hermit:Coalescence","hermit:Desperado"],"picked":"hermit:GoldenBullet","floor":3.0},{"not_picked":["hermit:SprayPray","hermit:Manifest","hermit:Feint"],"picked":"SKIP","floor":4.0},{"not_picked":["hermit:Feint","hermit:Grudge"],"picked":"hermit:Gestalt","floor":6.0},{"not_picked":["hermit:Ricochet","hermit:WideOpen"],"picked":"hermit:FlashPowder","floor":11.0},{"not_picked":["hermit:Misfire","hermit:Desperado","hermit:DeadMansHand"],"picked":"SKIP","floor":13.0},{"not_picked":["hermit:Feint","hermit:Cheat"],"picked":"hermit:Horror","floor":14.0},{"not_picked":["hermit:Roughhouse","hermit:Reprieve"],"picked":"hermit:Dissolve","floor":16.0},{"not_picked":["hermit:Roulette","hermit:BodyArmor","hermit:Spite"],"picked":"SKIP","floor":18},{"not_picked":["hermit:Misfire","hermit:Coalescence","hermit:Headshot"],"picked":"SKIP","floor":19},{"not_picked":["hermit:TrackingShot","hermit:Gestalt"],"picked":"hermit:Deadeye+1","floor":24}],"player_experience":530266,"relics_obtained":[{"floor":6.0,"key":"Tiny Chest"},{"floor":9.0,"key":"White Beast Statue"},{"floor":11.0,"key":"Omamori"},{"floor":14.0,"key":"Anchor"},{"floor":20,"key":"Orichalcum"}],"event_choices":[{"damage_healed":0.0,"max_hp_gain":0.0,"max_hp_loss":0.0,"gold_gain":0.0,"event_name":"Big Fish","player_choice":"Box","floor":2.0,"gold_loss":0.0,"damage_taken":0.0,"relics_obtained":["Ornamental Fan"],"cards_obtained":["Regret"]},{"damage_healed":0.0,"max_hp_gain":0.0,"max_hp_loss":0.0,"gold_gain":0.0,"event_name":"World of Goop","player_choice":"Left Gold","floor":8.0,"gold_loss":21.0,"damage_taken":0.0},{"damage_healed":0.0,"max_hp_gain":0.0,"max_hp_loss":0.0,"gold_gain":0.0,"event_name":"Upgrade Shrine","player_choice":"Upgraded","floor":10.0,"gold_loss":0.0,"damage_taken":0.0,"cards_upgraded":["hermit:GoldenBullet"]},{"damage_healed":0,"gold_gain":0,"player_choice":"Stole Relic","damage_taken":0,"relics_obtained":["MawBank"],"max_hp_gain":0,"max_hp_loss":0,"event_name":"Addict","floor":22,"gold_loss":0,"cards_obtained":["Shame"]}],"is_beta":false,"boss_relics":[{"not_picked":["Ectoplasm","Pandora\u0027s Box"],"picked":"Astrolabe"}],"items_purged_floors":[5],"is_endless":false,"potions_floor_spawned":[3,11,13,14,16,18,19,24],"killed_by":"Gremlin Leader","ascension_level":7}}