{"host":"1sqx9dmsrxu9kvq7","time":1610828547,"event":{"mods":["2.2 Compatiblity","Arknights The Spire","BaseMod","Colored Powertips","Custom Start","Dio Mod","Friendly Minions","Hermit","Highlight Path","HololiveMod","Jorbs\u0027s Wanderer Trilogy","Koishi","MarisaÅiñ∂âJÅ@ñÇóùçπÅj","Minty Spire (QoL Compilation)","Quick Restart","Rare Cards Sparkle","Relic Stats","Shade Mod","Shop Mod","Spicy Shops","StSLib","Td1madao Mod","The Blue Laboratory","The Construct","The Cursed","The Disciple","The Hierophant","The Necromancer","The Runesmith","The Servant 0.9.4","Waifu the Spire","WarShipGirlsR/??è≠èóR mod"],"gold_per_floor":[114,114,129,142,142,142,155,166,239,251,262,262,301,326,326,447,447,466,479,479,479,73,73,0,0,0,0,15,15,15,27,27,127,177,197,210,220,272,272,299,299,82,131,131,148,163,182,182,182,182,182,182,20,54,54,54],"floor_reached":55,"language":"ENG","playtime":4710,"items_purged":["Injury"],"score":726,"play_id":"0099ee51-5194-4ae1-a856-139b86515f96","local_time":"20210116142227","is_ascension_mode":false,"campfire_choices":[{"floor":6,"key":"RECALL"},{"floor":15,"key":"REST"},{"data":"1","floor":23,"key":"LIFT"},{"data":"2","floor":29,"key":"LIFT"},{"data":"3","floor":32,"key":"LIFT"},{"data":"Shade:LichForm","floor":41,"key":"SMITH"},{"data":"Shade:SensePrey","floor":44,"key":"SMITH"},{"data":"Shade:AnimateDead","floor":49,"key":"SMITH"},{"data":"Shade:Patience","floor":52,"key":"SMITH"}],"circlet_count":0,"master_deck":["Shade:Strike_Shade+1","Shade:Strike_Shade+1","Shade:Strike_Shade+1","Shade:Defend_Shade+1","Shade:Defend_Shade+1","Shade:Defend_Shade+1","Shade:Defend_Shade+1","Shade:AnimateDead+1","Shade:CarefulCut","Shade:Bonestorm+1","Shade:AuraOfUnlife","Shade:GraveStillness","Shade:ExtraLimbs","Shade:Brains","Shade:Bite_Shade","Shade:PressTheAttack","Shade:ExtraLimbs","Shade:ClawBack","Shade:SensePrey+1","Shade:Trample","Shade:LastGasp","CurseOfTheBell","Shade:OpenGraves","Shade:CommandSoldier","Shade:FuneraryJewels","Shade:ClawBack","Shade:Bonestorm+1","Shame","Shade:SensePrey","Shade:Bonestorm+1","Shade:OpenGraves+1","Shade:LichForm+1","Shade:Carnophage","Shade:CloudOfShrapnel+1","Shade:FuneraryArmor+1","Shade:FreshBones+1","Shade:CommandSoldier","Shade:GraveStillness","Flash of Steel","Shade:Frenzy+1","Shade:Patience+1","Shade:FreshBones+1","Shade:WallOfFlesh+1","Shade:Coordination","Shade:CommandSoldier+1","Shade:OpenGraves","Shade:AuraOfUnlife","Shade:FuneraryArmor+1"],"relics":["Shade:YorickSkull","NeowsBlessing","Bloody Idol","Prayer Wheel","Calling Bell","Lantern","Matryoshka","Shade:Thing","Happy Flower","Girya","Potion Belt","Hololive_LightStick","InkBottle","Tiny House","StoneCalendar","Omamori","Toxic Egg 2","Pen Nib","Smiling Mask","Runesmith:Nanobots","Bag of Preparation"],"acts_visited":["Exordium","TheCity","TheBeyond","TheEnding"],"potions_floor_usage":[13,28,40,50,50,55,55],"damage_taken":[{"damage":0,"enemies":"Cultist","floor":1,"turns":1},{"damage":0,"enemies":"Small Slimes","floor":3,"turns":1},{"damage":0,"enemies":"2 Louse","floor":4,"turns":1},{"damage":4,"enemies":"2 Fungi Beasts","floor":7,"turns":3},{"damage":1,"enemies":"3 Louse","floor":8,"turns":2},{"damage":5,"enemies":"Exordium Wildlife","floor":10,"turns":4},{"damage":0,"enemies":"Large Slime","floor":11,"turns":4},{"damage":19,"enemies":"Lagavulin","floor":13,"turns":6},{"damage":0,"enemies":"3 Louse","floor":14,"turns":3},{"damage":31,"enemies":"Slime Boss","floor":16,"turns":8},{"damage":13,"enemies":"Spheric Guardian","floor":18,"turns":4},{"damage":0,"enemies":"Chosen","floor":19,"turns":4},{"damage":12,"enemies":"Snake Plant","floor":28,"turns":5},{"damage":0,"enemies":"Cultist and Chosen","floor":31,"turns":4},{"damage":7,"enemies":"Collector","floor":33,"turns":7},{"damage":9,"enemies":"3 Darklings","floor":35,"turns":4},{"damage":0,"enemies":"Orb Walker","floor":36,"turns":2},{"damage":3,"enemies":"4 Shapes","floor":37,"turns":3},{"damage":8,"enemies":"Mind Bloom Boss Battle","floor":38,"turns":7},{"damage":0,"enemies":"Nemesis","floor":40,"turns":4},{"damage":12,"enemies":"Writhing Mass","floor":45,"turns":5},{"damage":10,"enemies":"Spire Growth","floor":46,"turns":4},{"damage":3,"enemies":"Maw","floor":47,"turns":5},{"damage":57,"enemies":"Donu and Deca","floor":50,"turns":8},{"damage":25,"enemies":"Shield and Spear","floor":54,"turns":4},{"damage":77,"enemies":"Kars","floor":55,"turns":11}],"seed_played":"-7122884810816424226","potions_obtained":[{"floor":1,"key":"Weak Potion"},{"floor":7,"key":"Regen Potion"},{"floor":10,"key":"blueLaboratory:Moonshine"},{"floor":13,"key":"DuplicationPotion"},{"floor":16,"key":"blueLaboratory:BottleOfRum"},{"floor":31,"key":"GamblersBrew"},{"floor":33,"key":"blueLaboratory:FruitPunch"},{"floor":34,"key":"FairyPotion"},{"floor":40,"key":"Fire Potion"}],"is_trial":false,"path_per_floor":["M","?","M","M","?","R","M","M","T","M","M","?","E","M","R","B",null,"M","M","?","?","$","R","?","?","T","?","M","R","?","M","R","B",null,"M","M","M","?","?","E","R","$","T","R","M","M","M","?","R","B",null,"R","$","E","B"],"character_chosen":"SHADE","items_purchased":["Shade:Bonestorm","Happy Flower","Girya","Shade:Patience","Toxic Egg 2","Runesmith:Nanobots","Shade:AuraOfUnlife"],"campfire_rested":1,"item_purchase_floors":[22,22,22,42,42,53,53],"current_hp_per_floor":[65,65,65,65,65,65,61,60,60,57,61,61,46,48,65,36,65,52,54,54,54,54,54,54,54,54,54,49,49,43,50,50,48,70,66,70,70,67,67,72,72,72,72,72,65,62,64,72,72,15,72,72,72,52,0,0],"gold":54,"neow_bonus":"THREE_ENEMY_KILL","is_daily":false,"chose_seed":false,"campfire_upgraded":4,"win_rate":0.0,"timestamp":1610828547,"path_taken":["M","?","M","?","?","R","M","?","T","M","M","?","E","M","R","BOSS","M","M","?","?","?","R","?","?","T","?","M","R","?","M","R","BOSS","M","M","?","?","?","E","R","?","T","R","?","M","M","?","R","BOSS","R","$","E","BOSS"],"items_purchased_type":["Card","Relic","Relic","Card","Relic","Relic","Card"],"build_version":"2020-12-22","purchased_purges":1,"victory":false,"max_hp_per_floor":[65,65,65,65,65,65,65,65,65,65,65,65,65,65,65,65,65,65,65,65,65,65,65,65,65,65,65,65,65,65,65,65,65,70,70,70,70,70,70,72,72,72,72,72,72,72,72,72,72,72,72,72,72,72,72,72],"relic_stats":{"Happy Flower":[24],"counters":[26,114],"Bloody Idol":58,"Prayer Wheel":11,"StoneCalendar":[124],"Pen Nib":[4],"Bag of Preparation":[2],"Smiling Mask":0,"obtain_stats":[{"Potion Belt":25,"Girya":22,"Lantern":17,"Runesmith:Nanobots":53,"Tiny House":34,"NeowsBlessing":0,"Happy Flower":22,"Shade:YorickSkull":0,"Golden Idol":12,"StoneCalendar":38,"Pen Nib":43,"Omamori":40,"Bag of Preparation":54,"Smiling Mask":43,"Calling Bell":17,"Hololive_LightStick":26,"Matryoshka":17,"Bloody Idol":21,"Prayer Wheel":13,"Toxic Egg 2":42,"InkBottle":26,"Shade:Thing":17},{"Potion Belt":12,"Girya":12,"Lantern":10,"Runesmith:Nanobots":24,"Tiny House":15,"NeowsBlessing":0,"Happy Flower":12,"Shade:YorickSkull":0,"Golden Idol":7,"StoneCalendar":19,"Pen Nib":20,"Omamori":20,"Bag of Preparation":25,"Smiling Mask":20,"Calling Bell":10,"Hololive_LightStick":12,"Matryoshka":10,"Bloody Idol":12,"Prayer Wheel":8,"Toxic Egg 2":20,"InkBottle":12,"Shade:Thing":10},{"Potion Belt":41,"Girya":41,"Lantern":33,"Runesmith:Nanobots":99,"Tiny House":57,"NeowsBlessing":0,"Happy Flower":41,"Shade:YorickSkull":0,"Golden Idol":16,"StoneCalendar":73,"Pen Nib":77,"Omamori":77,"Bag of Preparation":103,"Smiling Mask":77,"Calling Bell":33,"Hololive_LightStick":41,"Matryoshka":33,"Bloody Idol":41,"Prayer Wheel":22,"Toxic Egg 2":77,"InkBottle":41,"Shade:Thing":33}],"InkBottle":[28]},"card_choices":[{"not_picked":["Shade:BoneShards","Shade:FleshToFlesh"],"picked":"Shade:Bonestorm","floor":1},{"not_picked":["Shade:Premonition","Shade:Trample"],"picked":"Shade:AuraOfUnlife","floor":3},{"not_picked":["Shade:CallOfTheGrave","Shade:Excise"],"picked":"Shade:GraveStillness","floor":4},{"not_picked":["Shade:Frenzy","Shade:MadHubris"],"picked":"Shade:Brains","floor":7},{"not_picked":["Shade:FuneraryArmor","Shade:Excise"],"picked":"Shade:Bite_Shade","floor":8},{"not_picked":["Shade:Brains","Shade:Frenzy"],"picked":"Shade:PressTheAttack","floor":10},{"not_picked":["Shade:OminousRitual","Shade:ScuttlingHand"],"picked":"Shade:ExtraLimbs","floor":11},{"not_picked":["Shade:SpontaneousRitual","Shade:SanguineRitual"],"picked":"Shade:ClawBack","floor":13},{"not_picked":["Shade:FuneraryArmor","Shade:WallOfFlesh"],"picked":"Shade:SensePrey","floor":14},{"not_picked":["Shade:SkeletonHug","Shade:Awaken"],"picked":"Shade:Trample","floor":14},{"not_picked":["Shade:OfferingToTheBeyond","Shade:OminousRitual"],"picked":"Shade:LastGasp","floor":16},{"not_picked":["Shade:GreyBargain+1","Shade:Premonition"],"picked":"Shade:OpenGraves","floor":18},{"not_picked":["Shade:BoneShards","Shade:CallOfTheGrave"],"picked":"Shade:CommandSoldier","floor":18},{"not_picked":["Shade:StitchTogether","Shade:PoundOfFlesh+1"],"picked":"Shade:FuneraryJewels","floor":19},{"not_picked":["Shade:GoDigging+1","Shade:SkeletonHug"],"picked":"Shade:ClawBack","floor":19},{"not_picked":["Shade:Trample","Shade:BoneShards"],"picked":"Shade:SensePrey","floor":28},{"not_picked":["Shade:Trample+1","Shade:OneIsEnough"],"picked":"Shade:Bonestorm+1","floor":28},{"not_picked":["Shade:Frenzy","Shade:FreshBones"],"picked":"Shade:OpenGraves+1","floor":31},{"not_picked":["Shade:FeralStrike+1","Shade:GreyBargain","Shade:CallOfTheGrave+1"],"picked":"SKIP","floor":31},{"not_picked":["Shade:SelfBurial","Shade:MadHubris"],"picked":"Shade:LichForm","floor":33},{"not_picked":["Shade:Doomsay+1","Shade:AncientSpear"],"picked":"Shade:Carnophage","floor":34},{"not_picked":["Shade:AncientSpear+1","Shade:Carnophage"],"picked":"Shade:CloudOfShrapnel+1","floor":35},{"not_picked":["Shade:BoneShards","Shade:SanguineRitual+1"],"picked":"Shade:FuneraryArmor+1","floor":35},{"not_picked":["Shade:Excise+1","Shade:FeralStrike"],"picked":"Shade:FreshBones+1","floor":36},{"not_picked":["Shade:Carnophage","Shade:FingerOfDeath","Shade:Haruspicy"],"picked":"SKIP","floor":36},{"not_picked":["Shade:SoulToxin+1","Shade:LastGasp"],"picked":"Shade:CommandSoldier","floor":37},{"not_picked":["Shade:Trample","Shade:Premonition","Shade:FleshOffering+1"],"picked":"SKIP","floor":37},{"not_picked":["Shade:AncientSpear+1","Shade:Doomsay+1"],"picked":"Shade:GraveStillness","floor":38},{"not_picked":["Dark Shackles","Trip"],"picked":"Flash of Steel","floor":39},{"not_picked":["Shade:FeralStrike","Shade:Premonition+1"],"picked":"Shade:Frenzy+1","floor":40},{"not_picked":["Shade:Bonestorm","Shade:FleshOffering+1"],"picked":"Shade:FreshBones+1","floor":45},{"not_picked":["Shade:Doomsay","Shade:SoulToxin+1","Shade:StitchTogether+1"],"picked":"SKIP","floor":45},{"not_picked":["Shade:GraveStillness+1","Shade:PotionOfRestlessness+1"],"picked":"Shade:WallOfFlesh+1","floor":46},{"not_picked":["Shade:DangerousRitual+1","Shade:GraveStillness+1"],"picked":"Shade:Coordination","floor":46},{"not_picked":["Shade:CallOfTheGrave+1","Shade:FingerOfDeath"],"picked":"Shade:CommandSoldier+1","floor":47},{"not_picked":["Shade:ExtraLimbs","Shade:StitchTogether"],"picked":"Shade:OpenGraves","floor":47},{"not_picked":["Shade:PoundOfFlesh","Shade:GraveStillness+1"],"picked":"Shade:FuneraryArmor+1","floor":54}],"player_experience":248626,"relics_obtained":[{"floor":13,"key":"Prayer Wheel"},{"floor":17,"key":"Lantern"},{"floor":17,"key":"Matryoshka"},{"floor":17,"key":"Shade:Thing"},{"floor":26,"key":"Hololive_LightStick"},{"floor":26,"key":"InkBottle"},{"floor":38,"key":"StoneCalendar"},{"floor":40,"key":"Omamori"},{"floor":43,"key":"Pen Nib"},{"floor":43,"key":"Smiling Mask"},{"floor":54,"key":"Bag of Preparation"}],"event_choices":[{"damage_healed":0,"gold_gain":0,"player_choice":"Forge","damage_taken":0,"max_hp_gain":0,"max_hp_loss":0,"event_name":"Accursed Blacksmith","floor":2,"gold_loss":0,"cards_upgraded":["Shade:Bonestorm"]},{"damage_healed":0,"gold_gain":0,"cards_transformed":["Shade:Strike_Shade"],"player_choice":"Transformed","damage_taken":0,"max_hp_gain":0,"max_hp_loss":0,"event_name":"Transmorgrifier","floor":5,"gold_loss":0,"cards_obtained":["Shade:ExtraLimbs"]},{"damage_healed":0,"gold_gain":0,"player_choice":"Take Wound","damage_taken":0,"relics_obtained":["Golden Idol"],"max_hp_gain":0,"max_hp_loss":0,"event_name":"Golden Idol","floor":12,"gold_loss":0,"cards_obtained":["Injury"]},{"damage_healed":0,"gold_gain":0,"player_choice":"Simplicity","damage_taken":0,"max_hp_gain":0,"max_hp_loss":0,"event_name":"Back to Basics","floor":20,"gold_loss":0,"cards_upgraded":["Shade:Strike_Shade","Shade:Strike_Shade","Shade:Strike_Shade","Shade:Defend_Shade","Shade:Defend_Shade","Shade:Defend_Shade","Shade:Defend_Shade"]},{"damage_healed":0,"gold_gain":0,"player_choice":"Gave Idol","damage_taken":0,"relics_obtained":["Bloody Idol"],"max_hp_gain":0,"max_hp_loss":0,"event_name":"Forgotten Altar","floor":21,"relics_lost":["Golden Idol"],"gold_loss":0},{"damage_healed":0,"gold_gain":0,"player_choice":"Paid Fearfully","damage_taken":0,"max_hp_gain":0,"max_hp_loss":0,"event_name":"Masked Bandits","floor":24,"gold_loss":73},{"damage_healed":0,"gold_gain":0,"player_choice":"Stole Relic","damage_taken":0,"relics_obtained":["Potion Belt"],"max_hp_gain":0,"max_hp_loss":0,"event_name":"Addict","floor":25,"gold_loss":0,"cards_obtained":["Shame"]},{"damage_healed":0,"gold_gain":0,"player_choice":"Ignored","damage_taken":0,"max_hp_gain":0,"max_hp_loss":0,"event_name":"Vampires","floor":27,"gold_loss":0},{"damage_healed":0,"gold_gain":0,"player_choice":"Damaged","damage_taken":6,"max_hp_gain":0,"max_hp_loss":0,"event_name":"Wheel of Change","floor":30,"gold_loss":0},{"damage_healed":0,"gold_gain":0,"player_choice":"Fight","damage_taken":0,"max_hp_gain":0,"max_hp_loss":0,"event_name":"MindBloom","floor":38,"gold_loss":0},{"damage_healed":0,"gold_gain":0,"player_choice":"Memory 1","damage_taken":0,"max_hp_gain":0,"max_hp_loss":0,"event_name":"SensoryStone","floor":39,"gold_loss":0},{"damage_healed":18,"gold_gain":0,"player_choice":"Writhe","damage_taken":0,"max_hp_gain":0,"max_hp_loss":0,"event_name":"Winding Halls","floor":48,"gold_loss":0,"cards_obtained":["Writhe"]}],"is_beta":false,"boss_relics":[{"not_picked":["Astrolabe","Velvet Choker"],"picked":"Calling Bell"},{"not_picked":["Empty Cage","SacredBark"],"picked":"Tiny House"}],"items_purged_floors":[22],"is_endless":false,"potions_floor_spawned":[1,7,10,13,16,18,31,33,36,38,40],"killed_by":"Kars","ascension_level":0}}