{"host":"g868zphnms2wggi3","time":1610801705,"event":{"mods":["Act Like it!","Arknights The Spire","BaseMod","Colored Map","Gensokyo","GifTheSpireLib","Good Game Mod","Infinite Spire","KinomotoSakuraMod(ƒæ÷Æ±æ”£)","Minty Spire (QoL Compilation)","Reimu£®≤©¿ˆ¡È√Œ£©","Replay The Spire","StSLib","The Administrix","The Animator","The Bladedancer","The Bug Knight","The Cursed","The Necromancer","The Senshi","The Servant 0.9.4","Youmu£®ªÍ∆«—˝√Œ£©","Yuyuko"],"gold_per_floor":[110,110,110,125,125,155,155,45,98,113,113,125,159,159,159,262,262,277,277],"floor_reached":18,"language":"ZHS","playtime":1709,"items_purged":["TheCursedMod:Defend_TheCursed"],"score":168,"play_id":"2c592987-0328-4229-b77e-e0a4c69d1544","local_time":"20210116205505","is_ascension_mode":false,"campfire_choices":[{"floor":7,"key":"RECALL"},{"data":"TheCursedMod:ReleasedStrength","floor":11,"key":"SMITH"},{"data":"TheCursedMod:LuckyCharm","floor":15,"key":"SMITH"}],"circlet_count":0,"master_deck":["TheCursedMod:Strike_TheCursed","TheCursedMod:Strike_TheCursed","TheCursedMod:Strike_TheCursed","TheCursedMod:Defend_TheCursed","TheCursedMod:Defend_TheCursed","TheCursedMod:CursedWand","TheCursedMod:CleanUpWorkshop","TheCursedMod:Dregs","Gensokyo:UnhurriedMind","TheCursedMod:CircleOfFlame","TheCursedMod:RapidMovement","TheCursedMod:SurpriseAttack","Iron Wave","TheCursedMod:SurpriseAttack","TheCursedMod:LuckyCharm+1","TheCursedMod:ReleasedStrength+1","TheCursedMod:CursedAmulet","TheCursedMod:CursedBlade","Hallucinations","TheCursedMod:NeowsMight"],"relics":["TheCursedMod:BlackMagic101","REME:ComplimentaryCards","infinitespire:Satchel","infinitespire:Lucky Rock","Bottled Flame","ReplayTheSpireMod:Ring of Challenge","SlaversCollar"],"acts_visited":["Exordium","TheCity"],"potions_floor_usage":[16],"damage_taken":[{"damage":0,"enemies":"Jaw Worm","floor":1,"turns":3},{"damage":0,"enemies":"2 Louse","floor":4,"turns":3},{"damage":34,"enemies":"Gremlin Nob","floor":6,"turns":5},{"damage":0,"enemies":"Cultist","floor":10,"turns":3},{"damage":0,"enemies":"3 Louse","floor":12,"turns":2},{"damage":3,"enemies":"Replay:BlueRogue","floor":13,"turns":6},{"damage":13,"enemies":"The Guardian","floor":16,"turns":8},{"damage":26,"enemies":"3 Byrds","floor":18,"turns":3}],"seed_played":"-3980647546998046093","potions_obtained":[{"floor":4,"key":"Milkshake"},{"floor":6,"key":"Adrenaline Potion"},{"floor":13,"key":"Death Potion"}],"is_trial":false,"path_per_floor":["M","?","?","M","?","E","R","$","T","M","R","M","E","?","R","B",null,"M"],"character_chosen":"THE_CURSED","items_purchased":["TheCursedMod:LuckyCharm"],"campfire_rested":0,"item_purchase_floors":[8],"current_hp_per_floor":[82,75,75,75,75,41,41,41,41,41,41,41,38,38,38,25,82,56,56],"gold":277,"neow_bonus":"TEN_PERCENT_HP_BONUS","is_daily":false,"chose_seed":false,"campfire_upgraded":2,"win_rate":0.0,"timestamp":1610801705,"path_taken":["M","?","?","?","?","E","R","$","T","M","R","?","E","?","R","BOSS","M"],"items_purchased_type":["Card"],"build_version":"2020-12-22","purchased_purges":1,"victory":false,"max_hp_per_floor":[82,82,82,82,82,82,82,82,82,82,82,82,82,82,82,82,82,82,82],"card_choices":[{"not_picked":["TheCursedMod:SaltUponWound","TheCursedMod:CircleOfFocus"],"picked":"TheCursedMod:CircleOfFlame","floor":1},{"not_picked":["TheCursedMod:Stretching","TheCursedMod:CursedArmor"],"picked":"TheCursedMod:SurpriseAttack","floor":4},{"not_picked":["TheCursedMod:PrepareRite","TheCursedMod:AbyssShockwave"],"picked":"TheCursedMod:SurpriseAttack","floor":6},{"not_picked":["TheCursedMod:PrepareRite","TheCursedMod:CircleOfFocus"],"picked":"TheCursedMod:ReleasedStrength","floor":10},{"not_picked":["TheCursedMod:TacticalStrike","TheCursedMod:RavingStaff"],"picked":"TheCursedMod:CursedAmulet","floor":12},{"not_picked":["TheCursedMod:CursedAmulet","TheCursedMod:CircleOfFocus"],"picked":"TheCursedMod:CursedBlade","floor":13},{"not_picked":["TheCursedMod:CircleOfAbyss","TheCursedMod:CursedRelics"],"picked":"TheCursedMod:NeowsMight","floor":16}],"player_experience":168665,"relics_obtained":[{"floor":6,"key":"infinitespire:Lucky Rock"},{"floor":13,"key":"Bottled Flame"},{"floor":14,"key":"ReplayTheSpireMod:Ring of Challenge"}],"event_choices":[{"damage_healed":0,"gold_gain":0,"player_choice":"Success","damage_taken":7,"relics_obtained":["infinitespire:Satchel"],"max_hp_gain":0,"max_hp_loss":0,"event_name":"Scrap Ooze","floor":2,"gold_loss":0},{"damage_healed":0,"gold_gain":0,"cards_transformed":["TheCursedMod:Strike_TheCursed"],"player_choice":"Transformed","damage_taken":0,"max_hp_gain":0,"max_hp_loss":0,"event_name":"Transmorgrifier","floor":3,"gold_loss":0,"cards_obtained":["TheCursedMod:RapidMovement"]},{"cards_removed":["TheCursedMod:Defend_TheCursed"],"damage_healed":0,"gold_gain":0,"player_choice":"Took Card","damage_taken":0,"max_hp_gain":0,"max_hp_loss":0,"event_name":"NoteForYourself","floor":5,"gold_loss":0,"cards_obtained":["Iron Wave"]}],"is_beta":false,"boss_relics":[{"not_picked":["Snecko Eye","Runic Dome"],"picked":"SlaversCollar"}],"items_purged_floors":[8],"is_endless":false,"potions_floor_spawned":[4,6,13],"killed_by":"3 Byrds","ascension_level":0}}