{"host":"iyj530209nkhhjuz","time":1610757207,"event":{"mods":["AchievementEnabler","BaseMod","Better Match","Better Note","Better Third Choice","BetterRewards","Colored Map","Colored Powertips","Dark Map","Fox Events","Highlight Path","Minty Spire (QoL Compilation)","Permanent Neow","Random Character Button","Rare Cards Sparkle","Relic Stats","StSLib","Waifu the Spire"],"gold_per_floor":[111,111,111,71,86,118,130,130,130],"floor_reached":8,"language":"ENG","playtime":697,"items_purged":[],"score":76,"play_id":"61512d7f-e397-421d-8238-380848d0620b","local_time":"20210116013327","is_ascension_mode":true,"campfire_choices":[],"circlet_count":0,"master_deck":["Strike_B","Strike_B","Strike_B","Strike_B","Defend_B","Defend_B","Defend_B","Defend_B","Zap","Dualcast","Hyperbeam","Rebound","Tools of the Trade","BootSequence"],"relics":["Cracked Core","Art of War","betterThird:SlimedRelic","Turnip"],"acts_visited":["Exordium"],"potions_floor_usage":[],"damage_taken":[{"damage":0,"enemies":"Small Slimes","floor":1,"turns":2},{"damage":0,"enemies":"2 Louse","floor":5,"turns":1},{"damage":35,"enemies":"Lagavulin","floor":6,"turns":7},{"damage":0,"enemies":"Jaw Worm","floor":7,"turns":3},{"damage":16,"enemies":"Gremlin Nob","floor":8,"turns":3}],"seed_played":"6233934032725988944","potions_obtained":[{"floor":5,"key":"Swift Potion"}],"is_trial":false,"path_per_floor":["M","?","?","?","M","E","M","E"],"character_chosen":"DEFECT","items_purchased":[],"campfire_rested":0,"item_purchase_floors":[],"current_hp_per_floor":[68,59,64,53,53,18,18,2,2],"gold":130,"neow_bonus":"ONE_RANDOM_RARE_CARD","is_daily":false,"chose_seed":false,"campfire_upgraded":0,"win_rate":0.0,"timestamp":1610757207,"path_taken":["M","?","?","?","M","E","M","E"],"items_purchased_type":[],"build_version":"2020-12-22","purchased_purges":0,"victory":false,"max_hp_per_floor":[75,75,80,80,80,80,80,80,80],"relic_stats":{"counters":[5,16],"Turnip":[0],"Art of War":[2],"obtain_stats":[{"betterThird:SlimedRelic":4,"Turnip":6,"Art of War":2,"Cracked Core":0},{"betterThird:SlimedRelic":1,"Turnip":3,"Art of War":1,"Cracked Core":0},{"betterThird:SlimedRelic":2,"Turnip":10,"Art of War":2,"Cracked Core":0}]},"card_choices":[{"not_picked":["Coolheaded","Beam Cell"],"picked":"Rebound","floor":1},{"not_picked":["Steam","Conserve Battery","Go for the Eyes"],"picked":"SKIP","floor":5},{"not_picked":["Coolheaded","Steam Power"],"picked":"BootSequence","floor":6},{"not_picked":["Compile Driver","Force Field","Lockon"],"picked":"SKIP","floor":7}],"player_experience":411967,"relics_obtained":[{"floor":6,"key":"Turnip"}],"event_choices":[{"damage_healed":0,"gold_gain":0,"player_choice":"Donut","damage_taken":0,"max_hp_gain":5,"max_hp_loss":0,"event_name":"Big Fish","floor":3,"gold_loss":0},{"damage_healed":0,"gold_gain":0,"player_choice":"Slimed","damage_taken":11,"max_hp_gain":0,"max_hp_loss":0,"event_name":"betterThird:BetterGoop","floor":4,"gold_loss":40}],"is_beta":false,"boss_relics":[],"items_purged_floors":[],"is_endless":false,"potions_floor_spawned":[5],"killed_by":"Gremlin Nob","ascension_level":7}}