{"host":"dowi7cgbhepuzvpj","time":1610758106,"event":{"mods":["AchievementEnabler","BaseMod","Colored Map","Highlight Path","Keyboard Shortcuts","Minty Spire (QoL Compilation)","Permanent Neow","Quick Restart","StSLib","SuperFastMode"],"gold_per_floor":[13,13,38,63,138,138,162,6,32,32,32,32,51,72,72,170,170,184,184,198,178,38,38,58,74,98,98,111,111,127,63,63,159,159,180,13,34,34,55,55,73,73,73,73,73,73],"floor_reached":45,"language":"KOR","playtime":963,"items_purged":["Strike_R"],"score":864,"play_id":"0c53e8e5-5ba1-4871-86a6-d9c386b8409c","local_time":"20210116094826","is_ascension_mode":true,"campfire_choices":[{"data":"Iron Wave","floor":6.0,"key":"SMITH"},{"data":"Inflame","floor":10.0,"key":"SMITH"},{"floor":12.0,"key":"REST"},{"data":"Armaments","floor":15.0,"key":"SMITH"},{"data":"Flex","floor":23.0,"key":"SMITH"},{"data":"Spot Weakness","floor":27.0,"key":"SMITH"},{"data":"True Grit","floor":32.0,"key":"SMITH"},{"data":"Power Through","floor":40.0,"key":"SMITH"}],"circlet_count":0,"master_deck":["AscendersBane","Strike_R","Defend_R","Defend_R","Defend_R","Bash","Iron Wave+1","Pummel","Iron Wave","Inflame+1","Power Through+1","Armaments+1","Impervious","Heavy Blade","Flex+1","Disarm","Spot Weakness+1","True Grit+1","Inflame+1","Spot Weakness","Pommel Strike","Infernal Blade+1","Normality","Offering"],"relics":["Burning Blood","Golden Idol","Akabeko","Busted Crown","Vajra","MutagenicStrength","Pen Nib","Cursed Key","Brimstone","MealTicket"],"acts_visited":["Exordium","TheCity","TheBeyond"],"potions_floor_usage":[],"damage_taken":[{"damage":7.0,"enemies":"Jaw Worm","floor":1.0,"turns":5.0},{"damage":14.0,"enemies":"Small Slimes","floor":3.0,"turns":4.0},{"damage":13.0,"enemies":"Cultist","floor":4.0,"turns":5.0},{"damage":9.0,"enemies":"Large Slime","floor":7.0,"turns":6.0},{"damage":15.0,"enemies":"Gremlin Gang","floor":13.0,"turns":4.0},{"damage":0.0,"enemies":"3 Louse","floor":14.0,"turns":3.0},{"damage":22.0,"enemies":"Hexaghost","floor":16.0,"turns":9.0},{"damage":9.0,"enemies":"Shell Parasite","floor":18.0,"turns":5.0},{"damage":5.0,"enemies":"2 Thieves","floor":20.0,"turns":4.0},{"damage":16.0,"enemies":"Cultist and Chosen","floor":24.0,"turns":6.0},{"damage":0.0,"enemies":"Centurion and Healer","floor":25.0,"turns":5.0},{"damage":9.0,"enemies":"Sentry and Sphere","floor":28.0,"turns":5.0},{"damage":9.0,"enemies":"3 Cultists","floor":30.0,"turns":5.0},{"damage":33.0,"enemies":"Automaton","floor":33.0,"turns":7.0},{"damage":22.0,"enemies":"3 Darklings","floor":35.0,"turns":5.0},{"damage":5.0,"enemies":"Orb Walker","floor":37.0,"turns":2.0},{"damage":15.0,"enemies":"Spire Growth","floor":39.0,"turns":4.0},{"damage":15.0,"enemies":"3 Darklings","floor":41.0,"turns":5.0},{"damage":33,"enemies":"Writhing Mass","floor":45,"turns":4}],"seed_played":"7144388841275880364","potions_obtained":[{"floor":4.0,"key":"Strength Potion"},{"floor":7.0,"key":"Energy Potion"},{"floor":16.0,"key":"ElixirPotion"},{"floor":18.0,"key":"PowerPotion"},{"floor":21.0,"key":"CultistPotion"},{"floor":33.0,"key":"SkillPotion"},{"floor":37.0,"key":"DistilledChaos"}],"is_trial":false,"path_per_floor":["M","?","M","M","?","R","M","$","T","R","?","R","M","M","R","B",null,"M","?","M","?","$","R","M","M","T","R","M","?","M","?","R","B",null,"M","$","M","$","M","R","M","?","T","?","M"],"character_chosen":"IRONCLAD","items_purchased":["Inflame","Flex","Disarm","Brimstone"],"campfire_rested":1,"item_purchase_floors":[8,22,22,36],"current_hp_per_floor":[67,41,33,26,15,15,12,12,12,12,5,27,18,24,24,8,58,55,55,56,56,56,56,46,52,52,52,49,49,46,46,46,19,61,45,45,46,46,37,37,28,28,28,28,0,0],"gold":73,"neow_bonus":"REMOVE_TWO","is_daily":false,"chose_seed":false,"campfire_upgraded":7,"win_rate":0.0,"timestamp":1610758106,"path_taken":["M","?","M","M","?","R","M","$","T","R","?","R","M","?","R","BOSS","M","?","?","?","$","R","M","?","T","R","M","?","M","?","R","BOSS","M","$","M","$","M","R","M","?","T","?","?"],"items_purchased_type":["Card","Card","Card","Relic"],"build_version":"2020-12-22","purchased_purges":1,"victory":false,"max_hp_per_floor":[75,75,75,75,75,75,75,75,75,75,75,75,75,75,75,75,75,75,75,75,75,75,75,75,75,75,75,75,75,75,75,75,75,75,75,75,75,75,75,75,75,75,75,75,75,75],"card_choices":[{"not_picked":["Seeing Red","Metallicize"],"picked":"Iron Wave","floor":1.0},{"not_picked":["Second Wind","Clash"],"picked":"Pummel","floor":3.0},{"not_picked":["Anger","Pummel"],"picked":"Iron Wave","floor":4.0},{"not_picked":["Uppercut","Iron Wave"],"picked":"Headbutt","floor":7.0},{"not_picked":["Clothesline","Perfected Strike"],"picked":"Power Through","floor":13.0},{"not_picked":["Anger","Wild Strike"],"picked":"Armaments","floor":14.0},{"not_picked":["Bludgeon","Corruption"],"picked":"Impervious","floor":16.0},{"not_picked":[],"picked":"Heavy Blade","floor":18.0},{"not_picked":["Armaments"],"picked":"SKIP","floor":20.0},{"not_picked":[],"picked":"Spot Weakness","floor":24.0},{"not_picked":["Heavy Blade"],"picked":"SKIP","floor":25.0},{"not_picked":[],"picked":"True Grit","floor":28.0},{"not_picked":[],"picked":"Inflame+1","floor":30.0},{"not_picked":[],"picked":"Spot Weakness","floor":35.0},{"not_picked":[],"picked":"Pommel Strike","floor":37.0},{"not_picked":["Iron Wave"],"picked":"SKIP","floor":39.0},{"not_picked":[],"picked":"Infernal Blade+1","floor":41.0}],"player_experience":601046,"relics_obtained":[{"floor":9.0,"key":"Akabeko"},{"floor":26.0,"key":"Vajra"},{"floor":43.0,"key":"MealTicket"}],"event_choices":[{"damage_healed":0.0,"max_hp_gain":0.0,"max_hp_loss":0.0,"gold_gain":0.0,"event_name":"Golden Idol","player_choice":"Take Damage","floor":2.0,"gold_loss":0.0,"damage_taken":26.0,"relics_obtained":["Golden Idol"]},{"damage_healed":0.0,"max_hp_gain":0.0,"max_hp_loss":0.0,"gold_gain":75.0,"event_name":"World of Goop","player_choice":"Gather Gold","floor":5.0,"gold_loss":0.0,"damage_taken":11.0},{"cards_removed":["Strike_R"],"damage_healed":0.0,"max_hp_gain":0.0,"max_hp_loss":0.0,"gold_gain":0.0,"event_name":"Golden Wing","player_choice":"Card Removal","floor":11.0,"gold_loss":0.0,"damage_taken":7.0},{"damage_healed":0.0,"max_hp_gain":0.0,"max_hp_loss":0.0,"gold_gain":0.0,"event_name":"Lab","player_choice":"Got Potions","floor":19.0,"gold_loss":0.0,"damage_taken":0.0},{"damage_healed":0.0,"max_hp_gain":0.0,"max_hp_loss":0.0,"gold_gain":0.0,"event_name":"The Woman in Blue","player_choice":"Bought 1 Potion","floor":21.0,"gold_loss":0.0,"damage_taken":0.0},{"damage_healed":0.0,"max_hp_gain":0.0,"max_hp_loss":0.0,"gold_gain":0.0,"event_name":"Drug Dealer","player_choice":"Inject Mutagens","floor":29.0,"gold_loss":0.0,"damage_taken":0.0,"relics_obtained":["MutagenicStrength"]},{"damage_healed":0.0,"max_hp_gain":0.0,"max_hp_loss":0.0,"gold_gain":0.0,"event_name":"WeMeetAgain","player_choice":"Paid Gold","floor":31.0,"gold_loss":64.0,"damage_taken":0.0,"relics_obtained":["Pen Nib"]},{"cards_removed":["Headbutt"],"damage_healed":0.0,"max_hp_gain":0.0,"max_hp_loss":0.0,"gold_gain":0.0,"event_name":"Falling","player_choice":"Removed Attack","floor":42.0,"gold_loss":0.0,"damage_taken":0.0},{"damage_healed":0.0,"max_hp_gain":0.0,"max_hp_loss":0.0,"gold_gain":0.0,"cards_transformed":["Defend_R"],"event_name":"Transmorgrifier","player_choice":"Transformed","floor":44.0,"gold_loss":0.0,"damage_taken":0.0,"cards_obtained":["Offering"]}],"is_beta":false,"boss_relics":[{"not_picked":["Snecko Eye","Empty Cage"],"picked":"Busted Crown"},{"not_picked":["Fusion Hammer","Runic Cube"],"picked":"Cursed Key"}],"items_purged_floors":[8],"is_endless":false,"potions_floor_spawned":[4,7,14,16,18,24,33,37],"killed_by":"Writhing Mass","ascension_level":20}}