{"host":"xm0tf1maiknh0fp9","time":1610806726,"event":{"mods":["BaseMod","Colored Map","Colored Powertips","Googly Eyes","Minty Spire (QoL Compilation)","Replay The Spire","StSLib"],"gold_per_floor":[114,127,52,52,0,0,10,10,10,23,51,62,62,87,87,189,189,202,217,217,232,232,232,232,232,232],"floor_reached":25,"language":"ENG","playtime":850,"items_purged":["Strike_G"],"score":264,"play_id":"2081d0c9-3f28-40f5-8a94-59cee3b216cd","local_time":"20210116091846","is_ascension_mode":true,"campfire_choices":[{"data":"Blade Dance","floor":6,"key":"SMITH"},{"data":"Dagger Throw","floor":8,"key":"SMITH"},{"data":"ReplayTheSpireMod:Shiv Toss","floor":13,"key":"SMITH"},{"floor":15,"key":"REST"},{"floor":23,"key":"REST"}],"circlet_count":0,"master_deck":["Strike_G","Strike_G","Defend_G","Defend_G","Defend_G","Defend_G","Defend_G","Survivor","Neutralize","Blade Dance+1","Dagger Throw+1","ReplayTheSpireMod:Shiv Toss+1","Infinite Blades","Phantasmal Killer","CurseOfTheBell"],"relics":["Ring of the Snake","NeowsBlessing","StoneCalendar","Onion Ring","Tiny Chest","Calling Bell","Omamori","Replay:Bottled Eggs","Pocketwatch","Replay:Accelerometer"],"acts_visited":["Exordium","TheCity"],"potions_floor_usage":[11,14,14],"damage_taken":[{"damage":0,"enemies":"Small Slimes","floor":1,"turns":1},{"damage":0,"enemies":"Cultist","floor":2,"turns":1},{"damage":0,"enemies":"Jaw Worm","floor":7,"turns":1},{"damage":7,"enemies":"Large Slime","floor":10,"turns":7},{"damage":11,"enemies":"Replay:BlueRogue","floor":11,"turns":3},{"damage":2,"enemies":"Red Slaver","floor":12,"turns":4},{"damage":10,"enemies":"Lagavulin","floor":14,"turns":5},{"damage":23,"enemies":"Fading Forest","floor":16,"turns":11},{"damage":0,"enemies":"Chosen","floor":18,"turns":4},{"damage":19,"enemies":"3 Byrds","floor":19,"turns":5},{"damage":42,"enemies":"Snake Plant","floor":21,"turns":5},{"damage":29,"enemies":"Sentry and Sphere","floor":25,"turns":3}],"seed_played":"-5741797910013697665","potions_obtained":[{"floor":7,"key":"SteroidPotion"},{"floor":10,"key":"Block Potion"},{"floor":12,"key":"Adrenaline Potion"},{"floor":21,"key":"LiquidBronze"}],"is_trial":false,"path_per_floor":["M","M","$","?","$","R","M","R","T","M","E","M","R","E","R","B",null,"M","M","?","M","?","R","T","M"],"character_chosen":"THE_SILENT","items_purchased":["Dagger Throw"],"campfire_rested":2,"item_purchase_floors":[5],"current_hp_per_floor":[70,70,70,70,70,70,70,70,70,63,52,50,50,40,61,55,66,66,47,47,5,5,26,26,0,0],"gold":232,"neow_bonus":"THREE_ENEMY_KILL","is_daily":false,"chose_seed":false,"campfire_upgraded":3,"win_rate":0.0,"timestamp":1610806726,"path_taken":["M","M","$","?","$","R","M","R","T","?","E","M","R","E","R","BOSS","M","M","?","?","?","R","?","M"],"items_purchased_type":["Card"],"build_version":"2020-12-22","purchased_purges":1,"victory":false,"max_hp_per_floor":[70,70,70,70,70,70,70,70,70,70,70,70,70,70,70,70,70,70,70,70,70,70,70,70,70,70],"card_choices":[{"not_picked":["Hidden Blade","Dagger Throw"],"picked":"Blade Dance","floor":1},{"not_picked":["Skewer","Draining Mist","Deflect"],"picked":"SKIP","floor":2},{"not_picked":["Expertise","Terror","Outmaneuver"],"picked":"SKIP","floor":7},{"not_picked":["Flying Knee","Deflect"],"picked":"ReplayTheSpireMod:Shiv Toss","floor":10},{"not_picked":["Backstab","Well Laid Plans"],"picked":"Infinite Blades","floor":11},{"not_picked":["Well Laid Plans","Leg Sweep","Underhanded Strike"],"picked":"SKIP","floor":12},{"not_picked":["Concentrate","Dodge and Roll","Dagger Throw"],"picked":"SKIP","floor":14},{"not_picked":["Bullet Time","Envenom"],"picked":"Phantasmal Killer","floor":16},{"not_picked":["ReplayTheSpireMod:Tripwire","Distraction","Deadly Poison"],"picked":"SKIP","floor":18},{"not_picked":["Outmaneuver+1","Poisoned Stab","Masterful Stab"],"picked":"SKIP","floor":19},{"not_picked":["Blur+1","Toxin Wave","ReplayTheSpireMod:Exploit Weakness"],"picked":"SKIP","floor":21}],"player_experience":130244,"relics_obtained":[{"floor":9,"key":"StoneCalendar"},{"floor":11,"key":"Onion Ring"},{"floor":14,"key":"Tiny Chest"},{"floor":17,"key":"Omamori"},{"floor":17,"key":"Replay:Bottled Eggs"},{"floor":17,"key":"Pocketwatch"},{"floor":24,"key":"Replay:Accelerometer"}],"event_choices":[{"cards_removed":["Strike_G"],"damage_healed":0,"gold_gain":0,"player_choice":"Purged","damage_taken":0,"max_hp_gain":0,"max_hp_loss":0,"event_name":"Purifier","floor":4,"gold_loss":0},{"cards_removed":["Strike_G"],"damage_healed":0,"gold_gain":0,"player_choice":"Purged","damage_taken":0,"max_hp_gain":0,"max_hp_loss":0,"event_name":"Purifier","floor":20,"gold_loss":0},{"damage_healed":0,"gold_gain":0,"player_choice":"Smashed Altar","damage_taken":0,"max_hp_gain":0,"max_hp_loss":0,"event_name":"Forgotten Altar","floor":22,"gold_loss":0,"cards_obtained":["Decay"]}],"is_beta":false,"boss_relics":[{"not_picked":["SacredBark","Abe\u0027s Treasure"],"picked":"Calling Bell"}],"items_purged_floors":[3],"is_endless":false,"potions_floor_spawned":[7,10,12,21],"killed_by":"Sentry and Sphere","ascension_level":5}}