{"host":"mydft8i2zzydgggw","time":1610834792,"event":{"mods":["AchievementEnabler","BaseMod","BetterRewards","Colored Map","Colored Powertips","DeckTracker","Keyboard Shortcuts","Minty Spire (QoL Compilation)","Rare Cards Sparkle","StSLib","SuperFastMode","everything is the same but u backflip on backflip"],"gold_per_floor":[111,286,286,297,177,177,214,68,68,81,103,130,143,168,168,168,168],"floor_reached":16,"language":"KOR","playtime":307,"items_purged":["Doubt"],"score":187,"play_id":"8a61e836-ee6d-4782-b119-fab4dd9e28dd","local_time":"20210117070632","is_ascension_mode":true,"campfire_choices":[{"data":"Zap","floor":6,"key":"SMITH"},{"floor":15,"key":"REST"}],"circlet_count":0,"master_deck":["Strike_B","Strike_B+1","Strike_B","Strike_B","Defend_B","Defend_B","Defend_B","Defend_B","Zap+1","Dualcast+1","Undo","Coolheaded","Heatsinks","Streamline","Turbo","Meteor Strike"],"relics":["Cracked Core","NeowsBlessing","CeramicFish","MealTicket","Bottled Lightning"],"acts_visited":["Exordium"],"potions_floor_usage":[16,16,16],"damage_taken":[{"damage":0,"enemies":"2 Louse","floor":1,"turns":1},{"damage":0,"enemies":"Small Slimes","floor":4,"turns":1},{"damage":0,"enemies":"3 Sentries","floor":7,"turns":1},{"damage":0,"enemies":"Cultist","floor":10,"turns":4},{"damage":0,"enemies":"Large Slime","floor":11,"turns":6},{"damage":0,"enemies":"Looter","floor":12,"turns":2},{"damage":13,"enemies":"Exordium Wildlife","floor":13,"turns":3},{"damage":15,"enemies":"Exordium Thugs","floor":14,"turns":6},{"damage":47,"enemies":"Slime Boss","floor":16,"turns":12}],"seed_played":"-8168887768534873419","potions_obtained":[{"floor":1,"key":"PowerPotion"},{"floor":10,"key":"Ancient Potion"},{"floor":11,"key":"Swift Potion"}],"is_trial":false,"path_per_floor":["M","?","?","M","$","R","E","$","T","M","M","M","M","M","R","B"],"character_chosen":"DEFECT","items_purchased":["Coolheaded","MealTicket"],"campfire_rested":1,"item_purchase_floors":[5,8],"current_hp_per_floor":[68,68,53,53,53,53,53,53,53,53,53,53,40,25,47,0,0],"gold":168,"neow_bonus":"THREE_ENEMY_KILL","is_daily":false,"chose_seed":false,"campfire_upgraded":1,"win_rate":0.0,"timestamp":1610834792,"path_taken":["M","?","?","M","$","R","E","$","T","M","M","M","M","M","R","BOSS"],"items_purchased_type":["Card","Relic"],"build_version":"2020-12-22","purchased_purges":1,"victory":false,"max_hp_per_floor":[75,75,75,75,75,75,75,75,75,75,75,75,75,75,75,75,75],"card_choices":[{"not_picked":["Double Energy","Steam"],"picked":"Undo","floor":1},{"not_picked":["Steam Power","Barrage","Conserve Battery"],"picked":"SKIP","floor":4},{"not_picked":["Barrage","Stack"],"picked":"Heatsinks","floor":7},{"not_picked":["Hologram","Go for the Eyes","Lockon"],"picked":"SKIP","floor":10},{"not_picked":["Rebound","Beam Cell"],"picked":"Streamline","floor":11},{"not_picked":["Lockon","Leap"],"picked":"Turbo","floor":12},{"not_picked":["Hologram","Compile Driver","Undo"],"picked":"SKIP","floor":13},{"not_picked":["Self Repair","Undo"],"picked":"Meteor Strike","floor":14}],"player_experience":171040,"relics_obtained":[{"floor":7,"key":"CeramicFish"},{"floor":9,"key":"Bottled Lightning"}],"event_choices":[{"damage_healed":0,"gold_gain":175,"player_choice":"AGREE","damage_taken":0,"max_hp_gain":0,"max_hp_loss":0,"event_name":"Liars Game","floor":2,"gold_loss":0,"cards_obtained":["Doubt"]},{"damage_healed":0,"gold_gain":0,"player_choice":"Entered Light","damage_taken":15,"max_hp_gain":0,"max_hp_loss":0,"event_name":"Shining Light","floor":3,"gold_loss":0,"cards_upgraded":["Strike_B","Dualcast"]}],"is_beta":false,"boss_relics":[],"items_purged_floors":[5],"is_endless":false,"potions_floor_spawned":[1,10,11,14],"killed_by":"Slime Boss","ascension_level":9}}