{"host":"Lingo","time":1610778964,"event":{"mods":["BaseMod","Bestiary","Evolution","Hermit","Minty Spire (QoL Compilation)","Relic Stats","StSLib"],"gold_per_floor":[116,135,13,30,48,48,78,99,124,139,139,164,63,79,79,84,84],"floor_reached":16,"language":"ENG","playtime":2732,"items_purged":["hermit:Strike_Hermit"],"score":104,"play_id":"a5a1f630-f181-4664-aa41-90a031505039","local_time":"20210115223604","is_ascension_mode":false,"campfire_choices":[{"data":"hermit:DeadMansHand","floor":6,"key":"SMITH"},{"floor":11,"key":"REST"},{"data":"hermit:Covet","floor":15,"key":"SMITH"}],"circlet_count":0,"master_deck":["hermit:WideOpen+1","hermit:Strike_Hermit","hermit:Strike_Hermit","hermit:Defend_Hermit","hermit:Defend_Hermit","hermit:Defend_Hermit","hermit:Defend_Hermit","hermit:Snapshot","hermit:Covet+1","hermit:PistolWhip","hermit:Headshot","hermit:ItchyTrigger","hermit:Midnight","hermit:DeadMansHand+1","hermit:Enervate","hermit:Scavenge","hermit:Snipe","hermit:Ricochet","hermit:GhostlyPresence","hermit:Shortfuse","hermit:Dive"],"relics":["hermit:Momento","EVO:Axolotl","Potion Belt","Odd Mushroom","Blood Vial"],"acts_visited":["Exordium"],"potions_floor_usage":[2],"damage_taken":[{"damage":0,"enemies":"Cultist","floor":1,"turns":3},{"damage":11,"enemies":"Jaw Worm","floor":2,"turns":3},{"damage":2,"enemies":"Small Slimes","floor":4,"turns":2},{"damage":13,"enemies":"Red Slaver","floor":5,"turns":2},{"damage":21,"enemies":"3 Sentries","floor":7,"turns":7},{"damage":14,"enemies":"The Mushroom Lair","floor":8,"turns":3},{"damage":7,"enemies":"Exordium Thugs","floor":10,"turns":4},{"damage":1,"enemies":"Looter","floor":12,"turns":3},{"damage":0,"enemies":"3 Louse","floor":14,"turns":4},{"damage":38,"enemies":"Hexaghost","floor":16,"turns":9}],"seed_played":"-976918534259221241","potions_obtained":[{"floor":1,"key":"hermit:Eclipse"},{"floor":7,"key":"Swift Potion"},{"floor":10,"key":"LiquidMemories"},{"floor":12,"key":"AttackPotion"},{"floor":14,"key":"hermit:Eclipse"}],"is_trial":false,"path_per_floor":["M","M","$","M","M","R","E","?","T","M","R","M","$","M","R","B"],"character_chosen":"HERMIT","items_purchased":["hermit:ItchyTrigger","hermit:GhostlyPresence","hermit:Shortfuse"],"campfire_rested":1,"item_purchase_floors":[3,13,13],"current_hp_per_floor":[75,64,64,62,49,49,28,14,14,9,31,32,32,34,34,0,0],"gold":84,"neow_bonus":"UPGRADE_CARD","is_daily":false,"chose_seed":false,"campfire_upgraded":2,"win_rate":0.0,"timestamp":1610778964,"path_taken":["M","M","?","M","M","R","E","?","T","M","R","M","$","M","R","BOSS"],"items_purchased_type":["Card","Card","Card"],"build_version":"2020-12-18","purchased_purges":1,"victory":false,"max_hp_per_floor":[75,75,75,75,75,75,75,75,75,75,75,75,75,75,75,75,75],"relic_stats":{"Blood Vial":8,"counters":[10,40],"obtain_stats":[{"Potion Belt":7,"Blood Vial":9,"EVO:Axolotl":0,"Odd Mushroom":8,"hermit:Momento":0},{"Potion Belt":5,"Blood Vial":6,"EVO:Axolotl":0,"Odd Mushroom":6,"hermit:Momento":0},{"Potion Belt":17,"Blood Vial":20,"EVO:Axolotl":0,"Odd Mushroom":20,"hermit:Momento":0}]},"card_choices":[{"not_picked":["hermit:Grudge","hermit:Coalescence"],"picked":"hermit:PistolWhip","floor":1},{"not_picked":["hermit:Virtue","hermit:BigShot"],"picked":"hermit:Headshot","floor":2},{"not_picked":["hermit:Showdown","hermit:Misfire"],"picked":"hermit:Midnight","floor":4},{"not_picked":["hermit:Feint","hermit:Grudge"],"picked":"hermit:DeadMansHand","floor":5},{"not_picked":["hermit:Feint","hermit:NoHoldsBarred"],"picked":"hermit:Enervate","floor":7},{"not_picked":["hermit:Coalescence","hermit:HoleUp"],"picked":"hermit:Scavenge","floor":8},{"not_picked":["hermit:Spite","hermit:CalledShot"],"picked":"hermit:Snipe","floor":10},{"not_picked":["hermit:Showdown","hermit:Malice"],"picked":"hermit:Ricochet","floor":12},{"not_picked":["hermit:Desperado","hermit:Showdown"],"picked":"hermit:Dive","floor":14}],"player_experience":620421,"relics_obtained":[{"floor":7,"key":"Potion Belt"},{"floor":8,"key":"Odd Mushroom"},{"floor":9,"key":"Blood Vial"}],"event_choices":[{"damage_healed":0,"gold_gain":0,"player_choice":"Fought Mushrooms","damage_taken":0,"max_hp_gain":0,"max_hp_loss":0,"event_name":"Mushrooms","floor":8,"gold_loss":0}],"is_beta":true,"boss_relics":[],"items_purged_floors":[3],"is_endless":false,"potions_floor_spawned":[1,7,10,12,14],"killed_by":"Hexaghost","ascension_level":0}}