{"host":"5l3fd535wdxfzl1g","time":1610807866,"event":{"mods":["2.2 Compatiblity","AchievementEnabler","BaseMod","Better Third Choice","Better Vampires","Colored Powertips","Minty Spire (QoL Compilation)","Quick Restart","Rare Cards Sparkle","Replay The Spire","StSLib","UnlockEverythingMod"],"gold_per_floor":[117,117,131,56,73,106,106,106,157,174,186,186,201,224,224,320,320,335,132,148,148,159,191,191,191,191,202,216,216,216,216],"floor_reached":30,"language":"ZHS","playtime":1118,"items_purged":["Defend_B","Strike_B"],"score":277,"play_id":"9d8bfcfc-daa4-4078-87cd-8c456df13901","local_time":"20210116223746","is_ascension_mode":false,"campfire_choices":[{"data":"Zap","floor":7.0,"key":"SMITH"},{"data":"Scrape","floor":12.0,"key":"SMITH"},{"floor":15.0,"key":"RECALL"}],"circlet_count":0,"master_deck":["Strike_B","Strike_B","Defend_B","Defend_B","Defend_B","Zap+1","Dualcast","Beam Cell+1","Turbo","Scrape+1","ReplayTheSpireMod:Reroute Power","Conserve Battery","CurseOfTheBell","Zap+1","ReplayTheSpireMod:System Scan+1","Ghostly","Ghostly","Ghostly","Ghostly","Ghostly"],"relics":["Cracked Core","NeowsBlessing","Anchor","Smiling Mask","Calling Bell","Replay:Wax Seal","Onion Ring","WingedGreaves","ClockworkSouvenir","Ancient Tea Set","ReplayFunnel"],"acts_visited":["Exordium","TheCity"],"potions_floor_usage":[28],"damage_taken":[{"damage":0.0,"enemies":"2 Louse","floor":1.0,"turns":1.0},{"damage":0.0,"enemies":"Cultist","floor":3.0,"turns":1.0},{"damage":0.0,"enemies":"Jaw Worm","floor":5.0,"turns":1.0},{"damage":31.0,"enemies":"Lagavulin","floor":6.0,"turns":6.0},{"damage":10.0,"enemies":"Exordium Thugs","floor":10.0,"turns":4.0},{"damage":0.0,"enemies":"Lots of Slimes","floor":11.0,"turns":4.0},{"damage":0.0,"enemies":"Looter","floor":13.0,"turns":2.0},{"damage":28.0,"enemies":"Fading Forest","floor":16.0,"turns":11.0},{"damage":10,"enemies":"2 Thieves","floor":18,"turns":4},{"damage":0,"enemies":"Chosen","floor":20,"turns":4},{"damage":0,"enemies":"Snecko","floor":22,"turns":3},{"damage":27,"enemies":"Slavers","floor":23,"turns":5},{"damage":30,"enemies":"3 Cultists","floor":27,"turns":7},{"damage":0,"enemies":"Cultist and Chosen","floor":28,"turns":7},{"damage":0,"enemies":"Sentry and Sphere","floor":30,"turns":1}],"seed_played":"2459537095370685218","potions_obtained":[{"floor":3.0,"key":"FearPotion"},{"floor":5.0,"key":"SkillPotion"},{"floor":13.0,"key":"Elixir"},{"floor":20,"key":"Block Potion"},{"floor":28,"key":"Energy Potion"}],"is_trial":false,"path_per_floor":["M","?","M","$","M","E","R","?","T","M","M","R","M","T","R","B",null,"M","$","M","?","M","E","?","?","T","M","M","?","M"],"character_chosen":"DEFECT","items_purchased":["ClockworkSouvenir"],"campfire_rested":0,"item_purchase_floors":[19],"current_hp_per_floor":[75,75,75,75,75,44,44,44,44,34,34,34,34,34,34,16,75,65,65,65,65,65,38,37,31,31,1,1,1,1,1],"gold":216,"neow_bonus":"THREE_ENEMY_KILL","is_daily":false,"chose_seed":false,"campfire_upgraded":2,"win_rate":0.0,"timestamp":1610807866,"path_taken":["M","?","M","?","M","E","R","?","T","M","M","R","?","?","R","BOSS","M","?","M","?","?","E","?","?","T","M","?","?","?"],"items_purchased_type":["Relic"],"build_version":"2020-12-22","purchased_purges":2,"victory":false,"max_hp_per_floor":[75,75,75,75,75,75,75,75,75,75,75,75,75,75,75,75,75,75,75,75,75,75,75,37,37,37,37,37,37,37,37],"card_choices":[{"not_picked":["Steam","Leap"],"picked":"Beam Cell","floor":1.0},{"not_picked":["ReplaySort","Stack"],"picked":"Scrape","floor":3.0},{"not_picked":["Coolheaded","Redo"],"picked":"ReplayTheSpireMod:Reroute Power","floor":5.0},{"not_picked":["Doom and Gloom","FIFO Queue"],"picked":"Conserve Battery","floor":6.0},{"not_picked":["Scrape","Genetic Algorithm","Consume"],"picked":"SKIP","floor":10.0},{"not_picked":["Hello World","Hologram","Beam Cell"],"picked":"SKIP","floor":11.0},{"not_picked":["Rebound","Compile Driver","Conserve Battery"],"picked":"SKIP","floor":13.0},{"not_picked":["FIFO Queue","Doom and Gloom","BootSequence"],"picked":"SKIP","floor":18},{"not_picked":["Cold Snap+1","Crystallizer","Stack+1"],"picked":"SKIP","floor":20},{"not_picked":["Hologram","Steam"],"picked":"ReplayTheSpireMod:System Scan","floor":22},{"not_picked":["ReplayTheSpireMod:Reroute Power","Multi-Cast","Crystallizer"],"picked":"SKIP","floor":23},{"not_picked":["ReplayTheSpireMod:Reroute Power","Multi-Cast","Crystallizer"],"picked":"SKIP","floor":23},{"not_picked":["Steam Power","ReplayTheSpireMod:System Scan","Stack"],"picked":"SKIP","floor":27},{"not_picked":["Reprogram","Hologram","Panic Button"],"picked":"SKIP","floor":28}],"player_experience":102865,"relics_obtained":[{"floor":6.0,"key":"Anchor"},{"floor":14.0,"key":"Smiling Mask"},{"floor":17.0,"key":"Replay:Wax Seal"},{"floor":17.0,"key":"Onion Ring"},{"floor":17.0,"key":"WingedGreaves"},{"floor":23,"key":"Ancient Tea Set"},{"floor":26,"key":"ReplayFunnel"}],"event_choices":[{"damage_healed":0.0,"max_hp_gain":0.0,"max_hp_loss":0.0,"gold_gain":0.0,"cards_transformed":["Strike_B"],"event_name":"Transmorgrifier","player_choice":"Transformed","floor":2.0,"gold_loss":0.0,"damage_taken":0.0,"cards_obtained":["Turbo"]},{"damage_healed":0.0,"max_hp_gain":0.0,"max_hp_loss":0.0,"gold_gain":0.0,"event_name":"Accursed Blacksmith","player_choice":"Forge","floor":8.0,"gold_loss":0.0,"damage_taken":0.0,"cards_upgraded":["Beam Cell"]},{"damage_healed":0,"gold_gain":0,"player_choice":"Copied","damage_taken":0,"max_hp_gain":0,"max_hp_loss":0,"event_name":"Duplicator","floor":21,"gold_loss":0,"cards_obtained":["Zap"]},{"damage_healed":0,"gold_gain":0,"player_choice":"Became a Ghost","damage_taken":0,"max_hp_gain":0,"max_hp_loss":38,"event_name":"Ghosts","floor":24,"gold_loss":0,"cards_obtained":["Ghostly","Ghostly","Ghostly","Ghostly","Ghostly"]},{"damage_healed":0,"gold_gain":0,"player_choice":"","damage_taken":6,"max_hp_gain":0,"max_hp_loss":0,"event_name":"Knowing Skull","floor":25,"potions_obtained":[],"gold_loss":0,"cards_obtained":[]},{"damage_healed":0,"gold_gain":0,"player_choice":"Upgraded","damage_taken":0,"max_hp_gain":0,"max_hp_loss":0,"event_name":"Upgrade Shrine","floor":29,"gold_loss":0,"cards_upgraded":["ReplayTheSpireMod:System Scan"]}],"is_beta":false,"boss_relics":[{"not_picked":["Replay:Grab Bag","Coffee Dripper"],"picked":"Calling Bell"}],"items_purged_floors":[4,19],"is_endless":false,"potions_floor_spawned":[3,5,13,20,27,28],"killed_by":"Sentry and Sphere","ascension_level":0}}