{"host":"4qkvkh7pd9qr2mca","time":1610835729,"event":{"mods":["AchievementEnabler","Act Like it!","BaseMod","Colored Map","Colored Powertips","Highlight Path","Minty Spire (QoL Compilation)","Pale of the Ancients","Permanent Neow","Quick Restart","Relic Stats","StSLib","SuperFastMode"],"gold_per_floor":[15,15,38,113,113,113,153,153,180,205,228,228,228,228],"floor_reached":13,"language":"ENG","playtime":332,"items_purged":[],"score":166,"play_id":"03ba85d4-f7ba-4ceb-a78f-640d56f50ae1","local_time":"20210116232209","is_ascension_mode":true,"campfire_choices":[{"floor":6,"key":"REST"},{"floor":12,"key":"REST"}],"circlet_count":0,"master_deck":["AscendersBane","Strike_G","Strike_G","Strike_G+1","Strike_G","Strike_G","Defend_G+1","Defend_G","Defend_G","Defend_G","Defend_G","Survivor","Neutralize","Corpse Explosion","Deadly Poison","Blade Dance"],"relics":["Ring of the Snake","Golden Idol","Singing Bowl","Ancient Tea Set","Bronze Scales"],"acts_visited":["Exordium"],"potions_floor_usage":[1],"damage_taken":[{"damage":0,"enemies":"2 Louse","floor":1,"turns":3},{"damage":2,"enemies":"Small Slimes","floor":3,"turns":5},{"damage":22,"enemies":"3 Sentries","floor":7,"turns":4},{"damage":0,"enemies":"Jaw Worm","floor":10,"turns":3},{"damage":1,"enemies":"2 Fungi Beasts","floor":11,"turns":3},{"damage":45,"enemies":"Lagavulin","floor":13,"turns":5}],"seed_played":"6838924166615900495","potions_obtained":[{"floor":1,"key":"Fruit Juice"},{"floor":7,"key":"SpeedPotion"}],"is_trial":false,"path_per_floor":["M","?","M","?","?","R","E","?","T","M","M","R","E"],"character_chosen":"THE_SILENT","items_purchased":[],"campfire_rested":2,"item_purchase_floors":[],"current_hp_per_floor":[64,64,62,51,32,51,29,18,18,20,21,41,0,0],"gold":228,"neow_bonus":"THREE_RARE_CARDS","is_daily":false,"chose_seed":false,"campfire_upgraded":0,"win_rate":0.0,"timestamp":1610835729,"path_taken":["M","?","M","?","?","R","E","?","T","M","M","R","E"],"items_purchased_type":[],"build_version":"2020-12-22","purchased_purges":0,"victory":false,"max_hp_per_floor":[71,64,64,64,64,64,64,64,64,66,68,68,68,68],"relic_stats":{"Singing Bowl":4,"counters":[6,23],"Golden Idol":23,"Bronze Scales":[22],"obtain_stats":[{"Singing Bowl":7,"Golden Idol":2,"Bronze Scales":9,"Ancient Tea Set":8,"Ring of the Snake":0},{"Singing Bowl":3,"Golden Idol":1,"Bronze Scales":3,"Ancient Tea Set":3,"Ring of the Snake":0},{"Singing Bowl":12,"Golden Idol":3,"Bronze Scales":12,"Ancient Tea Set":12,"Ring of the Snake":0}],"Ring of the Snake":[12]},"card_choices":[{"not_picked":["Envenom","A Thousand Cuts"],"picked":"Corpse Explosion","floor":0},{"not_picked":["Outmaneuver","Caltrops"],"picked":"Deadly Poison","floor":1},{"not_picked":["Underhanded Strike","Prepared","Outmaneuver"],"picked":"SKIP","floor":3},{"not_picked":["Cloak And Dagger","Tactician"],"picked":"Blade Dance","floor":7},{"not_picked":["Concentrate","Deflect","Sucker Punch"],"picked":"Singing Bowl","floor":10},{"not_picked":["Quick Slash","Underhanded Strike","Bouncing Flask"],"picked":"Singing Bowl","floor":11}],"player_experience":573864,"relics_obtained":[{"floor":7,"key":"Singing Bowl"},{"floor":9,"key":"Bronze Scales"}],"event_choices":[{"damage_healed":0,"gold_gain":0,"player_choice":"Lose Max HP","damage_taken":0,"relics_obtained":["Golden Idol"],"max_hp_gain":0,"max_hp_loss":7,"event_name":"Golden Idol","floor":2,"gold_loss":0},{"damage_healed":0,"gold_gain":75,"player_choice":"Gather Gold","damage_taken":11,"max_hp_gain":0,"max_hp_loss":0,"event_name":"World of Goop","floor":4,"gold_loss":0},{"damage_healed":0,"gold_gain":0,"player_choice":"Entered Light","damage_taken":19,"max_hp_gain":0,"max_hp_loss":0,"event_name":"Shining Light","floor":5,"gold_loss":0,"cards_upgraded":["Strike_G","Defend_G"]},{"damage_healed":0,"gold_gain":0,"player_choice":"Success","damage_taken":11,"relics_obtained":["Ancient Tea Set"],"max_hp_gain":0,"max_hp_loss":0,"event_name":"Scrap Ooze","floor":8,"gold_loss":0}],"is_beta":false,"boss_relics":[],"items_purged_floors":[],"is_endless":false,"potions_floor_spawned":[1,7],"killed_by":"Lagavulin","ascension_level":20}}