{"host":"kvh5342rl0c7vxi5","time":1610763044,"event":{"mods":["BaseMod","Downfall","Hermit","Jorbs\u0027s Wanderer Trilogy","Minty Spire (QoL Compilation)","Quick Restart","StSLib","SuperFastMode","The Poker Player"],"gold_per_floor":[112,287,305,305,118,118,118],"floor_reached":6,"language":"ENG","playtime":155,"items_purged":["Doubt"],"score":46,"play_id":"717b7609-798c-48a2-b319-feddef9c9f0f","local_time":"20210115211044","is_ascension_mode":true,"campfire_choices":[],"circlet_count":0,"master_deck":["hermit:Strike_Hermit","hermit:Strike_Hermit","hermit:Strike_Hermit","hermit:Strike_Hermit","hermit:Defend_Hermit","hermit:Defend_Hermit","hermit:Defend_Hermit","hermit:Defend_Hermit","hermit:Snapshot","hermit:Covet","hermit:Headshot","hermit:TrackingShot","hermit:TakeAim","hermit:GoldenBullet"],"relics":["hermit:Momento","Regal Pillow","GremlinMask"],"acts_visited":["Exordium"],"potions_floor_usage":[],"damage_taken":[{"damage":0,"enemies":"Small Slimes","floor":1,"turns":4},{"damage":3,"enemies":"Jaw Worm","floor":3,"turns":4},{"damage":30,"enemies":"Lagavulin","floor":6,"turns":5}],"seed_played":"-6580031103143948627","potions_obtained":[],"is_trial":false,"path_per_floor":["M","?","M","?","$","E"],"character_chosen":"HERMIT","items_purchased":["hermit:TakeAim","hermit:GoldenBullet"],"campfire_rested":0,"item_purchase_floors":[5,5],"current_hp_per_floor":[68,68,65,65,65,35,35],"gold":118,"neow_bonus":"RANDOM_COMMON_RELIC","is_daily":false,"chose_seed":false,"campfire_upgraded":0,"win_rate":0.0,"timestamp":1610763044,"path_taken":["M","?","M","?","$","E"],"items_purchased_type":["Card","Card"],"build_version":"2020-12-22","purchased_purges":1,"victory":false,"max_hp_per_floor":[75,75,75,75,75,75,75],"card_choices":[{"not_picked":["hermit:Glare","hermit:SprayPray"],"picked":"hermit:Headshot","floor":1},{"not_picked":["hermit:Grudge","hermit:LoneWolf"],"picked":"hermit:TrackingShot","floor":3}],"player_experience":532085,"relics_obtained":[],"event_choices":[{"damage_healed":0,"gold_gain":175,"player_choice":"AGREE","damage_taken":0,"max_hp_gain":0,"max_hp_loss":0,"event_name":"Liars Game","floor":2,"gold_loss":0,"cards_obtained":["Doubt"]},{"damage_healed":0,"gold_gain":0,"player_choice":"Trade","damage_taken":0,"relics_obtained":["GremlinMask"],"max_hp_gain":0,"max_hp_loss":0,"event_name":"FaceTrader","floor":4,"gold_loss":0}],"is_beta":false,"boss_relics":[],"items_purged_floors":[5],"is_endless":false,"potions_floor_spawned":[],"killed_by":"Lagavulin","ascension_level":7}}