{"host":"1a3cjta80tad0aqj","time":1610830579,"event":{"mods":["2.2 Compatiblity","AchievementEnabler","BaseMod","Colored Map","DeckTracker","KOR Keyword Fix","Keyboard Shortcuts","Minty Spire (QoL Compilation)","Permanent Neow","Quick Restart","Random Character Button","StSLib","SuperFastMode","everything is the same but u backflip on backflip"],"gold_per_floor":[112,127,52,68,80,114,114,171,197,207,238,238,263,338,338,435,435,448,56,56,56,74,74,173,173,251,251,267,267,295,305,305,400,400,412,462,472,484,99,99,99,111,111,111,111,111,43,62,62,62,62],"floor_reached":50,"language":"KOR","playtime":2322,"items_purged":["Strike_B","Defend_B","Defend_B"],"score":527,"play_id":"f3faf4a1-99c5-40f6-815c-0cc440cebb74","local_time":"20210117055619","is_ascension_mode":true,"campfire_choices":[{"data":"Dualcast","floor":7.0,"key":"SMITH"},{"floor":12.0,"key":"REST"},{"floor":15.0,"key":"REST"},{"floor":23.0,"key":"RECALL"},{"data":"Chill","floor":27.0,"key":"SMITH"},{"data":"Tempest","floor":29.0,"key":"SMITH"},{"floor":32.0,"key":"REST"},{"floor":40.0,"key":"REST"},{"data":"Electrodynamics","floor":44,"key":"SMITH"},{"data":"Leap","floor":46,"key":"SMITH"},{"floor":49,"key":"REST"}],"circlet_count":0,"master_deck":["Strike_B","Strike_B","Defend_B","Zap","Dualcast+1","Cold Snap","Ball Lightning","Leap+1","Conserve Battery","Hologram","Chill+1","Electrodynamics+1","Aggregate","Biased Cognition","Tempest+1","Buffer","Doom and Gloom","Barrage+1","Redo+1","Leap+1","Biased Cognition","Self Repair+1","Stack+1","Rebound+1","Injury","Ball Lightning+1","Defragment","Stack"],"relics":["Cracked Core","Orichalcum","Lantern","Strawberry","WingedGreaves","Bag of Preparation","Cursed Key","Regal Pillow","Pear","Singing Bowl","Empty Cage","Turnip","Letter Opener","Bottled Tornado"],"acts_visited":["Exordium","TheCity","TheBeyond"],"potions_floor_usage":[],"damage_taken":[{"damage":1.0,"enemies":"Cultist","floor":1.0,"turns":3.0},{"damage":1.0,"enemies":"Jaw Worm","floor":2.0,"turns":3.0},{"damage":5.0,"enemies":"Small Slimes","floor":4.0,"turns":3.0},{"damage":5.0,"enemies":"Exordium Wildlife","floor":5.0,"turns":3.0},{"damage":5.0,"enemies":"Lagavulin","floor":6.0,"turns":6.0},{"damage":15.0,"enemies":"3 Sentries","floor":8.0,"turns":10.0},{"damage":0.0,"enemies":"Looter","floor":10.0,"turns":3.0},{"damage":11.0,"enemies":"3 Sentries","floor":11.0,"turns":4.0},{"damage":6.0,"enemies":"Gremlin Nob","floor":13.0,"turns":4.0},{"damage":25.0,"enemies":"The Guardian","floor":16.0,"turns":13.0},{"damage":0.0,"enemies":"Spheric Guardian","floor":18.0,"turns":3.0},{"damage":0.0,"enemies":"3 Byrds","floor":22.0,"turns":3.0},{"damage":5.0,"enemies":"Shelled Parasite and Fungi","floor":28.0,"turns":5.0},{"damage":11.0,"enemies":"Book of Stabbing","floor":30.0,"turns":4.0},{"damage":13.0,"enemies":"Snake Plant","floor":31.0,"turns":2.0},{"damage":47.0,"enemies":"Automaton","floor":33.0,"turns":8.0},{"damage":3.0,"enemies":"3 Darklings","floor":35.0,"turns":4.0},{"damage":28.0,"enemies":"Mind Bloom Boss Battle","floor":36.0,"turns":6.0},{"damage":3.0,"enemies":"Orb Walker","floor":37.0,"turns":3.0},{"damage":42.0,"enemies":"Spire Growth","floor":38.0,"turns":5.0},{"damage":24.0,"enemies":"3 Darklings","floor":42.0,"turns":3.0},{"damage":36,"enemies":"Maw","floor":48,"turns":6},{"damage":111,"enemies":"Time Eater","floor":50,"turns":7}],"seed_played":"8433172831969421990","potions_obtained":[{"floor":4.0,"key":"Block Potion"},{"floor":5.0,"key":"SpeedPotion"},{"floor":8.0,"key":"FocusPotion"},{"floor":16.0,"key":"AttackPotion"},{"floor":18.0,"key":"DuplicationPotion"},{"floor":31.0,"key":"Fire Potion"},{"floor":35.0,"key":"SpeedPotion"},{"floor":38.0,"key":"Block Potion"}],"is_trial":false,"path_per_floor":["M","M","$","M","M","E","R","?","T","M","E","R","E","?","R","B",null,"M","$","?","?","M","R","?","?","T","R","M","R","E","M","R","B",null,"M","?","M","M","$","R","T","M","T","R","$","R","$","M","R","B"],"character_chosen":"DEFECT","items_purchased":["Regal Pillow","Buffer","Letter Opener","Defragment"],"campfire_rested":5,"item_purchase_floors":[19,19,39,47],"current_hp_per_floor":[74,73,73,68,63,58,58,50,50,50,39,63,57,46,70,45,82,82,82,66,66,66,66,66,66,76,76,71,71,60,47,91,44,97,94,76,85,53,53,97,97,83,83,83,83,83,83,57,99,0,0],"gold":62,"neow_bonus":"RANDOM_COMMON_RELIC","is_daily":false,"chose_seed":false,"campfire_upgraded":5,"win_rate":0.0,"timestamp":1610830579,"path_taken":["M","?","$","M","M","E","R","?","T","M","E","R","E","?","R","BOSS","M","$","?","?","M","R","?","?","T","R","M","R","E","M","R","BOSS","M","?","M","M","$","R","?","M","T","R","$","R","?","M","R","BOSS"],"items_purchased_type":["Relic","Card","Relic","Card"],"build_version":"2020-12-22","purchased_purges":3,"victory":false,"max_hp_per_floor":[75,75,75,75,75,75,75,82,82,82,82,82,82,82,82,82,82,82,82,87,87,87,87,87,87,97,97,97,97,97,97,97,97,97,97,97,99,99,99,99,99,99,99,99,99,99,99,99,99,99,99],"card_choices":[{"not_picked":["Redo","Recycle"],"picked":"Cold Snap","floor":1.0},{"not_picked":["Coolheaded","Cold Snap"],"picked":"Ball Lightning","floor":2.0},{"not_picked":["Beam Cell","Stack"],"picked":"Leap","floor":4.0},{"not_picked":["Barrage","Gash"],"picked":"Conserve Battery","floor":5.0},{"not_picked":["Stack","Cold Snap"],"picked":"Hologram","floor":6.0},{"not_picked":["Turbo","Steam"],"picked":"Chill","floor":8.0},{"not_picked":["Go for the Eyes","Barrage"],"picked":"Electrodynamics","floor":10.0},{"not_picked":["White Noise","Recycle"],"picked":"Aggregate","floor":11.0},{"not_picked":["Streamline","Sweeping Beam","Conserve Battery"],"picked":"SKIP","floor":13.0},{"not_picked":["Hyperbeam","Core Surge"],"picked":"Biased Cognition","floor":16.0},{"not_picked":["Cold Snap","Steam+1"],"picked":"Tempest","floor":18.0},{"not_picked":["Hologram","Auto Shields"],"picked":"Doom and Gloom","floor":22.0},{"not_picked":["Coolheaded","Aggregate+1"],"picked":"Barrage+1","floor":28.0},{"not_picked":["Barrage","Go for the Eyes"],"picked":"Redo+1","floor":30.0},{"not_picked":["Steam Power+1","Sweeping Beam+1"],"picked":"Leap+1","floor":31.0},{"not_picked":["Creative AI","Machine Learning"],"picked":"Biased Cognition","floor":33.0},{"not_picked":["Steam+1","Lockon"],"picked":"Self Repair+1","floor":35.0},{"not_picked":["Steam+1","Loop"],"picked":"Stack+1","floor":36.0},{"not_picked":["Gash+1","Rebound","Consume"],"picked":"Singing Bowl","floor":37.0},{"not_picked":["Go for the Eyes","Heatsinks+1"],"picked":"Rebound+1","floor":38.0},{"not_picked":["Go for the Eyes+1","Core Surge"],"picked":"Ball Lightning+1","floor":42.0},{"not_picked":["Consume","Sunder+1"],"picked":"Stack","floor":48}],"player_experience":691557,"relics_obtained":[{"floor":6.0,"key":"Lantern"},{"floor":8.0,"key":"Strawberry"},{"floor":11.0,"key":"WingedGreaves"},{"floor":13.0,"key":"Bag of Preparation"},{"floor":26.0,"key":"Pear"},{"floor":30.0,"key":"Singing Bowl"},{"floor":36.0,"key":"Turnip"},{"floor":41.0,"key":"Bottled Tornado"}],"event_choices":[{"damage_healed":0.0,"max_hp_gain":0.0,"max_hp_loss":0.0,"gold_gain":0.0,"event_name":"Dead Adventurer","player_choice":"Searched \u00272\u0027 times","floor":8.0,"gold_loss":0.0,"damage_taken":0.0},{"damage_healed":0.0,"max_hp_gain":0.0,"max_hp_loss":0.0,"gold_gain":75.0,"event_name":"World of Goop","player_choice":"Gather Gold","floor":14.0,"gold_loss":0.0,"damage_taken":11.0},{"damage_healed":0.0,"max_hp_gain":5.0,"max_hp_loss":0.0,"gold_gain":0.0,"event_name":"Forgotten Altar","player_choice":"Shed Blood","floor":20.0,"gold_loss":0.0,"damage_taken":21.0},{"cards_removed":["Defend_B"],"damage_healed":0.0,"max_hp_gain":0.0,"max_hp_loss":0.0,"gold_gain":0.0,"event_name":"Back to Basics","player_choice":"Elegance","floor":21.0,"gold_loss":0.0,"damage_taken":0.0},{"damage_healed":0.0,"max_hp_gain":0.0,"max_hp_loss":0.0,"gold_gain":99.0,"event_name":"Nest","player_choice":"Stole From Cult","floor":24.0,"gold_loss":0.0,"damage_taken":0.0},{"damage_healed":0.0,"max_hp_gain":0.0,"max_hp_loss":0.0,"gold_gain":0.0,"event_name":"Ghosts","player_choice":"Ignored","floor":25.0,"gold_loss":0.0,"damage_taken":0.0},{"damage_healed":0.0,"max_hp_gain":0.0,"max_hp_loss":0.0,"gold_gain":0.0,"event_name":"MindBloom","player_choice":"Fight","floor":36.0,"gold_loss":0.0,"damage_taken":0.0}],"is_beta":false,"boss_relics":[{"not_picked":["Sozu","Coffee Dripper"],"picked":"Cursed Key"},{"not_picked":["Velvet Choker","Nuclear Battery"],"picked":"Empty Cage"}],"items_purged_floors":[3,19,39],"is_endless":false,"potions_floor_spawned":[4,5,8,16,18,31,35,37,38],"killed_by":"Time Eater","ascension_level":1}}