{"host":"e1pm3b7xpcm97e5w","time":1610839312,"event":{"mods":["BaseMod","Better Skull","Googly Eyes","Minty Spire (QoL Compilation)","Relic Stats","Shop Mod","Spicy Shops","StSLib"],"gold_per_floor":[164,214,230,57,57,57,91,104,104,104,138,152,102,113,113,191,191,206,206,206,126,136,136,136,136,162,162,162,162],"floor_reached":28,"language":"ENG","playtime":4903,"items_purged":[],"score":426,"play_id":"0c744109-c6dc-452b-98f0-dedbf12834cc","local_time":"20210116182152","is_ascension_mode":true,"campfire_choices":[{"data":"Neutralize","floor":6,"key":"SMITH"},{"data":"Caltrops","floor":10,"key":"SMITH"},{"floor":15,"key":"REST"},{"data":"Noxious Fumes","floor":23,"key":"SMITH"},{"data":"Footwork","floor":24,"key":"SMITH"},{"data":"Flechettes","floor":25,"key":"SMITH"},{"data":"Finisher","floor":27,"key":"SMITH"}],"circlet_count":0,"master_deck":["AscendersBane","Strike_G+1","Strike_G+1","Strike_G+1","Strike_G+1","Strike_G+1","Defend_G+1","Defend_G+1","Defend_G+1","Defend_G+1","Defend_G+1","Survivor","Neutralize+1","Finisher+1","Poisoned Stab","Deadly Poison","Caltrops+1","Footwork+1","Backflip","Glass Knife","Dodge and Roll","Bullet Time","Poisoned Stab+1","Noxious Fumes+1","Flechettes+1"],"relics":["Tiny House","TwistedFunnel","WingedGreaves","Vajra","Sundial","Peace Pipe","Toy Ornithopter","Coffee Dripper","Ancient Tea Set"],"acts_visited":["Exordium","TheCity"],"potions_floor_usage":[7],"damage_taken":[{"damage":0,"enemies":"2 Louse","floor":1,"turns":2},{"damage":0,"enemies":"Cultist","floor":3,"turns":5},{"damage":14,"enemies":"Lagavulin","floor":7,"turns":6},{"damage":0,"enemies":"Small Slimes","floor":8,"turns":3},{"damage":26,"enemies":"Gremlin Nob","floor":11,"turns":4},{"damage":2,"enemies":"Exordium Wildlife","floor":12,"turns":3},{"damage":8,"enemies":"2 Fungi Beasts","floor":14,"turns":2},{"damage":22,"enemies":"The Guardian","floor":16,"turns":10},{"damage":23,"enemies":"2 Thieves","floor":18,"turns":4},{"damage":26,"enemies":"3 Byrds","floor":22,"turns":3},{"damage":13,"enemies":"3 Cultists","floor":28,"turns":4}],"seed_played":"-381307898078637112","potions_obtained":[{"floor":0,"key":"Swift Potion"},{"floor":3,"key":"PowerPotion"},{"floor":7,"key":"Dexterity Potion"},{"floor":12,"key":"GhostInAJar"}],"is_trial":false,"path_per_floor":["M","?","M","$","?","R","E","M","T","R","E","M","?","M","R","B",null,"M","?","?","$","M","R","R","R","T","R","M"],"character_chosen":"THE_SILENT","items_purchased":["TwistedFunnel","Caltrops","Noxious Fumes"],"campfire_rested":1,"item_purchase_floors":[4,4,21],"current_hp_per_floor":[64,64,64,64,59,59,45,45,45,45,19,17,17,9,30,8,55,32,32,32,32,6,6,6,6,6,6,0,0],"gold":162,"neow_bonus":"BOSS_RELIC","is_daily":false,"chose_seed":false,"campfire_upgraded":6,"win_rate":0.0,"timestamp":1610839312,"path_taken":["M","?","M","?","?","R","E","M","T","R","E","?","?","?","R","BOSS","M","?","?","$","M","R","R","R","T","R","?"],"items_purchased_type":["Relic","Card","Card"],"build_version":"2020-12-22","purchased_purges":0,"victory":false,"max_hp_per_floor":[71,71,71,71,71,71,71,71,71,71,71,71,71,71,71,71,71,71,71,71,71,71,71,71,71,71,71,71,71],"relic_stats":{"Peace Pipe":0,"counters":[11,46],"Sundial":[2],"obtain_stats":[{"TwistedFunnel":4,"Peace Pipe":11,"Tiny House":0,"Sundial":9,"Vajra":7,"WingedGreaves":5,"Coffee Dripper":17,"Ancient Tea Set":26,"Toy Ornithopter":13,"Ring of the Snake":0},{"TwistedFunnel":2,"Peace Pipe":5,"Tiny House":0,"Sundial":4,"Vajra":3,"WingedGreaves":2,"Coffee Dripper":8,"Ancient Tea Set":10,"Toy Ornithopter":6,"Ring of the Snake":0},{"TwistedFunnel":7,"Peace Pipe":20,"Tiny House":0,"Sundial":16,"Vajra":13,"WingedGreaves":7,"Coffee Dripper":35,"Ancient Tea Set":42,"Toy Ornithopter":23,"Ring of the Snake":0}],"Toy Ornithopter":0},"card_choices":[{"not_picked":["Quick Slash","Reflex"],"picked":"Finisher","floor":0},{"not_picked":["Skewer","Sucker Punch"],"picked":"Poisoned Stab","floor":1},{"not_picked":["Expertise","Quick Slash"],"picked":"Deadly Poison","floor":3},{"not_picked":["Terror","Deadly Poison"],"picked":"Footwork","floor":7},{"not_picked":["Cloak And Dagger","Deflect"],"picked":"Backflip","floor":8},{"not_picked":["Deadly Poison","Quick Slash"],"picked":"Glass Knife","floor":11},{"not_picked":["Endless Agony","Deadly Poison","Distraction"],"picked":"SKIP","floor":12},{"not_picked":["Outmaneuver","Backflip"],"picked":"Dodge and Roll","floor":14},{"not_picked":["Grand Finale","Die Die Die"],"picked":"Bullet Time","floor":16},{"not_picked":["Slice","Dagger Spray"],"picked":"Poisoned Stab+1","floor":18},{"not_picked":["Cloak And Dagger","Dagger Spray"],"picked":"Flechettes","floor":22}],"player_experience":539662,"relics_obtained":[{"floor":7,"key":"Vajra"},{"floor":9,"key":"Sundial"},{"floor":11,"key":"Peace Pipe"},{"floor":26,"key":"Ancient Tea Set"}],"event_choices":[{"damage_healed":0,"gold_gain":50,"player_choice":"Pray","damage_taken":0,"max_hp_gain":0,"max_hp_loss":0,"event_name":"Golden Shrine","floor":2,"gold_loss":0},{"damage_healed":0,"gold_gain":0,"player_choice":"Success","damage_taken":5,"relics_obtained":["WingedGreaves"],"max_hp_gain":0,"max_hp_loss":0,"event_name":"Scrap Ooze","floor":5,"gold_loss":0},{"damage_healed":0,"gold_gain":0,"player_choice":"Paid Gold","damage_taken":0,"relics_obtained":["Toy Ornithopter"],"max_hp_gain":0,"max_hp_loss":0,"event_name":"WeMeetAgain","floor":13,"gold_loss":50},{"damage_healed":0,"gold_gain":0,"player_choice":"Simplicity","damage_taken":0,"max_hp_gain":0,"max_hp_loss":0,"event_name":"Back to Basics","floor":19,"gold_loss":0,"cards_upgraded":["Strike_G","Strike_G","Strike_G","Strike_G","Strike_G","Defend_G","Defend_G","Defend_G","Defend_G"]},{"damage_healed":0,"gold_gain":0,"player_choice":"Got Potions","damage_taken":0,"max_hp_gain":0,"max_hp_loss":0,"event_name":"Lab","floor":20,"gold_loss":0}],"is_beta":false,"boss_relics":[{"not_picked":["Philosopher\u0027s Stone","Sozu"],"picked":"Coffee Dripper"}],"items_purged_floors":[],"is_endless":false,"potions_floor_spawned":[3,7,12,14,16],"killed_by":"3 Cultists","ascension_level":18}}