{"host":"vumwfieg2b2mnrfl","time":1610772255,"event":{"mods":["AchievementEnabler","BaseMod","Minty Spire (QoL Compilation)","Rare Cards Sparkle","Relic Stats"],"gold_per_floor":[110,110,110,129,279,279,311,321,321,333,333,333,352,385,385,459,459,459,384,384,304,274,274,274,274,274,274,164,164,164,164,164,164,164,164,77,77,77,77,77,77,77,77,77,77,77,77,77,77,77],"floor_reached":51,"language":"ENG","playtime":1941,"items_purged":["Defend_R"],"score":1463,"play_id":"231a5548-2666-4671-9428-013d5be7e3a6","local_time":"20210115224415","is_ascension_mode":true,"campfire_choices":[{"data":"Disarm","floor":6,"key":"SMITH"},{"data":"Feed","floor":11,"key":"SMITH"},{"floor":15,"key":"REST"},{"floor":23,"key":"REST"},{"floor":27,"key":"REST"},{"data":"Spot Weakness","floor":29,"key":"SMITH"},{"data":"Flame Barrier","floor":32,"key":"SMITH"},{"floor":42,"key":"REST"},{"data":"Armaments","floor":44,"key":"SMITH"},{"floor":49,"key":"REST"}],"circlet_count":0,"master_deck":["AscendersBane","Strike_R","Strike_R","Strike_R+1","Defend_R+1","Defend_R","Defend_R","Bash","Headbutt","Disarm+1","Feed+1","Cleave","Evolve","Exhume","Necronomicurse","Uppercut+1","Spot Weakness+1","Fire Breathing","Flame Barrier+1","Limit Break","Heavy Blade","Disarm","Clothesline","Pommel Strike+1","True Grit+1","Rampage+1","Armaments+1","Headbutt+1","Demon Form"],"relics":["Burning Blood","NeowsBlessing","Pear","Gremlin Horn","Nunchaku","Ectoplasm","Necronomicon","Orichalcum","Whetstone","Happy Flower","Cursed Key","Lantern","Omamori"],"acts_visited":["Exordium","TheCity","TheBeyond"],"potions_floor_usage":[16,18,22,35,37,50],"damage_taken":[{"damage":0,"enemies":"Jaw Worm","floor":1,"turns":1},{"damage":0,"enemies":"Cultist","floor":4,"turns":1},{"damage":0,"enemies":"Gremlin Nob","floor":7,"turns":1},{"damage":0,"enemies":"Small Slimes","floor":8,"turns":4},{"damage":4,"enemies":"Looter","floor":10,"turns":4},{"damage":0,"enemies":"Gremlin Gang","floor":13,"turns":2},{"damage":63,"enemies":"Lagavulin","floor":14,"turns":9},{"damage":41,"enemies":"Slime Boss","floor":16,"turns":8},{"damage":22,"enemies":"Shell Parasite","floor":18,"turns":10},{"damage":17,"enemies":"2 Thieves","floor":22,"turns":4},{"damage":20,"enemies":"Snake Plant","floor":24,"turns":8},{"damage":33,"enemies":"Book of Stabbing","floor":25,"turns":8},{"damage":5,"enemies":"Gremlin Leader","floor":30,"turns":6},{"damage":11,"enemies":"Centurion and Healer","floor":31,"turns":5},{"damage":62,"enemies":"Collector","floor":33,"turns":8},{"damage":15,"enemies":"3 Shapes","floor":35,"turns":4},{"damage":16,"enemies":"3 Darklings","floor":37,"turns":5},{"damage":9,"enemies":"Sphere and 2 Shapes","floor":38,"turns":4},{"damage":7,"enemies":"Writhing Mass","floor":39,"turns":6},{"damage":57,"enemies":"Nemesis","floor":40,"turns":7},{"damage":27,"enemies":"Jaw Worm Horde","floor":41,"turns":5},{"damage":15,"enemies":"Sphere and 2 Shapes","floor":45,"turns":9},{"damage":23,"enemies":"Reptomancer","floor":46,"turns":5},{"damage":37,"enemies":"Spire Growth","floor":48,"turns":6},{"damage":75,"enemies":"Time Eater","floor":50,"turns":12}],"seed_played":"-4097627137153359158","potions_obtained":[{"floor":4,"key":"PowerPotion"},{"floor":8,"key":"BloodPotion"},{"floor":16,"key":"SteroidPotion"},{"floor":22,"key":"SteroidPotion"},{"floor":24,"key":"Swift Potion"},{"floor":40,"key":"Explosive Potion"},{"floor":41,"key":"Dexterity Potion"}],"is_trial":false,"path_per_floor":["M","$","?","M","?","R","E","M","T","M","R","?","M","E","R","B",null,"M","$","?","$","M","R","M","E","T","R","?","R","E","M","R","B",null,"M","$","M","M","M","E","M","R","T","R","M","E","?","M","R","B",null],"character_chosen":"IRONCLAD","items_purchased":["Uppercut","Heavy Blade","Disarm"],"campfire_rested":5,"item_purchase_floors":[21,36,36],"current_hp_per_floor":[74,74,74,75,75,75,85,85,85,85,85,85,89,36,63,32,81,89,89,68,68,61,92,82,59,59,92,92,92,97,96,96,40,101,96,96,90,95,98,47,30,73,73,73,72,55,153,122,153,84],"gold":77,"neow_bonus":"THREE_ENEMY_KILL","is_daily":false,"chose_seed":false,"campfire_upgraded":5,"win_rate":0.0,"timestamp":1610772255,"path_taken":["M","$","?","?","?","R","E","M","T","M","R","?","?","E","R","BOSS","M","$","?","$","M","R","M","E","T","R","?","R","E","M","R","BOSS","M","$","M","M","?","E","M","R","T","R","M","E","?","M","R","BOSS"],"items_purchased_type":["Card","Card","Card"],"build_version":"2020-12-22","purchased_purges":1,"victory":true,"max_hp_per_floor":[75,75,75,75,75,75,85,85,85,85,85,85,89,93,93,97,97,101,101,101,101,105,105,109,113,113,113,113,113,117,121,121,121,121,125,125,129,137,141,141,145,145,145,145,153,153,153,153,153,153],"relic_stats":{"Nunchaku":[24],"Gremlin Horn":[30,30],"Happy Flower":[25],"counters":[25,142],"Ectoplasm":417,"Necronomicon":[44],"Whetstone":["Strike_R","Uppercut"],"Orichalcum":[126],"Cursed Key":0,"obtain_stats":[{"Lantern":40,"Pear":7,"NeowsBlessing":0,"Gremlin Horn":9,"Happy Flower":30,"Omamori":46,"Whetstone":26,"Orichalcum":25,"Cursed Key":34,"Burning Blood":0,"Nunchaku":14,"Ectoplasm":17,"Necronomicon":20},{"Lantern":20,"Pear":3,"NeowsBlessing":0,"Gremlin Horn":4,"Happy Flower":13,"Omamori":23,"Whetstone":12,"Orichalcum":12,"Cursed Key":15,"Burning Blood":0,"Nunchaku":7,"Ectoplasm":8,"Necronomicon":9},{"Lantern":105,"Pear":3,"NeowsBlessing":0,"Gremlin Horn":7,"Happy Flower":66,"Omamori":124,"Whetstone":60,"Orichalcum":60,"Cursed Key":79,"Burning Blood":0,"Nunchaku":22,"Ectoplasm":30,"Necronomicon":40}],"Burning Blood":125},"card_choices":[{"not_picked":["Twin Strike","Sword Boomerang"],"picked":"Headbutt","floor":1},{"not_picked":["Flex","Headbutt"],"picked":"Disarm","floor":4},{"not_picked":["Power Through","Dark Embrace","Heavy Blade"],"picked":"SKIP","floor":7},{"not_picked":["Thunderclap","Wild Strike"],"picked":"Feed","floor":8},{"not_picked":["Second Wind","Flex"],"picked":"Cleave","floor":10},{"not_picked":["Dropkick","Combust","Twin Strike"],"picked":"SKIP","floor":13},{"not_picked":["Dropkick","Pommel Strike"],"picked":"Evolve","floor":14},{"not_picked":["Berserk","Fiend Fire"],"picked":"Exhume","floor":16},{"not_picked":["Thunderclap","Flex","Body Slam"],"picked":"SKIP","floor":18},{"not_picked":["Clash","Hemokinesis","Sever Soul+1"],"picked":"SKIP","floor":22},{"not_picked":["Cleave","Infernal Blade"],"picked":"Spot Weakness","floor":24},{"not_picked":["Feed","Clothesline"],"picked":"Fire Breathing","floor":25},{"not_picked":["Warcry","Thunderclap"],"picked":"Flame Barrier","floor":30},{"not_picked":["Headbutt","Body Slam","Immolate"],"picked":"SKIP","floor":31},{"not_picked":["Juggernaut","Offering"],"picked":"Limit Break","floor":33},{"not_picked":["Wild Strike","Flex","Infernal Blade+1"],"picked":"SKIP","floor":35},{"not_picked":["Metallicize","Inflame"],"picked":"Clothesline","floor":37},{"not_picked":["Cleave+1","Rampage"],"picked":"Pommel Strike+1","floor":38},{"not_picked":["Iron Wave","Sword Boomerang","True Grit+1"],"picked":"SKIP","floor":39},{"not_picked":["Iron Wave","Sword Boomerang"],"picked":"True Grit+1","floor":39},{"not_picked":["Havoc","Carnage"],"picked":"Rampage+1","floor":40},{"not_picked":["Thunderclap","Double Tap"],"picked":"Armaments","floor":41},{"not_picked":["Anger","Sentinel+1"],"picked":"Headbutt+1","floor":45},{"not_picked":["Havoc","Armaments"],"picked":"Demon Form","floor":46},{"not_picked":["Shockwave","Bloodletting","Infernal Blade"],"picked":"SKIP","floor":48}],"player_experience":432603,"relics_obtained":[{"floor":7,"key":"Pear"},{"floor":9,"key":"Gremlin Horn"},{"floor":14,"key":"Nunchaku"},{"floor":20,"key":"Necronomicon"},{"floor":25,"key":"Orichalcum"},{"floor":26,"key":"Whetstone"},{"floor":30,"key":"Happy Flower"},{"floor":40,"key":"Lantern"},{"floor":46,"key":"Omamori"}],"event_choices":[{"cards_removed":["Strike_R"],"damage_healed":0,"gold_gain":0,"player_choice":"Offered Basic","damage_taken":0,"max_hp_gain":0,"max_hp_loss":0,"event_name":"Bonfire Elementals","floor":3,"gold_loss":0},{"damage_healed":0,"gold_gain":150,"player_choice":"AGREE","damage_taken":0,"max_hp_gain":0,"max_hp_loss":0,"event_name":"Liars Game","floor":5,"gold_loss":0,"cards_obtained":["Doubt"]},{"cards_removed":["Doubt"],"damage_healed":0,"gold_gain":0,"player_choice":"Purged","damage_taken":0,"max_hp_gain":0,"max_hp_loss":0,"event_name":"Purifier","floor":12,"gold_loss":0},{"damage_healed":0,"gold_gain":0,"player_choice":"Obtained Book","damage_taken":21,"max_hp_gain":0,"max_hp_loss":0,"event_name":"Cursed Tome","floor":20,"gold_loss":0},{"cards_removed":["Strike_R"],"damage_healed":0,"gold_gain":0,"player_choice":"Upgrade and Remove","damage_taken":0,"max_hp_gain":0,"max_hp_loss":0,"event_name":"Designer","floor":28,"gold_loss":110,"cards_upgraded":["Defend_R"]},{"damage_healed":98,"gold_gain":0,"player_choice":"Heal","damage_taken":0,"max_hp_gain":0,"max_hp_loss":0,"event_name":"MindBloom","floor":47,"gold_loss":0,"cards_obtained":["Doubt"]}],"is_beta":false,"boss_relics":[{"not_picked":["Astrolabe","Philosopher\u0027s Stone"],"picked":"Ectoplasm"},{"not_picked":["Runic Dome","Runic Cube"],"picked":"Cursed Key"}],"items_purged_floors":[19],"is_endless":false,"potions_floor_spawned":[4,8,14,16,18,22,24,33,40,41,45,46,48],"ascension_level":16}}