{"host":"h7v50ofoukcy1stu","time":1610808417,"event":{"mods":["2.2 Compatiblity","BaseMod","Beaked The Cultist","Better Note","Better Vampires","Downfall","Duelist Mod","Hermit","Jorbs\u0027s Wanderer Trilogy","Minty Spire (QoL Compilation)","Potionbrewer","QueenMod","StSLib","The Blackbeard","The Bladedancer","The Dragon Tamer","The Kombatant","The Runesmith"],"gold_per_floor":[116,130,95,106,56,56,71,103,130,130,130],"floor_reached":10,"language":"ENG","playtime":701,"items_purged":[],"score":78,"play_id":"0895ee5e-cbed-472e-874c-7d9d5a12ccc8","local_time":"20210116154657","is_ascension_mode":true,"campfire_choices":[{"data":"blademaster:EyeOfTheStorm","floor":6,"key":"SMITH"}],"circlet_count":0,"master_deck":["blademaster:Strike","blademaster:Strike","blademaster:Strike","blademaster:Strike","blademaster:Defend+1","blademaster:Defend","blademaster:Defend+1","blademaster:Defend","blademaster:RagingBlow","blademaster:HighVoltage","blademaster:Reversal","blademaster:EyeOfTheStorm+1","blademaster:Cut","blademaster:ThunderingOpener","blademaster:DaggerAndCloak"],"relics":["blademaster:DancersAmulet","War Paint","Anchor","Dream Catcher"],"acts_visited":["Exordium"],"potions_floor_usage":[10,10],"damage_taken":[{"damage":0,"enemies":"2 Louse","floor":1,"turns":4},{"damage":24,"enemies":"Jaw Worm","floor":2,"turns":7},{"damage":6,"enemies":"Cultist","floor":4,"turns":4},{"damage":0,"enemies":"Exordium Wildlife","floor":7,"turns":3},{"damage":51,"enemies":"Lagavulin","floor":8,"turns":7},{"damage":12,"enemies":"3 Sentries","floor":10,"turns":10}],"seed_played":"3241810262367473977","potions_obtained":[{"floor":2,"key":"EssenceOfSteel"},{"floor":4,"key":"potionbrewer:InfectionPotion"},{"floor":8,"key":"potionbrewer:DiscountPotion"}],"is_trial":false,"path_per_floor":["M","M","?","M","$","R","M","E","T","E"],"character_chosen":"THE_BLADEMASTER","items_purchased":["blademaster:Cut"],"campfire_rested":0,"item_purchase_floors":[5],"current_hp_per_floor":[75,51,69,63,63,63,63,12,12,0,0],"gold":130,"neow_bonus":"RANDOM_COMMON_RELIC","is_daily":false,"chose_seed":false,"campfire_upgraded":1,"win_rate":0.0,"timestamp":1610808417,"path_taken":["M","M","?","M","$","R","M","E","T","E"],"items_purchased_type":["Card"],"build_version":"2020-12-22","purchased_purges":0,"victory":false,"max_hp_per_floor":[75,75,75,75,75,75,75,75,75,75,75],"card_choices":[{"not_picked":["blademaster:AncestralHealing","blademaster:Frenzy"],"picked":"blademaster:Reversal","floor":1},{"not_picked":["blademaster:ChargingUp","blademaster:AncestralHealing"],"picked":"blademaster:EyeOfTheStorm","floor":2},{"not_picked":["blademaster:Frontflip","blademaster:ThunderSlash","blademaster:CombatPrep"],"picked":"SKIP","floor":4},{"not_picked":["blademaster:Vortex","blademaster:Overcharge"],"picked":"blademaster:ThunderingOpener","floor":7},{"not_picked":["blademaster:Rupture","blademaster:AspectOfLightning"],"picked":"blademaster:DaggerAndCloak","floor":8}],"player_experience":191137,"relics_obtained":[{"floor":8,"key":"Anchor"},{"floor":8,"key":"blademaster:LightningChargePerk"},{"floor":9,"key":"Dream Catcher"}],"event_choices":[{"damage_healed":18,"gold_gain":0,"player_choice":"Healed","damage_taken":0,"max_hp_gain":0,"max_hp_loss":0,"event_name":"The Cleric","floor":3,"gold_loss":35}],"is_beta":false,"boss_relics":[],"items_purged_floors":[],"is_endless":false,"potions_floor_spawned":[2,4,8],"killed_by":"3 Sentries","ascension_level":3}}