{"host":"1ecbliur7lfoj0sl","time":1610761781,"event":{"mods":["BaseMod","GungeonMod","GungeonMod Extend","Minty Spire (QoL Compilation)","StSLib","Waifu the Spire"],"gold_per_floor":[114,131,149,160,45,45,79,79,103,103,73,105,105,122,122,227,227,247,247,247,105,121,121,152,152,152,152,164,174,191,204,221,221,221,221,221],"floor_reached":35,"language":"ZHS","playtime":1800,"items_purged":["DemoMod:Strike_Huntress"],"score":356,"play_id":"d0897fc5-4ee8-4dc2-b5e8-d4bae61390f8","local_time":"20210116094941","is_ascension_mode":true,"campfire_choices":[{"data":"DemoMod:StickyCrossBow","floor":6.0,"key":"SMITH"},{"data":"DemoMod:BlankBullets","floor":8.0,"key":"SMITH"},{"data":"DemoMod:Roll","floor":15.0,"key":"SMITH"},{"data":"DemoMod:Gungine","floor":23.0,"key":"SMITH"},{"data":"DemoMod:ManualReload","floor":25.0,"key":"SMITH"},{"data":"DemoMod:CrossBow","floor":27.0,"key":"SMITH"},{"data":"DemoMod:FastSwitch","floor":33,"key":"SMITH"}],"circlet_count":0,"master_deck":["DemoMod:Strike_Huntress","DemoMod:Strike_Huntress+1","DemoMod:Defend_Huntress","DemoMod:Defend_Huntress+1","DemoMod:Defend_Huntress","DemoMod:Defend_Huntress","DemoMod:Roll+1","DemoMod:ManualReload+1","DemoMod:RustySidearm","DemoMod:CrossBow+1","DemoMod:FastSwitch+1","DemoMod:SniperShot","DemoMod:StickyCrossBow+1","DemoMod:BlankBullets+1","DemoMod:Polaris+1","DemoMod:DirectionalPad","DemoMod:Gungine+1","DemoMod:ChanceBullets+1","DemoMod:HungryBullets+1","DemoMod:DirectionalPad+1","DemoMod:LifeOrb+1","DemoMod:ConditionalReflex+1","DemoMod:SniperShot+1","DemoMod:DirectionalPad"],"relics":["DemoMod:Dog","Letter Opener","Orichalcum","Frozen Egg 2","Centennial Puzzle","DemoMod:Wolf","DemoMod:Ammonomicon","Happy Flower"],"acts_visited":["Exordium","TheCity","TheCity"],"potions_floor_usage":[34,34,35],"damage_taken":[{"damage":1.0,"enemies":"Cultist","floor":1.0,"turns":3.0},{"damage":0.0,"enemies":"2 Louse","floor":2.0,"turns":2.0},{"damage":0.0,"enemies":"Small Slimes","floor":3.0,"turns":3.0},{"damage":9.0,"enemies":"Exordium Thugs","floor":4.0,"turns":5.0},{"damage":17.0,"enemies":"Lagavulin","floor":7.0,"turns":6.0},{"damage":21.0,"enemies":"3 Sentries","floor":12.0,"turns":7.0},{"damage":0.0,"enemies":"Exordium Wildlife","floor":14.0,"turns":5.0},{"damage":0.0,"enemies":"Slime Boss","floor":16.0,"turns":5.0},{"damage":0.0,"enemies":"3 Byrds","floor":18.0,"turns":4.0},{"damage":9.0,"enemies":"2 Thieves","floor":22.0,"turns":2.0},{"damage":19.0,"enemies":"Gremlin Leader","floor":24.0,"turns":3.0},{"damage":0.0,"enemies":"DemoMod:4_Bullet_Kins_with_one_veteran","floor":28.0,"turns":2.0},{"damage":6.0,"enemies":"DemoMod:Veteran_shot_gun_kin_and_red_shotgun_kin","floor":29.0,"turns":3.0},{"damage":24.0,"enemies":"DemoMod:Red_and_blue_shotgun_kin_with_gunsinger","floor":30.0,"turns":4.0},{"damage":10.0,"enemies":"DemoMod:Veteran_shot_gun_kin_and_red_shotgun_kin_with_gunsinger","floor":31.0,"turns":2.0},{"damage":0,"enemies":"DemoMod:Veteran_shot_gun_kin_and_blue_shotgun_kin","floor":32,"turns":2},{"damage":20,"enemies":"DemoMod:ResourcefulRat","floor":35,"turns":3}],"seed_played":"-3707027524878323254","potions_obtained":[{"floor":2.0,"key":"Swift Potion"},{"floor":11.0,"key":"GamblersBrew"},{"floor":16.0,"key":"Weak Potion"},{"floor":24.0,"key":"GamblersBrew"},{"floor":30.0,"key":"Swift Potion"},{"floor":31,"key":"Dexterity Potion"}],"is_trial":false,"path_per_floor":["M","M","M","M","$","R","E","R","T","?","?","E","?","M","R","B",null,"M","?","?","$","M","R","E","R","T","R","M","M","M","M","M","R","B","B"],"character_chosen":"HUNTRESS","items_purchased":["DemoMod:GnawedKey","DemoMod:HungryBullets+1"],"campfire_rested":0,"item_purchase_floors":[5,21],"current_hp_per_floor":[76,76,76,67,67,67,50,50,50,35,35,14,14,14,14,14,77,77,77,77,77,68,68,49,49,77,77,77,71,47,37,37,37,20,0,0],"gold":221,"neow_bonus":"TEN_PERCENT_HP_BONUS","is_daily":false,"chose_seed":false,"campfire_upgraded":7,"win_rate":0.0,"timestamp":1610761781,"path_taken":["M","M","?","M","?","R","E","R","T","?","?","E","?","M","R","BOSS","M","?","?","?","M","R","E","R","T","R","M","M","M","M","M","R","BOSS","BOSS"],"items_purchased_type":["Relic","Card"],"build_version":"2020-12-22","purchased_purges":1,"victory":false,"max_hp_per_floor":[77,77,77,77,77,77,77,77,77,77,77,77,77,77,77,77,77,77,77,77,77,77,77,77,77,77,77,77,77,77,77,77,77,77,77,77],"card_choices":[{"not_picked":["DemoMod:PracticeMakesPerfect","DemoMod:SniperShot"],"picked":"DemoMod:FastSwitch","floor":1.0},{"not_picked":["DemoMod:BattleInHaste","DemoMod:SAA"],"picked":"DemoMod:SniperShot","floor":2.0},{"not_picked":["DemoMod:BattleInHaste","DemoMod:ZorGun"],"picked":"DemoMod:StickyCrossBow","floor":3.0},{"not_picked":["DemoMod:TeaPot","DemoMod:FeignSurrender"],"picked":"DemoMod:BlankBullets","floor":4.0},{"not_picked":["DemoMod:DoubleSwitch","DemoMod:TeaPot","DemoMod:AC15"],"picked":"SKIP","floor":7.0},{"not_picked":["DemoMod:Camera","DemoMod:HardPowerCard"],"picked":"DemoMod:Polaris","floor":11.0},{"not_picked":["DemoMod:EasyReloadBullets+1","DemoMod:GunstockTap"],"picked":"DemoMod:DirectionalPad","floor":12.0},{"not_picked":["DemoMod:RadGun","DemoMod:SpreadAmmo","DemoMod:TeaPot"],"picked":"SKIP","floor":14.0},{"not_picked":["DemoMod:BlackHoleGun","DemoMod:ThirdPartyController"],"picked":"DemoMod:Gungine","floor":16.0},{"not_picked":["DemoMod:ZorGun","DemoMod:SAA"],"picked":"DemoMod:ChanceBullets+1","floor":18.0},{"not_picked":["DemoMod:ZorGun","DemoMod:BattleInHaste"],"picked":"DemoMod:DirectionalPad+1","floor":22.0},{"not_picked":["DemoMod:ProbeStrike","DemoMod:DoubleSwitch+1","DemoMod:AbyssalTentacle"],"picked":"SKIP","floor":24.0},{"not_picked":["DemoMod:BoxingGlove","DemoMod:TableSutra+1"],"picked":"DemoMod:LifeOrb+1","floor":28.0},{"not_picked":["DemoMod:Evolver","DemoMod:BoxingGlove"],"picked":"DemoMod:ConditionalReflex+1","floor":29.0},{"not_picked":["DemoMod:Unmoved","DemoMod:PotionOfGunFriendShip","DemoMod:Camera+1"],"picked":"SKIP","floor":29.0},{"not_picked":["DemoMod:ProbeStrike","DemoMod:TeaPot+1","DemoMod:JK47+1"],"picked":"SKIP","floor":30.0},{"not_picked":["DemoMod:TeaPot","DemoMod:MachoBrace+1"],"picked":"DemoMod:SniperShot+1","floor":31},{"not_picked":["DemoMod:HungryBullets+1","DemoMod:BattleInHaste"],"picked":"DemoMod:DirectionalPad","floor":32}],"player_experience":17080,"relics_obtained":[{"floor":7.0,"key":"Letter Opener"},{"floor":9.0,"key":"Orichalcum"},{"floor":11.0,"key":"Frozen Egg 2"},{"floor":12.0,"key":"Centennial Puzzle"},{"floor":24.0,"key":"Happy Flower"}],"event_choices":[{"damage_healed":0.0,"max_hp_gain":0.0,"max_hp_loss":0.0,"gold_gain":0.0,"event_name":"Shining Light","player_choice":"Entered Light","floor":10.0,"gold_loss":0.0,"damage_taken":15.0,"cards_upgraded":["DemoMod:Strike_Huntress","DemoMod:Defend_Huntress"]},{"damage_healed":0.0,"max_hp_gain":0.0,"max_hp_loss":0.0,"gold_gain":0.0,"event_name":"Accursed Blacksmith","player_choice":"Forge","floor":13.0,"gold_loss":0.0,"damage_taken":0.0,"cards_upgraded":["DemoMod:Polaris"]},{"damage_healed":0.0,"max_hp_gain":0.0,"max_hp_loss":0.0,"gold_gain":0.0,"event_name":"Cursed Tome","player_choice":"Ignored","floor":20.0,"gold_loss":0.0,"damage_taken":0.0}],"is_beta":false,"boss_relics":[{"not_picked":["Fusion Hammer","DemoMod:ElasticCartridgeClip"],"picked":"DemoMod:Wolf"}],"items_purged_floors":[21],"is_endless":false,"potions_floor_spawned":[2,11,16,24,30,31],"killed_by":"DemoMod:ResourcefulRat","ascension_level":1}}