{"host":"r53pw7z744tg3fxg","time":1610764366,"event":{"mods":["AchievementEnabler","BaseMod","Colored Map","Colored Powertips","Highlight Path","Minty Spire (QoL Compilation)","Quick Restart","Transform Curses"],"gold_per_floor":[115,190,205,224,241,571,571,571,639,639,682,698,729,749,749,844,844,860,321,344,367,367,367,387,387,387,387,400,429,461,476,476,554,554,567,592,592,611,627,627,641,675,749,763,102,122,142,56,56,56],"floor_reached":51,"language":"ENG","playtime":7311,"items_purged":["Judgement"],"score":1322,"play_id":"74885e7b-f0e7-447d-8ed5-e07af14f99b7","local_time":"20210115193246","is_ascension_mode":true,"campfire_choices":[{"floor":8.0,"key":"REST"},{"data":"Eruption","floor":10.0,"key":"SMITH"},{"floor":15.0,"key":"REST"},{"floor":23.0,"key":"REST"},{"floor":27.0,"key":"REST"},{"floor":32.0,"key":"REST"},{"data":"Apotheosis","floor":40.0,"key":"SMITH"},{"data":"Wallop","floor":49.0,"key":"SMITH"}],"circlet_count":0,"master_deck":["AscendersBane","Strike_P","Strike_P","Strike_P","Strike_P","Defend_P","Defend_P","Defend_P","Defend_P","Eruption+1","Vigilance","Prostrate","Wallop+1","BowlingBash","DeusExMachina","Brilliance","BattleHymn","EmptyBody","Collect+1","Judgement+1","MentalFortress+1","ReachHeaven","Apotheosis+1","Sanctity+1","FlurryOfBlows+1","ClearTheMind","Consecrate","CutThroughFate","FollowUp+1","SpiritShield","DeceiveReality+1","Prostrate","Devotion","Halt","JustLucky+1","Prostrate","ForeignInfluence","Jack Of All Trades","FlurryOfBlows","ForeignInfluence+1","Dramatic Entrance"],"relics":["PureWater","Old Coin","Bloody Idol","Ornamental Fan","Happy Flower","Bottled Tornado","Astrolabe","Bag of Preparation","Nunchaku","Dream Catcher","Yang","Red Mask","Orichalcum","SlaversCollar","Turnip","Blood Vial","Darkstone Periapt","DollysMirror","Calipers"],"acts_visited":["Exordium","TheCity","TheBeyond"],"potions_floor_usage":[50],"damage_taken":[{"damage":2.0,"enemies":"Jaw Worm","floor":1.0,"turns":4.0},{"damage":0.0,"enemies":"2 Louse","floor":3.0,"turns":3.0},{"damage":0.0,"enemies":"Cultist","floor":4.0,"turns":3.0},{"damage":6.0,"enemies":"Lots of Slimes","floor":5.0,"turns":4.0},{"damage":17.0,"enemies":"3 Sentries","floor":6.0,"turns":8.0},{"damage":19.0,"enemies":"Gremlin Nob","floor":11.0,"turns":5.0},{"damage":0.0,"enemies":"Red Slaver","floor":12.0,"turns":2.0},{"damage":31.0,"enemies":"Lagavulin","floor":13.0,"turns":5.0},{"damage":0.0,"enemies":"Exordium Wildlife","floor":14.0,"turns":3.0},{"damage":0.0,"enemies":"Slime Boss","floor":16.0,"turns":6.0},{"damage":10.0,"enemies":"3 Byrds","floor":18.0,"turns":4.0},{"damage":0.0,"enemies":"Shell Parasite","floor":20.0,"turns":3.0},{"damage":12.0,"enemies":"Shelled Parasite and Fungi","floor":21.0,"turns":4.0},{"damage":27.0,"enemies":"Snecko","floor":24.0,"turns":5.0},{"damage":4.0,"enemies":"Centurion and Healer","floor":28.0,"turns":4.0},{"damage":11.0,"enemies":"Masked Bandits","floor":29.0,"turns":5.0},{"damage":24.0,"enemies":"Slavers","floor":30.0,"turns":5.0},{"damage":14.0,"enemies":"3 Cultists","floor":31.0,"turns":4.0},{"damage":10.0,"enemies":"Automaton","floor":33.0,"turns":8.0},{"damage":15.0,"enemies":"3 Shapes","floor":35.0,"turns":7.0},{"damage":6.0,"enemies":"Mind Bloom Boss Battle","floor":36.0,"turns":6.0},{"damage":8.0,"enemies":"Orb Walker","floor":38.0,"turns":4.0},{"damage":0.0,"enemies":"Sphere and 2 Shapes","floor":39.0,"turns":2.0},{"damage":0.0,"enemies":"Transient","floor":41.0,"turns":5.0},{"damage":0.0,"enemies":"Giant Head","floor":42.0,"turns":8.0},{"damage":2.0,"enemies":"Spire Growth","floor":44.0,"turns":4.0},{"damage":2.0,"enemies":"4 Shapes","floor":46.0,"turns":7.0},{"damage":0.0,"enemies":"Maw","floor":47.0,"turns":6.0},{"damage":41,"enemies":"Awakened One","floor":50,"turns":10}],"seed_played":"-2702660323972448686","potions_obtained":[{"floor":3.0,"key":"Energy Potion"},{"floor":5.0,"key":"Block Potion"},{"floor":16.0,"key":"BlessingOfTheForge"},{"floor":20.0,"key":"Dexterity Potion"},{"floor":29.0,"key":"GamblersBrew"},{"floor":30.0,"key":"PowerPotion"},{"floor":33.0,"key":"PowerPotion"},{"floor":35.0,"key":"Ambrosia"},{"floor":36.0,"key":"DistilledChaos"}],"is_trial":false,"path_per_floor":["M","?","M","M","M","E","?","R","T","R","E","M","E","M","R","B",null,"M","$","M","M","?","R","M","?","T","R","M","?","E","M","R","B",null,"M","?","?","M","M","R","M","E","T","M","$","M","M","$","R","B",null],"character_chosen":"WATCHER","items_purchased":["Bag of Preparation","Apotheosis","Nunchaku","DollysMirror","Calipers","ForeignInfluence","Jack Of All Trades","Strength Potion","Dramatic Entrance"],"campfire_rested":5,"item_purchase_floors":[19,19,19,45,45,45,45,45,48],"current_hp_per_floor":[65,54,54,54,48,31,31,53,53,53,34,34,3,3,25,25,62,52,52,52,40,40,62,40,40,40,62,63,57,38,29,51,46,67,57,56,56,53,58,58,63,68,73,74,74,74,74,74,74,33],"gold":56,"neow_bonus":"TEN_PERCENT_HP_BONUS","is_daily":false,"chose_seed":false,"campfire_upgraded":3,"win_rate":0.0,"timestamp":1610764366,"path_taken":["M","?","M","M","M","E","?","R","T","R","E","M","E","M","R","BOSS","M","$","M","M","?","R","M","?","T","R","M","?","E","M","R","BOSS","M","?","?","M","M","R","?","E","T","M","$","M","?","?","R","BOSS"],"items_purchased_type":["Relic","Card","Relic","Relic","Relic","Card","Card","Potion","Card"],"build_version":"2020-12-22","purchased_purges":1,"victory":true,"max_hp_per_floor":[74,74,74,74,74,74,74,74,74,74,74,74,74,74,74,74,74,74,74,74,74,74,74,74,74,74,74,74,74,74,74,74,74,74,74,74,74,74,74,74,74,74,74,74,74,74,74,74,74,74],"card_choices":[{"not_picked":["CutThroughFate","Protect"],"picked":"Prostrate","floor":1.0},{"not_picked":["Worship","Evaluate"],"picked":"Wallop","floor":3.0},{"not_picked":["Vault","EmptyFist"],"picked":"FlurryOfBlows","floor":4.0},{"not_picked":["WaveOfTheHand","FollowUp"],"picked":"BowlingBash","floor":5.0},{"not_picked":["DevaForm","FlurryOfBlows"],"picked":"DeusExMachina","floor":6.0},{"not_picked":["Evaluate","Halt"],"picked":"Brilliance","floor":11.0},{"not_picked":["FollowUp","Wireheading"],"picked":"BattleHymn","floor":12.0},{"not_picked":["EmptyBody","BowlingBash","EmptyFist"],"picked":"SKIP","floor":13.0},{"not_picked":["BowlingBash","EmptyFist"],"picked":"EmptyBody","floor":13.0},{"not_picked":["Prostrate","FlurryOfBlows"],"picked":"Halt","floor":14.0},{"not_picked":["Ragnarok","Wish"],"picked":"Judgement","floor":16.0},{"not_picked":["ForeignInfluence","Consecrate+1"],"picked":"ReachHeaven","floor":18.0},{"not_picked":["BattleHymn","FlyingSleeves","Protect"],"picked":"SKIP","floor":20.0},{"not_picked":["Crescendo","Wallop"],"picked":"Sanctity+1","floor":21.0},{"not_picked":["ConjureBlade","FollowUp"],"picked":"FlurryOfBlows+1","floor":24.0},{"not_picked":["Wireheading","FlyingSleeves"],"picked":"ClearTheMind","floor":28.0},{"not_picked":["FlurryOfBlows","ClearTheMind"],"picked":"Consecrate","floor":29.0},{"not_picked":["Crescendo","ReachHeaven"],"picked":"CutThroughFate","floor":30.0},{"not_picked":["WaveOfTheHand","Collect","FlyingSleeves"],"picked":"SKIP","floor":31.0},{"not_picked":["Pray","LikeWater"],"picked":"FollowUp+1","floor":32.0},{"not_picked":["Wish","Blasphemy"],"picked":"SpiritShield","floor":33.0},{"not_picked":["Protect","Tantrum"],"picked":"DeceiveReality+1","floor":35.0},{"not_picked":["FlyingSleeves","EmptyFist+1","FlurryOfBlows"],"picked":"SKIP","floor":38.0},{"not_picked":["Protect+1","ClearTheMind","EmptyBody"],"picked":"SKIP","floor":39.0},{"not_picked":["EmptyFist","ReachHeaven"],"picked":"Devotion","floor":41.0},{"not_picked":["Nirvana","Weave"],"picked":"Halt","floor":42.0},{"not_picked":["Vengeance","BowlingBash+1"],"picked":"JustLucky+1","floor":44.0},{"not_picked":["EmptyBody","Indignation+1"],"picked":"FlurryOfBlows","floor":46.0},{"not_picked":["DeusExMachina","Vengeance+1"],"picked":"ForeignInfluence+1","floor":47.0}],"player_experience":1267252,"relics_obtained":[{"floor":6.0,"key":"Old Coin"},{"floor":9.0,"key":"Ornamental Fan"},{"floor":11.0,"key":"Happy Flower"},{"floor":13.0,"key":"Bottled Tornado"},{"floor":26.0,"key":"Yang"},{"floor":29.0,"key":"Red Mask"},{"floor":30.0,"key":"Orichalcum"},{"floor":36.0,"key":"Turnip"},{"floor":42.0,"key":"Blood Vial"},{"floor":43.0,"key":"Darkstone Periapt"}],"event_choices":[{"damage_healed":0.0,"max_hp_gain":0.0,"max_hp_loss":0.0,"gold_gain":75.0,"event_name":"World of Goop","player_choice":"Gather Gold","floor":2.0,"gold_loss":0.0,"damage_taken":11.0},{"damage_healed":0.0,"max_hp_gain":0.0,"max_hp_loss":0.0,"gold_gain":0.0,"event_name":"Golden Idol","player_choice":"Take Wound","floor":7.0,"gold_loss":0.0,"damage_taken":0.0,"relics_obtained":["Golden Idol"],"cards_obtained":["Injury"]},{"damage_healed":0.0,"max_hp_gain":0.0,"max_hp_loss":0.0,"gold_gain":0.0,"event_name":"Forgotten Altar","player_choice":"Gave Idol","floor":22.0,"relics_lost":["Golden Idol"],"gold_loss":0.0,"damage_taken":0.0,"relics_obtained":["Bloody Idol"]},{"damage_healed":0.0,"max_hp_gain":0.0,"max_hp_loss":0.0,"gold_gain":0.0,"event_name":"The Mausoleum","player_choice":"Opened","floor":25.0,"gold_loss":0.0,"damage_taken":0.0,"relics_obtained":["Dream Catcher"]},{"damage_healed":0.0,"max_hp_gain":0.0,"max_hp_loss":0.0,"gold_gain":0.0,"event_name":"Masked Bandits","player_choice":"Fought Bandits","floor":29.0,"gold_loss":0.0,"damage_taken":0.0},{"damage_healed":0.0,"max_hp_gain":0.0,"max_hp_loss":0.0,"gold_gain":0.0,"event_name":"MindBloom","player_choice":"Fight","floor":36.0,"gold_loss":0.0,"damage_taken":0.0},{"damage_healed":0.0,"max_hp_gain":0.0,"max_hp_loss":0.0,"gold_gain":0.0,"event_name":"Duplicator","player_choice":"Copied","floor":37.0,"gold_loss":0.0,"damage_taken":0.0,"cards_obtained":["Prostrate"]}],"is_beta":false,"boss_relics":[{"not_picked":["Coffee Dripper","Philosopher\u0027s Stone"],"picked":"Astrolabe"},{"not_picked":["Pandora\u0027s Box","Runic Pyramid"],"picked":"SlaversCollar"}],"items_purged_floors":[19],"is_endless":false,"potions_floor_spawned":[3,5,6,16,20,29,30,33,35,36,39],"ascension_level":14}}