{"host":"szp1d6dso4pv7ddl","time":1610771853,"event":{"mods":["AchievementEnabler","Alarm Clock","BaseMod","Bestiary","Block Reminder","Colored Map","Colored Powertips","Curses Come First","Dark Map","Displayed Cursed Tome","Highlight Path","Minty Spire (QoL Compilation)","Permanent Neow","Quick Restart","Relic Sorter","Relic Stats","StSLib","Synergy Search"],"gold_per_floor":[113,113,15,15,30,30,68,93,93,93,93,117,117,141,141,265,265,279,279,295,295,295],"floor_reached":21,"language":"ENG","playtime":1448,"items_purged":[],"score":242,"play_id":"23cbbdb8-3bd7-4369-8c1f-5f9cf42e2a4d","local_time":"20210115203733","is_ascension_mode":true,"campfire_choices":[{"floor":6,"key":"REST"},{"data":"Hologram","floor":10,"key":"SMITH"},{"floor":15,"key":"REST"}],"circlet_count":0,"master_deck":["Defend_B","Defend_B","Defend_B","Dualcast","Beam Cell","FTL","Sweeping Beam","Gash","Coolheaded","Hologram+1","Multi-Cast","Echo Form","Reboot","Gash","Streamline"],"relics":["Cracked Core","Golden Idol","White Beast Statue","The Courier","Empty Cage"],"acts_visited":["Exordium","TheCity"],"potions_floor_usage":[7],"damage_taken":[{"damage":7,"enemies":"Jaw Worm","floor":1,"turns":3},{"damage":2,"enemies":"Small Slimes","floor":5,"turns":2},{"damage":40,"enemies":"3 Sentries","floor":7,"turns":6},{"damage":0,"enemies":"Cultist","floor":8,"turns":2},{"damage":2,"enemies":"Exordium Wildlife","floor":12,"turns":2},{"damage":8,"enemies":"Large Slime","floor":14,"turns":4},{"damage":19,"enemies":"Hexaghost","floor":16,"turns":12},{"damage":25,"enemies":"Chosen","floor":18,"turns":9},{"damage":19,"enemies":"Shell Parasite","floor":20,"turns":7},{"damage":15,"enemies":"Shelled Parasite and Fungi","floor":21,"turns":2}],"seed_played":"-3511060061530366098","potions_obtained":[{"floor":5,"key":"Regen Potion"},{"floor":8,"key":"SpeedPotion"},{"floor":12,"key":"Ancient Potion"},{"floor":14,"key":"PotionOfCapacity"},{"floor":18,"key":"Swift Potion"}],"is_trial":false,"path_per_floor":["M","?","$","?","M","R","E","M","T","R","?","M","?","M","R","B",null,"M","?","M","M"],"character_chosen":"DEFECT","items_purchased":["FTL","Sweeping Beam"],"campfire_rested":2,"item_purchase_floors":[3,3],"current_hp_per_floor":[43,25,25,18,16,38,13,13,13,13,13,11,11,3,25,6,58,33,33,14,0,0],"gold":295,"neow_bonus":"REMOVE_TWO","is_daily":false,"chose_seed":false,"campfire_upgraded":1,"win_rate":0.0,"timestamp":1610771853,"path_taken":["M","?","$","?","M","R","E","M","T","R","?","M","?","M","R","BOSS","M","?","M","M"],"items_purchased_type":["Card","Card"],"build_version":"2020-12-22","purchased_purges":0,"victory":false,"max_hp_per_floor":[75,75,75,75,75,75,75,75,75,75,75,75,75,75,75,75,75,75,75,75,75,75],"relic_stats":{"counters":[10,49],"Golden Idol":57,"obtain_stats":[{"Golden Idol":2,"The Courier":9,"Cracked Core":0,"Empty Cage":17,"White Beast Statue":7},{"Golden Idol":1,"The Courier":4,"Cracked Core":0,"Empty Cage":7,"White Beast Statue":3},{"Golden Idol":3,"The Courier":13,"Cracked Core":0,"Empty Cage":31,"White Beast Statue":11}]},"card_choices":[{"not_picked":["Conserve Battery","Compile Driver"],"picked":"Beam Cell","floor":1},{"not_picked":["Redo","Reprogram"],"picked":"Gash","floor":5},{"not_picked":["Sweeping Beam","Ball Lightning"],"picked":"Coolheaded","floor":7},{"not_picked":["Redo","Storm"],"picked":"Hologram","floor":8},{"not_picked":["Barrage","White Noise","Sweeping Beam"],"picked":"SKIP","floor":12},{"not_picked":["Cold Snap","Force Field"],"picked":"Echo Form","floor":14},{"not_picked":["Creative AI","Core Surge"],"picked":"Reboot","floor":16},{"not_picked":["Cold Snap","Static Discharge","Barrage+1"],"picked":"SKIP","floor":18},{"not_picked":["Sunder","Steam Power"],"picked":"Streamline","floor":20}],"player_experience":1181677,"relics_obtained":[{"floor":7,"key":"White Beast Statue"},{"floor":9,"key":"The Courier"}],"event_choices":[{"damage_healed":0,"gold_gain":0,"player_choice":"Take Damage","damage_taken":18,"relics_obtained":["Golden Idol"],"max_hp_gain":0,"max_hp_loss":0,"event_name":"Golden Idol","floor":2,"gold_loss":0},{"cards_removed":["Strike_B"],"damage_healed":0,"gold_gain":0,"player_choice":"Card Removal","damage_taken":7,"max_hp_gain":0,"max_hp_loss":0,"event_name":"Golden Wing","floor":4,"gold_loss":0},{"damage_healed":0,"gold_gain":0,"cards_transformed":["Strike_B"],"player_choice":"Change","damage_taken":0,"max_hp_gain":0,"max_hp_loss":0,"event_name":"Living Wall","floor":11,"gold_loss":0,"cards_obtained":["Multi-Cast"]},{"damage_healed":0,"gold_gain":0,"player_choice":"Fled","damage_taken":0,"max_hp_gain":0,"max_hp_loss":0,"event_name":"Scrap Ooze","floor":13,"gold_loss":0},{"damage_healed":0,"gold_gain":0,"player_choice":"Copied","damage_taken":0,"max_hp_gain":0,"max_hp_loss":0,"event_name":"Duplicator","floor":19,"gold_loss":0,"cards_obtained":["Gash"]}],"is_beta":false,"boss_relics":[{"not_picked":["Pandora\u0027s Box","Calling Bell"],"picked":"Empty Cage"}],"items_purged_floors":[],"is_endless":false,"potions_floor_spawned":[5,8,12,14,16,18,20],"killed_by":"Shelled Parasite and Fungi","ascension_level":7}}