{"host":"swn8ychr123rw3gf","time":1610811232,"event":{"mods":["BaseMod","Minty Spire (QoL Compilation)","StSLib"],"gold_per_floor":[111,111,128,128,53,79,94,111,165,193,193,56,80,98,98,174,174,194,194,208,133,183,183,183,183],"floor_reached":24,"language":"ZHS","playtime":696,"items_purged":["Defend_P","Strike_P"],"score":483,"play_id":"a40dc413-a0bf-4ace-8fdb-30f38194f48e","local_time":"20210116233352","is_ascension_mode":true,"campfire_choices":[{"data":"Eruption","floor":11.0,"key":"SMITH"},{"data":"Study","floor":15.0,"key":"SMITH"},{"data":"Wallop","floor":23.0,"key":"SMITH"}],"circlet_count":0,"master_deck":["AscendersBane","Defend_P","Defend_P","Eruption+1","Vigilance","FlurryOfBlows","WheelKick","Devotion","BowlingBash","InnerPeace","MasterReality+1","Study+1","Brilliance","FearNoEvil","Wallop+1"],"relics":["PureWater","NeowsBlessing","StrikeDummy","Juzu Bracelet","Bag of Preparation","Odd Mushroom","Empty Cage"],"acts_visited":["Exordium","TheCity"],"potions_floor_usage":[],"damage_taken":[{"damage":0.0,"enemies":"Jaw Worm","floor":1.0,"turns":1.0},{"damage":0.0,"enemies":"Small Slimes","floor":3.0,"turns":1.0},{"damage":0.0,"enemies":"3 Sentries","floor":6.0,"turns":1.0},{"damage":0.0,"enemies":"Cultist","floor":7.0,"turns":2.0},{"damage":18.0,"enemies":"Large Slime","floor":8.0,"turns":3.0},{"damage":0.0,"enemies":"Gremlin Nob","floor":10.0,"turns":2.0},{"damage":13.0,"enemies":"The Mushroom Lair","floor":13.0,"turns":2.0},{"damage":0.0,"enemies":"Gremlin Gang","floor":14.0,"turns":2.0},{"damage":35.0,"enemies":"Hexaghost","floor":16.0,"turns":6.0},{"damage":24.0,"enemies":"Chosen","floor":18.0,"turns":3.0},{"damage":15.0,"enemies":"2 Thieves","floor":20.0,"turns":3.0},{"damage":20,"enemies":"Gremlin Leader","floor":24,"turns":2}],"seed_played":"880665766366648507","potions_obtained":[{"floor":7.0,"key":"BlessingOfTheForge"},{"floor":10.0,"key":"BottledMiracle"},{"floor":13.0,"key":"Block Potion"},{"floor":14.0,"key":"Regen Potion"},{"floor":20.0,"key":"Strength Potion"}],"is_trial":false,"path_per_floor":["M","?","M","?","$","E","M","M","T","E","R","$","?","M","R","B",null,"M","?","M","?","?","R","E"],"character_chosen":"WATCHER","items_purchased":["Study"],"campfire_rested":0,"item_purchase_floors":[12],"current_hp_per_floor":[61,66,66,66,66,66,66,48,48,48,48,48,35,35,35,5,56,32,32,17,17,17,17,0,0],"gold":183,"neow_bonus":"THREE_ENEMY_KILL","is_daily":false,"chose_seed":false,"campfire_upgraded":3,"win_rate":0.0,"timestamp":1610811232,"path_taken":["M","?","M","?","$","E","M","M","T","E","R","$","?","M","R","BOSS","M","?","M","?","?","R","E"],"items_purchased_type":["Card"],"build_version":"2020-12-22","purchased_purges":2,"victory":false,"max_hp_per_floor":[68,73,73,73,73,73,73,73,73,73,73,73,73,73,73,73,73,73,73,73,73,73,73,73,73],"card_choices":[{"not_picked":["CrushJoints","FollowUp"],"picked":"FlurryOfBlows","floor":1.0},{"not_picked":["Nirvana","PathToVictory"],"picked":"WheelKick","floor":3.0},{"not_picked":["ForeignInfluence","ClearTheMind"],"picked":"Devotion","floor":6.0},{"not_picked":["PathToVictory","Evaluate"],"picked":"BowlingBash","floor":7.0},{"not_picked":["ThirdEye","JustLucky"],"picked":"InnerPeace","floor":8.0},{"not_picked":["CutThroughFate","BattleHymn"],"picked":"MasterReality","floor":10.0},{"not_picked":["JustLucky","FollowUp","FlurryOfBlows"],"picked":"SKIP","floor":14.0},{"not_picked":["Ragnarok","Devotion"],"picked":"Brilliance","floor":16.0},{"not_picked":["EmptyBody","PathToVictory"],"picked":"FearNoEvil","floor":18.0},{"not_picked":["WheelKick","ThirdEye"],"picked":"Wallop","floor":20.0}],"player_experience":429821,"relics_obtained":[{"floor":6.0,"key":"StrikeDummy"},{"floor":9.0,"key":"Juzu Bracelet"},{"floor":10.0,"key":"Bag of Preparation"},{"floor":13.0,"key":"Odd Mushroom"}],"event_choices":[{"damage_healed":0.0,"max_hp_gain":5.0,"max_hp_loss":0.0,"gold_gain":0.0,"event_name":"Big Fish","player_choice":"Donut","floor":2.0,"gold_loss":0.0,"damage_taken":0.0},{"cards_removed":["Strike_P"],"damage_healed":0.0,"max_hp_gain":0.0,"max_hp_loss":0.0,"gold_gain":0.0,"event_name":"Living Wall","player_choice":"Forget","floor":4.0,"gold_loss":0.0,"damage_taken":0.0},{"damage_healed":0.0,"max_hp_gain":0.0,"max_hp_loss":0.0,"gold_gain":0.0,"event_name":"Mushrooms","player_choice":"Fought Mushrooms","floor":13.0,"gold_loss":0.0,"damage_taken":0.0},{"damage_healed":0.0,"max_hp_gain":0.0,"max_hp_loss":0.0,"gold_gain":0.0,"event_name":"Accursed Blacksmith","player_choice":"Forge","floor":19.0,"gold_loss":0.0,"damage_taken":0.0,"cards_upgraded":["MasterReality"]},{"cards_removed":["Defend_P"],"damage_healed":0.0,"max_hp_gain":0.0,"max_hp_loss":0.0,"gold_gain":0.0,"event_name":"Beggar","player_choice":"Gave Gold","floor":21.0,"gold_loss":75.0,"damage_taken":0.0},{"damage_healed":0.0,"max_hp_gain":0.0,"max_hp_loss":0.0,"gold_gain":50.0,"event_name":"Golden Shrine","player_choice":"Pray","floor":22.0,"gold_loss":0.0,"damage_taken":0.0}],"is_beta":false,"boss_relics":[{"not_picked":["Snecko Eye","Coffee Dripper"],"picked":"Empty Cage"}],"items_purged_floors":[5,12],"is_endless":false,"potions_floor_spawned":[7,10,13,14,20],"killed_by":"Gremlin Leader","ascension_level":18}}