{"host":"vyjryxuuuxkt43k4","time":1610829094,"event":{"mods":["AchievementEnabler","BaseMod","Colored Map","DeckTracker","Minty Spire (QoL Compilation)","Permanent Neow","Quick Restart","StSLib","SuperFastMode","everything is the same but u backflip on backflip"],"gold_per_floor":[18,31,48,62,62,62,89,89,89,103,103,118,161,184,184,312,312,326,310,160,75,89,89,89,109,164,164,198,211,240,254,254,254,254],"floor_reached":33,"language":"KOR","playtime":1511,"items_purged":["Strike_R"],"score":446,"play_id":"949273ab-0b3d-4859-b038-fda9b3c101b9","local_time":"20210117053134","is_ascension_mode":true,"campfire_choices":[{"data":"Power Through","floor":6.0,"key":"SMITH"},{"data":"Body Slam","floor":11.0,"key":"SMITH"},{"data":"Demon Form","floor":15.0,"key":"SMITH"},{"data":"Uppercut","floor":27.0,"key":"SMITH"},{"floor":32.0,"key":"REST"}],"circlet_count":0,"master_deck":["Strike_R","Strike_R","Strike_R","Defend_R","Defend_R","Defend_R","Defend_R","Bash","Master of Strategy","Pommel Strike","Power Through+1","Flame Barrier","Demon Form+1","Body Slam+1","Sever Soul","Uppercut+1","Feed","Entrench+1","Shrug It Off","Feel No Pain","Necronomicurse","Shockwave","Heavy Blade","Headbutt","True Grit+1"],"relics":["Burning Blood","Centennial Puzzle","Bloody Idol","Lantern","Pear","Philosopher\u0027s Stone","Blood Vial","Necronomicon","MealTicket","Omamori","Tiny Chest"],"acts_visited":["Exordium","TheCity"],"potions_floor_usage":[33],"damage_taken":[{"damage":1.0,"enemies":"Cultist","floor":1.0,"turns":4.0},{"damage":7.0,"enemies":"Jaw Worm","floor":2.0,"turns":3.0},{"damage":7.0,"enemies":"Small Slimes","floor":3.0,"turns":5.0},{"damage":10.0,"enemies":"3 Louse","floor":4.0,"turns":4.0},{"damage":25.0,"enemies":"Gremlin Nob","floor":7.0,"turns":4.0},{"damage":1.0,"enemies":"2 Fungi Beasts","floor":10.0,"turns":3.0},{"damage":6.0,"enemies":"Looter","floor":12.0,"turns":3.0},{"damage":8.0,"enemies":"Lagavulin","floor":13.0,"turns":6.0},{"damage":4.0,"enemies":"Blue Slaver","floor":14.0,"turns":3.0},{"damage":7.0,"enemies":"Hexaghost","floor":16.0,"turns":10.0},{"damage":21.0,"enemies":"Spheric Guardian","floor":18.0,"turns":5.0},{"damage":2.0,"enemies":"2 Thieves","floor":19.0,"turns":4.0},{"damage":11.0,"enemies":"Shelled Parasite and Fungi","floor":22.0,"turns":5.0},{"damage":14.0,"enemies":"Cultist and Chosen","floor":25.0,"turns":5.0},{"damage":13.0,"enemies":"Book of Stabbing","floor":28.0,"turns":4.0},{"damage":9.0,"enemies":"Snake Plant","floor":29.0,"turns":3.0},{"damage":58.0,"enemies":"Slavers","floor":30.0,"turns":7.0},{"damage":14.0,"enemies":"Centurion and Healer","floor":31.0,"turns":6.0},{"damage":78,"enemies":"Collector","floor":33,"turns":11}],"seed_played":"-2865141433274784736","potions_obtained":[{"floor":4.0,"key":"EssenceOfSteel"},{"floor":7.0,"key":"AttackPotion"},{"floor":12.0,"key":"PowerPotion"},{"floor":13.0,"key":"Block Potion"},{"floor":14.0,"key":"SkillPotion"},{"floor":16.0,"key":"FearPotion"},{"floor":19.0,"key":"BloodPotion"},{"floor":25.0,"key":"AttackPotion"},{"floor":28.0,"key":"ColorlessPotion"},{"floor":30.0,"key":"Dexterity Potion"}],"is_trial":false,"path_per_floor":["M","M","M","M","?","R","E","?","T","M","R","M","E","M","R","B",null,"M","M","$","?","M","?","?","M","T","R","E","M","E","M","R","B"],"character_chosen":"IRONCLAD","items_purchased":["Swift Potion","Shrug It Off"],"campfire_rested":1,"item_purchase_floors":[20,20],"current_hp_per_floor":[77,76,75,71,64,64,45,25,25,30,30,30,38,40,40,39,77,65,69,69,69,69,53,53,52,57,57,79,86,41,40,70,0,0],"gold":254,"neow_bonus":"RANDOM_COLORLESS_2","is_daily":false,"chose_seed":false,"campfire_upgraded":4,"win_rate":0.0,"timestamp":1610829094,"path_taken":["M","M","?","M","?","R","E","?","T","M","R","M","E","M","R","BOSS","M","M","$","?","M","?","?","M","T","R","E","M","E","M","R","BOSS"],"items_purchased_type":["Potion","Card"],"build_version":"2020-12-22","purchased_purges":1,"victory":false,"max_hp_per_floor":[80,80,80,80,80,80,80,80,80,80,80,80,90,90,90,90,90,93,93,93,93,96,96,96,96,96,96,99,102,102,102,102,102,102],"card_choices":[{"not_picked":["Panache","Violence"],"picked":"Master of Strategy","floor":0.0},{"not_picked":["Entrench","True Grit"],"picked":"Pommel Strike","floor":1.0},{"not_picked":["Flex","Warcry","Rage"],"picked":"SKIP","floor":2.0},{"not_picked":["Twin Strike","Burning Pact"],"picked":"Power Through","floor":3.0},{"not_picked":["Rage","Armaments"],"picked":"Flame Barrier","floor":4.0},{"not_picked":["True Grit","Cleave"],"picked":"Demon Form","floor":7.0},{"not_picked":["Cleave","Rupture"],"picked":"Body Slam","floor":10.0},{"not_picked":["Twin Strike","Cleave"],"picked":"Sever Soul","floor":12.0},{"not_picked":["Demon Form","Perfected Strike"],"picked":"Uppercut","floor":13.0},{"not_picked":["Flex","Carnage","Twin Strike"],"picked":"SKIP","floor":14.0},{"not_picked":["Brutality","Corruption"],"picked":"Feed","floor":16.0},{"not_picked":["Thunderclap","Spot Weakness+1"],"picked":"Entrench+1","floor":18.0},{"not_picked":["Headbutt","Sever Soul","Dropkick"],"picked":"SKIP","floor":19.0},{"not_picked":["Reckless Charge","Searing Blow"],"picked":"Feel No Pain","floor":22.0},{"not_picked":["Flex","Twin Strike","Body Slam"],"picked":"SKIP","floor":25.0},{"not_picked":["Rampage+1","Iron Wave+1"],"picked":"Shockwave","floor":28.0},{"not_picked":["Ghostly Armor","Bloodletting"],"picked":"Heavy Blade","floor":29.0},{"not_picked":["Perfected Strike+1","Havoc"],"picked":"Headbutt","floor":30.0},{"not_picked":["Pummel","Body Slam"],"picked":"True Grit+1","floor":31.0}],"player_experience":388440,"relics_obtained":[{"floor":7.0,"key":"Centennial Puzzle"},{"floor":9.0,"key":"Lantern"},{"floor":13.0,"key":"Pear"},{"floor":23.0,"key":"Necronomicon"},{"floor":26.0,"key":"MealTicket"},{"floor":28.0,"key":"Omamori"},{"floor":30.0,"key":"Tiny Chest"}],"event_choices":[{"cards_removed":["Strike_R"],"damage_healed":0.0,"max_hp_gain":0.0,"max_hp_loss":0.0,"gold_gain":0.0,"event_name":"Golden Wing","player_choice":"Card Removal","floor":5.0,"gold_loss":0.0,"damage_taken":7.0},{"damage_healed":0.0,"max_hp_gain":0.0,"max_hp_loss":0.0,"gold_gain":0.0,"event_name":"Golden Idol","player_choice":"Take Damage","floor":8.0,"gold_loss":0.0,"damage_taken":20.0,"relics_obtained":["Golden Idol"]},{"damage_healed":0.0,"max_hp_gain":0.0,"max_hp_loss":0.0,"gold_gain":0.0,"event_name":"Addict","player_choice":"Obtained Relic","floor":21.0,"gold_loss":85.0,"damage_taken":0.0,"relics_obtained":["Blood Vial"]},{"damage_healed":0.0,"max_hp_gain":0.0,"max_hp_loss":0.0,"gold_gain":0.0,"event_name":"Cursed Tome","player_choice":"Obtained Book","floor":23.0,"gold_loss":0.0,"damage_taken":16.0},{"damage_healed":0.0,"max_hp_gain":0.0,"max_hp_loss":0.0,"gold_gain":0.0,"event_name":"Forgotten Altar","player_choice":"Gave Idol","floor":24.0,"relics_lost":["Golden Idol"],"gold_loss":0.0,"damage_taken":0.0,"relics_obtained":["Bloody Idol"]}],"is_beta":false,"boss_relics":[{"not_picked":["Tiny House","Empty Cage"],"picked":"Philosopher\u0027s Stone"}],"items_purged_floors":[20],"is_endless":false,"potions_floor_spawned":[4,7,12,13,14,16,19,25,28,30],"killed_by":"Collector","ascension_level":8}}