{"host":"bplbr8uekuotory4","time":1610798543,"event":{"mods":["Act Like it!","BaseMod","Custom Start","Gensokyo","GungeonMod","Hermit","KinomotoSakuraMod(木之本樱)","Koishi","Marisa（F雨　魔理沙）","Minty Spire (QoL Compilation)","Prisma Mod","Quick Restart","Reimu（博丽灵梦）","SOS（斯巴达之子）","Spicy Shops","StSLib","TestMod","The Alterego","The Blackbeard","The Cursed","The Marked","The Mystic","The Runesmith","The Saiyan","The Servant 0.9.4","Yuri Mod","[IsaacMod]以撒尖塔","vexMod"],"gold_per_floor":[209,209,209,236,263,304,304,304,304,319,36,76,87,128,128,231,231,249,268,68,68,5,5,72,72,95,102,17,30,30,58,58,174,224,250,269,380,430,278,311,352,435,447,459,185,185,244,263,263,284,284,284,62,108,339],"floor_reached":56,"language":"ZHS","playtime":2117,"items_purged":["theMarked:Defend","theMarked:Strike","theMarked:Strike","theMarked:Defend","theMarked:SoldierOfQuellstein","theMarked:Defend","theMarked:Strike"],"score":1629,"play_id":"96321428-eb8d-4b7c-9582-953efa685237","local_time":"20210116200223","is_ascension_mode":true,"campfire_choices":[{"data":"theMarked:Challenge","floor":8.0,"key":"SMITH"},{"data":"theMarked:ResourceFulStrike","floor":15.0,"key":"SMITH"},{"data":"testmod-FightingIntention","floor":23.0,"key":"SMITH"},{"data":"theMarked:MysticalArsenal","floor":30.0,"key":"SMITH"},{"data":"theMarked:MuscleMemory","floor":32.0,"key":"SMITH"},{"data":"theMarked:UnarmedFury","floor":44,"key":"SMITH"},{"floor":49,"key":"RECALL"},{"data":"theMarked:DispelDoubt","floor":52,"key":"SMITH"}],"circlet_count":0,"master_deck":["theMarked:Strike+1","theMarked:Strike","theMarked:KeepCalmAndFightOn+1","theMarked:ResourceFulStrike+1","theMarked:Challenge+1","theMarked:ShockingTouch+1","theMarked:DispelDoubt+1","theMarked:MuscleMemory+1","testmod-FightingIntention+1","theMarked:TunnelVision+1","theMarked:MysticalArsenal+1","theMarked:UnarmedFury+1"],"relics":["theMarked:ArtifactOfAir","testmod-TestBox","HushsDoor","SalivaCoin","testmod-Fortitude","White Beast Statue","CrazyTorch:ReiMu","testmod-DragonStarHat","vexMod:InvisibilityCloak","Potion Belt","testmod-SaigiyounoYou","GuppysCollar","Membership Card","Kunai","alterego_mod:FleetingLove","Runesmith:AutoHammer","HornCleat","vexMod:BarristanHead","Blood Vial","Tiny House","CatCart","Ginger","Juzu Bracelet","MawBank","Oddly Smooth Stone","theMarked:Gun","testmod-Antiphasic","vexMod:PaidLearning","DemoMod:MonsterBlood","testmod-Muramasa","testmod-Hope","InkBottle"],"acts_visited":["Exordium","TheCity","TheBeyond","TheEnding"],"potions_floor_usage":[47,55,55,55,55,55,55,55,55,55,55,55,55],"damage_taken":[{"damage":0.0,"enemies":"Small Slimes","floor":1.0,"turns":2.0},{"damage":5.0,"enemies":"Cultist","floor":4.0,"turns":3.0},{"damage":11.0,"enemies":"Jaw Worm","floor":5.0,"turns":2.0},{"damage":19.0,"enemies":"Gremlin Nob","floor":6.0,"turns":4.0},{"damage":0.0,"enemies":"Large Slime","floor":10.0,"turns":3.0},{"damage":19.0,"enemies":"Lagavulin","floor":12.0,"turns":4.0},{"damage":0.0,"enemies":"Exordium Thugs","floor":13.0,"turns":2.0},{"damage":12.0,"enemies":"3 Sentries","floor":14.0,"turns":4.0},{"damage":0.0,"enemies":"The Guardian","floor":16.0,"turns":6.0},{"damage":0.0,"enemies":"3 Byrds","floor":18.0,"turns":4.0},{"damage":2.0,"enemies":"Shell Parasite","floor":19.0,"turns":3.0},{"damage":36.0,"enemies":"Slavers","floor":24.0,"turns":4.0},{"damage":0.0,"enemies":"3 Cultists","floor":29.0,"turns":3.0},{"damage":0.0,"enemies":"Gremlin Leader","floor":31.0,"turns":3.0},{"damage":15.0,"enemies":"Automaton","floor":33.0,"turns":4.0},{"damage":6,"enemies":"3 Darklings","floor":35,"turns":4},{"damage":6,"enemies":"3 Shapes","floor":36,"turns":3},{"damage":11,"enemies":"Orin","floor":37,"turns":7},{"damage":0,"enemies":"Mind Bloom Boss Battle","floor":38,"turns":4},{"damage":0,"enemies":"Giant Head","floor":40,"turns":5},{"damage":0,"enemies":"Jaw Worm Horde","floor":41,"turns":3},{"damage":12,"enemies":"Hiden Room Battle","floor":42,"turns":3},{"damage":6,"enemies":"2 Orb Walkers","floor":47,"turns":2},{"damage":0,"enemies":"3 Darklings","floor":48,"turns":3},{"damage":72,"enemies":"Awakened One","floor":50,"turns":6},{"damage":57,"enemies":"Shield and Spear","floor":54,"turns":4},{"damage":58,"enemies":"The Heart","floor":55,"turns":5}],"seed_played":"4825283006397564778","potions_obtained":[{"floor":1.0,"key":"EssenceOfSteel"},{"floor":10.0,"key":"Strength Potion"},{"floor":12.0,"key":"testmod-TimePotion"},{"floor":14.0,"key":"PowerPotion"},{"floor":16.0,"key":"LiquidMemories"},{"floor":18.0,"key":"DemoMod:LeadSkinPotion"},{"floor":19.0,"key":"ZuzhouPotion:ReiMu"},{"floor":24.0,"key":"FearPotion"},{"floor":29.0,"key":"ZuzhouPotion:ReiMu"},{"floor":31.0,"key":"BlessingOfTheForge"},{"floor":35,"key":"SkillPotion"},{"floor":36,"key":"ColorlessPotion"},{"floor":47,"key":"testmod-SpacePotion"},{"floor":48,"key":"theMarked:ChargePotion"},{"floor":54,"key":"Weak Potion"}],"is_trial":false,"path_per_floor":["M","?","?","M","M","E","T","R","T","M","$","E","M","E","R","B",null,"M","M","$","?","$","R","E","?","T","?","?","M","R","E","R","B",null,"M","M","?","?","$","E","M","?","T","R","$","?","?","M","R","B",null,"R","$","E","B",null],"character_chosen":"THE_DEFAULT","items_purchased":["theMarked:ShockingTouch","testmod-DragonStarHat","GuppysCollar","testmod-FightingIntention","Membership Card","Juzu Bracelet","vexMod:PaidLearning","EntropicBrew","DemoMod:MonsterBlood","testmod-Hope"],"campfire_rested":0,"item_purchase_floors":[11,11,17,17,20,39,45,45,45,53],"current_hp_per_floor":[70,140,140,135,124,105,105,105,105,105,105,86,86,74,74,74,117,117,117,117,117,117,117,89,89,89,78,78,91,91,107,107,110,122,122,122,122,122,122,122,122,113,113,113,120,120,126,129,129,79,134,134,134,91,79],"gold":339,"neow_bonus":"HUNDRED_GOLD","is_daily":false,"chose_seed":false,"campfire_upgraded":7,"win_rate":0.0,"timestamp":1610798543,"path_taken":["M","?","?","?","M","E","?","R","T","M","$","E","M","E","R","BOSS","M","M","$","?","?","R","E","?","T","?","?","M","R","E","R","BOSS","M","M","?","?","$","E","M","?","T","R","$","?","?","M","R","BOSS","R","$","E","BOSS"],"items_purchased_type":["Card","Relic","Relic","Card","Relic","Relic","Relic","Potion","Relic","Relic"],"build_version":"2020-12-22","purchased_purges":7,"victory":true,"max_hp_per_floor":[70,140,140,140,140,140,140,140,140,140,140,140,140,140,140,140,117,117,117,117,117,117,117,117,117,117,117,117,117,117,117,117,117,122,122,122,122,122,122,122,122,122,122,122,129,129,129,129,129,134,134,134,134,139,139],"card_choices":[{"not_picked":["theMarked:ElectricStrings","theMarked:Generate"],"picked":"theMarked:KeepCalmAndFightOn","floor":1.0},{"not_picked":["theMarked:WastefulDefense","theMarked:Seal"],"picked":"theMarked:ResourceFulStrike","floor":4.0},{"not_picked":["theMarked:WastefulDefense","theMarked:ParalyzingBlade"],"picked":"theMarked:Challenge","floor":5.0},{"not_picked":["theMarked:TwofoldDefense","theMarked:ElementalBlade","theMarked:ElectricStrings"],"picked":"SKIP","floor":6.0},{"not_picked":["theMarked:RepellingDischarge","theMarked:RogueSparks","theMarked:Parkour"],"picked":"SKIP","floor":10.0},{"not_picked":["theMarked:ResourceFulStrike","theMarked:WastefulDefense","theMarked:Polarize"],"picked":"SKIP","floor":12.0},{"not_picked":["theMarked:ResourceFulStrike","theMarked:WardOff"],"picked":"theMarked:DispelDoubt","floor":13.0},{"not_picked":["theMarked:ElectricStrings","theMarked:LightningStrikesTwice","theMarked:EmpowerWeapon"],"picked":"SKIP","floor":14.0},{"not_picked":["theMarked:Challenge","theMarked:BindingBlade"],"picked":"theMarked:MuscleMemory","floor":16.0},{"not_picked":["theMarked:EmpowerWeapon+1","theMarked:WastefulAttack"],"picked":"theMarked:TunnelVision+1","floor":18.0},{"not_picked":["theMarked:DeterminationOfTheMarked+1","theMarked:TakeCover+1","theMarked:Standoff+1"],"picked":"SKIP","floor":19.0},{"not_picked":["theMarked:SelfDefenseTraining","theMarked:WardOff","theMarked:WastefulAttack"],"picked":"SKIP","floor":24.0},{"not_picked":["theMarked:WastefulAttack+1","theMarked:Frustration","theMarked:Parkour+1"],"picked":"SKIP","floor":29.0},{"not_picked":["theMarked:EmpowerWeapon","theMarked:TwofoldDefense+1","theMarked:WastefulDefense"],"picked":"SKIP","floor":31.0},{"not_picked":["theMarked:DispelDoubt","theMarked:SuspiciousRaven"],"picked":"theMarked:UnarmedFury","floor":33.0},{"not_picked":["theMarked:EmpowerWeapon+1","theMarked:Improvise","theMarked:CreepingChasm+1"],"picked":"SKIP","floor":35},{"not_picked":["theMarked:WastefulDefense+1","theMarked:TunnelVision+1","theMarked:MysticalArsenal"],"picked":"SKIP","floor":36},{"not_picked":["theMarked:WardOff+1","theMarked:Challenge","theMarked:Aftermath"],"picked":"SKIP","floor":40},{"not_picked":["theMarked:BanishingStrike+1","theMarked:SwordAndMagic+1","theMarked:Aftermath"],"picked":"SKIP","floor":41},{"not_picked":["Mayhem","testmod-Bloodthirsty"],"picked":"Bomb","floor":46},{"not_picked":["theMarked:RogueSparks","theMarked:MaelstromOfLightning","theMarked:SwordAndMagic+1"],"picked":"SKIP","floor":48},{"not_picked":["theMarked:ShockingTouch","theMarked:WastefulAttack","theMarked:MagicAdept"],"picked":"SKIP","floor":54}],"player_experience":1205818,"relics_obtained":[{"floor":6.0,"key":"White Beast Statue"},{"floor":9.0,"key":"CrazyTorch:ReiMu"},{"floor":12.0,"key":"vexMod:InvisibilityCloak"},{"floor":14.0,"key":"Potion Belt"},{"floor":24.0,"key":"Kunai"},{"floor":26.0,"key":"Runesmith:AutoHammer"},{"floor":31.0,"key":"Blood Vial"},{"floor":37,"key":"CatCart"},{"floor":38,"key":"Ginger"},{"floor":40,"key":"MawBank"},{"floor":42,"key":"Oddly Smooth Stone"},{"floor":42,"key":"theMarked:Gun"},{"floor":43,"key":"testmod-Antiphasic"},{"floor":47,"key":"testmod-Muramasa"},{"floor":54,"key":"InkBottle"}],"event_choices":[{"damage_healed":0.0,"max_hp_gain":0.0,"max_hp_loss":0.0,"gold_gain":0.0,"event_name":"给自己的盒子","player_choice":"Swap Relic","floor":2.0,"relics_lost":["testmod-HarvestTotem"],"gold_loss":0.0,"damage_taken":0.0,"relics_obtained":["testmod-HarvestTotem"]},{"damage_healed":0.0,"max_hp_gain":0.0,"max_hp_loss":0.0,"gold_gain":0.0,"event_name":"The Library","player_choice":"Read","floor":21.0,"gold_loss":0.0,"damage_taken":0.0,"cards_obtained":["theMarked:MysticalArsenal"]},{"damage_healed":0.0,"max_hp_gain":0.0,"max_hp_loss":0.0,"gold_gain":0.0,"event_name":"爱的神圣花园","player_choice":"Choice 1","floor":25.0,"gold_loss":0.0,"damage_taken":0.0,"relics_obtained":["alterego_mod:FleetingLove"]},{"damage_healed":0.0,"max_hp_gain":0.0,"max_hp_loss":0.0,"gold_gain":0.0,"event_name":"blackbeard:ShipwreckEvent","player_choice":"HornCleat","floor":27.0,"gold_loss":0.0,"damage_taken":0.0,"relics_obtained":["HornCleat"]},{"damage_healed":0.0,"max_hp_gain":0.0,"max_hp_loss":0.0,"gold_gain":0.0,"event_name":"Addict","player_choice":"Obtained Relic","floor":28.0,"gold_loss":85.0,"damage_taken":0.0,"relics_obtained":["vexMod:BarristanHead"]},{"damage_healed":0,"gold_gain":0,"player_choice":"Fight","damage_taken":0,"max_hp_gain":0,"max_hp_loss":0,"event_name":"OrinTheCat","floor":37,"gold_loss":0},{"damage_healed":0,"gold_gain":0,"player_choice":"Fight","damage_taken":0,"max_hp_gain":0,"max_hp_loss":0,"event_name":"MindBloom","floor":38,"gold_loss":0},{"damage_healed":0,"gold_gain":0,"player_choice":"Fight","damage_taken":0,"max_hp_gain":0,"max_hp_loss":0,"event_name":"HidenRoomEvent","floor":42,"gold_loss":0},{"damage_healed":0,"gold_gain":0,"player_choice":"Memory 1","damage_taken":0,"max_hp_gain":0,"max_hp_loss":0,"event_name":"SensoryStone","floor":46,"gold_loss":0},{"damage_healed":0,"gold_gain":0,"player_choice":"Fight","damage_taken":0,"max_hp_gain":0,"max_hp_loss":0,"event_name":"Mysterious Sphere","floor":47,"gold_loss":0}],"is_beta":false,"boss_relics":[{"not_picked":["vexMod:DeviousBotling","testmod-Temperance"],"picked":"testmod-SaigiyounoYou"},{"not_picked":[]},{"not_picked":["Cursed Key","testmod-EnergyCheck"],"picked":"Tiny House"},{"not_picked":[]}],"items_purged_floors":[11,17,20,22,39,45,53],"is_endless":false,"potions_floor_spawned":[1,10,12,13,14,16,18,19,24,29,31,33,35,36,37,38,40,41,42,47,48,54],"ascension_level":2}}