{"host":"isy2gwbfe91wqj1j","time":1610827345,"event":{"mods":["AchievementEnabler","BaseMod","Better Altar","Better Match","Better Note","Better Sensory Stone","Better Skull","Better Third Choice","BetterRewards","Minty Spire (QoL Compilation)","StSLib"],"gold_per_floor":[118,66,84,95,95,111,126,139,139,103,115,115,115,130,130,230,230,241,241,36,36,52,85,102,102,129,145,76,96,96,96,96,199,199,213,213,231,231,231,231,251,278,278,278,292,302,302,302],"floor_reached":47,"language":"ENG","playtime":2539,"items_purged":["Strike_B","Strike_B","Strike_B"],"score":799,"play_id":"f3ca2806-3dc7-45b4-9bdb-5968b94a6923","local_time":"20210116130225","is_ascension_mode":true,"campfire_choices":[{"data":"Defragment","floor":13,"key":"SMITH"},{"floor":15,"key":"REST"},{"floor":25,"key":"REST"},{"floor":32,"key":"REST"},{"floor":40,"key":"REST"},{"floor":44,"key":"REST"}],"circlet_count":0,"master_deck":["Strike_B","Defend_B","Defend_B","Defend_B","Defend_B","Zap","Dualcast","Defragment+1","Barrage","Blizzard","Conserve Battery","Cold Snap","Chill","Cold Snap","Chill","Creative AI","Defragment","Cold Snap+1","Blizzard+1","Capacitor","Echo Form","Cold Snap+1","Coolheaded+1"],"relics":["FrozenCore","Incense Burner","Bronze Scales","Bottled Lightning","Molten Egg 2","Sozu","Centennial Puzzle","Omamori","Blood Vial","Eternal Feather","Blue Candle"],"acts_visited":["Exordium","TheCity","TheBeyond"],"potions_floor_usage":[16],"damage_taken":[{"damage":2,"enemies":"Jaw Worm","floor":1,"turns":3},{"damage":0,"enemies":"Cultist","floor":3,"turns":3},{"damage":0,"enemies":"Small Slimes","floor":4,"turns":2},{"damage":6,"enemies":"Exordium Thugs","floor":6,"turns":5},{"damage":16,"enemies":"Lots of Slimes","floor":7,"turns":3},{"damage":0,"enemies":"Large Slime","floor":8,"turns":5},{"damage":6,"enemies":"Blue Slaver","floor":11,"turns":3},{"damage":9,"enemies":"Exordium Wildlife","floor":14,"turns":4},{"damage":3,"enemies":"The Guardian","floor":16,"turns":12},{"damage":5,"enemies":"Spheric Guardian","floor":18,"turns":4},{"damage":0,"enemies":"3 Byrds","floor":19,"turns":3},{"damage":0,"enemies":"Centurion and Healer","floor":22,"turns":8},{"damage":23,"enemies":"Slavers","floor":23,"turns":6},{"damage":2,"enemies":"Sentry and Sphere","floor":24,"turns":6},{"damage":1,"enemies":"3 Cultists","floor":27,"turns":6},{"damage":9,"enemies":"Centurion and Healer","floor":29,"turns":6},{"damage":24,"enemies":"Automaton","floor":33,"turns":11},{"damage":45,"enemies":"3 Darklings","floor":35,"turns":5},{"damage":3,"enemies":"Orb Walker","floor":37,"turns":5},{"damage":15,"enemies":"Sphere and 2 Shapes","floor":41,"turns":6},{"damage":10,"enemies":"Reptomancer","floor":42,"turns":7},{"damage":37,"enemies":"Jaw Worm Horde","floor":45,"turns":4},{"damage":22,"enemies":"Writhing Mass","floor":46,"turns":7},{"damage":9,"enemies":"3 Darklings","floor":47,"turns":3}],"seed_played":"167772799357612237","potions_obtained":[{"floor":3,"key":"DuplicationPotion"},{"floor":5,"key":"SpeedPotion"},{"floor":5,"key":"GamblersBrew"}],"is_trial":false,"path_per_floor":["M","$","M","M","?","M","M","M","T","$","M","T","R","M","R","B",null,"M","M","$","?","M","E","M","R","T","M","$","M","?","?","R","B",null,"M","?","M","?","?","R","M","E","T","R","M","M","M"],"character_chosen":"DEFECT","items_purchased":["Defragment","Bronze Scales","Barrage","Conserve Battery","Chill","Defragment","Capacitor"],"campfire_rested":5,"item_purchase_floors":[0,0,0,2,10,20,28],"current_hp_per_floor":[73,73,73,73,73,67,51,51,51,51,45,45,45,36,58,55,75,70,70,70,70,70,47,45,67,67,66,66,57,75,55,75,51,75,30,30,29,29,29,50,37,29,29,62,27,7,0,0],"gold":302,"neow_bonus":"","is_daily":false,"chose_seed":false,"campfire_upgraded":1,"win_rate":0.0,"timestamp":1610827345,"path_taken":["M","$","M","M","?","M","M","M","T","$","?","?","R","M","R","BOSS","M","M","$","?","M","E","M","R","T","M","$","M","?","?","R","BOSS","M","?","?","?","?","R","M","E","T","R","M","M","M"],"items_purchased_type":["Card","Relic","Card","Card","Card","Card","Card"],"build_version":"2020-12-22","purchased_purges":3,"victory":false,"max_hp_per_floor":[75,75,75,75,75,75,75,75,75,75,75,75,75,75,75,75,75,75,75,75,75,75,75,75,75,75,75,75,75,75,75,75,75,75,75,75,75,75,71,71,71,71,71,71,71,71,71,71],"card_choices":[{"not_picked":["Ball Lightning","Redo"],"picked":"Blizzard","floor":1},{"not_picked":["Hologram","Force Field","Reprogram"],"picked":"SKIP","floor":3},{"not_picked":["Scrape","Beam Cell","Ball Lightning"],"picked":"SKIP","floor":4},{"not_picked":["Skim","Ball Lightning"],"picked":"Cold Snap","floor":6},{"not_picked":["Conserve Battery","Barrage","Reboot"],"picked":"SKIP","floor":7},{"not_picked":["Self Repair","Sweeping Beam","Aggregate"],"picked":"SKIP","floor":8},{"not_picked":["Hologram","Rip and Tear"],"picked":"Cold Snap","floor":11},{"not_picked":["Gash+1","Force Field"],"picked":"Chill","floor":14},{"not_picked":["Seek","Thunder Strike+1"],"picked":"Creative AI","floor":16},{"not_picked":["Hologram","Compile Driver+1","Reprogram"],"picked":"SKIP","floor":18},{"not_picked":["Gash+1","Recycle","Blizzard+1"],"picked":"SKIP","floor":19},{"not_picked":["Genetic Algorithm","Sweeping Beam+1","Redo"],"picked":"SKIP","floor":22},{"not_picked":["Recycle+1","Multi-Cast","Storm"],"picked":"SKIP","floor":23},{"not_picked":["Loop+1","Ball Lightning+1"],"picked":"Cold Snap+1","floor":24},{"not_picked":["Static Discharge+1","Go for the Eyes+1"],"picked":"Blizzard+1","floor":27},{"not_picked":["Fusion","Coolheaded","Streamline+1"],"picked":"SKIP","floor":29},{"not_picked":["Multi-Cast","Amplify"],"picked":"Echo Form","floor":33},{"not_picked":["Genetic Algorithm+1","Hologram+1","Redo+1"],"picked":"SKIP","floor":35},{"not_picked":["Leap","Sweeping Beam+1"],"picked":"Cold Snap+1","floor":37},{"not_picked":["Beam Cell+1","Chill"],"picked":"Coolheaded+1","floor":41},{"not_picked":["Barrage+1","Streamline+1","Leap"],"picked":"SKIP","floor":42},{"not_picked":["Conserve Battery+1","Hello World","Steam"],"picked":"SKIP","floor":45},{"not_picked":["Beam Cell+1","Static Discharge","Rebound+1"],"picked":"SKIP","floor":46}],"player_experience":175069,"relics_obtained":[{"floor":9,"key":"Bottled Lightning"},{"floor":12,"key":"Molten Egg 2"},{"floor":23,"key":"Centennial Puzzle"},{"floor":26,"key":"Omamori"},{"floor":42,"key":"Eternal Feather"},{"floor":43,"key":"Blue Candle"}],"event_choices":[{"damage_healed":0,"gold_gain":0,"player_choice":"Got Potions","damage_taken":0,"max_hp_gain":0,"max_hp_loss":0,"event_name":"Lab","floor":5,"gold_loss":0},{"damage_healed":0,"gold_gain":0,"player_choice":"Ignored","damage_taken":0,"max_hp_gain":0,"max_hp_loss":0,"event_name":"The Mausoleum","floor":21,"gold_loss":0},{"damage_healed":25,"gold_gain":0,"player_choice":"Heal","damage_taken":0,"max_hp_gain":0,"max_hp_loss":0,"event_name":"The Library","floor":30,"gold_loss":0},{"damage_healed":0,"gold_gain":0,"player_choice":" Vial ","damage_taken":20,"relics_obtained":["Blood Vial"],"max_hp_gain":75,"max_hp_loss":55,"event_name":"betterAltar:BetterAltar","floor":31,"potions_obtained":[],"relics_lost":[],"gold_loss":0},{"damage_healed":0,"gold_gain":0,"player_choice":"Copied","damage_taken":0,"max_hp_gain":0,"max_hp_loss":0,"event_name":"Duplicator","floor":36,"gold_loss":0,"cards_obtained":["Defragment"]},{"damage_healed":0,"gold_gain":0,"player_choice":"Ignored","damage_taken":0,"max_hp_gain":0,"max_hp_loss":0,"event_name":"Tomb of Lord Red Mask","floor":38,"gold_loss":0},{"damage_healed":0,"gold_gain":0,"player_choice":"Max HP","damage_taken":0,"max_hp_gain":0,"max_hp_loss":4,"event_name":"Winding Halls","floor":39,"gold_loss":0}],"is_beta":false,"boss_relics":[{"not_picked":["Astrolabe","Cursed Key"],"picked":"Sozu"},{"not_picked":["SacredBark","Pandora\u0027s Box"],"picked":"FrozenCore"}],"items_purged_floors":[0,0,20],"is_endless":false,"potions_floor_spawned":[3,7,11,22,24,33,41,42,45],"killed_by":"3 Darklings","ascension_level":3}}