{"host":"a99cgagtsic7fuyb","time":1610795087,"event":{"mods":["BaseMod","Downfall","Hermit","Lobotomy","Minty Spire (QoL Compilation)","StSLib","The Cursed"],"gold_per_floor":[99,114,129,204,204,219,244,68,68,83,83,113,13,28,43,143,143,43,43,143,83,98,98,148,26,26,26,111,126,126,71,86,186,186,186,201,216,216,266,281,281,296,311,326,12,42,42,42,57,57,57,57],"floor_reached":50,"language":"ZHS","playtime":4999,"items_purged":["Regret"],"score":522,"play_id":"2e40450d-6d0b-4fe1-9fe6-fa648e6c7de4","local_time":"20210116190447","daily_mods":["Heirloom","Time Dilation","Elite Swarm"],"is_ascension_mode":false,"campfire_choices":[{"floor":1.0,"key":"RECALL"},{"floor":13.0,"key":"REST"},{"data":"champ:UltimateStance","floor":18.0,"key":"SMITH"},{"data":"champ:PreciseThrust","floor":23.0,"key":"SMITH"},{"data":"champ:ArenaPreparation","floor":26.0,"key":"SMITH"},{"data":"champ:HeavySlash","floor":30.0,"key":"SMITH"},{"data":"Madness","floor":35.0,"key":"SMITH"}],"circlet_count":0,"master_deck":["champ:Strike","champ:Strike","champ:Strike","champ:Strike","champ:Defend","champ:Defend","champ:Defend","champ:Defend","champ:Execute","champ:Taunt","champ:Backstep","champ:CrownThrow","champ:EnGarde","champ:HeavySlash+1","champ:CrownThrow","champ:RisingSlash","champ:UltimateStance+1","CurseOfTheBell","champ:SkillfulDodge","champ:PreciseThrust+1","champ:BringItOn+1","champ:IronFortress","champ:ArenaPreparation+1","champ:StanceDance+1","champ:Shatter","Madness+1","champ:EndlessRage","champ:EnchantCrown","champ:RageSigil+1","champ:ShieldWall","champ:CrownThrow+1","Chrysalis","champ:MurderStrike","champ:SetATrap+1"],"relics":["champ:ChampionCrown","Gambling Chip","Akabeko","White Beast Statue","downfall:HeartBlessingRed","Calling Bell","Lizard Tail","Eternal Feather","downfall:HeartBlessingBlue","Torii","Blue Candle","Tiny Chest","StrikeDummy","expansioncontent:StudyCardRelic","Bronze Scales","Mercury Hourglass","Toy Ornithopter","Toxic Egg 2","Red Mask","downfall:RedIOUUpgrade"],"acts_visited":["Exordium","TheCity","TheBeyond"],"potions_floor_usage":[46,46,49,50,50],"damage_taken":[{"damage":10.0,"enemies":"2 Louse","floor":2.0,"turns":3.0},{"damage":10.0,"enemies":"Small Slimes","floor":3.0,"turns":3.0},{"damage":5.0,"enemies":"Jaw Worm","floor":6.0,"turns":4.0},{"damage":24.0,"enemies":"downfall:FleeingMerchant","floor":8.0,"turns":4.0},{"damage":10.0,"enemies":"Large Slime","floor":10.0,"turns":4.0},{"damage":69.0,"enemies":"Gremlin Nob","floor":12.0,"turns":5.0},{"damage":11.0,"enemies":"Exordium Thugs","floor":14.0,"turns":4.0},{"damage":10.0,"enemies":"Looter","floor":15.0,"turns":2.0},{"damage":24.0,"enemies":"Slime Boss","floor":16.0,"turns":5.0},{"damage":34.0,"enemies":"IC_STATUS_ARCHETYPE","floor":20.0,"turns":6.0},{"damage":10.0,"enemies":"downfall:FleeingMerchant","floor":21.0,"turns":4.0},{"damage":21.0,"enemies":"Spheric Guardian","floor":22.0,"turns":4.0},{"damage":13.0,"enemies":"downfall:FleeingMerchant","floor":25.0,"turns":4.0},{"damage":16.0,"enemies":"3 Cultists","floor":29.0,"turns":6.0},{"damage":33.0,"enemies":"downfall:FleeingMerchant","floor":31.0,"turns":4.0},{"damage":0.0,"enemies":"Cultist and Chosen","floor":32.0,"turns":5.0},{"damage":111.0,"enemies":"WA_ARCHETYPE_CALM","floor":33.0,"turns":14.0},{"damage":2.0,"enemies":"3 Darklings","floor":36.0,"turns":3.0},{"damage":12.0,"enemies":"Orb Walker","floor":37.0,"turns":4.0},{"damage":36.0,"enemies":"Jaw Worm Horde","floor":40.0,"turns":4.0},{"damage":61.0,"enemies":"Maw","floor":42.0,"turns":6.0},{"damage":30.0,"enemies":"4 Shapes","floor":43.0,"turns":9.0},{"damage":51,"enemies":"Transient","floor":44,"turns":5},{"damage":69,"enemies":"Reptomancer","floor":46,"turns":4},{"damage":30,"enemies":"Sphere and 2 Shapes","floor":49,"turns":6},{"damage":73,"enemies":"DF_ARCHETYPE_ORBS","floor":50,"turns":5}],"seed_played":"2700428786693623746","potions_obtained":[{"floor":3.0,"key":"ColorlessPotion"},{"floor":10.0,"key":"Ancient Potion"},{"floor":12.0,"key":"champ:OpenerPotion"},{"floor":14.0,"key":"PowerPotion"},{"floor":15.0,"key":"Guardian:BlockOnCardUsePotion"},{"floor":16.0,"key":"PowerPotion"},{"floor":20.0,"key":"LiquidBronze"},{"floor":21.0,"key":"Fire Potion"},{"floor":22.0,"key":"Dexterity Potion"},{"floor":29.0,"key":"EssenceOfSteel"},{"floor":31.0,"key":"GamblersBrew"},{"floor":32.0,"key":"Swift Potion"},{"floor":33.0,"key":"LiquidBronze"},{"floor":36.0,"key":"Fire Potion"},{"floor":37.0,"key":"Regen Potion"},{"floor":40.0,"key":"Dexterity Potion"},{"floor":42.0,"key":"BlessingOfTheForge"},{"floor":43.0,"key":"Dexterity Potion"},{"floor":44,"key":"DuplicationPotion"},{"floor":46,"key":"Strength Potion"},{"floor":49,"key":"Regen Potion"}],"is_trial":false,"path_per_floor":["R","M","M","?","?","M","T","$","?","M","?","E","R","M","M","B",null,"R","?","?","$","M","R","T","$","R","?","?","M","R","$","M","B",null,"R","M","M","?","T","M","T","M","M","M","$","E","?","$","M","B"],"character_chosen":"THE_CHAMP","items_purchased":["Flash of Steel","champ:PreciseThrust","champ:IronFortress","champ:ArenaPreparation","StrikeDummy","Madness","champ:EndlessRage","Chrysalis","Toy Ornithopter"],"campfire_rested":1,"item_purchase_floors":[8,21,25,25,31,31,31,45,45],"current_hp_per_floor":[90,90,90,79,79,74,74,70,70,70,100,46,76,75,75,71,100,110,110,96,96,95,107,107,104,110,110,92,81,96,93,93,82,110,110,108,106,106,106,101,101,85,75,59,59,25,25,25,48,0,0,0],"gold":57,"neow_bonus":"","is_daily":true,"chose_seed":false,"campfire_upgraded":5,"win_rate":0.0,"timestamp":1610795087,"path_taken":["R","M","M","?","?","M","T","?","?","M","?","E","R","M","M","BOSS","R","?","?","$","M","R","T","$","R","?","?","M","R","$","M","BOSS","R","M","M","?","?","M","T","M","?","M","$","E","?","$","M","BOSS"],"items_purchased_type":["Card","Card","Card","Card","Relic","Card","Card","Card","Relic"],"build_version":"2020-12-22","purchased_purges":1,"victory":false,"max_hp_per_floor":[90,90,90,90,90,90,90,90,90,90,100,100,100,100,100,100,100,110,110,110,110,110,110,110,110,110,110,110,110,110,110,110,110,110,110,110,110,110,110,110,110,110,110,110,110,110,110,110,110,110,110,110],"card_choices":[{"not_picked":["champ:FanOfKnives","champ:Circumvent","champ:BerserkersShout"],"picked":"SKIP","floor":2.0},{"not_picked":["champ:DefensiveShout","champ:BladeFlurry"],"picked":"champ:Backstep","floor":3.0},{"not_picked":["champ:StanceDance","champ:Haymaker"],"picked":"champ:CrownThrow","floor":6.0},{"not_picked":["champ:FancyFootwork","champ:ShieldSigil"],"picked":"champ:EnchantSword","floor":8.0},{"not_picked":["champ:Parry","champ:DefensiveShout"],"picked":"champ:EnGarde","floor":10.0},{"not_picked":["champ:CheapShot","champ:IgnorePain"],"picked":"champ:HeavySlash","floor":12.0},{"not_picked":["champ:BerserkerStyle","champ:ViciousMockery"],"picked":"champ:CrownThrow","floor":14.0},{"not_picked":["champ:Parry","champ:PreciseThrust"],"picked":"champ:RisingSlash","floor":15.0},{"not_picked":["champ:EnchantSword","champ:HeavySlash"],"picked":"champ:UltimateStance","floor":16.0},{"not_picked":["champ:BerserkersShout","champ:BerserkerStyle"],"picked":"champ:SkillfulDodge","floor":21.0},{"not_picked":["champ:TornadoPunch","champ:Circumvent+1"],"picked":"champ:BringItOn+1","floor":22.0},{"not_picked":["champ:TornadoPunch","champ:RisingSlash","champ:FlashCut+1"],"picked":"SKIP","floor":25.0},{"not_picked":["champ:BladeFlurry","champ:CrownThrow"],"picked":"champ:StanceDance+1","floor":29.0},{"not_picked":["champ:GutPunch","champ:PreciseThrust+1"],"picked":"champ:Shatter","floor":31.0},{"not_picked":["champ:IgnorePain","champ:BladeFlurry","champ:EnragedBash"],"picked":"SKIP","floor":32.0},{"not_picked":["champ:LastStand","champ:IgnorePain"],"picked":"champ:EnchantCrown","floor":33.0},{"not_picked":["champ:BladeFlurry+1","champ:Parry+1"],"picked":"champ:RageSigil+1","floor":36.0},{"not_picked":["champ:FanOfKnives+1","champ:ShieldSigil","champ:BringItOn"],"picked":"SKIP","floor":37.0},{"not_picked":["champ:AdrenalArmor+1","champ:Endure+1"],"picked":"champ:ShieldWall","floor":40.0},{"not_picked":["champ:BringItOn","champ:Haymaker+1","champ:Backstep+1"],"picked":"SKIP","floor":42.0},{"not_picked":["champ:Lariat","champ:FanOfKnives+1","champ:FlashCut"],"picked":"SKIP","floor":43.0},{"not_picked":["champ:TornadoPunch+1","champ:Shatter"],"picked":"champ:CrownThrow+1","floor":44},{"not_picked":["champ:LastStand","champ:IgnorePain+1"],"picked":"champ:MurderStrike","floor":46},{"not_picked":["champ:BladeFlurry","champ:PerfectedStrike+1"],"picked":"champ:SetATrap+1","floor":49}],"player_experience":125943,"relics_obtained":[{"floor":12.0,"key":"White Beast Statue"},{"floor":17.0,"key":"Lizard Tail"},{"floor":17.0,"key":"Eternal Feather"},{"floor":17.0,"key":"sneckomod:BlankCard"},{"floor":20.0,"key":"Torii"},{"floor":20.0,"key":"Blue Candle"},{"floor":24.0,"key":"Tiny Chest"},{"floor":39.0,"key":"Bronze Scales"},{"floor":41.0,"key":"Mercury Hourglass"},{"floor":46,"key":"Toxic Egg 2"}],"event_choices":[{"damage_healed":0.0,"max_hp_gain":0.0,"max_hp_loss":0.0,"gold_gain":75.0,"event_name":"World of Goop","player_choice":"Gather Gold","floor":4.0,"gold_loss":0.0,"damage_taken":11.0},{"damage_healed":0.0,"max_hp_gain":0.0,"max_hp_loss":0.0,"gold_gain":0.0,"event_name":"Big Fish","player_choice":"Box","floor":5.0,"gold_loss":0.0,"damage_taken":0.0,"relics_obtained":["Akabeko"],"cards_obtained":["Regret"]},{"damage_healed":0.0,"max_hp_gain":0.0,"max_hp_loss":0.0,"gold_gain":0.0,"event_name":"The Cleric","player_choice":"Leave","floor":9.0,"gold_loss":0.0,"damage_taken":0.0},{"cards_removed":["champ:EnchantSword"],"damage_healed":20.0,"max_hp_gain":10.0,"max_hp_loss":0.0,"gold_gain":0.0,"event_name":"Bonfire Elementals","player_choice":"Offered Rare","floor":11.0,"gold_loss":0.0,"damage_taken":0.0}],"is_beta":false,"boss_relics":[{"not_picked":["Velvet Choker","sneckomod:SneckoTalon"],"picked":"Calling Bell"},{"not_picked":["Cursed Key","Runic Dome"],"picked":"expansioncontent:StudyCardRelic"}],"items_purged_floors":[8],"is_endless":false,"potions_floor_spawned":[3,10,12,14,15,16,20,21,22,25,29,31,32,33,36,37,40,42,43,44,46,49],"killed_by":"DF_ARCHETYPE_ORBS","ascension_level":0}}