{"host":"daa8jqyg4gqfaysm","time":1610824349,"event":{"mods":["BaseMod","Colored Powertips","Minty Spire (QoL Compilation)","StSLib"],"gold_per_floor":[113,113,129,143,211,211,247,247,247,283,283,308,33,74,74,164,164,183,183,199,212,20,20,43,43,43,19,58,58,58,77,77,167,167,167,167],"floor_reached":35,"language":"ENG","playtime":1500,"items_purged":["Strike_G","Strike_G"],"score":734,"play_id":"2a2d4905-c02f-4b77-85aa-dd0d49c20abc","local_time":"20210117031229","is_ascension_mode":true,"campfire_choices":[{"data":"Predator","floor":6.0,"key":"SMITH"},{"data":"Night Terror","floor":8.0,"key":"SMITH"},{"data":"Masterful Stab","floor":11.0,"key":"SMITH"},{"data":"Neutralize","floor":15.0,"key":"SMITH"},{"data":"Adrenaline","floor":23,"key":"SMITH"},{"floor":25,"key":"REST"},{"data":"Calculated Gamble","floor":30,"key":"SMITH"},{"floor":32,"key":"REST"}],"circlet_count":0,"master_deck":["AscendersBane","Strike_G","Strike_G","Strike_G","Defend_G","Defend_G","Defend_G","Defend_G","Defend_G","Survivor","Neutralize+1","Night Terror+1","Slice","Footwork","Predator+1","Masterful Stab+1","Backflip","Calculated Gamble+1","Terror","Adrenaline+1","Dagger Throw","Prepared","Acrobatics","Tools of the Trade","Tactician","Blur","Dodge and Roll","Eviscerate","Acrobatics","Die Die Die"],"relics":["Ring of the Snake","Golden Idol","Prayer Wheel","Dead Branch","Odd Mushroom","ClockworkSouvenir","Art of War","HoveringKite","MutagenicStrength","Incense Burner","Akabeko","Runic Pyramid"],"acts_visited":["Exordium","TheCity","TheBeyond"],"potions_floor_usage":[24,35],"damage_taken":[{"damage":1.0,"enemies":"Small Slimes","floor":1.0,"turns":4.0},{"damage":7.0,"enemies":"Jaw Worm","floor":3.0,"turns":5.0},{"damage":1.0,"enemies":"2 Louse","floor":4.0,"turns":6.0},{"damage":17.0,"enemies":"3 Sentries","floor":7.0,"turns":12.0},{"damage":9.0,"enemies":"The Mushroom Lair","floor":10.0,"turns":5.0},{"damage":9.0,"enemies":"Lots of Slimes","floor":12.0,"turns":3.0},{"damage":0.0,"enemies":"Gremlin Nob","floor":14.0,"turns":3.0},{"damage":12.0,"enemies":"Hexaghost","floor":16.0,"turns":8.0},{"damage":0.0,"enemies":"Chosen","floor":18.0,"turns":3.0},{"damage":2,"enemies":"3 Byrds","floor":20,"turns":5},{"damage":15,"enemies":"Shelled Parasite and Fungi","floor":21,"turns":6},{"damage":6,"enemies":"Sentry and Sphere","floor":24,"turns":3},{"damage":15,"enemies":"Slavers","floor":28,"turns":5},{"damage":0,"enemies":"Chosen and Byrds","floor":31,"turns":3},{"damage":13,"enemies":"Champ","floor":33,"turns":9},{"damage":5,"enemies":"3 Darklings","floor":35,"turns":3}],"seed_played":"7198779897911890475","potions_obtained":[{"floor":1.0,"key":"Dexterity Potion"},{"floor":7.0,"key":"Energy Potion"},{"floor":10.0,"key":"Strength Potion"},{"floor":24,"key":"Swift Potion"},{"floor":31,"key":"Energy Potion"}],"is_trial":false,"path_per_floor":["M","?","M","M","?","R","E","R","T","?","R","M","$","E","R","B",null,"M","?","M","M","$","R","M","R","T","$","E","?","R","M","R","B",null,"M"],"character_chosen":"THE_SILENT","items_purchased":["Terror","ClockworkSouvenir","Tactician","SkillPotion","Dodge and Roll"],"campfire_rested":2,"item_purchase_floors":[13,13,22,22,27],"current_hp_per_floor":[58,58,51,50,50,50,33,33,33,24,24,15,15,15,15,3,46,46,46,44,29,29,29,23,41,41,41,26,26,26,26,44,31,53,48,48],"gold":167,"neow_bonus":"ONE_RANDOM_RARE_CARD","is_daily":false,"chose_seed":false,"campfire_upgraded":6,"win_rate":0.0,"timestamp":1610824349,"path_taken":["M","?","M","M","?","R","E","R","T","?","R","M","$","E","R","BOSS","M","?","M","M","$","R","M","R","T","$","E","?","R","M","R","BOSS","M"],"items_purchased_type":["Card","Relic","Card","Potion","Card"],"build_version":"2020-12-22","purchased_purges":2,"victory":false,"max_hp_per_floor":[66,60,60,60,60,60,60,60,60,60,60,60,60,60,60,60,60,60,60,60,60,60,60,60,60,60,60,60,60,60,60,60,60,60,60,60],"card_choices":[{"not_picked":["Sucker Punch","Dagger Throw"],"picked":"Slice","floor":1.0},{"not_picked":["Skewer","Bane"],"picked":"Footwork","floor":3.0},{"not_picked":["Endless Agony","Prepared"],"picked":"Predator","floor":4.0},{"not_picked":["Infinite Blades","Deadly Poison"],"picked":"Masterful Stab","floor":7.0},{"not_picked":["Tactician","Heel Hook"],"picked":"Backflip","floor":12.0},{"not_picked":["Deadly Poison","Bane"],"picked":"Calculated Gamble","floor":12.0},{"not_picked":["Underhanded Strike","Reflex","Poisoned Stab"],"picked":"SKIP","floor":14.0},{"not_picked":["Glass Knife","Bullet Time"],"picked":"Adrenaline","floor":16.0},{"not_picked":["Blade Dance","Finisher"],"picked":"Dagger Throw","floor":18.0},{"not_picked":["Leg Sweep","Dodge and Roll"],"picked":"Prepared","floor":18.0},{"not_picked":["Cloak And Dagger","Endless Agony"],"picked":"Acrobatics","floor":20},{"not_picked":["Quick Slash","Deadly Poison","Heel Hook"],"picked":"SKIP","floor":20},{"not_picked":["Acrobatics","Quick Slash","Cloak And Dagger"],"picked":"SKIP","floor":21},{"not_picked":["Acrobatics+1","Catalyst","Tools of the Trade"],"picked":"SKIP","floor":21},{"not_picked":["Acrobatics+1","Catalyst"],"picked":"Tools of the Trade","floor":21},{"not_picked":["Acrobatics","Quick Slash","Cloak And Dagger"],"picked":"SKIP","floor":21},{"not_picked":["Deadly Poison","Masterful Stab"],"picked":"Blur","floor":24},{"not_picked":["Calculated Gamble","Heel Hook","Acrobatics"],"picked":"SKIP","floor":24},{"not_picked":["Expertise","Deflect","Flying Knee"],"picked":"SKIP","floor":28},{"not_picked":["Tactician","Acrobatics"],"picked":"Eviscerate","floor":31},{"not_picked":["Concentrate","Poisoned Stab"],"picked":"Acrobatics","floor":31},{"not_picked":["A Thousand Cuts","Venomology"],"picked":"Die Die Die","floor":33}],"player_experience":828664,"relics_obtained":[{"floor":7.0,"key":"Prayer Wheel"},{"floor":9.0,"key":"Dead Branch"},{"floor":10.0,"key":"Odd Mushroom"},{"floor":14.0,"key":"Art of War"},{"floor":26,"key":"Incense Burner"},{"floor":28,"key":"Akabeko"}],"event_choices":[{"damage_healed":0.0,"max_hp_gain":0.0,"max_hp_loss":6.0,"gold_gain":0.0,"event_name":"Golden Idol","player_choice":"Lose Max HP","floor":2.0,"gold_loss":0.0,"damage_taken":0.0,"relics_obtained":["Golden Idol"]},{"damage_healed":0.0,"max_hp_gain":0.0,"max_hp_loss":0.0,"gold_gain":68.0,"event_name":"Golden Wing","player_choice":"Gained Gold","floor":5.0,"gold_loss":0.0,"damage_taken":0.0},{"damage_healed":0.0,"max_hp_gain":0.0,"max_hp_loss":0.0,"gold_gain":0.0,"event_name":"Mushrooms","player_choice":"Fought Mushrooms","floor":10.0,"gold_loss":0.0,"damage_taken":0.0},{"damage_healed":0.0,"max_hp_gain":0.0,"max_hp_loss":0.0,"gold_gain":0.0,"event_name":"Drug Dealer","player_choice":"Inject Mutagens","floor":19.0,"gold_loss":0.0,"damage_taken":0.0,"relics_obtained":["MutagenicStrength"]},{"damage_healed":0,"gold_gain":0,"player_choice":"Ignored","damage_taken":0,"max_hp_gain":0,"max_hp_loss":0,"event_name":"Vampires","floor":29,"gold_loss":0}],"is_beta":false,"boss_relics":[{"not_picked":["Black Star","Coffee Dripper"],"picked":"HoveringKite"},{"not_picked":["Philosopher\u0027s Stone","Calling Bell"],"picked":"Runic Pyramid"}],"items_purged_floors":[13,22],"is_endless":false,"potions_floor_spawned":[1,7,10,24,31,33],"killed_by":"3 Darklings","ascension_level":16}}