{"host":"yvs6unqb0m2j26b0","time":1610821495,"event":{"mods":["AchievementEnabler","BaseMod","Colored Map","Colored Powertips","Minty Spire (QoL Compilation)"],"gold_per_floor":[117,128,138,148,148,173,173,173,197,197,223,242,269,283,283,283,283],"floor_reached":16,"language":"ENG","playtime":1017,"items_purged":[],"score":122,"play_id":"bc1d4324-7aab-45a9-857f-1f72e78a51bd","local_time":"20210116162455","is_ascension_mode":false,"campfire_choices":[{"data":"Barricade","floor":8,"key":"SMITH"},{"floor":10,"key":"REST"},{"data":"Combust","floor":15,"key":"SMITH"}],"circlet_count":0,"master_deck":["Strike_R","Strike_R","Strike_R","Strike_R+1","Strike_R","Defend_R","Defend_R","Defend_R","Defend_R","Bash","Flex","Anger","Armaments+1","Rage","Barricade+1","Thunderclap","Armaments","Clothesline","Flame Barrier","Ghostly Armor","Armaments","Battle Trance","Juggernaut","Combust+1"],"relics":["Burning Blood","Prayer Wheel","Bag of Preparation","Nunchaku","Red Skull","Ornamental Fan"],"acts_visited":["Exordium"],"potions_floor_usage":[6,13,13],"damage_taken":[{"damage":3.0,"enemies":"Small Slimes","floor":1.0,"turns":3.0},{"damage":15,"enemies":"Jaw Worm","floor":2,"turns":4},{"damage":3,"enemies":"2 Louse","floor":3,"turns":3},{"damage":16,"enemies":"Lots of Slimes","floor":4,"turns":5},{"damage":18,"enemies":"Lagavulin","floor":6,"turns":8},{"damage":31,"enemies":"Gremlin Nob","floor":11,"turns":4},{"damage":15,"enemies":"Exordium Thugs","floor":12,"turns":5},{"damage":3,"enemies":"3 Sentries","floor":13,"turns":6},{"damage":0,"enemies":"Exordium Wildlife","floor":14,"turns":3},{"damage":29,"enemies":"The Guardian","floor":16,"turns":2}],"seed_played":"5008868051103893445","potions_obtained":[{"floor":1,"key":"FearPotion"},{"floor":4,"key":"SpeedPotion"},{"floor":12,"key":"SpeedPotion"},{"floor":13,"key":"GamblersBrew"}],"is_trial":false,"path_per_floor":["M","M","M","M","?","E","?","R","T","R","E","M","E","M","R","B"],"character_chosen":"IRONCLAD","items_purchased":[],"campfire_rested":1,"item_purchase_floors":[],"current_hp_per_floor":[72,63,66,56,42,30,30,30,30,51,26,17,20,26,26,0,0],"gold":283,"neow_bonus":"ONE_RARE_RELIC","is_daily":false,"chose_seed":false,"campfire_upgraded":2,"win_rate":0.0,"timestamp":1610821495,"path_taken":["M","M","M","M","?","E","?","R","T","R","E","?","E","M","R","BOSS"],"items_purchased_type":[],"build_version":"2020-12-22","purchased_purges":0,"victory":false,"max_hp_per_floor":[72,72,72,72,72,72,72,72,72,72,72,72,72,72,72,72,72],"card_choices":[{"not_picked":["Rampage","Warcry"],"picked":"Flex","floor":1},{"not_picked":["Iron Wave","Clash"],"picked":"Anger","floor":1},{"not_picked":["Shrug It Off","Headbutt"],"picked":"Armaments","floor":2},{"not_picked":["Thunderclap","Pommel Strike"],"picked":"Rage","floor":2},{"not_picked":["Disarm","Warcry"],"picked":"Barricade","floor":3},{"not_picked":["Clash","Whirlwind"],"picked":"Thunderclap","floor":3},{"not_picked":["Anger","Iron Wave"],"picked":"Armaments","floor":4},{"not_picked":["Headbutt","Twin Strike"],"picked":"Clothesline","floor":4},{"not_picked":["Body Slam","Limit Break"],"picked":"Flame Barrier","floor":6},{"not_picked":["Pommel Strike","Blood for Blood"],"picked":"Ghostly Armor","floor":11},{"not_picked":["Burning Pact","Twin Strike"],"picked":"Armaments","floor":12},{"not_picked":["Carnage","Perfected Strike"],"picked":"Battle Trance","floor":12},{"not_picked":["Pommel Strike","Thunderclap"],"picked":"Juggernaut","floor":13},{"not_picked":["Battle Trance","Clash"],"picked":"Combust","floor":14},{"not_picked":["Anger","Perfected Strike","Warcry"],"picked":"SKIP","floor":14}],"player_experience":69128,"relics_obtained":[{"floor":6,"key":"Bag of Preparation"},{"floor":9,"key":"Nunchaku"},{"floor":11,"key":"Red Skull"},{"floor":13,"key":"Ornamental Fan"}],"event_choices":[{"damage_healed":0,"gold_gain":0,"player_choice":"Entered Light","damage_taken":14,"max_hp_gain":0,"max_hp_loss":0,"event_name":"Shining Light","floor":5,"gold_loss":0,"cards_upgraded":["Armaments","Strike_R"]},{"damage_healed":0,"gold_gain":0,"player_choice":"Ignored","damage_taken":0,"max_hp_gain":0,"max_hp_loss":0,"event_name":"Liars Game","floor":7,"gold_loss":0}],"is_beta":false,"boss_relics":[],"items_purged_floors":[],"is_endless":false,"potions_floor_spawned":[1,4,12,13],"killed_by":"The Guardian","ascension_level":0}}