{"host":"71x3l6y2fkerz90u","time":1610755641,"event":{"mods":["BaseMod","Downfall","Hubris","Minty Spire (QoL Compilation)","Replay The Spire","StSLib","The Necromancer"],"gold_per_floor":[99,99,112,123,71,90,116,151,151,151,180,180,180,196,196,227,245,350,350,350,29,29,48,48,48,48,48,33,63,76,1,17,54,92,217,217,67,25,70,70,108,153,153,428,473,516,516,561,561,261,305,329,329,376,7,7,33],"floor_reached":58,"language":"DEU","playtime":5573,"items_purged":["Regret"],"score":1350,"play_id":"bfc1ac38-561e-4e7d-93e1-7b0898b8ab3d","local_time":"20210116010721","is_ascension_mode":false,"campfire_choices":[{"data":"Guardian:TwinSlam","floor":1,"key":"SMITH"},{"data":"Guardian:SentryBeam","floor":10,"key":"SMITH"},{"floor":15,"key":"REST"},{"data":"Guardian:WalkerClaw","floor":20,"key":"SMITH"},{"floor":25,"key":"RECALL"},{"data":"Guardian:SentryBeam","floor":31,"key":"SMITH"},{"data":"Guardian:Harden","floor":37,"key":"SMITH"},{"data":"Guardian:DecasProtection","floor":49,"key":"SMITH"},{"data":"Guardian:DecasProtection","floor":56,"key":"SMITH"}],"circlet_count":0,"master_deck":["Guardian:Strike_Guardian+1","Guardian:Strike_Guardian+1","Guardian:Strike_Guardian+1","Guardian:Strike_Guardian+1","Guardian:Defend_Guardian+1","Guardian:Defend_Guardian+1","Guardian:Defend_Guardian+1","Guardian:Defend_Guardian+1","Guardian:CurlUp+1","Guardian:TwinSlam+1","Guardian:WalkerClaw+1","Guardian:Recover+1","Guardian:SentryBeam+1","Guardian:TimeCapacitor+1","Guardian:Incinerate+1","Guardian:BronzeArmor+1","Guardian:WalkerClaw+1","Guardian:ShieldCharger+1","Guardian:BronzeOrb+1","Guardian:Planning+1","Guardian:SentryBeam+1","Guardian:BronzeOrb+1","Guardian:SpikerProtocol+1","RitualDagger+1","Guardian:ChargeCore+1","Guardian:TemporalShield+1","Guardian:SpikerProtocol+1","Guardian:Clone+1","Guardian:BaubleBeam+1","Guardian:BronzeOrb+1","Guardian:Harden+1","Replay:SS_forest_6+1","Guardian:Planning+1","Guardian:Reroute+1","Guardian:CrystalBeam+1","Guardian:Planning+1","Guardian:DecasProtection+1","Guardian:DonusPower","Guardian:ShieldCharger+1","Guardian:Clone","Guardian:DecasProtection+1","Guardian:ChargeCore","Guardian:GuardianWhirl+1","Guardian:FloatingOrbs","Guardian:FloatingOrbs","Panache","Replay:Parry"],"relics":["Guardian:ModeShifter","Pen Nib","hubris:AstralHammer","Nunchaku","Gremlin Horn","hubris:BundleOfHerbs","Coffee Dripper","Unceasing Top","Dream Catcher","Membership Card","Replay:Bandana","Cursed Key","Anchor","hubris:SlimyHat","Lantern","Blue Doll","hubris:HerbalPaste","Orichalcum","Shuriken"],"acts_visited":["Exordium","TheCity","TheBeyond","TheEnding"],"potions_floor_usage":[8,16,18,29,29,35,35,42,42,46,57,57,57],"damage_taken":[{"damage":0,"enemies":"2 Louse","floor":3,"turns":3},{"damage":0,"enemies":"Cultist","floor":4,"turns":4},{"damage":0,"enemies":"downfall:FleeingMerchant","floor":5,"turns":4},{"damage":6,"enemies":"Jaw Worm","floor":6,"turns":3},{"damage":17,"enemies":"3 Sentries","floor":8,"turns":5},{"damage":20,"enemies":"Lagavulin","floor":11,"turns":6},{"damage":1,"enemies":"Large Slime","floor":14,"turns":3},{"damage":6,"enemies":"Gremlin Nob","floor":16,"turns":3},{"damage":0,"enemies":"Blue Slaver","floor":17,"turns":2},{"damage":24,"enemies":"downfall:Silent","floor":18,"turns":8},{"damage":0,"enemies":"downfall:FleeingMerchant","floor":21,"turns":4},{"damage":12,"enemies":"Shell Parasite","floor":23,"turns":5},{"damage":0,"enemies":"downfall:FleeingMerchant","floor":28,"turns":4},{"damage":43,"enemies":"Slavers","floor":29,"turns":5},{"damage":0,"enemies":"Spheric Guardian","floor":30,"turns":3},{"damage":9,"enemies":"downfall:FleeingMerchant","floor":32,"turns":4},{"damage":12,"enemies":"3 Cultists","floor":33,"turns":4},{"damage":0,"enemies":"Snake Plant","floor":34,"turns":3},{"damage":0,"enemies":"downfall:Defect","floor":35,"turns":6},{"damage":10,"enemies":"3 Shapes","floor":39,"turns":4},{"damage":0,"enemies":"Orb Walker","floor":41,"turns":2},{"damage":0,"enemies":"Jaw Worm Horde","floor":42,"turns":3},{"damage":10,"enemies":"Maw","floor":45,"turns":6},{"damage":0,"enemies":"Sphere and 2 Shapes","floor":46,"turns":3},{"damage":2,"enemies":"Giant Head","floor":48,"turns":7},{"damage":0,"enemies":"Jaw Worm Horde","floor":51,"turns":3},{"damage":0,"enemies":"downfall:Watcher","floor":52,"turns":5},{"damage":19,"enemies":"downfall:CharBossMerchant","floor":54,"turns":8},{"damage":17,"enemies":"downfall:NeowBoss","floor":57,"turns":15}],"seed_played":"4769617714730224900","potions_obtained":[{"floor":6,"key":"Explosive Potion"},{"floor":14,"key":"Adrenaline Potion"},{"floor":17,"key":"DuplicationPotion"},{"floor":18,"key":"hexamod:EctoCoolerPotion"},{"floor":23,"key":"FearPotion"},{"floor":33,"key":"Dexterity Potion"},{"floor":34,"key":"Weak Potion"},{"floor":35,"key":"Guardian:AcceleratePotion"},{"floor":39,"key":"LiquidBronze"},{"floor":42,"key":"SneckoOil"},{"floor":48,"key":"sneckomod:MuddlingPotion"},{"floor":51,"key":"BlessingOfTheForge"},{"floor":54,"key":"Fire Potion"}],"is_trial":false,"path_per_floor":["R","?","M","M","$","M","T","E","?","R","E","PTL","PTL","M","R","E","M","B",null,"R","$","?","M","?","R","T","T","$","E","M","R","$","M","M","B",null,"R","$","M","?","M","M","T","?","M","M","?","E","R","$","M","B",null,"E","$","R","B",null],"character_chosen":"GUARDIAN","items_purchased":["Guardian:SentryBeam","Guardian:Gem_Crimson","Guardian:Gem_Green","Guardian:SentryBeam","Guardian:BronzeOrb","Guardian:SpikerProtocol","Membership Card","Replay:Bandana","Guardian:Gem_Orange","Guardian:BaubleBeam","Replay:SS_forest_6","Guardian:DonusPower","Lantern","Blue Doll","hubris:HerbalPaste","Shuriken","Guardian:DecasProtection","Guardian:ChargeCore","Guardian:GuardianWhirl+1","Guardian:FloatingOrbs","SkillPotion","FearPotion","Panache","Replay:Parry"],"campfire_rested":1,"item_purchase_floors":[5,21,21,21,21,21,32,32,32,32,38,50,50,50,50,55,55,55,55,55,55,55,55,55],"current_hp_per_floor":[88,88,88,88,88,82,82,65,62,62,42,42,42,41,67,61,61,37,88,88,88,82,70,70,70,70,70,70,33,50,50,41,29,29,29,88,98,98,88,88,88,96,96,96,91,91,91,89,89,89,98,98,98,91,91,91,80],"gold":33,"neow_bonus":"TEN_PERCENT_HP_BONUS","is_daily":false,"chose_seed":false,"campfire_upgraded":7,"win_rate":0.0,"timestamp":1610755641,"path_taken":["R","?","M","M","?","M","T","E","?","R","E","PTL","PTL","M","R","E","M","BOSS","R","$","?","M","?","R","T","?","$","E","M","R","$","M","M","BOSS","R","$","M","?","M","M","T","?","?","M","?","E","R","$","M","BOSS","E","$","R","BOSS"],"items_purchased_type":["Card","Card","Card","Card","Card","Card","Relic","Relic","Card","Card","Card","Card","Relic","Relic","Relic","Relic","Card","Card","Card","Card","Potion","Potion","Card","Card"],"build_version":"2020-12-22","purchased_purges":1,"victory":true,"max_hp_per_floor":[88,88,88,88,88,88,88,88,88,88,88,88,88,88,88,88,88,88,88,88,88,88,88,88,88,88,88,88,88,88,88,88,88,88,88,88,98,98,98,98,98,98,98,98,98,98,98,98,98,98,98,98,98,98,98,98,98],"card_choices":[{"not_picked":["Guardian:Repulse","Guardian:Emergency"],"picked":"Guardian:Gem_Red","floor":3},{"not_picked":["Guardian:PiercingHide","Guardian:PrimingBeam"],"picked":"Guardian:WalkerClaw","floor":4},{"not_picked":["Guardian:RollAttack","Guardian:Gem_Cyan"],"picked":"Guardian:Recover","floor":5},{"not_picked":["Guardian:Preprogram","Guardian:Gem_White"],"picked":"Guardian:TimeCapacitor","floor":6},{"not_picked":["Guardian:GuardianWhirl","Guardian:Gem_Synthetic"],"picked":"Guardian:Incinerate","floor":8},{"not_picked":["Guardian:Gem_Crimson","Guardian:Gem_Cyan"],"picked":"Guardian:BronzeArmor","floor":11},{"not_picked":["Guardian:Emergency","Guardian:Reroute"],"picked":"Guardian:WalkerClaw","floor":14},{"not_picked":["Guardian:Emergency","Guardian:Gem_Lightblue"],"picked":"Guardian:ShieldCharger","floor":16},{"not_picked":["Guardian:Suspension","Guardian:Emergency"],"picked":"Guardian:BronzeOrb","floor":17},{"not_picked":["Guardian:TimeSifter","Guardian:FastForward"],"picked":"Guardian:Gem_Orange","floor":18},{"not_picked":["Guardian:TemporalStrike","Guardian:Suspension"],"picked":"Guardian:Planning","floor":21},{"not_picked":["Guardian:Suspension","Guardian:FastForward"],"picked":"Guardian:ChargeCore","floor":23},{"not_picked":["Guardian:CrystalBeam","Guardian:Gem_Orange"],"picked":"Guardian:TemporalShield+1","floor":28},{"not_picked":["Guardian:ChargeCore+1","Guardian:Reroute"],"picked":"Guardian:SpikerProtocol","floor":29},{"not_picked":["Guardian:Planning","Guardian:GuardianWhirl"],"picked":"Guardian:Gem_Cyan","floor":30},{"not_picked":["Guardian:RollAttack","Guardian:VentSteam"],"picked":"Guardian:Clone+1","floor":32},{"not_picked":["Guardian:PiercingHide","Guardian:Harden"],"picked":"Guardian:BronzeOrb","floor":33},{"not_picked":["Guardian:Gem_Cyan","Guardian:RollAttack"],"picked":"Guardian:Harden","floor":34},{"not_picked":["Guardian:HyperBeam_Guardian","Guardian:ConstructionForm"],"picked":"Guardian:Gem_Synthetic","floor":35},{"not_picked":["Guardian:ShieldCharger+1","Guardian:WalkerClaw"],"picked":"Guardian:Planning+1","floor":39},{"not_picked":["Guardian:TemporalStrike","Guardian:Suspension"],"picked":"Guardian:Reroute","floor":41},{"not_picked":["Guardian:SentryBeam+1","Guardian:TemporalShield+1"],"picked":"Guardian:CrystalBeam+1","floor":42},{"not_picked":["Guardian:Preprogram+1","Guardian:CrystalBeam+1"],"picked":"Guardian:Planning+1","floor":45},{"not_picked":["Guardian:Suspension","Guardian:Gem_Green"],"picked":"Guardian:Gem_White","floor":46},{"not_picked":["Guardian:RollAttack","Guardian:PrismaticBeam"],"picked":"Guardian:DecasProtection","floor":48},{"not_picked":["Guardian:PolyBeam","Guardian:StasisField"],"picked":"Guardian:ShieldCharger+1","floor":51},{"not_picked":["Guardian:Emergency+1","Guardian:ChargeCore+1"],"picked":"Guardian:Clone","floor":54}],"player_experience":106918,"relics_obtained":[{"floor":7,"key":"Pen Nib"},{"floor":8,"key":"hubris:AstralHammer"},{"floor":11,"key":"Gremlin Horn"},{"floor":16,"key":"hubris:BundleOfHerbs"},{"floor":26,"key":"Unceasing Top"},{"floor":29,"key":"Dream Catcher"},{"floor":43,"key":"Anchor"},{"floor":48,"key":"hubris:SlimyHat"},{"floor":54,"key":"Orichalcum"}],"event_choices":[{"damage_healed":0,"gold_gain":0,"player_choice":"Success","damage_taken":3,"relics_obtained":["Nunchaku"],"max_hp_gain":0,"max_hp_loss":0,"event_name":"Scrap Ooze","floor":9,"gold_loss":0}],"is_beta":false,"boss_relics":[{"not_picked":["hubris:CrackedHourglass","Snecko Eye"],"picked":"Coffee Dripper"},{"not_picked":["Astrolabe","SacredBark"],"picked":"Cursed Key"}],"items_purged_floors":[50],"is_endless":false,"potions_floor_spawned":[6,14,17,18,23,33,34,35,39,42,48,51,54],"ascension_level":0}}