{"host":"3e0ozxgvakhpyzf0","time":1610815807,"event":{"mods":["BaseMod","Colored Powertips","Googly Eyes","Hermit","Marisa????????","Minty Spire (QoL Compilation)","READ ME - Guardian Mod","StSLib","The Animator","The Bug Knight","The Cursed","The Servant 0.9.4"],"gold_per_floor":[110,110,110,124,142,142,159,159,159,7,7,7,19,19,19,115,115,127,127,144,144,144],"floor_reached":21,"language":"ENG","playtime":1227,"items_purged":[],"score":169,"play_id":"06177774-67ac-43d2-b5e1-4f722c8148b7","local_time":"20210116115007","is_ascension_mode":false,"campfire_choices":[{"floor":6,"key":"RECALL"},{"data":"HollowMod:HowlingWraiths","floor":8,"key":"SMITH"},{"data":"HollowMod:PogoStrike","floor":11,"key":"SMITH"},{"data":"HollowMod:CycloneSlash","floor":15,"key":"SMITH"}],"circlet_count":0,"master_deck":["HollowMod:NailStrikeStart+1","HollowMod:NailStrikeStart+1","HollowMod:QuickDashStart+1","HollowMod:QuickDashStart+1","HollowMod:QuickDashStart+1","HollowMod:FocusHealStart+1","HollowMod:PogoStrike+1","HollowMod:HowlingWraiths+1","HollowMod:SharpenedNail","HollowMod:SharpenedNail","HollowMod:MonarchWings","HollowMod:CycloneSlash+1","HollowMod:VoidDash","HollowMod:FallenFury+1","HollowMod:SoulShaman+1","HollowMod:InfectedAttack+1","HollowMod:SoulSplash","HollowMod:ShadowDash+1"],"relics":["HollowMod:VesselMask","NeowsBlessing","Nunchaku","Astrolabe"],"acts_visited":["Exordium","TheCity"],"potions_floor_usage":[16,16,16],"damage_taken":[{"damage":0,"enemies":"Jaw Worm","floor":1,"turns":1},{"damage":0,"enemies":"Cultist","floor":4,"turns":1},{"damage":0,"enemies":"Small Slimes","floor":5,"turns":1},{"damage":0,"enemies":"Looter","floor":7,"turns":4},{"damage":2,"enemies":"Blue Slaver","floor":13,"turns":5},{"damage":86,"enemies":"Hexaghost","floor":16,"turns":13},{"damage":37,"enemies":"Shell Parasite","floor":18,"turns":6},{"damage":21,"enemies":"Chosen","floor":20,"turns":5},{"damage":31,"enemies":"Snake Plant","floor":21,"turns":3}],"seed_played":"2701575293672146297","potions_obtained":[{"floor":3,"key":"BlessingOfTheForge"},{"floor":3,"key":"Block Potion"},{"floor":3,"key":"Regen Potion"},{"floor":16,"key":"SteroidPotion"}],"is_trial":false,"path_per_floor":["M","?","?","M","M","R","M","R","T","$","R","$","M","?","R","B",null,"M","?","M","M"],"character_chosen":"THE_BUGKNIGHT","items_purchased":["Nunchaku"],"campfire_rested":0,"item_purchase_floors":[10],"current_hp_per_floor":[75,60,60,60,60,60,66,66,66,66,66,66,74,74,74,15,75,44,44,23,0,0],"gold":144,"neow_bonus":"THREE_ENEMY_KILL","is_daily":false,"chose_seed":false,"campfire_upgraded":3,"win_rate":0.0,"timestamp":1610815807,"path_taken":["M","?","?","M","?","R","M","R","T","$","R","$","?","?","R","BOSS","M","?","M","M"],"items_purchased_type":["Relic"],"build_version":"2020-12-22","purchased_purges":0,"victory":false,"max_hp_per_floor":[75,75,75,75,75,75,75,75,75,75,75,75,75,75,75,75,75,75,75,75,75,75],"card_choices":[{"not_picked":["HollowMod:TaintedHusks","HollowMod:SoulSplash"],"picked":"HollowMod:HowlingWraiths","floor":1},{"not_picked":["HollowMod:ChannelNail","HollowMod:DoubleDash"],"picked":"HollowMod:SharpenedNail","floor":4},{"not_picked":["HollowMod:BaldurShell","HollowMod:MothsMistake"],"picked":"HollowMod:SharpenedNail","floor":5},{"not_picked":["HollowMod:QuirrelsAssistance","HollowMod:NewJinnsSoul"],"picked":"HollowMod:MonarchWings","floor":7},{"not_picked":["HollowMod:DreamGate","HollowMod:NewJinnsSoul"],"picked":"HollowMod:CycloneSlash","floor":13},{"not_picked":["HollowMod:ElderbugsWisdom","HollowMod:SoulMaster"],"picked":"HollowMod:VoidDash","floor":16},{"not_picked":["HollowMod:CycloneSlash","HollowMod:InfectedAttack"],"picked":"HollowMod:SoulSplash","floor":18},{"not_picked":["HollowMod:ChannelNail","HollowMod:TaintedHusks"],"picked":"HollowMod:ShadowDash+1","floor":20}],"player_experience":32843,"relics_obtained":[],"event_choices":[{"damage_healed":0,"gold_gain":0,"player_choice":"Entered Light","damage_taken":15,"max_hp_gain":0,"max_hp_loss":0,"event_name":"Shining Light","floor":2,"gold_loss":0,"cards_upgraded":["HollowMod:NailStrikeStart","HollowMod:FocusHealStart"]},{"damage_healed":0,"gold_gain":0,"player_choice":"Got Potions","damage_taken":0,"max_hp_gain":0,"max_hp_loss":0,"event_name":"Lab","floor":3,"gold_loss":0},{"damage_healed":0,"gold_gain":0,"player_choice":"Ignored","damage_taken":0,"max_hp_gain":0,"max_hp_loss":0,"event_name":"Golden Idol","floor":14,"gold_loss":0},{"damage_healed":0,"gold_gain":0,"player_choice":"Simplicity","damage_taken":0,"max_hp_gain":0,"max_hp_loss":0,"event_name":"Back to Basics","floor":19,"gold_loss":0,"cards_upgraded":["HollowMod:NailStrikeStart","HollowMod:QuickDashStart","HollowMod:QuickDashStart","HollowMod:QuickDashStart"]}],"is_beta":false,"boss_relics":[{"not_picked":["SacredBark","Velvet Choker"],"picked":"Astrolabe"}],"items_purged_floors":[],"is_endless":false,"potions_floor_spawned":[5,13,16],"killed_by":"Snake Plant","ascension_level":0}}