{"host":"7z347kdhnquy3q4q","time":1610763860,"event":{"mods":["Act Like it!","Aspiration","BaseMod","Downfall","Hubris","Infinite Spire","Minty Spire (QoL Compilation)","MostiFishMod","Pale of the Ancients","Permanent Neow","Potionbrewer","Robot Space Explorer","Spicy Shops","StSLib","Wandering Minibosses","vexMod"],"gold_per_floor":[110,40,115,115,133,133,146,182,234,77,103,146,146,185,185,308,308,326,344,364,0,18,18,51,51,51,51,67,67,67,90,90,214,214,227,227,227,1028,1042,1083,1083,1083,1083,1095,38,54,68,68,68,68],"floor_reached":51,"language":"ENG","playtime":3069,"items_purged":["potionbrewer:PotionbrewerDefend","Pain","Decay"],"score":1237,"play_id":"37f7e2ca-8ec0-474b-8d10-5eaefbed0c4d","local_time":"20210115202420","is_ascension_mode":true,"campfire_choices":[{"floor":6,"key":"REST"},{"data":"potionbrewer:BlindingSpray","floor":13,"key":"SMITH"},{"data":"potionbrewer:FortifiedSerum","floor":15,"key":"SMITH"},{"data":"potionbrewer:AcidCloud","floor":23,"key":"SMITH"},{"data":"potionbrewer:Fuel","floor":25,"key":"SMITH"},{"data":"potionbrewer:FlashPowder","floor":29,"key":"SMITH"},{"data":"Ghostly","floor":32,"key":"SMITH"},{"data":"infinitespire:Gouge","floor":41,"key":"SMITH"},{"data":"potionbrewer:TheFinalStraw","floor":49,"key":"SMITH"}],"circlet_count":0,"master_deck":["potionbrewer:PotionbrewerStrike","potionbrewer:PotionbrewerStrike","potionbrewer:PotionbrewerStrike","potionbrewer:PotionbrewerStrike","potionbrewer:PotionbrewerDefend","potionbrewer:PotionbrewerDefend","potionbrewer:PotionbrewerDefend","potionbrewer:Collect","potionbrewer:ChemicalSpill","potionbrewer:Contingency","potionbrewer:Fuel+1","potionbrewer:BlindingSpray+1","potionbrewer:MicrobeSpray","potionbrewer:Spark","potionbrewer:FortifiedSerum+1","potionbrewer:WizBang","potionbrewer:RefinedProcess","potionbrewer:Toxicity+1","potionbrewer:Smack","potionbrewer:ChokingPowder","potionbrewer:AcidCloud+1","Swift Strike","potionbrewer:CrossReference","potionbrewer:DigDeep","potionbrewer:FlashPowder+1","Ghostly","Ghostly","Ghostly","Ghostly","Ghostly+1","potionbrewer:ChemicalWeapons","potionbrewer:TheFinalStraw+1","potionbrewer:ExothermicReaction+1","infinitespire:Gouge+1","potionbrewer:Refill","potionbrewer:TestFormula","potionbrewer:ChokingPowder","Finesse","potionbrewer:AnotherRound","potionbrewer:ChemicalWeapons"],"relics":["potionbrewer:PotionKit","DaveBox","PatriotShield","aspiration:Nostalgia","Ring of the Snake","SynthV:TestCard","Golden Idol","Blood Vial","hubris:ToyBattleship","hubris:TenFootPole","Regal Pillow","Boot","hubris:GlazedTorus","vexMod:TanglingVine","Bottled Lightning","Ornamental Fan","Lantern","ShadowXiaoBlade","hubris:OldNail","WarpedTongs","wanderingMiniBosses:MasterThiefsPresence","aspiration:FrozenJewel","MawBank","potionbrewer:ElricsMonocle","Kunai","Chemical X","Mummified Hand"],"acts_visited":["Exordium","TheCity","TheBeyond"],"potions_floor_usage":[8,16,18,20,22,24,24,33,35,39,40],"damage_taken":[{"damage":0,"enemies":"Jaw Worm","floor":1,"turns":1},{"damage":0,"enemies":"infinitespire:Voidling","floor":5,"turns":1},{"damage":0,"enemies":"2 Louse","floor":7,"turns":1},{"damage":0,"enemies":"Lagavulin","floor":8,"turns":2},{"damage":0,"enemies":"Gremlin Nob","floor":12,"turns":2},{"damage":0,"enemies":"Lagavulin","floor":14,"turns":2},{"damage":0,"enemies":"Hexaghost","floor":16,"turns":4},{"damage":0,"enemies":"3 Byrds","floor":18,"turns":2},{"damage":0,"enemies":"Spheric Guardian","floor":19,"turns":1},{"damage":0,"enemies":"Snake Plant","floor":20,"turns":7},{"damage":0,"enemies":"Chosen and Byrds","floor":22,"turns":7},{"damage":0,"enemies":"Nightmare","floor":24,"turns":3},{"damage":0,"enemies":"Centurion and Healer","floor":28,"turns":3},{"damage":0,"enemies":"Snake Plant","floor":31,"turns":2},{"damage":0,"enemies":"Collector","floor":33,"turns":3},{"damage":0,"enemies":"Orb Walker","floor":35,"turns":2},{"damage":0,"enemies":"3 Shapes","floor":38,"turns":5},{"damage":0,"enemies":"3 Darklings","floor":39,"turns":1},{"damage":0,"enemies":"Reptomancer","floor":40,"turns":2},{"damage":0,"enemies":"Sphere and 2 Shapes","floor":46,"turns":1},{"damage":0,"enemies":"Jaw Worm Horde","floor":47,"turns":1},{"damage":0,"enemies":"Time Eater","floor":50,"turns":5}],"seed_played":"-5330950098604436674","potions_obtained":[{"floor":1,"key":"Block Potion"},{"floor":5,"key":"SteroidPotion"},{"floor":14,"key":"potionbrewer:ToxicPotion"},{"floor":18,"key":"potionbrewer:ToxicPotion"},{"floor":22,"key":"Energy Potion"},{"floor":28,"key":"GamblersBrew"},{"floor":33,"key":"potionbrewer:EndurancePotion"},{"floor":39,"key":"potionbrewer:DiscountPotion"},{"floor":40,"key":"champ:CounterPotion"},{"floor":46,"key":"FearPotion"}],"is_trial":false,"path_per_floor":["M","$","?","?","M","R","M","E","T","$","T","E","R","E","R","B",null,"M","M","M","$","M","R","NM","R","T","?","M","R","?","M","R","B",null,"M","AVR","?","M","M","E","R","?","T","?","$","M","M","?","R","B",null],"character_chosen":"POTIONBREWER","items_purchased":["potionbrewer:Fuel","hubris:TenFootPole","potionbrewer:AcidCloud","Bottled Lightning","Swift Strike","Kunai","Chemical X","Mummified Hand","Finesse","potionbrewer:AnotherRound"],"campfire_rested":1,"item_purchase_floors":[2,10,21,21,21,45,45,45,45,45],"current_hp_per_floor":[75,75,64,46,46,68,68,68,68,68,68,70,70,72,72,74,75,75,75,75,75,75,75,75,75,75,75,75,75,37,37,37,37,37,37,37,37,37,37,37,37,37,37,37,37,37,37,37,37,37],"gold":68,"neow_bonus":"NOSTALGIA","is_daily":false,"chose_seed":false,"campfire_upgraded":8,"win_rate":0.0,"timestamp":1610763860,"path_taken":["M","$","?","?","M","R","M","E","T","$","?","E","R","E","R","BOSS","M","?","M","$","M","R","NM","R","T","?","M","R","?","M","R","BOSS","M","AVR","?","?","M","E","R","?","T","?","$","M","?","?","R","BOSS"],"items_purchased_type":["Card","Relic","Card","Relic","Card","Relic","Relic","Relic","Card","Card"],"build_version":"2020-12-22","purchased_purges":3,"victory":true,"max_hp_per_floor":[75,75,75,75,75,75,75,75,75,75,75,75,75,75,75,75,75,75,75,75,75,75,75,75,75,75,75,75,75,37,37,37,37,37,37,37,37,37,37,37,37,37,37,37,37,37,37,37,37,37],"card_choices":[{"not_picked":["potionbrewer:Biohazard","potionbrewer:Backhand"],"picked":"potionbrewer:Contingency","floor":1},{"not_picked":["potionbrewer:Smack","potionbrewer:MicrobeSpray","potionbrewer:EmptyBottle","potionbrewer:Smokescreen"],"picked":"potionbrewer:BlindingSpray","floor":5},{"not_picked":["potionbrewer:AlchemistForm","potionbrewer:Smokescreen","potionbrewer:Biohazard","potionbrewer:Refill"],"picked":"potionbrewer:MicrobeSpray","floor":7},{"not_picked":["potionbrewer:PotentialEnergy","potionbrewer:ChainReaction","potionbrewer:Biohazard","potionbrewer:Smack"],"picked":"potionbrewer:Spark","floor":8},{"not_picked":["potionbrewer:BlindingSpray","potionbrewer:IronFist","potionbrewer:Spark","potionbrewer:TimeBomb"],"picked":"potionbrewer:FortifiedSerum","floor":12},{"not_picked":["potionbrewer:Refill","potionbrewer:FlashPowder","potionbrewer:OneTwoPunch","potionbrewer:QuickStep"],"picked":"potionbrewer:WizBang","floor":14},{"not_picked":["potionbrewer:Accelerant","potionbrewer:IronFlesh","potionbrewer:Hoarder","potionbrewer:Catalyze"],"picked":"potionbrewer:RefinedProcess","floor":16},{"not_picked":["potionbrewer:Contingency+1","potionbrewer:Brandish","potionbrewer:BlindingSpray","potionbrewer:MicrobeSpray"],"picked":"potionbrewer:Toxicity+1","floor":18},{"not_picked":["potionbrewer:ChemicalShroud","potionbrewer:Toxicity+1","potionbrewer:Refill","potionbrewer:Shovel+1"],"picked":"potionbrewer:Smack","floor":19},{"not_picked":["potionbrewer:LabAccident","potionbrewer:LeftoverSpecimen","potionbrewer:CausticBarrier","potionbrewer:UnstableFormula"],"picked":"potionbrewer:ChokingPowder","floor":20},{"not_picked":["potionbrewer:Brandish","potionbrewer:FortifiedSerum+1","potionbrewer:UnstableFormula+1","potionbrewer:BalancedFormula"],"picked":"potionbrewer:CrossReference","floor":22},{"not_picked":["potionbrewer:BlindingSpray","potionbrewer:CausticBarrier","potionbrewer:OneTwoPunch","potionbrewer:CrossReference+1"],"picked":"potionbrewer:DigDeep","floor":24},{"not_picked":["potionbrewer:Smokescreen","potionbrewer:FortifiedSerum","potionbrewer:QuickStep","potionbrewer:Toxicity+1"],"picked":"potionbrewer:FlashPowder","floor":28},{"not_picked":["potionbrewer:Discombobulate+1","potionbrewer:Smokescreen","potionbrewer:Smack","potionbrewer:Refill+1"],"picked":"potionbrewer:ChemicalWeapons","floor":31},{"not_picked":["potionbrewer:AlchemistForm","potionbrewer:BeatDown","potionbrewer:TwoForOne","potionbrewer:RefinedProcess"],"picked":"potionbrewer:TheFinalStraw","floor":33},{"not_picked":["potionbrewer:Brandish+1","potionbrewer:Contingency+1","potionbrewer:LabJournal+1","potionbrewer:EmptyBottle+1"],"picked":"potionbrewer:ExothermicReaction+1","floor":35},{"not_picked":["potionbrewer:TimeBomb","potionbrewer:ChemicalWeapons+1","potionbrewer:Toxicity+1","potionbrewer:Smack"],"picked":"potionbrewer:Refill","floor":38},{"not_picked":["potionbrewer:VolatileSolution+1","potionbrewer:LeftoverSpecimen+1","potionbrewer:Contingency","potionbrewer:LabJournal+1","potionbrewer:CausticBarrier"],"picked":"SKIP","floor":39},{"not_picked":["potionbrewer:ChainReaction","potionbrewer:Shovel","potionbrewer:HazardousMaterials","potionbrewer:EquivalentExchange"],"picked":"potionbrewer:TestFormula","floor":40},{"not_picked":["potionbrewer:OneTwoPunch+1","potionbrewer:CausticBarrier","potionbrewer:Contingency","potionbrewer:TestFormula","potionbrewer:Smokescreen"],"picked":"SKIP","floor":46},{"not_picked":["potionbrewer:QuickStep+1","potionbrewer:LabAccident+1","potionbrewer:ExplosiveReaction","potionbrewer:FlashPowder"],"picked":"potionbrewer:ChemicalWeapons","floor":47}],"player_experience":1983920,"relics_obtained":[{"floor":1,"key":"SynthV:TestCard"},{"floor":8,"key":"Blood Vial"},{"floor":9,"key":"hubris:ToyBattleship"},{"floor":11,"key":"Regal Pillow"},{"floor":12,"key":"Boot"},{"floor":14,"key":"hubris:GlazedTorus"},{"floor":24,"key":"Ornamental Fan"},{"floor":26,"key":"Lantern"},{"floor":38,"key":"wanderingMiniBosses:MasterThiefsPresence"},{"floor":40,"key":"aspiration:FrozenJewel"},{"floor":43,"key":"MawBank"},{"floor":44,"key":"potionbrewer:ElricsMonocle"}],"event_choices":[{"damage_healed":0,"gold_gain":75,"player_choice":"Gather Gold","damage_taken":11,"max_hp_gain":0,"max_hp_loss":0,"event_name":"World of Goop","floor":3,"gold_loss":0},{"damage_healed":0,"gold_gain":0,"player_choice":"Take Damage","damage_taken":18,"relics_obtained":["Golden Idol"],"max_hp_gain":0,"max_hp_loss":0,"event_name":"Golden Idol","floor":4,"gold_loss":0},{"damage_healed":0,"gold_gain":0,"player_choice":"Became a Ghost","damage_taken":0,"max_hp_gain":0,"max_hp_loss":38,"event_name":"Ghosts","floor":30,"gold_loss":0,"cards_obtained":["Ghostly","Ghostly","Ghostly","Ghostly","Ghostly"]},{"damage_healed":0,"gold_gain":0,"player_choice":"Rummage","damage_taken":0,"relics_obtained":["WarpedTongs"],"max_hp_gain":0,"max_hp_loss":0,"event_name":"Accursed Blacksmith","floor":37,"gold_loss":0,"cards_obtained":["Pain"]},{"damage_healed":0,"gold_gain":0,"player_choice":"Got Potions","damage_taken":0,"max_hp_gain":0,"max_hp_loss":0,"event_name":"Lab","floor":44,"gold_loss":0}],"is_beta":false,"boss_relics":[{"not_picked":["Busted Crown","SlaversCollar"],"picked":"vexMod:TanglingVine"},{"not_picked":["Astrolabe","Snecko Eye"],"picked":"ShadowXiaoBlade"}],"items_purged_floors":[36,45,45],"is_endless":false,"potions_floor_spawned":[1,5,14,18,22,28,33,39,40,46],"ascension_level":2}}