{"host":"jkrqlov8aogccnw1","time":1610771748,"event":{"mods":["Arknights The Spire","BaseMod","Colored Map","Colored Powertips","GifTheSpireLib","Minty Spire (QoL Compilation)","Permanent Neow","Puzzle Mod","Rare Cards Sparkle","Relic Filter","StSLib"],"gold_per_floor":[110,110,110,164,182,182,212,212,212,212,48,62,81,81,81],"floor_reached":14,"language":"ENG","playtime":586,"items_purged":[],"score":88,"play_id":"4666827e-bc83-41a5-94a8-31fbe6ebde68","local_time":"20210115233548","is_ascension_mode":false,"campfire_choices":[{"data":"ats:Healing Strengthening","floor":6,"key":"SMITH"}],"circlet_count":0,"master_deck":["ats:Strike C","ats:Strike G","ats:Strike S","ats:Strike V","ats:Armor Crushing Shot","ats:Defend+1","ats:Defend","ats:Defend","ats:Defend","ats:Emotion Absorption+1","Deep Breath","ats:Revitalization+1","ats:Healing Strengthening+1","Regret","ats:Dogmatic Field","ats:Revitalization","ats:Revitalization"],"relics":["ats:Sanity","Bronze Scales","Bag of Marbles","ats:Originium","Ancient Tea Set","Smiling Mask","Orichalcum"],"acts_visited":["Exordium"],"potions_floor_usage":[14,14,14],"damage_taken":[{"damage":2,"enemies":"2 Louse","floor":1,"turns":3},{"damage":0,"enemies":"Jaw Worm","floor":5,"turns":5},{"damage":91,"enemies":"Lagavulin","floor":7,"turns":13},{"damage":17,"enemies":"Small Slimes","floor":12,"turns":5},{"damage":54,"enemies":"2 Fungi Beasts","floor":13,"turns":8},{"damage":136,"enemies":"Gremlin Nob","floor":14,"turns":6}],"seed_played":"-4033721357916526205","potions_obtained":[{"floor":1,"key":"Weak Potion"},{"floor":5,"key":"ColorlessPotion"},{"floor":12,"key":"Fire Potion"}],"is_trial":false,"path_per_floor":["M","?","?","T","M","R","E","?","T","?","$","M","M","E"],"character_chosen":"DOCTOR_CLASS","items_purchased":["ats:Dogmatic Field"],"campfire_rested":0,"item_purchase_floors":[11],"current_hp_per_floor":[70,56,49,49,55,55,70,70,70,70,70,67,70,0,0],"gold":81,"neow_bonus":"RANDOM_COLORLESS","is_daily":false,"chose_seed":false,"campfire_upgraded":1,"win_rate":0.0,"timestamp":1610771748,"path_taken":["M","?","?","?","M","R","E","?","T","?","?","?","M","E"],"items_purchased_type":["Card"],"build_version":"2020-12-22","purchased_purges":0,"victory":false,"max_hp_per_floor":[72,72,72,72,72,72,72,72,72,72,72,72,72,72,72],"card_choices":[{"not_picked":["Purity","Finesse"],"picked":"Deep Breath","floor":0},{"not_picked":["ats:LN2 Cannon","ats:Leaping Hammer"],"picked":"ats:Revitalization","floor":1},{"not_picked":["ats:Cat Scratch","ats:Consecutive Shot Auto"],"picked":"ats:Healing Strengthening","floor":5},{"not_picked":["ats:Sunburst","ats:Explosion Area Strengthen","ats:Sword Rain"],"picked":"SKIP","floor":7},{"not_picked":["ats:Explosion Area Strengthen","ats:Consecutive Shot Auto"],"picked":"ats:Revitalization","floor":12},{"not_picked":["ats:Encircling Forest","ats:Consecutive Shot Auto"],"picked":"ats:Revitalization","floor":13}],"player_experience":150857,"relics_obtained":[{"floor":4,"key":"Bag of Marbles"},{"floor":7,"key":"ats:Originium"},{"floor":7,"key":"Ancient Tea Set"},{"floor":9,"key":"Orichalcum"}],"event_choices":[{"damage_healed":0,"gold_gain":0,"player_choice":"Entered Light","damage_taken":14,"max_hp_gain":0,"max_hp_loss":0,"event_name":"Shining Light","floor":2,"gold_loss":0,"cards_upgraded":["ats:Revitalization","ats:Defend"]},{"damage_healed":0,"gold_gain":0,"player_choice":"Success","damage_taken":7,"relics_obtained":["Bronze Scales"],"max_hp_gain":0,"max_hp_loss":0,"event_name":"Scrap Ooze","floor":3,"gold_loss":0},{"damage_healed":0,"gold_gain":0,"player_choice":"Box","damage_taken":0,"relics_obtained":["Smiling Mask"],"max_hp_gain":0,"max_hp_loss":0,"event_name":"Big Fish","floor":8,"gold_loss":0,"cards_obtained":["Regret"]},{"damage_healed":0,"gold_gain":0,"player_choice":"Grow","damage_taken":0,"max_hp_gain":0,"max_hp_loss":0,"event_name":"Living Wall","floor":10,"gold_loss":0,"cards_upgraded":["ats:Emotion Absorption"]}],"is_beta":false,"boss_relics":[],"items_purged_floors":[],"is_endless":false,"potions_floor_spawned":[1,5,12],"killed_by":"Gremlin Nob","ascension_level":0}}