{"host":"y3h3n3f7seyagppx","time":1610827190,"event":{"mods":["AlwaysNeverKeys","BaseMod","Better Vampires","Colored Powertips","DeckTracker","Emptier Cage","Minty Spire (QoL Compilation)","Permanent Neow","Quick Restart","Rare Cards Sparkle","Relic Sorter","Relic Stats","StSLib","Transform Curses"],"gold_per_floor":[12,32,49,49,62,93,93,123,123,123,135,152,152,168,168,168,168],"floor_reached":16,"language":"ENG","playtime":10625,"items_purged":[],"score":228,"play_id":"c4f1cfea-4388-46f4-bf10-65eba2d0088b","local_time":"20210116145950","is_ascension_mode":true,"campfire_choices":[{"floor":7,"key":"REST"},{"floor":10,"key":"REST"},{"data":"Sweeping Beam","floor":13,"key":"SMITH"},{"data":"Rebound","floor":15,"key":"SMITH"}],"circlet_count":0,"master_deck":["AscendersBane","Strike_B","Strike_B","Strike_B","Strike_B","Defend_B","Defend_B","Defend_B","Zap","Dualcast","Seek","Rebound+1","Conserve Battery","Creative AI","Sweeping Beam+1","BootSequence","Undo","Genetic Algorithm"],"relics":["Cracked Core","Tiny Chest","Ancient Tea Set","Singing Bowl"],"acts_visited":["Exordium"],"potions_floor_usage":[5,8,8,16,16],"damage_taken":[{"damage":1,"enemies":"Cultist","floor":1,"turns":3},{"damage":0,"enemies":"2 Louse","floor":2,"turns":2},{"damage":7,"enemies":"Small Slimes","floor":3,"turns":3},{"damage":19,"enemies":"Gremlin Gang","floor":5,"turns":5},{"damage":28,"enemies":"Lagavulin","floor":6,"turns":7},{"damage":20,"enemies":"Gremlin Nob","floor":8,"turns":4},{"damage":0,"enemies":"2 Fungi Beasts","floor":11,"turns":2},{"damage":0,"enemies":"Red Slaver","floor":12,"turns":4},{"damage":0,"enemies":"Looter","floor":14,"turns":4},{"damage":43,"enemies":"Slime Boss","floor":16,"turns":9}],"seed_played":"-3104712455949606611","potions_obtained":[{"floor":1,"key":"Block Potion"},{"floor":3,"key":"Swift Potion"},{"floor":6,"key":"Block Potion"},{"floor":11,"key":"AttackPotion"},{"floor":12,"key":"Swift Potion"}],"is_trial":false,"path_per_floor":["M","M","M","?","M","E","R","E","T","R","M","M","R","M","R","B"],"character_chosen":"DEFECT","items_purchased":[],"campfire_rested":2,"item_purchase_floors":[],"current_hp_per_floor":[63,63,56,56,37,9,30,10,10,31,31,33,33,33,33,0,0],"gold":168,"neow_bonus":"THREE_RARE_CARDS","is_daily":false,"chose_seed":false,"campfire_upgraded":2,"win_rate":0.0,"timestamp":1610827190,"path_taken":["M","M","M","?","M","E","R","E","T","R","M","?","R","M","R","BOSS"],"items_purchased_type":[],"build_version":"2020-12-22","purchased_purges":0,"victory":false,"max_hp_per_floor":[71,71,71,71,71,71,71,71,71,71,71,73,73,73,73,73,73],"relic_stats":{"Singing Bowl":2,"counters":[10,43],"Tiny Chest":0,"obtain_stats":[{"Singing Bowl":9,"Tiny Chest":6,"Cracked Core":0,"Ancient Tea Set":8},{"Singing Bowl":6,"Tiny Chest":5,"Cracked Core":0,"Ancient Tea Set":6},{"Singing Bowl":24,"Tiny Chest":20,"Cracked Core":0,"Ancient Tea Set":24}]},"card_choices":[{"not_picked":["Fission","Creative AI"],"picked":"Seek","floor":0},{"not_picked":["Leap","Redo"],"picked":"Rebound","floor":1},{"not_picked":["Reprogram","Leap"],"picked":"Conserve Battery","floor":2},{"not_picked":["Force Field","Consume","Turbo"],"picked":"SKIP","floor":3},{"not_picked":["Capacitor","Sweeping Beam"],"picked":"Creative AI","floor":5},{"not_picked":["Hello World","Capacitor"],"picked":"Sweeping Beam","floor":6},{"not_picked":["Hello World","Gash"],"picked":"BootSequence","floor":8},{"not_picked":["Streamline","FTL"],"picked":"Undo","floor":11},{"not_picked":["Compile Driver","Conserve Battery","Sweeping Beam"],"picked":"Singing Bowl","floor":12},{"not_picked":["Gash","Scrape"],"picked":"Genetic Algorithm","floor":14}],"player_experience":21085991,"relics_obtained":[{"floor":6,"key":"Tiny Chest"},{"floor":8,"key":"Ancient Tea Set"},{"floor":9,"key":"Singing Bowl"}],"event_choices":[{"cards_removed":["Defend_B"],"damage_healed":0,"gold_gain":0,"player_choice":"Offered Basic","damage_taken":0,"max_hp_gain":0,"max_hp_loss":0,"event_name":"Bonfire Elementals","floor":4,"gold_loss":0}],"is_beta":false,"boss_relics":[],"items_purged_floors":[],"is_endless":false,"potions_floor_spawned":[1,3,6,11,12],"killed_by":"Slime Boss","ascension_level":20}}