{"host":"0997y4wz57mwz0jp","time":1610805076,"event":{"mods":["2.2 Compatiblity","AchievementEnabler","BaseMod","CapriCore","Hermit","Koishi","Marisa£¨Ùöéë¡¡Øª×âÞÞ£©","Minty Spire (QoL Compilation)","StSLib","The Cursed","The Dragon Tamer","The Gatherer","The Hierophant","The Immortal"],"gold_per_floor":[114,125,125,137,156,181,181,208,233,245,260,285,303,303,303,303,303],"floor_reached":16,"language":"KOR","playtime":1001,"items_purged":[],"score":114,"play_id":"8c3935bc-4cb5-4716-90bb-e72f8882aab8","local_time":"20210116225116","is_ascension_mode":false,"campfire_choices":[{"floor":15,"key":"REST"}],"circlet_count":0,"master_deck":["Koishi:BasicStrike","Koishi:BasicStrike","Koishi:BasicStrike","Koishi:BasicStrike","Koishi:BasicDefend","Koishi:BasicDefend","Koishi:BasicDefend","Koishi:BasicDefend","Koishi:Provoke","Koishi:HauntingSlash+1","Koishi:SubconsciousSweep","Koishi:HeartAttack","Koishi:FreudianInstinct","Koishi:FleetingPhantom","Koishi:UnconsciousUprising","Regret","Koishi:FleetingPhantom","Koishi:UnseenTerror","Koishi:RorschachInDanmaku","Koishi:ParalyzingFear","Koishi:SubconsciousSweep"],"relics":["Koishi:ImaginaryFriend","Smiling Mask","Juzu Bracelet","Odd Mushroom","Omamori","Koishi:LettersToReimu"],"acts_visited":["Exordium"],"potions_floor_usage":[12],"damage_taken":[{"damage":1,"enemies":"Jaw Worm","floor":1,"turns":5},{"damage":1,"enemies":"Cultist","floor":2,"turns":4},{"damage":0,"enemies":"Small Slimes","floor":4,"turns":2},{"damage":11,"enemies":"Blue Slaver","floor":5,"turns":4},{"damage":27,"enemies":"3 Sentries","floor":6,"turns":8},{"damage":36,"enemies":"The Mushroom Lair","floor":8,"turns":5},{"damage":1,"enemies":"Large Slime","floor":10,"turns":4},{"damage":5,"enemies":"3 Louse","floor":11,"turns":3},{"damage":12,"enemies":"Gremlin Nob","floor":12,"turns":5},{"damage":0,"enemies":"Looter","floor":13,"turns":3},{"damage":22,"enemies":"Hexaghost","floor":16,"turns":12}],"seed_played":"3189329390277608255","potions_obtained":[{"floor":2,"key":"FairyPotion"},{"floor":4,"key":"Swift Potion"},{"floor":10,"key":"SteroidPotion"},{"floor":11,"key":"Energy Potion"},{"floor":13,"key":"SteroidPotion"}],"is_trial":false,"path_per_floor":["M","M","?","M","M","E","?","?","T","M","M","E","M","?","R","B"],"character_chosen":"KOISHI","items_purchased":[],"campfire_rested":1,"item_purchase_floors":[],"current_hp_per_floor":[66,66,66,66,56,29,29,19,19,18,14,2,2,2,21,0,0],"gold":303,"neow_bonus":"TEN_PERCENT_HP_BONUS","is_daily":false,"chose_seed":false,"campfire_upgraded":0,"win_rate":0.0,"timestamp":1610805076,"path_taken":["M","M","?","M","?","E","?","?","T","M","M","E","M","?","R","BOSS"],"items_purchased_type":[],"build_version":"2020-12-22","purchased_purges":0,"victory":false,"max_hp_per_floor":[66,66,66,66,66,66,66,66,66,66,66,66,66,66,66,66,66],"card_choices":[{"not_picked":["Koishi:FleetingPhantom","Koishi:UnansweredLove"],"picked":"Koishi:SubconsciousSweep","floor":1},{"not_picked":["Koishi:ReflexRadar","Koishi:StingingMind"],"picked":"Koishi:HeartAttack","floor":2},{"not_picked":["Koishi:SubterraneanRose","Koishi:SubconsciousSweep"],"picked":"Koishi:FreudianInstinct","floor":4},{"not_picked":["Koishi:BloodcurdlingScream","Koishi:SubconsciousSweep"],"picked":"Koishi:FleetingPhantom","floor":5},{"not_picked":["Koishi:PhilosophyOfTheDespised","Koishi:GrowingPain"],"picked":"Koishi:UnconsciousUprising","floor":6},{"not_picked":["Koishi:PhilosophyOfTheDespised","Koishi:BloodcurdlingScream"],"picked":"Koishi:FleetingPhantom","floor":8},{"not_picked":["Koishi:Whimsy","Koishi:BloodcurdlingScream"],"picked":"Koishi:UnseenTerror","floor":10},{"not_picked":["Koishi:ReflexRadar","Koishi:BloodcurdlingScream"],"picked":"Koishi:RorschachInDanmaku","floor":11},{"not_picked":["Koishi:EmbryosDream","Koishi:TraumaticStroke"],"picked":"Koishi:ParalyzingFear","floor":12},{"not_picked":["Koishi:RuptureMind","Koishi:Vanish"],"picked":"Koishi:SubconsciousSweep","floor":13}],"player_experience":102958,"relics_obtained":[{"floor":6,"key":"Smiling Mask"},{"floor":8,"key":"Odd Mushroom"},{"floor":9,"key":"Omamori"},{"floor":12,"key":"Koishi:LettersToReimu"}],"event_choices":[{"cards_removed":["Normality"],"damage_healed":0,"gold_gain":0,"player_choice":"Took Card","damage_taken":0,"max_hp_gain":0,"max_hp_loss":0,"event_name":"NoteForYourself","floor":3,"gold_loss":0,"cards_obtained":["Normality"]},{"damage_healed":0,"gold_gain":0,"player_choice":"Box","damage_taken":0,"relics_obtained":["Juzu Bracelet"],"max_hp_gain":0,"max_hp_loss":0,"event_name":"Big Fish","floor":7,"gold_loss":0,"cards_obtained":["Regret"]},{"damage_healed":0,"gold_gain":0,"player_choice":"Fought Mushrooms","damage_taken":0,"max_hp_gain":0,"max_hp_loss":0,"event_name":"Mushrooms","floor":8,"gold_loss":0},{"damage_healed":0,"gold_gain":0,"player_choice":"Grow","damage_taken":0,"max_hp_gain":0,"max_hp_loss":0,"event_name":"Living Wall","floor":14,"gold_loss":0,"cards_upgraded":["Koishi:HauntingSlash"]}],"is_beta":false,"boss_relics":[],"items_purged_floors":[],"is_endless":false,"potions_floor_spawned":[2,4,10,11,13],"killed_by":"Hexaghost","ascension_level":0}}