{"host":"t7pj92rmddqyxjfj","time":1610827310,"event":{"mods":["AchievementEnabler","BaseMod","Colored Map","Colored Powertips","Minty Spire (QoL Compilation)","StSLib","SuperFastMode"],"gold_per_floor":[118,68,85,85,96,96,121,121,146,146,146,160,177,195,195,297,297,314,314,314,1,1,1,1,18,91,91,0,0,19,32,32,32,32],"floor_reached":33,"language":"ENG","playtime":816,"items_purged":["Bash"],"score":245,"play_id":"90fa7f4f-4f3d-4141-8a36-3a1a5f313c94","local_time":"20210116130150","is_ascension_mode":false,"campfire_choices":[{"floor":6,"key":"REST"},{"floor":8,"key":"REST"},{"floor":10,"key":"REST"},{"floor":15,"key":"REST"},{"floor":23,"key":"RECALL"},{"floor":32,"key":"REST"}],"circlet_count":0,"master_deck":["Strike_R","Strike_R","Strike_R","Strike_R","Strike_R","Defend_R","Defend_R","Defend_R","Shrug It Off","Perfected Strike","Rupture","Twin Strike","Brutality","Wild Strike","J.A.X.","Wild Strike","Pommel Strike+1"],"relics":["Burning Blood","NeowsBlessing","Vajra","Omamori","Juzu Bracelet","Cursed Key","HornCleat"],"acts_visited":["Exordium","TheCity"],"potions_floor_usage":[12,14,16,16,16,30],"damage_taken":[{"damage":0,"enemies":"Jaw Worm","floor":1,"turns":1},{"damage":0,"enemies":"Small Slimes","floor":3,"turns":1},{"damage":0,"enemies":"2 Louse","floor":5,"turns":1},{"damage":51,"enemies":"3 Sentries","floor":7,"turns":10},{"damage":33,"enemies":"Exordium Thugs","floor":12,"turns":6},{"damage":5,"enemies":"Looter","floor":13,"turns":4},{"damage":16,"enemies":"Blue Slaver","floor":14,"turns":3},{"damage":53,"enemies":"Hexaghost","floor":16,"turns":9},{"damage":19,"enemies":"Chosen","floor":18,"turns":6},{"damage":14,"enemies":"Shell Parasite","floor":25,"turns":4},{"damage":26,"enemies":"Shelled Parasite and Fungi","floor":30,"turns":6},{"damage":13,"enemies":"Centurion and Healer","floor":31,"turns":5},{"damage":50,"enemies":"Automaton","floor":33,"turns":4}],"seed_played":"-511893087412852099","potions_obtained":[{"floor":7,"key":"Swift Potion"},{"floor":11,"key":"BloodPotion"},{"floor":11,"key":"BlessingOfTheForge"},{"floor":13,"key":"Fruit Juice"},{"floor":14,"key":"DistilledChaos"},{"floor":25,"key":"Weak Potion"},{"floor":30,"key":"SpeedPotion"},{"floor":31,"key":"Block Potion"}],"is_trial":false,"path_per_floor":["M","?","M","?","M","R","E","R","T","R","?","M","M","M","R","B",null,"M","?","?","$","?","R","$","M","T","?","?","?","M","M","R","B"],"character_chosen":"IRONCLAD","items_purchased":["HornCleat"],"campfire_rested":5,"item_purchase_floors":[21],"current_hp_per_floor":[80,80,80,47,53,77,32,56,56,80,80,53,54,49,74,44,85,72,72,72,72,72,72,72,64,64,48,48,48,28,21,48,0,0],"gold":32,"neow_bonus":"THREE_ENEMY_KILL","is_daily":false,"chose_seed":false,"campfire_upgraded":0,"win_rate":0.0,"timestamp":1610827310,"path_taken":["M","?","M","?","?","R","E","R","T","R","?","M","M","M","R","BOSS","M","?","?","$","?","R","?","M","T","?","?","?","M","M","R","BOSS"],"items_purchased_type":["Relic"],"build_version":"2020-12-22","purchased_purges":1,"victory":false,"max_hp_per_floor":[80,80,80,80,80,80,80,80,80,80,80,80,80,85,85,85,85,85,85,85,85,85,85,85,85,85,90,90,90,90,90,90,90,90],"card_choices":[{"not_picked":["Armaments","True Grit"],"picked":"Flex","floor":1},{"not_picked":["Havoc","Intimidate"],"picked":"Shrug It Off","floor":3},{"not_picked":["Dark Embrace","Cleave"],"picked":"Perfected Strike","floor":5},{"not_picked":["Clothesline","Corruption","Warcry"],"picked":"SKIP","floor":7},{"not_picked":["Evolve","Uppercut"],"picked":"Rupture","floor":12},{"not_picked":["Whirlwind","Havoc","Fire Breathing"],"picked":"SKIP","floor":13},{"not_picked":["Anger","Sever Soul"],"picked":"Twin Strike","floor":14},{"not_picked":["Demon Form","Reaper"],"picked":"Brutality","floor":16},{"not_picked":["Dual Wield","Shockwave"],"picked":"Wild Strike","floor":18},{"not_picked":["Burning Pact","Rampage","Cleave"],"picked":"SKIP","floor":25},{"not_picked":["Second Wind+1","Metallicize"],"picked":"Pommel Strike+1","floor":30},{"not_picked":["True Grit+1","Searing Blow+1","Feel No Pain"],"picked":"SKIP","floor":31}],"player_experience":508648,"relics_obtained":[{"floor":7,"key":"Omamori"},{"floor":9,"key":"Juzu Bracelet"}],"event_choices":[{"cards_removed":["Defend_R"],"damage_healed":0,"gold_gain":0,"player_choice":"Card Removal","damage_taken":0,"max_hp_gain":0,"max_hp_loss":0,"event_name":"The Cleric","floor":2,"gold_loss":50},{"damage_healed":0,"gold_gain":0,"player_choice":"Success","damage_taken":33,"relics_obtained":["Vajra"],"max_hp_gain":0,"max_hp_loss":0,"event_name":"Scrap Ooze","floor":4,"gold_loss":0},{"damage_healed":0,"gold_gain":0,"player_choice":"Got Potions","damage_taken":0,"max_hp_gain":0,"max_hp_loss":0,"event_name":"Lab","floor":11,"gold_loss":0},{"damage_healed":0,"gold_gain":0,"player_choice":"Ignored","damage_taken":0,"max_hp_gain":0,"max_hp_loss":0,"event_name":"Ghosts","floor":19,"gold_loss":0},{"damage_healed":0,"gold_gain":0,"player_choice":"Obtain J.A.X.","damage_taken":0,"max_hp_gain":0,"max_hp_loss":0,"event_name":"Drug Dealer","floor":20,"gold_loss":0,"cards_obtained":["J.A.X."]},{"damage_healed":0,"gold_gain":0,"player_choice":"Shed Blood","damage_taken":21,"max_hp_gain":5,"max_hp_loss":0,"event_name":"Forgotten Altar","floor":27,"gold_loss":0},{"damage_healed":0,"gold_gain":0,"player_choice":"Paid Fearfully","damage_taken":0,"max_hp_gain":0,"max_hp_loss":0,"event_name":"Masked Bandits","floor":28,"gold_loss":91},{"damage_healed":0,"gold_gain":0,"cards_transformed":["Flex"],"player_choice":"Transformed","damage_taken":0,"max_hp_gain":0,"max_hp_loss":0,"event_name":"Transmorgrifier","floor":29,"gold_loss":0,"cards_obtained":["Wild Strike"]}],"is_beta":false,"boss_relics":[{"not_picked":["Runic Pyramid","Sozu"],"picked":"Cursed Key"}],"items_purged_floors":[21],"is_endless":false,"potions_floor_spawned":[7,13,14,25,30,31],"killed_by":"Automaton","ascension_level":0}}