{"host":"ibonnlq6s1c814xj","time":1610790462,"event":{"mods":["BaseMod","BetterRewards","Minty Spire (QoL Compilation)","Quick Restart","Shop Mod","¡¾ÒÅÎï¿¨ÅÆ¡¿REMEMod"],"gold_per_floor":[110,123,123,123,123,161,161,59,59,59,72,72,111,132,132,252,252,270,545,35,0,0],"floor_reached":21,"language":"ZHS","playtime":728,"items_purged":["Strike_R","Regret"],"score":204,"play_id":"80411116-f3d9-48da-aa56-02761b5fd6a9","local_time":"20210116174742","is_ascension_mode":true,"campfire_choices":[{"data":"Seeing Red","floor":7,"key":"SMITH"},{"floor":10,"key":"REST"},{"data":"Demon Form","floor":12,"key":"SMITH"},{"floor":15,"key":"REST"}],"circlet_count":0,"master_deck":["Strike_R","Strike_R","Defend_R","Defend_R","Defend_R","Bash","Demon Form+1","Flex","Demon Form","Injury","Seeing Red+1","Flex","REME_Cut","Immolate+1","Offering","Havoc","Brutality","REME_BattleFury"],"relics":["Burning Blood","REME_ComplimentaryCards","REME_LimitBreaker","Sling","Champion Belt","Orichalcum","Golden Idol","Toy Ornithopter","Art of War","Molten Egg 2","Potion Belt","Empty Cage","Omamori"],"acts_visited":["Exordium","TheCity"],"potions_floor_usage":[13,13],"damage_taken":[{"damage":5,"enemies":"Cultist","floor":1,"turns":4},{"damage":4,"enemies":"Jaw Worm","floor":2,"turns":5},{"damage":24,"enemies":"Gremlin Nob","floor":6,"turns":6},{"damage":10,"enemies":"2 Louse","floor":11,"turns":5},{"damage":7,"enemies":"Lagavulin","floor":13,"turns":5},{"damage":11,"enemies":"Looter","floor":14,"turns":3},{"damage":46,"enemies":"The Guardian","floor":16,"turns":8},{"damage":40,"enemies":"Shell Parasite","floor":18,"turns":5},{"damage":50,"enemies":"2 Thieves","floor":21,"turns":3}],"seed_played":"4572857685171551129","potions_obtained":[{"floor":1,"key":"Strength Potion"},{"floor":11,"key":"Fire Potion"}],"is_trial":false,"path_per_floor":["M","M","?","?","?","E","R","$","T","R","M","R","E","M","R","B",null,"M","?","$","M"],"character_chosen":"IRONCLAD","items_purchased":["REME_LimitBreaker","Sling","Orichalcum","Flex","Brutality","REME_BattleFury","Omamori"],"campfire_rested":2,"item_purchase_floors":[0,0,0,8,20,20,20],"current_hp_per_floor":[45,47,47,47,29,11,11,11,11,35,31,31,40,35,59,19,80,46,46,46,0,0],"gold":0,"neow_bonus":"","is_daily":false,"chose_seed":false,"campfire_upgraded":2,"win_rate":0.0,"timestamp":1610790462,"path_taken":["M","?","?","?","?","E","R","$","T","R","M","R","E","M","R","BOSS","M","?","$","?"],"items_purchased_type":["Relic","Relic","Relic","Card","Card","Card","Relic"],"build_version":"2020-12-22","purchased_purges":2,"victory":false,"max_hp_per_floor":[80,80,80,80,80,80,80,80,80,80,80,80,80,80,80,80,80,80,80,80,80,80],"card_choices":[{"not_picked":["Iron Wave","True Grit"],"picked":"Flex","floor":1},{"not_picked":["Thunderclap","Rampage","Carnage"],"picked":"SKIP","floor":2},{"not_picked":["Pommel Strike","Warcry"],"picked":"Seeing Red","floor":6},{"not_picked":["Iron Wave+1","Headbutt+1"],"picked":"REME_Cut","floor":11},{"not_picked":["Shrug It Off","REME_Cut"],"picked":"Immolate+1","floor":13},{"not_picked":["Thunderclap+1","Flex","Iron Wave+1"],"picked":"SKIP","floor":14},{"not_picked":["Double Tap","Demon Form"],"picked":"Offering","floor":16},{"not_picked":["Rampage+1","Dark Embrace+1"],"picked":"Havoc","floor":18}],"player_experience":259466,"relics_obtained":[{"floor":6,"key":"Art of War"},{"floor":9,"key":"Molten Egg 2"},{"floor":13,"key":"Potion Belt"}],"event_choices":[{"damage_healed":0,"gold_gain":0,"cards_transformed":["Strike_R"],"player_choice":"Change","damage_taken":0,"max_hp_gain":0,"max_hp_loss":0,"event_name":"Living Wall","floor":3,"gold_loss":0,"cards_obtained":["Demon Form"]},{"damage_healed":0,"gold_gain":0,"player_choice":"Take Wound","damage_taken":0,"relics_obtained":["Golden Idol"],"max_hp_gain":0,"max_hp_loss":0,"event_name":"Golden Idol","floor":4,"gold_loss":0,"cards_obtained":["Injury"]},{"damage_healed":0,"gold_gain":0,"player_choice":"Success","damage_taken":18,"relics_obtained":["Toy Ornithopter"],"max_hp_gain":0,"max_hp_loss":0,"event_name":"Scrap Ooze","floor":5,"gold_loss":0},{"damage_healed":0,"gold_gain":275,"player_choice":"Desecrate","damage_taken":0,"max_hp_gain":0,"max_hp_loss":0,"event_name":"Golden Shrine","floor":19,"gold_loss":0,"cards_obtained":["Regret"]}],"is_beta":false,"boss_relics":[{"not_picked":["Velvet Choker","Runic Pyramid"],"picked":"Empty Cage"}],"items_purged_floors":[8,20],"is_endless":false,"potions_floor_spawned":[1,11],"killed_by":"2 Thieves","ascension_level":2}}