{"host":"kgfs5ebhusfk1t4t","time":1610809342,"event":{"mods":["BaseMod","Colored Map","DeckTracker","Highlight Path","KOR Keyword Fix","Keyboard Shortcuts","Minty Spire (QoL Compilation)","Permanent Neow","Quick Restart","StSLib","SuperFastMode","everything is the same but u backflip on backflip"],"gold_per_floor":[11,23,23,41,6,36,36,56,83,108,133,70,40,40,40,40,40],"floor_reached":16,"language":"KOR","playtime":517,"items_purged":["Strike_R"],"score":187,"play_id":"5b84db89-5cf7-46e2-9ccb-2f3e956e20f3","local_time":"20210117000222","is_ascension_mode":true,"campfire_choices":[{"floor":15,"key":"REST"}],"circlet_count":0,"master_deck":["AscendersBane","Strike_R","Strike_R","Strike_R+1","Strike_R","Defend_R","Defend_R","Defend_R","Defend_R","Bash","Immolate","Thunderclap+1","Second Wind","Power Through","Inflame","True Grit","Armaments","Seeing Red","Dropkick"],"relics":["Burning Blood","GremlinMask","Bag of Preparation","Omamori","MawBank","Pocketwatch"],"acts_visited":["Exordium"],"potions_floor_usage":[10],"damage_taken":[{"damage":9.0,"enemies":"Jaw Worm","floor":1.0,"turns":3.0},{"damage":1.0,"enemies":"Cultist","floor":2.0,"turns":3.0},{"damage":2.0,"enemies":"Small Slimes","floor":4.0,"turns":3.0},{"damage":36.0,"enemies":"Gremlin Nob","floor":6.0,"turns":4.0},{"damage":6.0,"enemies":"Blue Slaver","floor":8.0,"turns":4.0},{"damage":42,"enemies":"Lagavulin","floor":10,"turns":8},{"damage":0,"enemies":"Exordium Thugs","floor":11,"turns":2},{"damage":1,"enemies":"Looter","floor":13,"turns":4},{"damage":8,"enemies":"Hexaghost","floor":16,"turns":9}],"seed_played":"8932866576212817716","potions_obtained":[{"floor":2.0,"key":"CultistPotion"},{"floor":6.0,"key":"BloodPotion"},{"floor":8.0,"key":"SkillPotion"}],"is_trial":false,"path_per_floor":["M","M","?","M","$","E","?","M","T","E","M","$","M","T","R","B"],"character_chosen":"IRONCLAD","items_purchased":["Inflame"],"campfire_rested":1,"item_purchase_floors":[5],"current_hp_per_floor":[65,70,70,74,74,44,44,44,44,8,14,14,19,19,41,33,33],"gold":40,"neow_bonus":"THREE_RARE_CARDS","is_daily":false,"chose_seed":false,"campfire_upgraded":0,"win_rate":0.0,"timestamp":1610809342,"path_taken":["M","M","?","M","?","E","?","M","T","E","M","?","?","?","R","BOSS"],"items_purchased_type":["Card"],"build_version":"2020-12-22","purchased_purges":1,"victory":false,"max_hp_per_floor":[75,75,75,75,75,75,75,75,75,75,75,75,75,75,75,75,75],"card_choices":[{"not_picked":["Barricade","Berserk"],"picked":"Immolate","floor":0.0},{"not_picked":["Shrug It Off","Body Slam"],"picked":"Thunderclap","floor":1.0},{"not_picked":["Body Slam","Carnage"],"picked":"Second Wind","floor":2.0},{"not_picked":["Clothesline","Seeing Red"],"picked":"Power Through","floor":4.0},{"not_picked":["Impervious","Havoc"],"picked":"True Grit","floor":6.0},{"not_picked":["Combust","Shrug It Off"],"picked":"Armaments","floor":8.0},{"not_picked":["Armaments","Clothesline"],"picked":"Seeing Red","floor":10},{"not_picked":["Blood for Blood","Thunderclap","Wild Strike"],"picked":"SKIP","floor":11},{"not_picked":["Flex","Shockwave"],"picked":"Dropkick","floor":13}],"player_experience":517980,"relics_obtained":[{"floor":6.0,"key":"Bag of Preparation"},{"floor":9.0,"key":"Omamori"},{"floor":10,"key":"MawBank"},{"floor":14,"key":"Pocketwatch"}],"event_choices":[{"damage_healed":0.0,"max_hp_gain":0.0,"max_hp_loss":0.0,"gold_gain":0.0,"event_name":"FaceTrader","player_choice":"Trade","floor":3.0,"gold_loss":0.0,"damage_taken":0.0,"relics_obtained":["GremlinMask"]},{"damage_healed":0.0,"max_hp_gain":0.0,"max_hp_loss":0.0,"gold_gain":0.0,"event_name":"Shining Light","player_choice":"Entered Light","floor":7.0,"gold_loss":0.0,"damage_taken":15.0,"cards_upgraded":["Thunderclap","Strike_R"]}],"is_beta":false,"boss_relics":[],"items_purged_floors":[12],"is_endless":false,"potions_floor_spawned":[2,6,8],"killed_by":"Hexaghost","ascension_level":14}}