{"host":"ci7cmvrwpmzqnw7e","time":1610781752,"event":{"mods":["BaseMod","BetterRewards","Colored Map","Googly Eyes","Highlight Path","Kratos Character Expansion","Minty Spire (QoL Compilation)","Random Character Button","Rare Cards Sparkle","Shop Mod","StSLib","The Saiyan","The Senshi","The Wild Card","????"],"gold_per_floor":[115,126,136,150,150,150,164,164,164,224,113,113,74,74,74,74,74],"floor_reached":16,"language":"ENG","playtime":583,"items_purged":[],"score":115,"play_id":"38729657-4a67-43ca-94ba-05af7351b53c","local_time":"20210116002232","is_ascension_mode":false,"campfire_choices":[{"data":"theWildCard:TheUniverse","floor":6,"key":"SMITH"},{"data":"theWildCard:StingingStrike","floor":8,"key":"SMITH"},{"data":"theWildCard:ManOfManyFaces","floor":12,"key":"SMITH"},{"data":"theWildCard:Attunement","floor":15,"key":"SMITH"}],"circlet_count":0,"master_deck":["theWildCard:BasicStrike","theWildCard:BasicStrike","theWildCard:BasicStrike","theWildCard:BasicDefend","theWildCard:BasicDefend","theWildCard:BasicDefend","theWildCard:BasicDefend","theWildCard:CallToAdventure","theWildCard:Arsene","theWildCard:SeveringSlash","theWildCard:MagicMettle","theWildCard:PaleRider","theWildCard:TheUniverse+1","theWildCard:StingingStrike+1","theWildCard:Sakuya","theWildCard:Metatron","theWildCard:ManOfManyFaces+1","theWildCard:Attunement+1","theWildCard:ManOfManyFaces"],"relics":["theWildCard:VelvetContract","NeowsBlessing","theWildCard:MemoriesOfPhantasm","Toy Ornithopter"],"acts_visited":["Exordium"],"potions_floor_usage":[16,16,16],"damage_taken":[{"damage":0,"enemies":"Small Slimes","floor":1,"turns":1},{"damage":0,"enemies":"Jaw Worm","floor":2,"turns":1},{"damage":0,"enemies":"2 Louse","floor":3,"turns":1},{"damage":20,"enemies":"Exordium Thugs","floor":4,"turns":4},{"damage":12,"enemies":"Red Slaver","floor":7,"turns":3},{"damage":12,"enemies":"3 Sentries","floor":10,"turns":5},{"damage":37,"enemies":"The Guardian","floor":16,"turns":4}],"seed_played":"-4897199447749324043","potions_obtained":[{"floor":4,"key":"CultistPotion"},{"floor":7,"key":"SkillPotion"},{"floor":10,"key":"Ancient Potion"}],"is_trial":false,"path_per_floor":["M","M","M","M","?","R","M","R","T","?","$","R","$","?","R","B"],"character_chosen":"THE_WILD_CARD","items_purchased":["theWildCard:Metatron","theWildCard:ManOfManyFaces","theWildCard:Attunement"],"campfire_rested":0,"item_purchase_floors":[11,11,13],"current_hp_per_floor":[60,60,60,40,60,60,48,48,48,53,53,53,53,53,53,31,31],"gold":74,"neow_bonus":"THREE_ENEMY_KILL","is_daily":false,"chose_seed":false,"campfire_upgraded":4,"win_rate":0.0,"timestamp":1610781752,"path_taken":["M","M","M","M","?","R","M","R","T","?","$","R","$","?","R","BOSS"],"items_purchased_type":["Card","Card","Card"],"build_version":"2020-12-22","purchased_purges":0,"victory":false,"max_hp_per_floor":[60,60,60,60,60,60,60,60,60,60,60,60,60,60,60,60,60],"card_choices":[{"not_picked":["theWildCard:PaleRider","theWildCard:EnergizedStroke"],"picked":"theWildCard:SeveringSlash","floor":1},{"not_picked":["theWildCard:PaleRider","theWildCard:Patience"],"picked":"theWildCard:MagicMettle","floor":2},{"not_picked":["theWildCard:SacrificialStroke","theWildCard:LadyLuck"],"picked":"theWildCard:PaleRider","floor":3},{"not_picked":["theWildCard:PaleRider","theWildCard:ArcaneArts"],"picked":"theWildCard:TheUniverse","floor":4},{"not_picked":["theWildCard:Loki","theWildCard:StalwartBlade"],"picked":"theWildCard:StingingStrike","floor":7},{"not_picked":["theWildCard:MagicalMight","theWildCard:SeveringSlash"],"picked":"theWildCard:Sakuya","floor":10}],"player_experience":41783,"relics_obtained":[{"floor":9,"key":"theWildCard:MemoriesOfPhantasm"},{"floor":10,"key":"Toy Ornithopter"}],"event_choices":[{"damage_healed":20,"gold_gain":0,"player_choice":"Banana","damage_taken":0,"max_hp_gain":0,"max_hp_loss":0,"event_name":"Big Fish","floor":5,"gold_loss":0},{"damage_healed":0,"gold_gain":0,"player_choice":"Searched \u00271\u0027 times","damage_taken":0,"max_hp_gain":0,"max_hp_loss":0,"event_name":"Dead Adventurer","floor":10,"gold_loss":0},{"damage_healed":0,"gold_gain":0,"cards_transformed":["theWildCard:BasicStrike"],"player_choice":"Transformed","damage_taken":0,"max_hp_gain":0,"max_hp_loss":0,"event_name":"Transmorgrifier","floor":14,"gold_loss":0,"cards_obtained":["theWildCard:ManOfManyFaces"]}],"is_beta":false,"boss_relics":[],"items_purged_floors":[],"is_endless":false,"potions_floor_spawned":[4,7,10],"killed_by":"The Guardian","ascension_level":0}}