{"host":"1hzg86ju9fvxh562","time":1610834165,"event":{"mods":["AchievementEnabler","Act Like it!","AlwaysNeverKeys","BaseMod","Bestiary","Better Altar","Better Match","Better Note","Better Sensory Stone","Better Skull","Better Third Choice","Colored Map","Colored Powertips","Curses Come First","Displayed Cursed Tome","Filter the Spire","Highlight Path","Keyboard Shortcuts","Minty Spire (QoL Compilation)","Rare Cards Sparkle","Relic Sorter","Relic Stats","ShortenTheSpire","Spicy Shops","StSLib","SuperFastMode","everything is the same but u backflip on backflip","slay the spire mod where everything is the same but ironclad has a cowboy hat"],"gold_per_floor":[113,124,124,138,88,88,108,125,125,135,135,151,151,76,76,177,227,238,58,58,73,100,100,126,51,75,88,88,98,116,127,127,224,224,234,234,456,467,123,123,202,202,202,202,213,225,238,238,238,238],"floor_reached":51,"language":"ENG","playtime":1451,"items_purged":["Brutality","Bash"],"score":686,"play_id":"1f1088bf-204e-4c35-a05a-a7bd9b80f923","local_time":"20210116195605","is_ascension_mode":false,"campfire_choices":[{"data":"Whirlwind","floor":6,"key":"SMITH"},{"data":"Warcry","floor":11,"key":"SMITH"},{"floor":15,"key":"REST"},{"data":"Flex","floor":23,"key":"SMITH"},{"floor":32,"key":"REST"},{"data":"Battle Trance","floor":40,"key":"SMITH"},{"floor":44,"key":"REST"},{"floor":49,"key":"REST"}],"circlet_count":0,"master_deck":["Blood for Blood+1","Offering+1","Whirlwind+1","Dark Embrace+1","Hemokinesis+1","Sentinel+1","Inflame+1","Double Tap+1","Warcry+1","Flex+1","Flex+1","Seeing Red+1","Bloodletting+1","True Grit+1","Offering+1","Battle Trance+1","Flex+1"],"relics":["Pandora\u0027s Box","Magic Flower","Tiny House","Red Mask","Champion Belt","Akabeko","Philosopher\u0027s Stone","Mark of the Bloom","Membership Card","Pen Nib","Letter Opener","Pantograph"],"acts_visited":["Exordium","TheCity","TheBeyond"],"potions_floor_usage":[16,16,22,33,33,50,50],"damage_taken":[{"damage":9,"enemies":"Cultist","floor":1,"turns":2},{"damage":20,"enemies":"Jaw Worm","floor":2,"turns":2},{"damage":6,"enemies":"2 Louse","floor":4,"turns":2},{"damage":8,"enemies":"Large Slime","floor":7,"turns":3},{"damage":1,"enemies":"3 Louse","floor":8,"turns":2},{"damage":10,"enemies":"Looter","floor":10,"turns":2},{"damage":6,"enemies":"Gremlin Gang","floor":12,"turns":1},{"damage":36,"enemies":"Hexaghost","floor":16,"turns":4},{"damage":6,"enemies":"2 Thieves","floor":18,"turns":1},{"damage":6,"enemies":"3 Byrds","floor":21,"turns":2},{"damage":9,"enemies":"Masked Bandits","floor":22,"turns":2},{"damage":30,"enemies":"Book of Stabbing","floor":24,"turns":3},{"damage":6,"enemies":"3 Cultists","floor":27,"turns":2},{"damage":11,"enemies":"Snecko","floor":29,"turns":2},{"damage":3,"enemies":"Centurion and Healer","floor":30,"turns":1},{"damage":1,"enemies":"Chosen and Byrds","floor":31,"turns":3},{"damage":21,"enemies":"Champ","floor":33,"turns":4},{"damage":8,"enemies":"Orb Walker","floor":35,"turns":2},{"damage":7,"enemies":"3 Shapes","floor":38,"turns":1},{"damage":23,"enemies":"Transient","floor":45,"turns":4},{"damage":0,"enemies":"3 Darklings","floor":46,"turns":1},{"damage":15,"enemies":"Maw","floor":47,"turns":2},{"damage":25,"enemies":"Donu and Deca","floor":50,"turns":3}],"seed_played":"-4484332832148929988","potions_obtained":[{"floor":1,"key":"Ancient Potion"},{"floor":10,"key":"PowerPotion"},{"floor":12,"key":"SteroidPotion"},{"floor":16,"key":"Dexterity Potion"},{"floor":17,"key":"SteroidPotion"},{"floor":22,"key":"Ancient Potion"},{"floor":24,"key":"Weak Potion"},{"floor":33,"key":"FearPotion"},{"floor":45,"key":"DistilledChaos"}],"is_trial":false,"path_per_floor":["M","M","?","M","?","R","M","M","T","M","R","M","?","$","R","B",null,"M","$","?","M","?","R","E","?","T","M","?","M","M","M","R","B",null,"M","?","?","M","$","R","T","?","T","R","M","M","M","$","R","B",null],"character_chosen":"IRONCLAD","items_purchased":["Seeing Red","Battle Trance","Membership Card","Pen Nib"],"campfire_rested":4,"item_purchase_floors":[19,39,39,39],"current_hp_per_floor":[71,51,51,45,45,45,37,36,36,26,26,20,20,20,44,8,85,79,79,79,73,64,64,34,34,34,28,28,17,14,13,38,17,85,77,77,77,70,70,70,70,70,70,70,47,47,32,32,32,7],"gold":238,"neow_bonus":"BOSS_RELIC","is_daily":false,"chose_seed":false,"campfire_upgraded":4,"win_rate":0.0,"timestamp":1610834165,"path_taken":["M","?","?","M","?","R","M","M","T","M","R","M","?","$","R","BOSS","M","$","?","?","?","R","E","?","T","?","?","M","M","M","R","BOSS","M","?","?","M","?","R","?","?","T","R","M","M","M","?","R","BOSS"],"items_purchased_type":["Card","Card","Relic","Relic"],"build_version":"2020-12-22","purchased_purges":2,"victory":true,"max_hp_per_floor":[80,80,80,80,80,80,80,80,80,80,80,80,80,80,80,80,85,85,85,85,85,85,85,85,85,85,85,85,85,85,85,85,85,85,85,85,85,85,85,85,85,85,85,85,85,85,85,85,85,85],"relic_stats":{"Mark of the Bloom":88,"counters":[23,51],"Pantograph":0,"Magic Flower":[0],"Pandora\u0027s Box":["Blood for Blood","Offering","Barricade","Whirlwind","Dark Embrace","Sever Soul","Hemokinesis","Brutality","Juggernaut"],"Pen Nib":[2],"Champion Belt":[0],"Letter Opener":[60],"obtain_stats":[{"Mark of the Bloom":36,"Tiny House":17,"Magic Flower":9,"Pen Nib":39,"Letter Opener":41,"Burning Blood":0,"Akabeko":26,"Pantograph":43,"Pandora\u0027s Box":0,"Philosopher\u0027s Stone":34,"Red Mask":22,"Champion Belt":24,"Membership Card":39},{"Mark of the Bloom":18,"Tiny House":8,"Magic Flower":5,"Pen Nib":19,"Letter Opener":19,"Burning Blood":0,"Akabeko":12,"Pantograph":19,"Pandora\u0027s Box":0,"Philosopher\u0027s Stone":17,"Red Mask":11,"Champion Belt":12,"Membership Card":19},{"Mark of the Bloom":40,"Tiny House":18,"Magic Flower":11,"Pen Nib":41,"Letter Opener":41,"Burning Blood":0,"Akabeko":26,"Pantograph":41,"Pandora\u0027s Box":0,"Philosopher\u0027s Stone":38,"Red Mask":23,"Champion Belt":26,"Membership Card":41}]},"card_choices":[{"not_picked":["Dropkick","Wild Strike","Sword Boomerang"],"picked":"SKIP","floor":1},{"not_picked":["Twin Strike","Iron Wave","Dual Wield"],"picked":"SKIP","floor":2},{"not_picked":["Cleave","Battle Trance"],"picked":"Sentinel","floor":4},{"not_picked":["Rage","Body Slam"],"picked":"Inflame","floor":7},{"not_picked":["Iron Wave","Body Slam"],"picked":"Double Tap","floor":8},{"not_picked":["Havoc","Dark Embrace"],"picked":"Warcry","floor":10},{"not_picked":["Havoc","Pommel Strike"],"picked":"Flex","floor":12},{"not_picked":["Heavy Blade","Headbutt+1","Iron Wave"],"picked":"SKIP","floor":18},{"not_picked":["Twin Strike+1","Dual Wield","Clothesline"],"picked":"SKIP","floor":21},{"not_picked":["Evolve+1","Infernal Blade"],"picked":"Bloodletting","floor":22},{"not_picked":["Impervious","Feel No Pain+1","Entrench"],"picked":"SKIP","floor":24},{"not_picked":["Pommel Strike","Combust","Headbutt"],"picked":"SKIP","floor":27},{"not_picked":["Body Slam","Sword Boomerang"],"picked":"True Grit+1","floor":29},{"not_picked":["Sword Boomerang","True Grit","Clothesline"],"picked":"SKIP","floor":30},{"not_picked":["True Grit","Feed","Dual Wield+1"],"picked":"SKIP","floor":31},{"not_picked":["Corruption","Immolate"],"picked":"Offering","floor":33},{"not_picked":["Heavy Blade","Twin Strike","Sword Boomerang+1"],"picked":"SKIP","floor":35},{"not_picked":["Pommel Strike+1","Hemokinesis+1","Carnage"],"picked":"SKIP","floor":38},{"not_picked":["Bloodletting","Hemokinesis+1","Entrench"],"picked":"SKIP","floor":45},{"not_picked":["Reckless Charge+1","Perfected Strike"],"picked":"Flex+1","floor":46},{"not_picked":["Thunderclap","Flex+1","Shrug It Off+1"],"picked":"SKIP","floor":47}],"player_experience":470280,"relics_obtained":[{"floor":9,"key":"Magic Flower"},{"floor":22,"key":"Red Mask"},{"floor":24,"key":"Champion Belt"},{"floor":26,"key":"Akabeko"},{"floor":41,"key":"Letter Opener"},{"floor":43,"key":"Pantograph"}],"event_choices":[{"cards_removed":["Barricade"],"damage_healed":0,"gold_gain":0,"player_choice":"Forget","damage_taken":0,"max_hp_gain":0,"max_hp_loss":0,"event_name":"Living Wall","floor":3,"gold_loss":0},{"cards_removed":["Juggernaut"],"damage_healed":0,"gold_gain":0,"player_choice":"Card Removal","damage_taken":0,"max_hp_gain":0,"max_hp_loss":0,"event_name":"The Cleric","floor":5,"gold_loss":50},{"damage_healed":0,"gold_gain":1,"player_choice":"4","damage_taken":0,"max_hp_gain":0,"max_hp_loss":0,"event_name":"betterStone:BetterStone","floor":13,"gold_loss":0,"cards_obtained":["Flex"]},{"cards_removed":["Offering"],"damage_healed":0,"gold_gain":0,"player_choice":"Give","damage_taken":0,"max_hp_gain":0,"max_hp_loss":0,"event_name":"betterNote:BetterNote","floor":20,"gold_loss":0,"cards_obtained":["None"]},{"damage_healed":0,"gold_gain":0,"player_choice":"Fought Bandits","damage_taken":0,"max_hp_gain":0,"max_hp_loss":0,"event_name":"Masked Bandits","floor":22,"gold_loss":0},{"damage_healed":0,"gold_gain":0,"player_choice":"3","damage_taken":0,"max_hp_gain":0,"max_hp_loss":0,"event_name":"betterMatch:BetterMatch","floor":25,"gold_loss":0,"cards_obtained":[]},{"damage_healed":0,"gold_gain":0,"player_choice":"Ignored","damage_taken":0,"max_hp_gain":0,"max_hp_loss":0,"event_name":"Vampires","floor":28,"gold_loss":0},{"damage_healed":0,"gold_gain":0,"player_choice":"Upgrade","damage_taken":0,"relics_obtained":["Mark of the Bloom"],"max_hp_gain":0,"max_hp_loss":0,"event_name":"MindBloom","floor":36,"gold_loss":0,"cards_upgraded":["Offering","Dark Embrace","Sever Soul","Hemokinesis","Sentinel","Inflame","Double Tap","Seeing Red","Bloodletting","Offering"]},{"damage_healed":0,"gold_gain":222,"player_choice":"Wore Mask","damage_taken":0,"max_hp_gain":0,"max_hp_loss":0,"event_name":"Tomb of Lord Red Mask","floor":37,"gold_loss":0},{"cards_removed":["Sever Soul"],"damage_healed":0,"gold_gain":0,"player_choice":"Removed Attack","damage_taken":0,"max_hp_gain":0,"max_hp_loss":0,"event_name":"Falling","floor":42,"gold_loss":0}],"is_beta":false,"boss_relics":[{"not_picked":["Coffee Dripper","Snecko Eye"],"picked":"Tiny House"},{"not_picked":["SlaversCollar","Astrolabe"],"picked":"Philosopher\u0027s Stone"}],"items_purged_floors":[14,19],"is_endless":false,"potions_floor_spawned":[1,10,12,16,22,24,29,33,45,47],"ascension_level":0}}