{"host":"v0dnu0zs4qo0v13s","time":1610775559,"event":{"mods":["BaseMod","Colored Map","Colored Powertips","Minty Spire (QoL Compilation)","Relic Stats","StSLib","SuperFastMode","everything is the same but u backflip on backflip"],"gold_per_floor":[361,286,300,12,28,57,57,67,67,93,109,127,127,146,146,222,222,240,29,42,62,73,73,73,148,173,198,51,71,71,85,85,156,156,166,78,92,18,28,28,56,75,75,75,75],"floor_reached":44,"language":"ENG","playtime":2900,"items_purged":["Defend_R","Strike_R","Strike_R","Strike_R","Strike_R"],"score":830,"play_id":"3c44008c-cd87-4b7e-8af5-e1031474da56","local_time":"20210116003919","is_ascension_mode":true,"campfire_choices":[{"floor":7.0,"key":"REST"},{"data":"Rage","floor":13.0,"key":"SMITH"},{"data":"Berserk","floor":15.0,"key":"SMITH"},{"data":"True Grit","floor":23.0,"key":"SMITH"},{"floor":30.0,"key":"REST"},{"data":"Whirlwind","floor":32.0,"key":"SMITH"},{"data":"Heavy Blade","floor":40.0,"key":"SMITH"}],"circlet_count":0,"master_deck":["AscendersBane","Strike_R","Defend_R","Defend_R","Defend_R","Bash","Rampage","Sever Soul","Sentinel","Rage+1","True Grit+1","Berserk+1","Heavy Blade+1","Burning Pact","Reaper","Reaper","Battle Trance","Bandage Up","Evolve+1","Whirlwind+1","Feed","Metallicize","Shockwave+1"],"relics":["Burning Blood","Brimstone","Bottled Flame","Gremlin Horn","PreservedInsect","Mark of Pain","Membership Card","StrikeDummy","Boot","CaptainsWheel","Black Star","Lee\u0027s Waffle","Omamori","Potion Belt","Ice Cream"],"acts_visited":["Exordium","TheCity","TheBeyond"],"potions_floor_usage":[44,44],"damage_taken":[{"damage":1.0,"enemies":"Cultist","floor":1.0,"turns":4.0},{"damage":20.0,"enemies":"Small Slimes","floor":3.0,"turns":3.0},{"damage":8.0,"enemies":"2 Louse","floor":5.0,"turns":2.0},{"damage":21.0,"enemies":"3 Sentries","floor":6.0,"turns":5.0},{"damage":0.0,"enemies":"Large Slime","floor":8.0,"turns":2.0},{"damage":14.0,"enemies":"Gremlin Nob","floor":10.0,"turns":3.0},{"damage":13.0,"enemies":"Looter","floor":11.0,"turns":2.0},{"damage":5.0,"enemies":"Blue Slaver","floor":12.0,"turns":2.0},{"damage":8.0,"enemies":"Exordium Wildlife","floor":14.0,"turns":3.0},{"damage":57.0,"enemies":"Hexaghost","floor":16.0,"turns":8.0},{"damage":14.0,"enemies":"Chosen","floor":18.0,"turns":4.0},{"damage":40.0,"enemies":"Shell Parasite","floor":20.0,"turns":5.0},{"damage":16.0,"enemies":"Sentry and Sphere","floor":21.0,"turns":4.0},{"damage":9.0,"enemies":"Cultist and Chosen","floor":22.0,"turns":4.0},{"damage":37.0,"enemies":"Slavers","floor":27.0,"turns":4.0},{"damage":37.0,"enemies":"Snecko","floor":29.0,"turns":5.0},{"damage":36.0,"enemies":"Centurion and Healer","floor":31.0,"turns":5.0},{"damage":81.0,"enemies":"Collector","floor":33.0,"turns":7.0},{"damage":52.0,"enemies":"3 Darklings","floor":35.0,"turns":3.0},{"damage":13.0,"enemies":"3 Shapes","floor":37.0,"turns":2.0},{"damage":27.0,"enemies":"Spire Growth","floor":39.0,"turns":5.0},{"damage":75.0,"enemies":"Giant Head","floor":41.0,"turns":7.0},{"damage":30.0,"enemies":"Jaw Worm Horde","floor":42.0,"turns":4.0},{"damage":39,"enemies":"Nemesis","floor":44,"turns":3}],"seed_played":"-4696697129203475170","potions_obtained":[{"floor":5.0,"key":"ColorlessPotion"},{"floor":6.0,"key":"Ancient Potion"},{"floor":12.0,"key":"Weak Potion"},{"floor":16.0,"key":"GamblersBrew"},{"floor":21.0,"key":"BlessingOfTheForge"},{"floor":29.0,"key":"GamblersBrew"},{"floor":31.0,"key":"BloodPotion"},{"floor":35.0,"key":"FearPotion"},{"floor":37.0,"key":"SkillPotion"},{"floor":41.0,"key":"AttackPotion"}],"is_trial":false,"path_per_floor":["M","$","M","$","M","E","R","M","T","E","M","M","R","M","R","B",null,"M","$","M","M","M","R","$","T","T","E","$","M","R","M","R","B",null,"M","$","M","$","M","R","E","M","T","E"],"character_chosen":"IRONCLAD","items_purchased":["Brimstone","Sever Soul","Membership Card","Bandage Up","BloodPotion","Lee\u0027s Waffle"],"campfire_rested":2,"item_purchase_floors":[4,4,19,28,28,38],"current_hp_per_floor":[68,68,54,54,52,37,57,63,63,55,48,49,49,47,47,23,57,49,49,41,31,48,48,48,48,48,51,51,36,56,55,55,43,62,40,40,51,78,81,81,54,37,37,2,2],"gold":75,"neow_bonus":"TWO_FIFTY_GOLD","is_daily":false,"chose_seed":false,"campfire_upgraded":5,"win_rate":0.0,"timestamp":1610775559,"path_taken":["M","$","M","$","M","E","R","M","T","E","M","M","R","M","R","BOSS","M","$","M","M","M","R","?","?","T","E","$","M","R","M","R","BOSS","M","$","M","$","M","R","E","M","T","E"],"items_purchased_type":["Relic","Card","Relic","Card","Potion","Relic"],"build_version":"2020-12-22","purchased_purges":5,"victory":false,"max_hp_per_floor":[68,68,68,68,68,68,68,68,68,68,68,68,68,68,68,68,68,68,68,68,68,68,68,68,68,68,68,68,68,68,68,68,68,68,71,71,71,78,81,81,81,84,84,84,84],"relic_stats":{"Lee\u0027s Waffle":27,"Gremlin Horn":[13,14],"counters":[24,96],"PreservedInsect":222,"Black Star":1,"Boot":[8],"obtain_stats":[{"Potion Belt":41,"Ice Cream":43,"Lee\u0027s Waffle":38,"Gremlin Horn":9,"PreservedInsect":10,"Omamori":41,"Boot":26,"Burning Blood":0,"Bottled Flame":6,"CaptainsWheel":27,"Brimstone":4,"Mark of Pain":17,"Black Star":34,"Membership Card":19,"StrikeDummy":25},{"Potion Belt":22,"Ice Cream":23,"Lee\u0027s Waffle":20,"Gremlin Horn":5,"PreservedInsect":6,"Omamori":22,"Boot":14,"Burning Blood":0,"Bottled Flame":4,"CaptainsWheel":15,"Brimstone":2,"Mark of Pain":10,"Black Star":18,"Membership Card":11,"StrikeDummy":14},{"Potion Belt":89,"Ice Cream":93,"Lee\u0027s Waffle":77,"Gremlin Horn":16,"PreservedInsect":19,"Omamori":89,"Boot":51,"Burning Blood":0,"Bottled Flame":14,"CaptainsWheel":55,"Brimstone":7,"Mark of Pain":34,"Black Star":72,"Membership Card":38,"StrikeDummy":51}],"Burning Blood":129},"card_choices":[{"not_picked":["Headbutt","Anger","Warcry"],"picked":"SKIP","floor":1.0},{"not_picked":["Seeing Red","True Grit"],"picked":"Rampage","floor":3.0},{"not_picked":["Iron Wave","Twin Strike"],"picked":"Sentinel","floor":5.0},{"not_picked":["Twin Strike","Impervious"],"picked":"Rage","floor":6.0},{"not_picked":["Rampage","Rupture"],"picked":"True Grit","floor":8.0},{"not_picked":["Armaments","Flame Barrier"],"picked":"Berserk","floor":10.0},{"not_picked":["Sever Soul","Hemokinesis"],"picked":"Heavy Blade","floor":11.0},{"not_picked":["Clothesline","Shockwave"],"picked":"Burning Pact","floor":12.0},{"not_picked":["Pummel","Infernal Blade"],"picked":"Reaper","floor":14.0},{"not_picked":["Exhume","Feed"],"picked":"Reaper","floor":16.0},{"not_picked":["Anger","Combust+1"],"picked":"Battle Trance","floor":18.0},{"not_picked":["Armaments","Combust","Thunderclap"],"picked":"SKIP","floor":20.0},{"not_picked":["Clash+1","Searing Blow+1","Wild Strike"],"picked":"SKIP","floor":21.0},{"not_picked":["Havoc","Hemokinesis","True Grit+1"],"picked":"SKIP","floor":22.0},{"not_picked":["Entrench+1","Anger","Bludgeon"],"picked":"SKIP","floor":27.0},{"not_picked":["Clash","Wild Strike"],"picked":"Evolve+1","floor":29.0},{"not_picked":["Pummel","Clash"],"picked":"Whirlwind","floor":31.0},{"not_picked":["Bludgeon","Berserk"],"picked":"Feed","floor":33.0},{"not_picked":["Body Slam","Thunderclap"],"picked":"Metallicize","floor":35.0},{"not_picked":["Perfected Strike","Battle Trance","Wild Strike"],"picked":"SKIP","floor":37.0},{"not_picked":["True Grit","Warcry","Armaments"],"picked":"SKIP","floor":39.0},{"not_picked":["Rupture","Evolve"],"picked":"Shockwave+1","floor":41.0},{"not_picked":["Burning Pact+1","Perfected Strike","Anger"],"picked":"SKIP","floor":42.0}],"player_experience":698682,"relics_obtained":[{"floor":6.0,"key":"Bottled Flame"},{"floor":9.0,"key":"Gremlin Horn"},{"floor":10.0,"key":"PreservedInsect"},{"floor":25.0,"key":"StrikeDummy"},{"floor":26.0,"key":"Boot"},{"floor":27.0,"key":"CaptainsWheel"},{"floor":41.0,"key":"Omamori"},{"floor":41.0,"key":"Potion Belt"},{"floor":43.0,"key":"Ice Cream"}],"event_choices":[],"is_beta":false,"boss_relics":[{"not_picked":["Ectoplasm","Snecko Eye"],"picked":"Mark of Pain"},{"not_picked":["SacredBark","Coffee Dripper"],"picked":"Black Star"}],"items_purged_floors":[2,4,19,28,36],"is_endless":false,"potions_floor_spawned":[5,6,12,16,21,29,31,35,37,41],"killed_by":"Nemesis","ascension_level":15}}