{"host":"1a3cjta80tad0aqj","time":1610818233,"event":{"mods":["2.2 Compatiblity","AchievementEnabler","BaseMod","Colored Map","DeckTracker","KOR Keyword Fix","Keyboard Shortcuts","Minty Spire (QoL Compilation)","Permanent Neow","Quick Restart","Random Character Button","StSLib","SuperFastMode","everything is the same but u backflip on backflip"],"gold_per_floor":[117,129,129,149,3,32,32,61,61,79,79,96,96,128,128,228,228,246,246,266,73,90,90,100,100,149,149,162,173,24,24,24,24,24],"floor_reached":33,"language":"KOR","playtime":1214,"items_purged":["Defend_B"],"score":307,"play_id":"50cd0848-3244-4f3b-a1c4-9d93308393d2","local_time":"20210117023033","is_ascension_mode":true,"campfire_choices":[{"floor":7,"key":"REST"},{"floor":11,"key":"REST"},{"data":"Streamline","floor":13,"key":"SMITH"},{"floor":15,"key":"RECALL"},{"data":"Barrage","floor":23,"key":"SMITH"},{"data":"Reinforced Body","floor":25,"key":"SMITH"},{"data":"Buffer","floor":27,"key":"SMITH"},{"floor":32,"key":"REST"}],"circlet_count":0,"master_deck":["Strike_B","Strike_B","Strike_B+1","Defend_B","Defend_B","Zap+1","Dualcast+1","Turbo","Streamline+1","Leap","Hologram","Buffer+1","Cold Snap","Capacitor","Compile Driver","Seek","Barrage+1","Meteor Strike","Lockon","Rebound+1","Ball Lightning","Reinforced Body+1","Redo+1","Lockon+1"],"relics":["Cracked Core","MealTicket","Smiling Mask","StoneCalendar","Meat on the Bone","Vajra","Philosopher\u0027s Stone","Regal Pillow","Bag of Marbles","Medical Kit"],"acts_visited":["Exordium","TheCity"],"potions_floor_usage":[6,33,33],"damage_taken":[{"damage":7,"enemies":"Small Slimes","floor":1,"turns":3},{"damage":0,"enemies":"2 Louse","floor":2,"turns":2},{"damage":6,"enemies":"Jaw Worm","floor":4,"turns":2},{"damage":13,"enemies":"Lagavulin","floor":6,"turns":5},{"damage":29,"enemies":"Gremlin Nob","floor":8,"turns":4},{"damage":4,"enemies":"Gremlin Gang","floor":10,"turns":4},{"damage":0,"enemies":"3 Louse","floor":12,"turns":2},{"damage":0,"enemies":"Lagavulin","floor":14,"turns":7},{"damage":26,"enemies":"The Guardian","floor":16,"turns":10},{"damage":21,"enemies":"3 Byrds","floor":18,"turns":5},{"damage":14,"enemies":"2 Thieves","floor":20,"turns":5},{"damage":0,"enemies":"Centurion and Healer","floor":22,"turns":4},{"damage":13,"enemies":"Shelled Parasite and Fungi","floor":24,"turns":5},{"damage":4,"enemies":"Snecko","floor":28,"turns":3},{"damage":12,"enemies":"3 Cultists","floor":29,"turns":5},{"damage":97,"enemies":"Collector","floor":33,"turns":5}],"seed_played":"-3301872804562052165","potions_obtained":[{"floor":2,"key":"Dexterity Potion"},{"floor":6,"key":"LiquidBronze"},{"floor":8,"key":"Dexterity Potion"},{"floor":12,"key":"FearPotion"},{"floor":14,"key":"Weak Potion"},{"floor":28,"key":"SkillPotion"}],"is_trial":false,"path_per_floor":["M","M","?","M","$","E","R","E","T","M","R","M","R","E","R","B",null,"M","?","M","$","M","R","M","R","T","R","M","M","$","?","R","B"],"character_chosen":"DEFECT","items_purchased":["MealTicket","Regal Pillow","Medical Kit"],"campfire_rested":3,"item_purchase_floors":[5,21,30],"current_hp_per_floor":[68,68,53,47,47,34,56,27,27,35,57,57,57,57,57,43,75,54,54,40,55,55,55,42,42,42,42,38,38,53,39,78,0,0],"gold":24,"neow_bonus":"UPGRADE_CARD","is_daily":false,"chose_seed":false,"campfire_upgraded":4,"win_rate":0.0,"timestamp":1610818233,"path_taken":["M","M","?","M","$","E","R","E","T","M","R","M","R","E","R","BOSS","M","?","M","$","M","R","M","R","T","R","M","M","$","?","R","BOSS"],"items_purchased_type":["Relic","Relic","Relic"],"build_version":"2020-12-22","purchased_purges":1,"victory":false,"max_hp_per_floor":[75,75,75,75,75,75,75,75,75,75,75,75,75,75,75,75,75,75,75,75,75,75,75,75,75,75,75,75,75,75,80,80,80,80],"card_choices":[{"not_picked":["Stack","Coolheaded"],"picked":"Turbo","floor":1},{"not_picked":["Static Discharge","Steam"],"picked":"Streamline","floor":2},{"not_picked":["Coolheaded","Redo"],"picked":"Leap","floor":4},{"not_picked":["Turbo","Coolheaded"],"picked":"Hologram","floor":6},{"not_picked":["Gash","Rebound"],"picked":"Buffer","floor":8},{"not_picked":["Consume","Steam"],"picked":"Cold Snap","floor":10},{"not_picked":["Storm","Genetic Algorithm"],"picked":"Capacitor","floor":12},{"not_picked":["Hologram","Gash"],"picked":"Compile Driver","floor":14},{"not_picked":["Echo Form","Thunder Strike"],"picked":"Seek","floor":16},{"not_picked":["Undo","Cold Snap+1"],"picked":"Barrage","floor":18},{"not_picked":["Coolheaded","Fusion"],"picked":"Rebound+1","floor":20},{"not_picked":["Turbo+1","Leap+1"],"picked":"Ball Lightning","floor":22},{"not_picked":["Ball Lightning","Streamline"],"picked":"Reinforced Body","floor":24},{"not_picked":["Cold Snap","FTL"],"picked":"Redo+1","floor":28},{"not_picked":["Gash+1","Rip and Tear"],"picked":"Lockon+1","floor":29}],"player_experience":681493,"relics_obtained":[{"floor":6,"key":"Smiling Mask"},{"floor":8,"key":"StoneCalendar"},{"floor":9,"key":"Meat on the Bone"},{"floor":14,"key":"Vajra"},{"floor":26,"key":"Bag of Marbles"}],"event_choices":[{"damage_healed":0,"gold_gain":0,"player_choice":"Entered Light","damage_taken":15,"max_hp_gain":0,"max_hp_loss":0,"event_name":"Shining Light","floor":3,"gold_loss":0,"cards_upgraded":["Strike_B","Zap"]},{"damage_healed":0,"gold_gain":0,"cards_transformed":["Strike_B","Defend_B"],"player_choice":"Became Test Subject","damage_taken":0,"max_hp_gain":0,"max_hp_loss":0,"event_name":"Drug Dealer","floor":19,"gold_loss":0,"cards_obtained":["Meteor Strike","Lockon"]},{"damage_healed":0,"gold_gain":0,"player_choice":"Shed Blood","damage_taken":19,"max_hp_gain":5,"max_hp_loss":0,"event_name":"Forgotten Altar","floor":31,"gold_loss":0}],"is_beta":false,"boss_relics":[{"not_picked":["Black Star","Runic Dome"],"picked":"Philosopher\u0027s Stone"}],"items_purged_floors":[21],"is_endless":false,"potions_floor_spawned":[2,6,8,12,14,28,29],"killed_by":"Collector","ascension_level":1}}