{"host":"r9v0g0iwbsx9dzwu","time":1610801879,"event":{"mods":["ATMod(阿瑾Mod)","Aspiration","BaseMod","Minty Spire (QoL Compilation)","MostiFishMod","Replay The Spire","RumiaBox-露米娅的神秘盒子","StSLib","TestMod","[IsaacMod]以撒尖塔","vexMod","【功能Mod】聪明的最终Boss","【遗物卡牌】REMEMod"],"gold_per_floor":[117,166,166,185,200,200,226,238,285,285,301,301,376,776,776,854,854,872,885,904,904,921,921,955,955,955,984,984,193,225,244,244,319,-1081,-1068,-1043,-1025,-1013,-1013,-1013,-989,-974,-951,-951,-951,-951,-934,20,20,20,20,20,20,20,50,50],"floor_reached":57,"language":"ZHS","playtime":2992,"items_purged":["Strike_G","Strike_G"],"score":2349,"play_id":"88fb3f27-05aa-4891-8b1a-9a3171207dc1","local_time":"20210116205759","is_ascension_mode":true,"campfire_choices":[{"data":"1","floor":6.0,"key":"LIFT"},{"data":"2","floor":10.0,"key":"LIFT"},{"data":"3","floor":12.0,"key":"LIFT"},{"data":"Hidden Blade","floor":15.0,"key":"SMITH"},{"data":"Hidden Blade","floor":23.0,"key":"SMITH"},{"data":"AT_ThistleTea","floor":25.0,"key":"SMITH"},{"data":"Neutralize","floor":32.0,"key":"SMITH"},{"data":"Acrobatics","floor":40,"key":"SMITH"},{"data":"Acrobatics","floor":44,"key":"SMITH"},{"floor":49,"key":"RECALL"},{"data":"Well Laid Plans","floor":53,"key":"SMITH"}],"circlet_count":0,"master_deck":["AscendersBane","Strike_G","Strike_G+1","Defend_G","Defend_G","Defend_G","Defend_G","Defend_G","Survivor","Neutralize+1","BloodyBrimstone+1","Hidden Blade+1","Hidden Blade+1","Escape Plan","Crippling Poison+1","Cloak And Dagger+1","AT_ThistleTea+1","Backflip","Cloak And Dagger+1","Backflip+1","Phantasmal Killer+1","Acrobatics+1","Acrobatics+1","Cloak And Dagger+1","Well Laid Plans+1","ReplayTheSpireMod:Tripwire+1"],"relics":["Ring of the Snake","AT_ATBox","DaveBox","testmod-TestBox","HushsDoor","SatanicBible","ShadowXiaoBlade","testmod-TimeTraveler","Girya","Baka","DeathBook","vexMod:TanglingVine","GuppysCollar","GuppysHairball","Mango","Vampiric Spirits","ImprovedEquipment","Dodecahedron","testmod-Hope","Ornamental Fan","ReplayTheSpireMod:Lightbulb","SynthV:MejaisSoulstealer","Incubus","Damocles","JudasShadow","ReplayTheSpireMod:Shallot","Thread and Needle","Gremlin Food","Ninja Scroll","Centennial Puzzle","Potion Belt","Vajra","aspiration:VileToxins","Whetstone","Toxic Egg 2","Regal Pillow","UnicornStump","Ice Cream"],"acts_visited":["Exordium","TheCity","TheBeyond","TheEnding"],"potions_floor_usage":[56,56,56,56],"damage_taken":[{"damage":0.0,"enemies":"2 Louse","floor":1.0,"turns":3.0},{"damage":0.0,"enemies":"Cultist","floor":4.0,"turns":3.0},{"damage":0.0,"enemies":"Jaw Worm","floor":5.0,"turns":2.0},{"damage":10.0,"enemies":"Lagavulin","floor":7.0,"turns":5.0},{"damage":5.0,"enemies":"Gremlin Gang","floor":8.0,"turns":4.0},{"damage":0.0,"enemies":"2 Fungi Beasts","floor":11.0,"turns":2.0},{"damage":0.0,"enemies":"Slime Boss","floor":16.0,"turns":5.0},{"damage":0.0,"enemies":"2 Thieves","floor":18.0,"turns":1.0},{"damage":0.0,"enemies":"Shell Parasite","floor":19.0,"turns":2.0},{"damage":7.0,"enemies":"Snecko","floor":20.0,"turns":3.0},{"damage":0.0,"enemies":"Shelled Parasite and Fungi","floor":22.0,"turns":1.0},{"damage":10.0,"enemies":"Book of Stabbing","floor":24.0,"turns":4.0},{"damage":5.0,"enemies":"Slavers","floor":27.0,"turns":3.0},{"damage":0.0,"enemies":"Book of Stabbing","floor":30.0,"turns":4.0},{"damage":0.0,"enemies":"Snake Plant","floor":31.0,"turns":3.0},{"damage":0.0,"enemies":"Collector","floor":33.0,"turns":7.0},{"damage":0,"enemies":"Orb Walker","floor":35,"turns":2},{"damage":0,"enemies":"Mind Bloom Boss Battle","floor":36,"turns":2},{"damage":0,"enemies":"3 Darklings","floor":37,"turns":3},{"damage":0,"enemies":"Transient","floor":38,"turns":5},{"damage":0,"enemies":"Sphere and 2 Shapes","floor":42,"turns":1},{"damage":0,"enemies":"Jaw Worm Horde","floor":47,"turns":2},{"damage":0,"enemies":"Spire Growth","floor":48,"turns":1},{"damage":0,"enemies":"Replay:Hell Engine","floor":50,"turns":1},{"damage":0,"enemies":"Donu and Deca","floor":51,"turns":25},{"damage":0,"enemies":"Shield and Spear","floor":55,"turns":1},{"damage":0,"enemies":"Delirium","floor":56,"turns":1}],"seed_played":"5961523439329802048","potions_obtained":[{"floor":4.0,"key":"LiquidBronze"},{"floor":7.0,"key":"Dexterity Potion"},{"floor":11.0,"key":"SteroidPotion"},{"floor":47,"key":"BlessingOfTheForge"}],"is_trial":false,"path_per_floor":["M","?","?","M","M","R","E","M","T","R","M","R","?","?","R","B",null,"M","M","M","?","M","R","E","R","T","E","?","$","E","M","R","B",null,"M","?","M","M","?","R","T","M","T","R","T","?","M","M","R","B","B",null,"R","$","E","B",null],"character_chosen":"THE_SILENT","items_purchased":["GuppysCollar","GuppysHairball","Dodecahedron","testmod-Hope","Ornamental Fan","Incubus","Damocles","JudasShadow","EntropicBrew"],"campfire_rested":0,"item_purchase_floors":[17,17,29,29,29,34,34,34,34],"current_hp_per_floor":[44,29,76,76,76,76,66,61,61,61,61,61,50,50,50,50,45,45,45,38,42,42,42,46,46,46,45,45,45,45,50,50,47,1,1,1,1,1,1,1,1,1,1,1,1,1,1,1,1,1,1,1,1,1,1,1],"gold":50,"neow_bonus":"ONE_RARE_RELIC","is_daily":false,"chose_seed":false,"campfire_upgraded":7,"win_rate":0.0,"timestamp":1610801879,"path_taken":["M","?","?","M","M","R","E","M","T","R","M","R","?","?","R","BOSS","M","M","M","?","M","R","E","R","T","E","?","$","E","M","R","BOSS","M","?","M","M","?","R","?","?","T","R","?","?","M","M","R","BOSS","BOSS","R","$","E","BOSS"],"items_purchased_type":["Relic","Relic","Relic","Relic","Relic","Relic","Relic","Relic","Potion"],"build_version":"2020-12-22","purchased_purges":2,"victory":true,"max_hp_per_floor":[66,66,76,76,76,76,76,76,76,76,76,76,76,76,76,73,45,45,45,45,45,42,42,56,56,56,53,53,53,53,50,50,47,1,1,1,1,1,1,1,1,1,1,1,1,1,1,1,1,1,1,1,1,1,1,1],"card_choices":[{"not_picked":[],"picked":"BloodyBrimstone","floor":0.0},{"not_picked":["Dagger Spray","Cloak And Dagger","ReplayTheSpireMod:Shiv Toss"],"picked":"SKIP","floor":1.0},{"not_picked":["Dodge and Roll","Flying Knee"],"picked":"Hidden Blade","floor":4.0},{"not_picked":["REME_ShadowStrike","Deflect","PiercingWail"],"picked":"SKIP","floor":5.0},{"not_picked":["Sucker Punch","REME_GreenPollution"],"picked":"Hidden Blade","floor":7.0},{"not_picked":["Dagger Spray","Outmaneuver","Sucker Punch"],"picked":"SKIP","floor":8.0},{"not_picked":["Backflip","ReplayTheSpireMod:Exploit Weakness"],"picked":"Bomb","floor":11.0},{"not_picked":["MostiFishMod:HiddenBlade","Burst"],"picked":"MostiFishMod:Wind","floor":16.0},{"not_picked":["Cloak And Dagger","Setup"],"picked":"Escape Plan","floor":18.0},{"not_picked":["Slice","AT_KneejerkReflex"],"picked":"Crippling Poison+1","floor":19.0},{"not_picked":["Hidden Blade+1","AT_ThistleTea+1"],"picked":"Cloak And Dagger+1","floor":20.0},{"not_picked":["Blade Dance","Dagger Spray","Bane"],"picked":"SKIP","floor":22.0},{"not_picked":["Poisoned Stab","Slice","Malaise"],"picked":"SKIP","floor":24.0},{"not_picked":["Slice","Quick Slash"],"picked":"Backflip","floor":27.0},{"not_picked":["MostiFishMod:PerfectParry+1","All Out Attack","AT_ShadowStep"],"picked":"SKIP","floor":30.0},{"not_picked":["Acrobatics","PiercingWail"],"picked":"Cloak And Dagger+1","floor":31.0},{"not_picked":["MostiFishMod:LethalBlade","REME_LeechingPoison","A Thousand Cuts"],"picked":"Phantasmal Killer","floor":33.0},{"not_picked":["Poisoned Stab","AT_TinkerSharpsword+1"],"picked":"Acrobatics","floor":35},{"not_picked":["Dagger Spray","Prepared"],"picked":"Acrobatics","floor":37},{"not_picked":["Outmaneuver","Dodge and Roll","AT_ThistleTea"],"picked":"SKIP","floor":38},{"not_picked":["Dagger Throw","All Out Attack","Poisoned Stab"],"picked":"SKIP","floor":42},{"not_picked":["ReplayTheSpireMod:Speed Training+1","Dagger Throw"],"picked":"Cloak And Dagger+1","floor":47},{"not_picked":["Backflip+1","Predator+1"],"picked":"Well Laid Plans","floor":48},{"not_picked":["Dodge and Roll+1","Poisoned Stab"],"picked":"ReplayTheSpireMod:Tripwire+1","floor":55}],"player_experience":20426,"relics_obtained":[{"floor":1.0,"key":"Baka"},{"floor":7.0,"key":"DeathBook"},{"floor":24.0,"key":"Mango"},{"floor":26.0,"key":"Vampiric Spirits"},{"floor":27.0,"key":"ImprovedEquipment"},{"floor":30.0,"key":"ReplayTheSpireMod:Lightbulb"},{"floor":35,"key":"ReplayTheSpireMod:Shallot"},{"floor":36,"key":"Thread and Needle"},{"floor":36,"key":"Gremlin Food"},{"floor":37,"key":"Ninja Scroll"},{"floor":38,"key":"Centennial Puzzle"},{"floor":41,"key":"Potion Belt"},{"floor":42,"key":"Vajra"},{"floor":43,"key":"aspiration:VileToxins"},{"floor":45,"key":"Whetstone"},{"floor":47,"key":"Toxic Egg 2"},{"floor":48,"key":"Regal Pillow"},{"floor":55,"key":"UnicornStump"},{"floor":55,"key":"Ice Cream"}],"event_choices":[{"cards_removed":["BloodyBrimstone"],"damage_healed":37.0,"max_hp_gain":10.0,"max_hp_loss":0.0,"gold_gain":0.0,"event_name":"Bonfire Elementals","player_choice":"Offered Rare","floor":3.0,"gold_loss":0.0,"damage_taken":0.0},{"damage_healed":0.0,"max_hp_gain":0.0,"max_hp_loss":0.0,"gold_gain":75.0,"event_name":"World of Goop","player_choice":"Gather Gold","floor":13.0,"gold_loss":0.0,"damage_taken":11.0},{"damage_healed":0.0,"max_hp_gain":0.0,"max_hp_loss":0.0,"gold_gain":400.0,"event_name":"恩洛斯的盘子","player_choice":"Sell","floor":14.0,"relics_lost":["REME_ComplimentaryCards"],"gold_loss":0.0,"damage_taken":0.0},{"cards_removed":["Strike_G"],"damage_healed":0.0,"max_hp_gain":0.0,"max_hp_loss":0.0,"gold_gain":0.0,"event_name":"Back to Basics","player_choice":"Elegance","floor":28.0,"gold_loss":0.0,"damage_taken":0.0},{"damage_healed":0,"gold_gain":0,"player_choice":"Fight","damage_taken":0,"max_hp_gain":0,"max_hp_loss":0,"event_name":"MindBloom","floor":36,"gold_loss":0},{"damage_healed":0,"gold_gain":0,"player_choice":"Memory 1","damage_taken":0,"max_hp_gain":0,"max_hp_loss":0,"event_name":"SensoryStone","floor":39,"gold_loss":0},{"damage_healed":0,"gold_gain":0,"player_choice":"Upgraded","damage_taken":0,"max_hp_gain":0,"max_hp_loss":0,"event_name":"Upgrade Shrine","floor":46,"gold_loss":0,"cards_upgraded":["Phantasmal Killer"]}],"is_beta":false,"boss_relics":[{"not_picked":["MoonlightInvasionPlan","Replay:Wanted Poster"],"picked":"vexMod:TanglingVine"},{"not_picked":[]},{"not_picked":["aspiration:DefectSkillbook","Replay:Bronze Core"],"picked":"SynthV:MejaisSoulstealer"},{"not_picked":[]}],"items_purged_floors":[17,29],"is_endless":false,"potions_floor_spawned":[4,7,11,18,22,27,33,35,36,47],"ascension_level":20}}