{"host":"v1m5rkjj38qutr02","time":1610780714,"event":{"mods":["Act Like it!","BaseMod","Challenge The Spire","Conspire","Gensokyo","GungeonMod","Hallownest","Minty Spire (QoL Compilation)","Replay The Spire","StSLib","The Bug Knight","Youmu£®ªÍ∆«—˝√Œ£©"],"gold_per_floor":[115,126,126,126,126,159,53,53,53],"floor_reached":8,"language":"ZHS","playtime":151,"items_purged":[],"score":119,"play_id":"62766e73-69ef-4c64-8d59-b5449acf4fe6","local_time":"20210116150514","is_ascension_mode":true,"campfire_choices":[],"circlet_count":0,"master_deck":["AscendersBane","Strike_B","Strike_B","Strike_B","Defend_B","Defend_B","Defend_B","Defend_B","Zap","Dualcast","Hologram","Double Energy+1","FIFO Queue","BasicCrystalCard+1"],"relics":["Cracked Core","NeowsBlessing","Toxic Egg 2","Girya"],"acts_visited":["Exordium"],"potions_floor_usage":[8],"damage_taken":[{"damage":0,"enemies":"Small Slimes","floor":1,"turns":1},{"damage":0,"enemies":"2 Louse","floor":2,"turns":1},{"damage":0,"enemies":"3 Sentries","floor":6,"turns":1},{"damage":33,"enemies":"Gremlin Nob","floor":8,"turns":5}],"seed_played":"7645396311794088054","potions_obtained":[{"floor":1,"key":"CultistPotion"},{"floor":2,"key":"BlessingOfTheForge"}],"is_trial":false,"path_per_floor":["M","M","?","?","T","E","$","E"],"character_chosen":"DEFECT","items_purchased":["FIFO Queue","BasicCrystalCard+1"],"campfire_rested":0,"item_purchase_floors":[7,7],"current_hp_per_floor":[68,68,68,61,61,61,61,28,28],"gold":53,"neow_bonus":"THREE_ENEMY_KILL","is_daily":false,"chose_seed":false,"campfire_upgraded":0,"win_rate":0.0,"timestamp":1610780714,"path_taken":["M","M","?","?","?","E","?","E"],"items_purchased_type":["Card","Card"],"build_version":"2020-12-22","purchased_purges":0,"victory":false,"max_hp_per_floor":[75,75,75,75,75,75,75,75,75],"card_choices":[{"not_picked":["Undo","conspire:Rain","Compile Driver"],"picked":"SKIP","floor":1},{"not_picked":["FTL","Panic Button"],"picked":"Hologram","floor":2},{"not_picked":["Barrage","Sunder"],"picked":"Double Energy+1","floor":6}],"player_experience":412006,"relics_obtained":[{"floor":5,"key":"Toxic Egg 2"},{"floor":6,"key":"Girya"}],"event_choices":[{"damage_healed":0,"gold_gain":0,"player_choice":"Leave","damage_taken":0,"max_hp_gain":0,"max_hp_loss":0,"event_name":"conspire:Investor","floor":3,"gold_loss":0},{"cards_removed":["Strike_B"],"damage_healed":0,"gold_gain":0,"player_choice":"Card Removal","damage_taken":7,"max_hp_gain":0,"max_hp_loss":0,"event_name":"Golden Wing","floor":4,"gold_loss":0}],"is_beta":false,"boss_relics":[],"items_purged_floors":[],"is_endless":false,"potions_floor_spawned":[1,2],"killed_by":"Gremlin Nob","ascension_level":10}}