{"host":"vo81qpzluzbeezei","time":1610755969,"event":{"mods":["2.2 Compatiblity","AchievementEnabler","BaseMod","Better Note","Colored Map","Minty Spire (QoL Compilation)","Quick Restart","StSLib","SuperFastMode"],"gold_per_floor":[117,68,68,78,93,93,106,106,187,200,69,69,100,120,120,219,219,234,254,270,195,213,213,113,131,431,431,431,346,346,359,359,463,463,480,495,509,332,343,10,26,26,80,93,93,113,113,128,128,128],"floor_reached":51,"language":"KOR","playtime":2835,"items_purged":["Strike_G","Strike_G","Strike_G","Strike_G"],"score":737,"play_id":"d487cfde-ebaa-4305-9bfa-ed7b8824974a","local_time":"20210116091249","is_ascension_mode":true,"campfire_choices":[{"data":"Deadly Poison","floor":6,"key":"SMITH"},{"data":"Dagger Spray","floor":8,"key":"SMITH"},{"data":"Blade Dance","floor":12,"key":"SMITH"},{"floor":15,"key":"REST"},{"floor":23,"key":"REST"},{"data":"Malaise","floor":28,"key":"SMITH"},{"data":"Well Laid Plans","floor":30,"key":"SMITH"},{"floor":32,"key":"REST"},{"floor":45,"key":"REST"},{"floor":47,"key":"REST"},{"floor":49,"key":"REST"}],"circlet_count":0,"master_deck":["Strike_G+1","Defend_G","Defend_G","Defend_G","Defend_G","Survivor","Neutralize+1","Dagger Spray+1","Quick Slash","Deadly Poison+1","Blade Dance+1","Crippling Poison","Well Laid Plans+1","Blur","Malaise+1","PiercingWail","Cloak And Dagger+1","Backflip+1","Corpse Explosion","Acrobatics+1","Blade Dance","Footwork","Parasite"],"relics":["Ring of the Snake","NeowsBlessing","Singing Bowl","Nunchaku","WristBlade","Old Coin","Vajra","Philosopher\u0027s Stone","Chemical X","Boot"],"acts_visited":["Exordium","TheCity","TheBeyond"],"potions_floor_usage":[22,22,33,44,46,50,50,50],"damage_taken":[{"damage":0,"enemies":"Cultist","floor":1,"turns":1},{"damage":0,"enemies":"Jaw Worm","floor":4,"turns":1},{"damage":0,"enemies":"2 Louse","floor":5,"turns":1},{"damage":2,"enemies":"2 Fungi Beasts","floor":7,"turns":2},{"damage":4,"enemies":"Blue Slaver","floor":10,"turns":3},{"damage":18,"enemies":"Gremlin Nob","floor":13,"turns":4},{"damage":7,"enemies":"Looter","floor":14,"turns":3},{"damage":11,"enemies":"The Guardian","floor":16,"turns":11},{"damage":1,"enemies":"Chosen","floor":18,"turns":6},{"damage":14,"enemies":"2 Thieves","floor":19,"turns":4},{"damage":20,"enemies":"3 Cultists","floor":20,"turns":5},{"damage":22,"enemies":"Cultist and Chosen","floor":22,"turns":7},{"damage":6,"enemies":"Snecko","floor":25,"turns":4},{"damage":0,"enemies":"Centurion and Healer","floor":31,"turns":4},{"damage":43,"enemies":"Champ","floor":33,"turns":12},{"damage":2,"enemies":"Orb Walker","floor":35,"turns":4},{"damage":3,"enemies":"3 Darklings","floor":36,"turns":2},{"damage":38,"enemies":"Jaw Worm Horde","floor":37,"turns":3},{"damage":7,"enemies":"4 Shapes","floor":39,"turns":5},{"damage":18,"enemies":"Maw","floor":41,"turns":7},{"damage":3,"enemies":"Writhing Mass","floor":44,"turns":5},{"damage":10,"enemies":"Jaw Worm Horde","floor":46,"turns":3},{"damage":20,"enemies":"Sphere and 2 Shapes","floor":48,"turns":4},{"damage":58,"enemies":"Awakened One","floor":50,"turns":13}],"seed_played":"-581568351438682428","potions_obtained":[{"floor":1,"key":"LiquidBronze"},{"floor":10,"key":"Weak Potion"},{"floor":14,"key":"Dexterity Potion"},{"floor":22,"key":"Poison Potion"},{"floor":31,"key":"FearPotion"},{"floor":33,"key":"GamblersBrew"},{"floor":39,"key":"CunningPotion"},{"floor":44,"key":"DistilledChaos"},{"floor":46,"key":"LiquidBronze"}],"is_trial":false,"path_per_floor":["M","$","?","M","M","R","M","R","T","M","$","R","E","M","R","B",null,"M","M","M","$","M","R","$","M","T","?","R","?","R","M","R","B",null,"M","M","M","$","M","$","M","?","T","M","R","M","R","M","R","B",null],"character_chosen":"THE_SILENT","items_purchased":["Quick Slash","Blade Dance","Crippling Poison","Blade Dance","Footwork","Chemical X"],"campfire_rested":6,"item_purchase_floors":[2,11,11,38,40,40],"current_hp_per_floor":[70,70,56,56,56,56,54,54,54,52,52,52,34,27,48,37,72,71,59,39,39,19,41,41,35,35,35,35,35,35,37,60,17,78,78,77,39,39,34,34,18,18,18,17,43,35,62,44,71,13],"gold":128,"neow_bonus":"THREE_ENEMY_KILL","is_daily":false,"chose_seed":false,"campfire_upgraded":5,"win_rate":0.0,"timestamp":1610755969,"path_taken":["M","?","?","M","?","R","M","R","T","M","$","R","E","?","R","BOSS","M","M","?","$","M","R","$","M","T","?","R","?","R","M","R","BOSS","M","M","M","$","M","$","M","?","T","M","R","M","R","M","R","BOSS"],"items_purchased_type":["Card","Card","Card","Card","Card","Relic"],"build_version":"2020-12-22","purchased_purges":4,"victory":true,"max_hp_per_floor":[70,70,70,70,70,70,70,70,70,72,72,72,72,72,72,72,72,72,74,74,74,76,76,76,76,76,76,76,76,76,78,78,78,78,80,82,82,82,84,84,86,86,86,88,88,90,90,92,92,92],"card_choices":[{"not_picked":["Crippling Poison","Acrobatics"],"picked":"Dagger Spray","floor":1},{"not_picked":["Tactician","Dodge and Roll"],"picked":"Deadly Poison","floor":4},{"not_picked":["Distraction","Sucker Punch","Infinite Blades"],"picked":"SKIP","floor":5},{"not_picked":["Dagger Throw","Distraction","Expertise"],"picked":"SKIP","floor":7},{"not_picked":["Dodge and Roll","Prepared","Dagger Throw"],"picked":"Singing Bowl","floor":10},{"not_picked":["Dagger Spray","Dagger Throw"],"picked":"Well Laid Plans","floor":13},{"not_picked":["Caltrops","Dagger Spray"],"picked":"Blur","floor":14},{"not_picked":["Grand Finale","Tools of the Trade"],"picked":"Malaise","floor":16},{"not_picked":["Prepared+1","Sucker Punch"],"picked":"PiercingWail","floor":18},{"not_picked":["Dodge and Roll","Dagger Spray","Reflex+1"],"picked":"Singing Bowl","floor":19},{"not_picked":["Eviscerate","Caltrops+1"],"picked":"Cloak And Dagger+1","floor":20},{"not_picked":["Crippling Poison","Bouncing Flask","Prepared+1"],"picked":"Singing Bowl","floor":22},{"not_picked":["Leg Sweep+1","Tactician"],"picked":"Backflip+1","floor":25},{"not_picked":["Dagger Throw","Bouncing Flask+1","Eviscerate"],"picked":"Singing Bowl","floor":31},{"not_picked":["Tools of the Trade","Doppelganger"],"picked":"Corpse Explosion","floor":33},{"not_picked":["Reflex","Dodge and Roll","Underhanded Strike"],"picked":"Singing Bowl","floor":35},{"not_picked":["Eviscerate","Reflex+1","Flying Knee+1"],"picked":"Singing Bowl","floor":36},{"not_picked":["Finisher","Quick Slash+1"],"picked":"Acrobatics+1","floor":37},{"not_picked":["Acrobatics+1","Bouncing Flask","Slice+1"],"picked":"Singing Bowl","floor":39},{"not_picked":["Skewer","Prepared","Bane+1"],"picked":"Singing Bowl","floor":41},{"not_picked":["Slice","Acrobatics","Prepared"],"picked":"Singing Bowl","floor":44},{"not_picked":["Bouncing Flask","Unload","Terror"],"picked":"Singing Bowl","floor":46},{"not_picked":["Reflex+1","Dagger Throw","Dash"],"picked":"Singing Bowl","floor":48}],"player_experience":184596,"relics_obtained":[{"floor":9,"key":"Singing Bowl"},{"floor":13,"key":"Nunchaku"},{"floor":26,"key":"Old Coin"},{"floor":43,"key":"Boot"}],"event_choices":[{"damage_healed":0,"gold_gain":0,"player_choice":"Entered Light","damage_taken":14,"max_hp_gain":0,"max_hp_loss":0,"event_name":"Shining Light","floor":3,"gold_loss":0,"cards_upgraded":["Strike_G","Neutralize"]},{"damage_healed":0,"gold_gain":0,"player_choice":"Ignored","damage_taken":0,"max_hp_gain":0,"max_hp_loss":0,"event_name":"Ghosts","floor":27,"gold_loss":0},{"damage_healed":0,"gold_gain":0,"player_choice":"Obtained Relic","damage_taken":0,"relics_obtained":["Vajra"],"max_hp_gain":0,"max_hp_loss":0,"event_name":"Addict","floor":29,"gold_loss":85},{"cards_removed":["Defend_G"],"damage_healed":0,"gold_gain":0,"player_choice":"Removed Skill","damage_taken":0,"max_hp_gain":0,"max_hp_loss":0,"event_name":"Falling","floor":42,"gold_loss":0}],"is_beta":false,"boss_relics":[{"not_picked":["Runic Dome","HoveringKite"],"picked":"WristBlade"},{"not_picked":["Runic Pyramid","SacredBark"],"picked":"Philosopher\u0027s Stone"}],"items_purged_floors":[21,24,38,40],"is_endless":false,"potions_floor_spawned":[1,10,14,16,22,31,33,36,39,41,44,46],"ascension_level":1}}