{"host":"h26iowzi6bk5r55d","time":1610784514,"event":{"mods":["ATMod(°¢èªMod)","Aspiration","BaseMod","Colored Powertips","Conspire","Downfall","Marisa£¨ìFÓê¡¡Ä§ÀíÉ³£©","Minty Spire (QoL Compilation)","Relic Stats","RumiaBox-Â¶Ã×æ«µÄÉñÃØºÐ×Ó","SIMod","StSLib","Yakumo Yukari mod","Youmu£¨»êÆÇÑýÃÎ£©","vexMod","¡¾ÒÅÎï¿¨ÅÆ¡¿REMEMod","²ÐÁôÖ®Îï"],"gold_per_floor":[116,116,130,142,92,126,126,194,221,221,221,333,333,333,333,504,504,543,543,587,55,55,111,175,100,100,100,0,70,70,134,134,309,309,395,498,205,205,244,297,347,461,461,461,461,171,303,4,4,69,69,69,2,95,150],"floor_reached":56,"language":"ZHS","playtime":4121,"items_purged":["Injury","conspire:GhostlyDefend"],"score":1493,"play_id":"74bf0e42-3e1a-48e5-9261-c324c7a71aba","local_time":"20210116160834","is_ascension_mode":false,"campfire_choices":[{"data":"DispleasureOfTheSevenHakus","floor":11,"key":"SMITH"},{"data":"Good Instincts","floor":13,"key":"SMITH"},{"floor":15,"key":"REST"},{"data":"SwordExtraction","floor":27,"key":"SMITH"},{"data":"WheelOfPainOfLivingAndDead","floor":30,"key":"SMITH"},{"floor":32,"key":"RECALL"},{"floor":45,"key":"REST"},{"floor":49,"key":"REST"},{"floor":52,"key":"REST"}],"circlet_count":0,"master_deck":["conspire:GhostlyStrike+1","conspire:GhostlyStrike+1","conspire:GhostlyStrike+1","conspire:GhostlyStrike+1","conspire:GhostlyDefend+1","conspire:GhostlyDefend+1","conspire:GhostlyDefend+1","WheelOfPainOfLivingAndDead+1","SwordOfBindingDesires+1","DispleasureOfTheSevenHakus+1","Good Instincts+1","SwordExtraction+1","ReincarnationSword+1","SwordOfBindingDesires+1","SpiritCuttingSword+1","BizarrenessOfSixRealms+1","AsTheSilentNirvana+1","FastingOfTheYoungPreta+1","SlashOfAscensionToBuddhahood+1","SwordOfBindingDesires+1","ThoughtCuttingSword","ReincarnationSword+1"],"relics":["HalfPhantom","REME_ComplimentaryCards","AT_ATBox","aspiration:Nostalgia","PlaceholderMod:Tancle","AT_MibuBalloonWealth","AT_BladeRuinedKing","Toxic Egg 2","Busted Crown","AT_SeraphEmbrace","TungstenRod","aspiration:FrozenJewel","GodSword6","bronze:MakeshiftBattery","REME_IWantAll","PreservedInsect","Strange Spoon","vexMod:FocusSash","REME_ArchaeologicalTools","FossilizedHelix","AT_SunfireAegis","REME_HandOfSuture","Roukanken"],"acts_visited":["Exordium","TheCity","TheBeyond","TheEnding"],"potions_floor_usage":[12,16,23,55],"damage_taken":[{"damage":5,"enemies":"Small Slimes","floor":1,"turns":3},{"damage":0,"enemies":"2 Louse","floor":3,"turns":3},{"damage":2,"enemies":"Cultist","floor":4,"turns":4},{"damage":14,"enemies":"3 Sentries","floor":6,"turns":16},{"damage":0,"enemies":"2 Fungi Beasts","floor":8,"turns":4},{"damage":8,"enemies":"Gremlin Gang","floor":12,"turns":5},{"damage":0,"enemies":"Slime Boss","floor":16,"turns":8},{"damage":0,"enemies":"Shell Parasite","floor":18,"turns":5},{"damage":13,"enemies":"Chosen","floor":20,"turns":5},{"damage":0,"enemies":"REME_1_Revenger","floor":23,"turns":5},{"damage":0,"enemies":"Shelled Parasite and Fungi","floor":24,"turns":4},{"damage":0,"enemies":"Centurion and Healer","floor":29,"turns":5},{"damage":0,"enemies":"Chosen and Byrds","floor":31,"turns":4},{"damage":0,"enemies":"Automaton","floor":33,"turns":7},{"damage":0,"enemies":"3 Shapes","floor":35,"turns":4},{"damage":0,"enemies":"2 Orb Walkers","floor":36,"turns":5},{"damage":0,"enemies":"Orb Walker","floor":39,"turns":4},{"damage":0,"enemies":"Giant Head","floor":40,"turns":6},{"damage":0,"enemies":"Giant Head","floor":41,"turns":6},{"damage":0,"enemies":"4 Shapes","floor":42,"turns":3},{"damage":0,"enemies":"Transient","floor":47,"turns":5},{"damage":0,"enemies":"Donu and Deca","floor":50,"turns":5},{"damage":0,"enemies":"Shield and Spear","floor":54,"turns":3},{"damage":28,"enemies":"The Heart","floor":55,"turns":7}],"seed_played":"-5904205372337771734","potions_obtained":[{"floor":3,"key":"SteroidPotion"},{"floor":4,"key":"Block Potion"},{"floor":8,"key":"ColorlessPotion"},{"floor":12,"key":"SkillPotion"},{"floor":20,"key":"Fire Potion"},{"floor":29,"key":"Weak Potion"}],"is_trial":false,"path_per_floor":["M","?","M","M","?","E","?","M","T","?","R","M","R","?","R","B",null,"M","?","M","$","?","E","M","$","T","R","$","M","R","M","R","B",null,"M","?","$","?","M","E","?","M","T","T","R","$","M","$","R","B",null,"R","$","E","B",null],"character_chosen":"YOUMU","items_purchased":["AT_ArchangelStaff","SpiritCuttingSword+1","TungstenRod","BizarrenessOfSixRealms+1","PreservedInsect","Strange Spoon","FossilizedHelix","AT_SunfireAegis","REME_HandOfSuture","ThoughtCuttingSword"],"campfire_rested":4,"item_purchase_floors":[21,21,21,21,37,37,46,48,48,53],"current_hp_per_floor":[70,70,70,68,68,54,54,54,54,54,54,46,46,46,68,68,75,75,75,62,62,62,62,62,62,62,62,62,62,62,62,62,62,75,75,76,76,76,77,77,77,77,77,77,77,77,77,77,77,77,77,77,77,78,50],"gold":150,"neow_bonus":"NOSTALGIA","is_daily":false,"chose_seed":false,"campfire_upgraded":4,"win_rate":0.0,"timestamp":1610784514,"path_taken":["M","?","M","M","?","E","?","?","T","?","R","?","R","?","R","BOSS","M","?","M","$","?","E","?","$","T","R","$","M","R","M","R","BOSS","M","?","$","?","M","E","?","?","T","?","R","?","M","$","R","BOSS","R","$","E","BOSS"],"items_purchased_type":["Relic","Card","Relic","Card","Relic","Relic","Relic","Relic","Relic","Card"],"build_version":"2020-12-22","purchased_purges":2,"victory":true,"max_hp_per_floor":[75,75,75,75,75,75,75,75,75,75,75,75,75,75,75,75,75,75,75,75,75,75,75,75,75,75,75,75,75,75,75,75,75,75,75,76,76,76,77,77,77,77,77,77,77,77,77,77,77,77,77,77,77,78,78],"relic_stats":{"Strange Spoon":[25],"Busted Crown":36,"counters":[24,108],"PreservedInsect":193,"obtain_stats":[{"AT_SeraphEmbrace":41,"PlaceholderMod:Tancle":0,"AT_ATBox":0,"aspiration:Nostalgia":0,"AT_MibuBalloonWealth":6,"HalfPhantom":0,"AT_BladeRuinedKing":9,"PreservedInsect":37,"vexMod:FocusSash":40,"AT_ArchangelStaff":21,"REME_IWantAll":36,"aspiration:FrozenJewel":23,"Strange Spoon":37,"Busted Crown":17,"REME_HandOfSuture":48,"GodSword6":26,"REME_ArchaeologicalTools":44,"Toxic Egg 2":14,"AT_SunfireAegis":48,"Roukanken":54,"TungstenRod":21,"bronze:MakeshiftBattery":34,"FossilizedHelix":46,"REME_ComplimentaryCards":0},{"AT_SeraphEmbrace":19,"PlaceholderMod:Tancle":0,"AT_ATBox":0,"aspiration:Nostalgia":0,"AT_MibuBalloonWealth":4,"HalfPhantom":0,"AT_BladeRuinedKing":5,"PreservedInsect":16,"vexMod:FocusSash":18,"AT_ArchangelStaff":9,"REME_IWantAll":16,"aspiration:FrozenJewel":10,"Strange Spoon":16,"Busted Crown":7,"REME_HandOfSuture":21,"GodSword6":11,"REME_ArchaeologicalTools":20,"Toxic Egg 2":6,"AT_SunfireAegis":21,"Roukanken":23,"TungstenRod":9,"bronze:MakeshiftBattery":14,"FossilizedHelix":20,"REME_ComplimentaryCards":0},{"AT_SeraphEmbrace":87,"PlaceholderMod:Tancle":0,"AT_ATBox":0,"aspiration:Nostalgia":0,"AT_MibuBalloonWealth":24,"HalfPhantom":0,"AT_BladeRuinedKing":27,"PreservedInsect":76,"vexMod:FocusSash":84,"AT_ArchangelStaff":48,"REME_IWantAll":76,"aspiration:FrozenJewel":52,"Strange Spoon":76,"Busted Crown":39,"REME_HandOfSuture":95,"GodSword6":56,"REME_ArchaeologicalTools":91,"Toxic Egg 2":31,"AT_SunfireAegis":95,"Roukanken":102,"TungstenRod":48,"bronze:MakeshiftBattery":69,"FossilizedHelix":91,"REME_ComplimentaryCards":0}],"TungstenRod":8},"card_choices":[{"not_picked":["ConstancyOfTheConventionalTruth","HeavenlyHaloSlash"],"picked":"SwordOfBindingDesires","floor":1},{"not_picked":["ObsessionWithThePresentWorld","KarmicPunishmentOfTheIdleAndUnfocused","SanzenSekai"],"picked":"SKIP","floor":3},{"not_picked":["BloodOfAsura","SlashOfMeditation"],"picked":"DispleasureOfTheSevenHakus","floor":4},{"not_picked":["HeavenlyHaloSlash","EchoesOfTheInclemencyOfAllBeings","LifeCuttingSword"],"picked":"SKIP","floor":6},{"not_picked":["RapidSlash","FlashingScatteredFlowers","AsuraSword"],"picked":"SKIP","floor":8},{"not_picked":["BloodOfAsura","LowerRealmReflectionSlash"],"picked":"SwordExtraction","floor":12},{"not_picked":["SuddenDivineSeveringOfKarmicWind","VoidnessSword"],"picked":"ReincarnationSword+1","floor":16},{"not_picked":["LowerRealmReflectionSlash"],"picked":"SKIP","floor":18},{"not_picked":["ThreeKonsSevenHakus+1"],"picked":"SKIP","floor":20},{"not_picked":["ObsessionWithThePresentWorld+1"],"picked":"SKIP","floor":23},{"not_picked":[],"picked":"AsTheSilentNirvana+1","floor":24},{"not_picked":["CherryBlossomFlashing+1"],"picked":"SKIP","floor":29},{"not_picked":["SlashOfDepartureFromHesitation"],"picked":"SKIP","floor":31},{"not_picked":[],"picked":"FastingOfTheYoungPreta+1","floor":33},{"not_picked":["SlashOfMeditation"],"picked":"SKIP","floor":35},{"not_picked":["SlashOfAscensionToBuddhahood"],"picked":"Singing Bowl","floor":36},{"not_picked":["SwordOfBindingDesires+1"],"picked":"Singing Bowl","floor":39},{"not_picked":["PhosphoricSlash+1"],"picked":"SKIP","floor":40},{"not_picked":["CherryBlossomFlashing+1"],"picked":"SKIP","floor":42},{"not_picked":["LifeCuttingSword+1"],"picked":"SKIP","floor":47},{"not_picked":["ReincarnationSword+1"],"picked":"Singing Bowl","floor":54}],"player_experience":375166,"relics_obtained":[{"floor":6,"key":"AT_MibuBalloonWealth"},{"floor":9,"key":"AT_BladeRuinedKing"},{"floor":23,"key":"aspiration:FrozenJewel"},{"floor":26,"key":"GodSword6"},{"floor":36,"key":"REME_IWantAll"},{"floor":40,"key":"vexMod:FocusSash"},{"floor":44,"key":"REME_ArchaeologicalTools"},{"floor":54,"key":"Roukanken"}],"event_choices":[{"damage_healed":0,"gold_gain":0,"player_choice":"Agree","damage_taken":0,"max_hp_gain":0,"max_hp_loss":0,"event_name":"conspire:LoneGhost","floor":2,"gold_loss":0},{"cards_removed":["SlashOfPresentWorld"],"damage_healed":0,"gold_gain":0,"player_choice":"Card Removal","damage_taken":0,"max_hp_gain":0,"max_hp_loss":0,"event_name":"The Cleric","floor":5,"gold_loss":50},{"damage_healed":0,"gold_gain":0,"player_choice":"Upgraded","damage_taken":0,"max_hp_gain":0,"max_hp_loss":0,"event_name":"Upgrade Shrine","floor":7,"gold_loss":0,"cards_upgraded":["SwordOfBindingDesires"]},{"damage_healed":0,"gold_gain":0,"player_choice":"1 cards matched","damage_taken":0,"max_hp_gain":0,"max_hp_loss":0,"event_name":"Match and Keep!","floor":10,"gold_loss":0,"cards_obtained":["Good Instincts"]},{"damage_healed":0,"gold_gain":0,"player_choice":"Read","damage_taken":0,"max_hp_gain":0,"max_hp_loss":0,"event_name":"The Library","floor":19,"gold_loss":0,"cards_obtained":["SwordOfBindingDesires"]},{"damage_healed":0,"gold_gain":0,"player_choice":"Got Potions","damage_taken":0,"max_hp_gain":0,"max_hp_loss":0,"event_name":"Lab","floor":22,"gold_loss":0},{"damage_healed":0,"gold_gain":0,"player_choice":"Fight","damage_taken":0,"max_hp_gain":0,"max_hp_loss":0,"event_name":"Mysterious Sphere","floor":36,"gold_loss":0},{"damage_healed":0,"gold_gain":0,"player_choice":"Leave","damage_taken":0,"max_hp_gain":0,"max_hp_loss":0,"event_name":"conspire:Investor","floor":38,"gold_loss":0}],"is_beta":false,"boss_relics":[{"not_picked":["vexMod:NewClearReactor","vexMod:ImprovementManual"],"picked":"Busted Crown"},{"not_picked":["Snecko Eye","Astrolabe"],"picked":"bronze:MakeshiftBattery"}],"items_purged_floors":[25,28],"is_endless":false,"potions_floor_spawned":[3,4,8,12,20,29,35,36,41,42],"ascension_level":0}}