{"host":"i0avyit1s6jb1siw","time":1610801926,"event":{"mods":["BaseMod","DeckTracker","Dota2Spire","Highlight Path","Minty Spire (QoL Compilation)","Quick Restart","StSLib","SuperFastMode"],"gold_per_floor":[110,54,66,85,45,56,56,73,97,115,147,166,183,203,203,279,279,294,52,52,52,43,43,43,43,43],"floor_reached":25,"language":"ENG","playtime":586,"items_purged":["Strike_G"],"score":464,"play_id":"dca594c3-5275-4e9e-bb57-a23dbe0544a0","local_time":"20210116135846","is_ascension_mode":true,"campfire_choices":[{"data":"Blade Dance","floor":7.0,"key":"SMITH"},{"data":"Footwork","floor":15.0,"key":"SMITH"},{"floor":23,"key":"REST"}],"circlet_count":0,"master_deck":["AscendersBane","Strike_G","Strike_G","Strike_G","Defend_G","Defend_G","Defend_G","Defend_G","Survivor","Neutralize","Blade Dance+1","Footwork+1","Tactician","Underhanded Strike","Reflex"],"relics":["Busted Crown","Dota2Spire:PowerTreads","Nunchaku","Dota2Spire:EchoSabre","Snecko Eye","Orichalcum","Enchiridion"],"acts_visited":["Exordium","TheCity"],"potions_floor_usage":[],"damage_taken":[{"damage":4.0,"enemies":"Cultist","floor":1.0,"turns":5.0},{"damage":0.0,"enemies":"Jaw Worm","floor":3.0,"turns":2.0},{"damage":2.0,"enemies":"Small Slimes","floor":4.0,"turns":3.0},{"damage":3.0,"enemies":"2 Fungi Beasts","floor":6.0,"turns":3.0},{"damage":0.0,"enemies":"Blue Slaver","floor":8.0,"turns":5.0},{"damage":2.0,"enemies":"Exordium Wildlife","floor":10.0,"turns":7.0},{"damage":0.0,"enemies":"Lagavulin","floor":11.0,"turns":5.0},{"damage":0.0,"enemies":"Large Slime","floor":12.0,"turns":5.0},{"damage":1.0,"enemies":"Looter","floor":13.0,"turns":3.0},{"damage":0.0,"enemies":"3 Louse","floor":14.0,"turns":4.0},{"damage":7.0,"enemies":"Slime Boss","floor":16.0,"turns":11.0},{"damage":15,"enemies":"Chosen","floor":18,"turns":5},{"damage":12,"enemies":"2 Thieves","floor":22,"turns":4},{"damage":43,"enemies":"Slavers","floor":25,"turns":4}],"seed_played":"-3077275203017887611","potions_obtained":[{"floor":5.0,"key":"SteroidPotion"},{"floor":5.0,"key":"Swift Potion"},{"floor":10.0,"key":"GhostInAJar"},{"floor":11.0,"key":"LiquidMemories"},{"floor":13.0,"key":"PowerPotion"},{"floor":18,"key":"DuplicationPotion"}],"is_trial":false,"path_per_floor":["M","?","M","M","?","M","R","M","T","M","E","M","M","M","R","B",null,"M","$","?","?","M","R","$","E"],"character_chosen":"THE_SILENT","items_purchased":["Orichalcum"],"campfire_rested":1,"item_purchase_floors":[19],"current_hp_per_floor":[55,55,55,53,53,50,50,50,50,48,48,48,47,47,47,40,60,45,45,45,24,12,31,31,0,0],"gold":43,"neow_bonus":"BOSS_RELIC","is_daily":false,"chose_seed":false,"campfire_upgraded":2,"win_rate":0.0,"timestamp":1610801926,"path_taken":["M","?","?","?","?","M","R","M","T","M","E","M","?","M","R","BOSS","M","$","?","?","M","R","?","E"],"items_purchased_type":["Relic"],"build_version":"2020-12-22","purchased_purges":1,"victory":false,"max_hp_per_floor":[66,66,66,66,66,66,66,66,66,66,66,66,66,66,66,66,66,66,66,66,66,66,66,66,66,66],"card_choices":[{"not_picked":[],"picked":"Blade Dance","floor":1.0},{"not_picked":[],"picked":"Footwork","floor":3.0},{"not_picked":[],"picked":"Tactician","floor":4.0},{"not_picked":["Outmaneuver"],"picked":"SKIP","floor":6.0},{"not_picked":["Deflect"],"picked":"SKIP","floor":8.0},{"not_picked":["Bane"],"picked":"SKIP","floor":10.0},{"not_picked":["Dagger Spray"],"picked":"SKIP","floor":11.0},{"not_picked":["Backflip"],"picked":"SKIP","floor":12.0},{"not_picked":["Dodge and Roll"],"picked":"SKIP","floor":13.0},{"not_picked":["Doppelganger"],"picked":"SKIP","floor":14.0},{"not_picked":["Quick Slash"],"picked":"SKIP","floor":18},{"not_picked":["Dodge and Roll"],"picked":"SKIP","floor":22}],"player_experience":2259557,"relics_obtained":[{"floor":9.0,"key":"Nunchaku"},{"floor":11.0,"key":"Dota2Spire:EchoSabre"},{"floor":21,"key":"Enchiridion"}],"event_choices":[{"damage_healed":0.0,"max_hp_gain":0.0,"max_hp_loss":0.0,"gold_gain":0.0,"event_name":"WeMeetAgain","player_choice":"Paid Gold","floor":2.0,"gold_loss":56.0,"damage_taken":0.0,"relics_obtained":["Dota2Spire:PowerTreads"]},{"damage_healed":0.0,"max_hp_gain":0.0,"max_hp_loss":0.0,"gold_gain":0.0,"event_name":"The Woman in Blue","player_choice":"Bought 3 Potions","floor":5.0,"gold_loss":0.0,"damage_taken":0.0},{"damage_healed":0,"gold_gain":0,"cards_transformed":["Strike_G","Defend_G"],"player_choice":"Became Test Subject","damage_taken":0,"max_hp_gain":0,"max_hp_loss":0,"event_name":"Drug Dealer","floor":20,"gold_loss":0,"cards_obtained":["Underhanded Strike","Reflex"]},{"damage_healed":0,"gold_gain":0,"player_choice":"Obtained Book","damage_taken":21,"max_hp_gain":0,"max_hp_loss":0,"event_name":"Cursed Tome","floor":21,"gold_loss":0}],"is_beta":false,"boss_relics":[{"not_picked":["Philosopher\u0027s Stone","Coffee Dripper"],"picked":"Snecko Eye"}],"items_purged_floors":[19],"is_endless":false,"potions_floor_spawned":[6,10,11,13,14,18],"killed_by":"Slavers","ascension_level":20}}