{"host":"bydnmyvf669xu6ab","time":1610833363,"event":{"mods":["BaseMod","BetterRewards","Colored Map","Highlight Path","Minty Spire (QoL Compilation)","Poor People Problems","Rare Cards Sparkle","Relic Stats","Shop Mod","Spikes Relics","StSLib","SuperFastMode"],"gold_per_floor":[113,113,113,126,137,137,154,181,208,208,65,93,93,123,123,123,123],"floor_reached":16,"language":"ENG","playtime":789,"items_purged":[],"score":166,"play_id":"16416b88-1d94-40e0-847d-aa2ed56f09ff","local_time":"20210116134243","is_ascension_mode":true,"campfire_choices":[{"data":"Armaments","floor":6,"key":"SMITH"},{"data":"Limit Break","floor":10,"key":"SMITH"},{"data":"Spot Weakness","floor":13,"key":"SMITH"},{"data":"Rage","floor":15,"key":"SMITH"}],"circlet_count":0,"master_deck":["Strike_R","Strike_R","Strike_R","Strike_R","Strike_R","Defend_R","Defend_R","Defend_R","Defend_R","Bash","Flame Barrier","Rage+1","Entrench","Armaments+1","True Grit","Spot Weakness+1","Limit Break+1","Headbutt"],"relics":["Burning Blood","Shuriken","Mummified Hand","Strawberry","MiniBlackHole","Blood Vial","Letter Opener","White Beast Statue"],"acts_visited":["Exordium"],"potions_floor_usage":[8,12,16],"damage_taken":[{"damage":8,"enemies":"2 Louse","floor":1,"turns":3},{"damage":5,"enemies":"Small Slimes","floor":4,"turns":4},{"damage":0,"enemies":"Cultist","floor":5,"turns":5},{"damage":13,"enemies":"Lots of Slimes","floor":7,"turns":5},{"damage":13,"enemies":"3 Sentries","floor":8,"turns":10},{"damage":34,"enemies":"Lagavulin","floor":12,"turns":7},{"damage":34,"enemies":"The Guardian","floor":16,"turns":8}],"seed_played":"5408031431338647286","potions_obtained":[{"floor":1,"key":"Energy Potion"},{"floor":4,"key":"Fire Potion"}],"is_trial":false,"path_per_floor":["M","?","?","M","M","R","M","E","T","R","$","E","R","?","R","B"],"character_chosen":"IRONCLAD","items_purchased":["Shuriken","Flame Barrier","Rage","Mummified Hand","Block Potion","Blood Vial"],"campfire_rested":0,"item_purchase_floors":[0,0,0,0,0,11],"current_hp_per_floor":[52,57,64,65,71,71,64,57,57,57,57,31,31,31,31,0,0],"gold":123,"neow_bonus":"","is_daily":false,"chose_seed":false,"campfire_upgraded":4,"win_rate":0.0,"timestamp":1610833363,"path_taken":["M","?","?","?","M","R","M","E","T","R","?","E","R","?","R","BOSS"],"items_purchased_type":["Relic","Card","Card","Relic","Potion","Relic"],"build_version":"2020-12-22","purchased_purges":0,"victory":false,"max_hp_per_floor":[80,85,92,92,92,92,92,92,92,92,92,92,92,92,92,92,92],"relic_stats":{"Blood Vial":50,"counters":[218,1012],"Shuriken":[1],"Mummified Hand":[0],"Letter Opener":[10],"obtain_stats":[{"infinitespire:BottledMercury":29,"Ginger":10,"Whetstone":26,"Bottled Tornado":6,"Boot":54,"Blood Vial":20,"Sundial":24,"MealTicket":41,"infinitespire:Golems Mask":25,"Fusion Hammer":17,"Kunai":0,"MerchantsRug":8,"GiantMaggot":9,"Blue Candle":41,"Velvet Choker":17,"Eternal Feather":44,"Pen Nib":8,"infinitespire:Lychee Nut":26,"Bird Faced Urn":23,"MutagenicStrength":20,"Pandora\u0027s Box":17,"Mark of Pain":17,"infinitespire:PuzzleCube":26,"Unceasing Top":14,"Regal Pillow":0,"Lantern":28,"Torii":27,"Bag of Preparation":0,"HeavenlyBonsai":24,"Cursed Key":34,"Burning Blood":0,"Matryoshka":0,"Chemical X":0,"InkBottle":0,"Paper Frog":42,"Potion Belt":38,"Self Forming Clay":12,"Thread and Needle":39,"infinitespire:Joker Card":8,"PreservedInsect":0,"Omamori":12,"infinitespire:CheckeredPen":9,"infinitespire:Lucky Rock":9,"Busted Crown":34,"SpikesRelics:DaevaFist":7,"Art of War":11,"Bottled Lightning":43,"Toy Ornithopter":23,"infinitespire:Midas Blood":13,"Nilry\u0027s Codex":30,"Vajra":26,"Sozu":17,"Lizard Tail":28,"HornCleat":26,"DollysMirror":28,"Strawberry":31,"Prayer Wheel":0,"Philosopher\u0027s Stone":17,"Toxic Egg 2":0,"LugNut":2,"Happy Flower":23,"Dead Branch":0,"Letter Opener":0,"War Paint":0,"Question Card":11,"Bottled Flame":41,"Shuriken":19,"Bronze Scales":22,"Molten Egg 2":0,"Black Star":17,"Darkstone Periapt":11,"SnailShell":43,"Black Blood":34,"BrokenLever":12,"Incense Burner":38,"Juzu Bracelet":0,"PrismaticShard":0,"ClockworkSouvenir":20,"HailfireSword":17,"Nunchaku":7,"Mummified Hand":0,"Gambling Chip":40,"Pantograph":0,"MiniBlackHole":8,"RollingBoulder":13,"Red Mask":42,"Red Skull":10,"infinitespire:FocusingShard":43,"Orichalcum":14,"White Beast Statue":14,"Mercury Hourglass":10,"Sandwich":34,"CaptainsWheel":29,"infinitespire:WardingShard":46,"infinitespire:Satchel":44,"GolemAmulet":46,"Bag of Marbles":26,"Membership Card":0},{"infinitespire:BottledMercury":100,"Ginger":31,"Whetstone":201,"Bottled Tornado":191,"Boot":82,"Blood Vial":115,"Sundial":159,"MealTicket":57,"infinitespire:Golems Mask":71,"Fusion Hammer":9,"Kunai":83,"MerchantsRug":5,"GiantMaggot":167,"Blue Candle":77,"Velvet Choker":91,"Eternal Feather":184,"Pen Nib":5,"infinitespire:Lychee Nut":15,"Bird Faced Urn":13,"MutagenicStrength":139,"Pandora\u0027s Box":114,"Mark of Pain":46,"infinitespire:PuzzleCube":49,"Unceasing Top":126,"Regal Pillow":83,"Lantern":142,"Torii":201,"Bag of Preparation":83,"HeavenlyBonsai":37,"Cursed Key":53,"Burning Blood":0,"Matryoshka":61,"Chemical X":61,"InkBottle":83,"Paper Frog":57,"Potion Belt":21,"Self Forming Clay":194,"Thread and Needle":56,"infinitespire:Joker Card":42,"PreservedInsect":83,"Omamori":6,"infinitespire:CheckeredPen":30,"infinitespire:Lucky Rock":87,"Busted Crown":73,"SpikesRelics:DaevaFist":42,"Art of War":44,"Bottled Lightning":210,"Toy Ornithopter":70,"infinitespire:Midas Blood":90,"Nilry\u0027s Codex":100,"Vajra":142,"Sozu":68,"Lizard Tail":160,"HornCleat":71,"DollysMirror":50,"Strawberry":52,"Prayer Wheel":130,"Philosopher\u0027s Stone":195,"Toxic Egg 2":0,"LugNut":28,"Happy Flower":96,"Dead Branch":0,"Letter Opener":27,"War Paint":0,"Question Card":111,"Bottled Flame":183,"Shuriken":10,"Bronze Scales":69,"Molten Egg 2":61,"Black Star":138,"Darkstone Periapt":31,"SnailShell":25,"Black Blood":19,"BrokenLever":65,"Incense Burner":56,"Juzu Bracelet":147,"PrismaticShard":27,"ClockworkSouvenir":35,"HailfireSword":33,"Nunchaku":134,"Mummified Hand":211,"Gambling Chip":23,"Pantograph":27,"MiniBlackHole":216,"RollingBoulder":66,"Red Mask":77,"Red Skull":135,"infinitespire:FocusingShard":77,"Orichalcum":170,"White Beast Statue":217,"Mercury Hourglass":124,"Sandwich":102,"CaptainsWheel":161,"infinitespire:WardingShard":26,"infinitespire:Satchel":78,"GolemAmulet":79,"Bag of Marbles":175,"Membership Card":0},{"infinitespire:BottledMercury":388,"Ginger":129,"Whetstone":908,"Bottled Tornado":850,"Boot":332,"Blood Vial":461,"Sundial":700,"MealTicket":249,"infinitespire:Golems Mask":296,"Fusion Hammer":34,"Kunai":340,"MerchantsRug":17,"GiantMaggot":733,"Blue Candle":313,"Velvet Choker":365,"Eternal Feather":813,"Pen Nib":17,"infinitespire:Lychee Nut":54,"Bird Faced Urn":48,"MutagenicStrength":599,"Pandora\u0027s Box":456,"Mark of Pain":199,"infinitespire:PuzzleCube":210,"Unceasing Top":523,"Regal Pillow":340,"Lantern":611,"Torii":908,"Bag of Preparation":340,"HeavenlyBonsai":154,"Cursed Key":231,"Burning Blood":0,"Matryoshka":268,"Chemical X":268,"InkBottle":340,"Paper Frog":249,"Potion Belt":84,"Self Forming Clay":862,"Thread and Needle":242,"infinitespire:Joker Card":180,"PreservedInsect":340,"Omamori":21,"infinitespire:CheckeredPen":123,"infinitespire:Lucky Rock":351,"Busted Crown":304,"SpikesRelics:DaevaFist":180,"Art of War":188,"Bottled Lightning":965,"Toy Ornithopter":294,"infinitespire:Midas Blood":361,"Nilry\u0027s Codex":388,"Vajra":611,"Sozu":289,"Lizard Tail":701,"HornCleat":296,"DollysMirror":215,"Strawberry":223,"Prayer Wheel":549,"Philosopher\u0027s Stone":869,"Toxic Egg 2":0,"LugNut":114,"Happy Flower":376,"Dead Branch":0,"Letter Opener":111,"War Paint":0,"Question Card":439,"Bottled Flame":810,"Shuriken":36,"Bronze Scales":290,"Molten Egg 2":268,"Black Star":592,"Darkstone Periapt":129,"SnailShell":102,"Black Blood":75,"BrokenLever":278,"Incense Burner":242,"Juzu Bracelet":650,"PrismaticShard":111,"ClockworkSouvenir":146,"HailfireSword":139,"Nunchaku":570,"Mummified Hand":970,"Gambling Chip":93,"Pantograph":111,"MiniBlackHole":997,"RollingBoulder":281,"Red Mask":313,"Red Skull":575,"infinitespire:FocusingShard":313,"Orichalcum":748,"White Beast Statue":1004,"Mercury Hourglass":514,"Sandwich":401,"CaptainsWheel":709,"infinitespire:WardingShard":107,"infinitespire:Satchel":318,"GolemAmulet":321,"Bag of Marbles":775,"Membership Card":0}],"Burning Blood":1205},"card_choices":[{"not_picked":["Wild Strike","Rupture"],"picked":"Entrench","floor":1},{"not_picked":["Shrug It Off","Sword Boomerang"],"picked":"Armaments","floor":4},{"not_picked":["Second Wind","Shockwave"],"picked":"True Grit","floor":5},{"not_picked":["Warcry","Body Slam"],"picked":"Spot Weakness","floor":7},{"not_picked":["Flex","Havoc"],"picked":"Limit Break","floor":8},{"not_picked":["Pommel Strike","Shrug It Off"],"picked":"Headbutt","floor":12}],"player_experience":2244363,"relics_obtained":[{"floor":3,"key":"Strawberry"},{"floor":8,"key":"MiniBlackHole"},{"floor":12,"key":"Letter Opener"}],"event_choices":[{"damage_healed":0,"gold_gain":0,"player_choice":"Donut","damage_taken":0,"max_hp_gain":5,"max_hp_loss":0,"event_name":"Big Fish","floor":2,"gold_loss":0},{"damage_healed":0,"gold_gain":0,"player_choice":"Relic","damage_taken":0,"max_hp_gain":0,"max_hp_loss":0,"event_name":"Wheel of Change","floor":3,"gold_loss":0},{"damage_healed":0,"gold_gain":30,"player_choice":"Searched \u00272\u0027 times","damage_taken":0,"relics_obtained":["White Beast Statue"],"max_hp_gain":0,"max_hp_loss":0,"event_name":"Dead Adventurer","floor":14,"gold_loss":0}],"is_beta":false,"boss_relics":[],"items_purged_floors":[],"is_endless":false,"potions_floor_spawned":[1,4,5],"killed_by":"The Guardian","ascension_level":1}}