{"host":"krqozg1tp0zpuvz3","time":1610809712,"event":{"mods":["AchievementEnabler","BaseMod","Better Match","Better Note","Better Sensory Stone","Better Third Choice","BetterRewards","Colored Map","DeckTracker","Keyboard Shortcuts","Minty Spire (QoL Compilation)","Permanent Neow","Relic Stats","Shop Mod","StSLib","SuperFastMode"],"gold_per_floor":[112,125,125,125,144,144,179,179,253,314,314,346,346,346,346,441,441,468,484,225,240,240,240,255,255,307,323,223,223,242,117,117,228,228,238,88,100,125,125,125,166,166,193,205,205,225,253,273,273,273],"floor_reached":51,"language":"KOR","playtime":1508,"items_purged":["Strike_P","Defend_P","Strike_P","Defend_P"],"score":1241,"play_id":"244a3d84-676c-488e-8d0a-194094344ad6","local_time":"20210117000832","is_ascension_mode":true,"campfire_choices":[{"data":"Eruption","floor":6.0,"key":"SMITH"},{"data":"Crescendo","floor":8.0,"key":"SMITH"},{"data":"WheelKick","floor":11.0,"key":"SMITH"},{"data":"MentalFortress","floor":13.0,"key":"SMITH"},{"data":"Meditate","floor":15.0,"key":"SMITH"},{"data":"ClearTheMind","floor":23.0,"key":"SMITH"},{"data":"FearNoEvil","floor":25.0,"key":"SMITH"},{"data":"Vigilance","floor":32.0,"key":"SMITH"},{"data":"Scrawl","floor":40,"key":"SMITH"},{"data":"Adaptation","floor":42,"key":"SMITH"},{"data":"Scrawl","floor":45,"key":"SMITH"},{"floor":49,"key":"REST"}],"circlet_count":0,"master_deck":["Eruption+1","Vigilance+1","Crescendo+1","MentalFortress+1","WheelKick+1","Meditate+1","FearNoEvil+1","ClearTheMind+1","Scrawl+1","Scrawl+1","Adaptation+1"],"relics":["PureWater","Anchor","CeramicFish","Singing Bowl","Blood Vial","Oddly Smooth Stone","Runic Pyramid","Bag of Preparation","Bag of Marbles","Empty Cage","PreservedInsect","Ancient Tea Set","Juzu Bracelet"],"acts_visited":["Exordium","TheCity","TheBeyond"],"potions_floor_usage":[41],"damage_taken":[{"damage":0.0,"enemies":"Cultist","floor":1.0,"turns":3.0},{"damage":0.0,"enemies":"Small Slimes","floor":2.0,"turns":2.0},{"damage":0.0,"enemies":"2 Louse","floor":5.0,"turns":2.0},{"damage":0.0,"enemies":"Gremlin Nob","floor":7.0,"turns":3.0},{"damage":0.0,"enemies":"Lagavulin Event","floor":10.0,"turns":2.0},{"damage":0.0,"enemies":"3 Sentries","floor":12.0,"turns":3.0},{"damage":13.0,"enemies":"The Guardian","floor":16.0,"turns":9.0},{"damage":5.0,"enemies":"Shell Parasite","floor":18.0,"turns":4.0},{"damage":0.0,"enemies":"Chosen","floor":19.0,"turns":3.0},{"damage":0.0,"enemies":"Centurion and Healer","floor":21.0,"turns":4.0},{"damage":2.0,"enemies":"Snake Plant","floor":24.0,"turns":3.0},{"damage":0.0,"enemies":"Cultist and Chosen","floor":27.0,"turns":3.0},{"damage":0.0,"enemies":"Snecko","floor":30.0,"turns":3.0},{"damage":66.0,"enemies":"Automaton","floor":33.0,"turns":7.0},{"damage":4.0,"enemies":"3 Shapes","floor":35.0,"turns":2.0},{"damage":0.0,"enemies":"3 Darklings","floor":37.0,"turns":2.0},{"damage":0.0,"enemies":"Spire Growth","floor":38.0,"turns":2.0},{"damage":2,"enemies":"Nemesis","floor":41,"turns":3},{"damage":0,"enemies":"Maw","floor":44,"turns":3},{"damage":0,"enemies":"4 Shapes","floor":46,"turns":1},{"damage":0,"enemies":"Giant Head","floor":47,"turns":1},{"damage":0,"enemies":"Spire Growth","floor":48,"turns":1},{"damage":0,"enemies":"Awakened One","floor":50,"turns":2}],"seed_played":"-5339255299288279976","potions_obtained":[{"floor":2.0,"key":"SteroidPotion"},{"floor":5.0,"key":"Fire Potion"},{"floor":7.0,"key":"Energy Potion"},{"floor":16.0,"key":"SpeedPotion"},{"floor":18.0,"key":"Fruit Juice"},{"floor":19.0,"key":"SkillPotion"},{"floor":21.0,"key":"Energy Potion"},{"floor":35.0,"key":"Fire Potion"},{"floor":37.0,"key":"StancePotion"},{"floor":46,"key":"LiquidMemories"}],"is_trial":false,"path_per_floor":["M","M","?","?","M","R","E","R","T","?","R","E","R","?","R","B",null,"M","M","$","M","?","R","M","R","T","M","$","?","M","$","R","B",null,"M","$","M","M","?","R","E","R","T","M","R","M","E","M","R","B",null],"character_chosen":"WATCHER","items_purchased":["Bag of Preparation","ClearTheMind"],"campfire_rested":1,"item_purchase_floors":[20,20],"current_hp_per_floor":[65,65,65,65,65,65,65,65,65,67,67,71,71,71,71,62,74,76,80,80,84,84,84,86,86,86,90,90,90,93,93,93,27,77,77,77,81,83,83,83,83,83,83,87,87,91,95,99,105,105],"gold":273,"neow_bonus":"RANDOM_COMMON_RELIC","is_daily":false,"chose_seed":false,"campfire_upgraded":11,"win_rate":0.0,"timestamp":1610809712,"path_taken":["M","?","?","?","M","R","E","R","T","?","R","E","R","?","R","BOSS","M","M","$","M","?","R","M","R","T","M","$","?","M","$","R","BOSS","M","$","M","M","?","R","E","R","T","M","R","M","E","M","R","BOSS"],"items_purchased_type":["Relic","Card"],"build_version":"2020-12-22","purchased_purges":4,"victory":true,"max_hp_per_floor":[72,72,72,72,72,72,72,72,72,74,74,76,76,76,76,78,78,83,85,85,87,87,87,89,89,89,91,91,91,93,93,93,93,93,95,95,97,97,97,97,97,97,97,99,99,101,103,105,105,105],"relic_stats":{"Blood Vial":31,"Singing Bowl":28,"counters":[23,68],"CeramicFish":54,"PreservedInsect":130,"Bag of Preparation":[28],"Juzu Bracelet":0,"obtain_stats":[{"Singing Bowl":9,"CeramicFish":7,"Oddly Smooth Stone":12,"PreservedInsect":41,"Bag of Preparation":20,"Juzu Bracelet":47,"Empty Cage":34,"Ancient Tea Set":43,"Blood Vial":10,"Anchor":0,"Bag of Marbles":26,"PureWater":0,"Runic Pyramid":17},{"Singing Bowl":4,"CeramicFish":4,"Oddly Smooth Stone":6,"PreservedInsect":18,"Bag of Preparation":9,"Juzu Bracelet":21,"Empty Cage":14,"Ancient Tea Set":18,"Blood Vial":5,"Anchor":0,"Bag of Marbles":11,"PureWater":0,"Runic Pyramid":7},{"Singing Bowl":10,"CeramicFish":10,"Oddly Smooth Stone":15,"PreservedInsect":60,"Bag of Preparation":31,"Juzu Bracelet":65,"Empty Cage":51,"Ancient Tea Set":60,"Blood Vial":12,"Anchor":0,"Bag of Marbles":38,"PureWater":0,"Runic Pyramid":24}]},"card_choices":[{"not_picked":["Perseverance","BowlingBash"],"picked":"Crescendo","floor":1.0},{"not_picked":["Weave","ThirdEye"],"picked":"MentalFortress","floor":2.0},{"not_picked":["BowlingBash","Swivel"],"picked":"WheelKick","floor":5.0},{"not_picked":["Prostrate","ReachHeaven"],"picked":"Meditate","floor":7.0},{"not_picked":["FlyingSleeves","Weave","Fasting2"],"picked":"Singing Bowl","floor":10.0},{"not_picked":["CarveReality","ThirdEye","JustLucky"],"picked":"Singing Bowl","floor":12.0},{"not_picked":["Establishment","Wish","SpiritShield"],"picked":"Singing Bowl","floor":16.0},{"not_picked":["Evaluate+1","Sanctity+1"],"picked":"FearNoEvil","floor":18.0},{"not_picked":["EmptyBody","WheelKick+1","Worship"],"picked":"Singing Bowl","floor":19.0},{"not_picked":["ClearTheMind","JustLucky","Prostrate"],"picked":"Singing Bowl","floor":21.0},{"not_picked":["FollowUp","Consecrate","BattleHymn"],"picked":"Singing Bowl","floor":24.0},{"not_picked":["Crescendo+1","BowlingBash","Protect+1"],"picked":"Singing Bowl","floor":27.0},{"not_picked":["Halt","Pray","Protect"],"picked":"Singing Bowl","floor":30.0},{"not_picked":["Establishment","Devotion"],"picked":"Scrawl","floor":33.0},{"not_picked":["SashWhip+1","Nirvana","CrushJoints+1"],"picked":"Singing Bowl","floor":35.0},{"not_picked":["Pray","Prostrate+1","Halt"],"picked":"Singing Bowl","floor":37.0},{"not_picked":["Consecrate+1","CutThroughFate"],"picked":"Scrawl","floor":38},{"not_picked":["EmptyFist","Fasting2+1"],"picked":"Adaptation","floor":41},{"not_picked":["EmptyFist","PathToVictory","FollowUp+1"],"picked":"Singing Bowl","floor":44},{"not_picked":["Protect","LikeWater+1","EmptyBody"],"picked":"Singing Bowl","floor":46},{"not_picked":["JustLucky","EmptyMind","FearNoEvil+1"],"picked":"Singing Bowl","floor":47},{"not_picked":["SignatureMove","ThirdEye","Consecrate+1"],"picked":"Singing Bowl","floor":48}],"player_experience":325321,"relics_obtained":[{"floor":7.0,"key":"CeramicFish"},{"floor":9.0,"key":"Singing Bowl"},{"floor":10.0,"key":"Blood Vial"},{"floor":12.0,"key":"Oddly Smooth Stone"},{"floor":26.0,"key":"Bag of Marbles"},{"floor":41,"key":"PreservedInsect"},{"floor":43,"key":"Ancient Tea Set"},{"floor":47,"key":"Juzu Bracelet"}],"event_choices":[{"damage_healed":0.0,"max_hp_gain":0.0,"max_hp_loss":0.0,"gold_gain":0.0,"event_name":"Shining Light","player_choice":"Ignored","floor":3.0,"gold_loss":0.0,"damage_taken":0.0},{"cards_removed":["Strike_P"],"damage_healed":0.0,"max_hp_gain":0.0,"max_hp_loss":0.0,"gold_gain":0.0,"event_name":"Living Wall","player_choice":"Forget","floor":4.0,"gold_loss":0.0,"damage_taken":0.0},{"damage_healed":0.0,"max_hp_gain":0.0,"max_hp_loss":0.0,"gold_gain":0.0,"event_name":"Dead Adventurer","player_choice":"Searched \u00271\u0027 times","floor":10.0,"gold_loss":0.0,"damage_taken":0.0},{"damage_healed":0.0,"max_hp_gain":0.0,"max_hp_loss":0.0,"gold_gain":0.0,"event_name":"Liars Game","player_choice":"Ignored","floor":14.0,"gold_loss":0.0,"damage_taken":0.0},{"damage_healed":0.0,"max_hp_gain":0.0,"max_hp_loss":0.0,"gold_gain":0.0,"event_name":"The Mausoleum","player_choice":"Ignored","floor":22.0,"gold_loss":0.0,"damage_taken":0.0},{"cards_removed":["Defend_P"],"damage_healed":0.0,"max_hp_gain":0.0,"max_hp_loss":0.0,"gold_gain":0.0,"event_name":"Back to Basics","player_choice":"Elegance","floor":29.0,"gold_loss":0.0,"damage_taken":0.0},{"damage_healed":0,"gold_gain":0,"player_choice":"Bought 0 Potions","damage_taken":0,"max_hp_gain":0,"max_hp_loss":0,"event_name":"The Woman in Blue","floor":39,"gold_loss":0}],"is_beta":false,"boss_relics":[{"not_picked":["Busted Crown","SlaversCollar"],"picked":"Runic Pyramid"},{"not_picked":["Runic Dome","Velvet Choker"],"picked":"Empty Cage"}],"items_purged_floors":[20,28,31,36],"is_endless":false,"potions_floor_spawned":[2,5,7,16,18,19,21,24,35,37,46],"ascension_level":8}}