{"host":"290egjt91b2tngam","time":1610796411,"event":{"mods":["BaseMod","Colored Map","Colored Powertips","Hubris","Infinite Spire","Marisa????????","Minty Spire (QoL Compilation)","Replay The Spire","StSLib","The Bug Knight","The Cursed","The Servant 0.9.4"],"gold_per_floor":[116,191,191,205,55,92,92,55,55,80,80,104,141,160,160,278,278,309,309,309,338,338,338,298,341,409,409,431,461,505,517,517],"floor_reached":31,"language":"ENG","playtime":1643,"items_purged":[],"score":370,"play_id":"a9a24e1c-6908-46b5-ace3-fbb140e0bb33","local_time":"20210116182651","is_ascension_mode":true,"campfire_choices":[{"data":"PowerUp","floor":7,"key":"SMITH"},{"data":"infinitespire:TheBestDefense","floor":11,"key":"SMITH"},{"data":"StarDustReverie","floor":15,"key":"SMITH"},{"floor":23,"key":"REST"},{"floor":27,"key":"REST"}],"circlet_count":0,"master_deck":["Strike_MRS","Strike_MRS","Strike_MRS","Strike_MRS","Defend_MRS","Defend_MRS+1","Defend_MRS","Defend_MRS","MasterSpark","UpSweep","MagicChant+1","infinitespire:TheBestDefense+1","MilkyWay","PowerUp+1","DoubleSpark+1","PowerUp","StarDustReverie+1","MillisecondPulsars","StarBarrage","infinitespire:Fortify+1","NonDirectionalLaser+1","MeteoricShower+1","hubris:NaturalOne","MysteriousBeam+1"],"relics":["MiniHakkero","NeowsBlessing","Replay:Bandana","infinitespire:EmpoweringShard","infinitespire:Broken Mirror","ReplayFunnel","Ring of Chaos","HandDrill","hubris:Icosahedron","MutagenicStrength","War Paint","Molten Egg 2","Oddly Smooth Stone"],"acts_visited":["Exordium","TheCity"],"potions_floor_usage":[16,16,25,25,29,30,30,31],"damage_taken":[{"damage":0,"enemies":"Small Slimes","floor":1,"turns":1},{"damage":0,"enemies":"Jaw Worm","floor":4,"turns":1},{"damage":0,"enemies":"Replay:BlueRogue","floor":6,"turns":1},{"damage":7,"enemies":"2 Louse","floor":10,"turns":2},{"damage":2,"enemies":"Gremlin Gang","floor":12,"turns":3},{"damage":13,"enemies":"HollowMod:MossKnight","floor":13,"turns":6},{"damage":1,"enemies":"Exordium Wildlife","floor":14,"turns":2},{"damage":11,"enemies":"Slime Boss","floor":16,"turns":9},{"damage":6,"enemies":"2 Thieves","floor":18,"turns":4},{"damage":49,"enemies":"3 Byrds","floor":21,"turns":6},{"damage":25,"enemies":"Nightmare","floor":25,"turns":6},{"damage":0,"enemies":"Snake Plant","floor":28,"turns":3},{"damage":14,"enemies":"Centurion and Healer","floor":29,"turns":4},{"damage":15,"enemies":"Book of Stabbing","floor":30,"turns":5},{"damage":10,"enemies":"Shelled Parasite and Fungi","floor":31,"turns":3}],"seed_played":"-7098807754401701736","potions_obtained":[{"floor":4,"key":"PowerPotion"},{"floor":10,"key":"AttackPotion"},{"floor":13,"key":"Elixir"},{"floor":25,"key":"ShroomBrew"},{"floor":28,"key":"Dexterity Potion"},{"floor":29,"key":"Adrenaline Potion"},{"floor":30,"key":"Milkshake"}],"is_trial":false,"path_per_floor":["M","?","?","M","$","E","R","$","T","M","R","M","E","M","R","B",null,"M","AVR","?","M","?","R","?","NM","T","R","M","M","E","M"],"character_chosen":"MARISA","items_purchased":["Replay:Bandana","DoubleSpark+1"],"campfire_rested":2,"item_purchase_floors":[5,8],"current_hp_per_floor":[75,64,45,45,45,45,45,45,45,38,38,36,23,22,22,11,75,69,69,69,20,20,42,42,17,17,39,39,25,10,0,0],"gold":517,"neow_bonus":"THREE_ENEMY_KILL","is_daily":false,"chose_seed":false,"campfire_upgraded":3,"win_rate":0.0,"timestamp":1610796411,"path_taken":["M","?","?","M","?","E","R","$","T","?","R","M","E","M","R","BOSS","M","AVR","?","M","?","R","?","NM","T","R","M","?","E","M"],"items_purchased_type":["Relic","Card"],"build_version":"2020-12-22","purchased_purges":0,"victory":false,"max_hp_per_floor":[75,75,75,75,75,75,75,75,75,75,75,75,75,75,75,75,75,75,75,75,75,75,75,75,75,75,75,75,75,75,75,75],"card_choices":[{"not_picked":["MysteriousBeam","AsteroidBelt"],"picked":"MagicChant","floor":1},{"not_picked":["infinitespire:Gouge","infinitespire:FutureSight"],"picked":"infinitespire:TheBestDefense","floor":3},{"not_picked":["DragonMeteor","StarlightTyphoon"],"picked":"MilkyWay","floor":4},{"not_picked":["OrrerysSun","ManaConvection"],"picked":"PowerUp","floor":6},{"not_picked":["OneTimeOff","ChargingUp"],"picked":"PowerUp","floor":10},{"not_picked":["ShootingEcho","BlazeAway"],"picked":"StarDustReverie","floor":12},{"not_picked":["DeepEcoloBomb","GravityBeat","RefractionSpark"],"picked":"SKIP","floor":13},{"not_picked":["EnergyRecoil","SuperPerseids","WitchOfGreed"],"picked":"SKIP","floor":14},{"not_picked":["JA","FinalSpark"],"picked":"MillisecondPulsars","floor":16},{"not_picked":["UnstableBomb","6A"],"picked":"StarBarrage","floor":18},{"not_picked":["IllusionStar+1","LuminesStrike","WitchOfGreed"],"picked":"SKIP","floor":21},{"not_picked":["OortCloud","MillisecondPulsars"],"picked":"NonDirectionalLaser+1","floor":25},{"not_picked":["MilkyWay","EnergyRecoil"],"picked":"MeteoricShower+1","floor":28},{"not_picked":["ShootingEcho+1","LuminesStrike+1","PowerUp"],"picked":"SKIP","floor":29},{"not_picked":["6A+1","PulseMagic"],"picked":"MysteriousBeam+1","floor":30}],"player_experience":722629,"relics_obtained":[{"floor":6,"key":"infinitespire:EmpoweringShard"},{"floor":9,"key":"infinitespire:Broken Mirror"},{"floor":13,"key":"ReplayFunnel"},{"floor":25,"key":"War Paint"},{"floor":26,"key":"Molten Egg 2"},{"floor":30,"key":"Oddly Smooth Stone"}],"event_choices":[{"damage_healed":0,"gold_gain":75,"player_choice":"Gather Gold","damage_taken":11,"max_hp_gain":0,"max_hp_loss":0,"event_name":"World of Goop","floor":2,"gold_loss":0},{"damage_healed":0,"gold_gain":0,"player_choice":"Inject Mutagens","damage_taken":0,"relics_obtained":["MutagenicStrength"],"max_hp_gain":0,"max_hp_loss":0,"event_name":"Drug Dealer","floor":22,"gold_loss":0},{"damage_healed":0,"gold_gain":0,"player_choice":"Upgrade","damage_taken":0,"max_hp_gain":0,"max_hp_loss":0,"event_name":"Designer","floor":24,"gold_loss":40,"cards_upgraded":["MagicChant"]}],"is_beta":false,"boss_relics":[{"not_picked":["ReplayTheSpireMod:SealedPack","Tiny House"],"picked":"Ring of Chaos"}],"items_purged_floors":[],"is_endless":true,"potions_floor_spawned":[4,10,13,14,25,28,29,30],"killed_by":"Shelled Parasite and Fungi","ascension_level":4}}