{"host":"y7sd46uq4xlni546","time":1610811171,"event":{"mods":["AchievementEnabler","BaseMod","Colored Map","Colored Powertips","Curses Come First","Filter the Spire","Minty Spire (QoL Compilation)","Quick Restart","Random Character Button","Rare Cards Sparkle","StSLib"],"gold_per_floor":[118,68,133,208,219,253,253,279,279,279,289,289,20,20,20,116,116,131,230,230,230,505,505,531,531,531,560,560,560,560],"floor_reached":29,"language":"ENG","playtime":1044,"items_purged":[],"score":368,"play_id":"2e2d0200-e73c-4872-a9ec-7978903062b0","local_time":"20210116163251","is_ascension_mode":true,"campfire_choices":[{"floor":7,"key":"REST"},{"floor":10,"key":"DIG"},{"floor":15,"key":"REST"},{"floor":23,"key":"REST"},{"floor":25,"key":"REST"},{"floor":28,"key":"REST"}],"circlet_count":0,"master_deck":["Strike_R","Strike_R+1","Defend_R","Bash+1","Feel No Pain+1","Flame Barrier+1","Bludgeon+1","Rage","Pummel","Shrug It Off","Metallicize","Shrug It Off","Metamorphosis+1","Rampage","Juggernaut","Second Wind+1","Regret","Dark Embrace+1","Body Slam"],"relics":["Astrolabe","FossilizedHelix","Shovel","Charon\u0027s Ashes","Anchor","Empty Cage","MutagenicStrength","StrikeDummy","Smiling Mask","MealTicket"],"acts_visited":["Exordium","TheCity"],"potions_floor_usage":[6,24,24],"damage_taken":[{"damage":6,"enemies":"2 Louse","floor":1,"turns":3},{"damage":4,"enemies":"Jaw Worm","floor":5,"turns":4},{"damage":17,"enemies":"Lagavulin","floor":6,"turns":4},{"damage":2,"enemies":"Gremlin Nob","floor":8,"turns":4},{"damage":0,"enemies":"Small Slimes","floor":11,"turns":3},{"damage":20,"enemies":"The Guardian","floor":16,"turns":10},{"damage":12,"enemies":"3 Byrds","floor":18,"turns":5},{"damage":44,"enemies":"Gremlin Leader","floor":24,"turns":6},{"damage":49,"enemies":"Slavers","floor":27,"turns":5},{"damage":48,"enemies":"Gremlin Leader","floor":29,"turns":4}],"seed_played":"-6506472783473152984","potions_obtained":[{"floor":1,"key":"AttackPotion"},{"floor":8,"key":"SpeedPotion"},{"floor":16,"key":"AttackPotion"},{"floor":18,"key":"SneckoOil"}],"is_trial":false,"path_per_floor":["M","?","?","?","M","E","R","E","T","R","M","?","$","?","R","B",null,"M","?","?","?","?","R","E","R","T","E","R","E"],"character_chosen":"IRONCLAD","items_purchased":["Metamorphosis","Rampage"],"campfire_rested":5,"item_purchase_floors":[13,13],"current_hp_per_floor":[66,66,66,55,51,34,58,56,56,56,56,56,56,40,64,44,71,59,59,59,59,59,80,36,60,60,11,35,0,0],"gold":560,"neow_bonus":"BOSS_RELIC","is_daily":false,"chose_seed":false,"campfire_upgraded":0,"win_rate":0.0,"timestamp":1610811171,"path_taken":["M","?","?","?","M","E","R","E","T","R","M","?","?","?","R","BOSS","M","?","?","?","?","R","E","R","T","E","R","E"],"items_purchased_type":["Card","Card"],"build_version":"2020-12-22","purchased_purges":0,"victory":false,"max_hp_per_floor":[80,80,80,80,80,80,80,80,80,80,80,80,80,80,80,80,80,80,80,80,80,80,80,80,80,80,80,80,80,80],"card_choices":[{"not_picked":["Uppercut","Clothesline"],"picked":"Rage","floor":1},{"not_picked":["Flex","Twin Strike"],"picked":"Pummel","floor":5},{"not_picked":["Carnage","Body Slam"],"picked":"Shrug It Off","floor":6},{"not_picked":["Shrug It Off","Reaper"],"picked":"Metallicize","floor":8},{"not_picked":["Havoc","Perfected Strike"],"picked":"Shrug It Off","floor":11},{"not_picked":["Immolate","Bludgeon"],"picked":"Juggernaut","floor":16},{"not_picked":["Metallicize","Iron Wave"],"picked":"Second Wind+1","floor":18},{"not_picked":["Flex","Iron Wave"],"picked":"Dark Embrace+1","floor":24},{"not_picked":["Perfected Strike","Immolate"],"picked":"Body Slam","floor":27}],"player_experience":647448,"relics_obtained":[{"floor":6,"key":"FossilizedHelix"},{"floor":8,"key":"Shovel"},{"floor":9,"key":"Charon\u0027s Ashes"},{"floor":10,"key":"Anchor"},{"floor":24,"key":"StrikeDummy"},{"floor":26,"key":"Smiling Mask"},{"floor":27,"key":"MealTicket"}],"event_choices":[{"cards_removed":["Defend_R"],"damage_healed":0,"gold_gain":0,"player_choice":"Card Removal","damage_taken":0,"max_hp_gain":0,"max_hp_loss":0,"event_name":"The Cleric","floor":2,"gold_loss":50},{"damage_healed":0,"gold_gain":65,"player_choice":"Gained Gold","damage_taken":0,"max_hp_gain":0,"max_hp_loss":0,"event_name":"Golden Wing","floor":3,"gold_loss":0},{"damage_healed":0,"gold_gain":75,"player_choice":"Gather Gold","damage_taken":11,"max_hp_gain":0,"max_hp_loss":0,"event_name":"World of Goop","floor":4,"gold_loss":0},{"damage_healed":0,"gold_gain":0,"player_choice":"Grow","damage_taken":0,"max_hp_gain":0,"max_hp_loss":0,"event_name":"Living Wall","floor":12,"gold_loss":0,"cards_upgraded":["Bash"]},{"damage_healed":0,"gold_gain":0,"player_choice":"Entered Light","damage_taken":16,"max_hp_gain":0,"max_hp_loss":0,"event_name":"Shining Light","floor":14,"gold_loss":0,"cards_upgraded":["Metamorphosis","Strike_R"]},{"damage_healed":0,"gold_gain":99,"player_choice":"Stole From Cult","damage_taken":0,"max_hp_gain":0,"max_hp_loss":0,"event_name":"Nest","floor":19,"gold_loss":0},{"damage_healed":0,"gold_gain":0,"player_choice":"Ignored","damage_taken":0,"max_hp_gain":0,"max_hp_loss":0,"event_name":"Ghosts","floor":20,"gold_loss":0},{"damage_healed":0,"gold_gain":0,"player_choice":"Inject Mutagens","damage_taken":0,"relics_obtained":["MutagenicStrength"],"max_hp_gain":0,"max_hp_loss":0,"event_name":"Drug Dealer","floor":21,"gold_loss":0},{"damage_healed":0,"gold_gain":275,"player_choice":"Desecrate","damage_taken":0,"max_hp_gain":0,"max_hp_loss":0,"event_name":"Golden Shrine","floor":22,"gold_loss":0,"cards_obtained":["Regret"]}],"is_beta":false,"boss_relics":[{"not_picked":["Philosopher\u0027s Stone","Ectoplasm"],"picked":"Empty Cage"}],"items_purged_floors":[],"is_endless":false,"potions_floor_spawned":[1,8,16,18],"killed_by":"Gremlin Leader","ascension_level":8}}