{"host":"z9811rt50ti81n54","time":1610808912,"event":{"mods":["BaseMod","Better Match","Better Skull","Better Third Choice","Minty Spire (QoL Compilation)","Permanent Neow","StSLib","SuperFastMode"],"gold_per_floor":[109,109,124,124,139,171,186,186,210,23,23,62,246,9,9,121,121,132,132,159,173,20,47,47,47,47,47,84,94,94,94,94,94,94],"floor_reached":33,"language":"ENG","playtime":903,"items_purged":["Doubt"],"score":293,"play_id":"ea3c593d-863e-4612-b046-f8581272cc33","local_time":"20210116235512","is_ascension_mode":false,"campfire_choices":[{"data":"Whirlwind","floor":8,"key":"SMITH"},{"data":"Armaments","floor":11,"key":"SMITH"},{"data":"Feed","floor":15,"key":"SMITH"},{"floor":25,"key":"REST"},{"floor":32,"key":"REST"}],"circlet_count":0,"master_deck":["Strike_R","Strike_R","Strike_R","Strike_R","Defend_R","Defend_R","Defend_R","Defend_R","Bash","Fire Breathing","Armaments+1","Pommel Strike","Havoc","Whirlwind+1","Wild Strike","Combust","Feed+1","Barricade+1","True Grit","Warcry","Exhume","Spot Weakness","Barricade"],"relics":["SlaversCollar","Smiling Mask","Centennial Puzzle","Regal Pillow","OrangePellets","CeramicFish","Cursed Key","Cauldron","Incense Burner","Charon\u0027s Ashes"],"acts_visited":["Exordium","TheCity"],"potions_floor_usage":[7,12,16,21,22,24,28,28,28,28,28,29,29,33],"damage_taken":[{"damage":4,"enemies":"2 Louse","floor":1,"turns":3},{"damage":8,"enemies":"Small Slimes","floor":3,"turns":3},{"damage":1,"enemies":"Cultist","floor":5,"turns":4},{"damage":16,"enemies":"Lagavulin","floor":6,"turns":6},{"damage":12,"enemies":"Red Slaver","floor":7,"turns":6},{"damage":5,"enemies":"Gremlin Nob","floor":12,"turns":3},{"damage":31,"enemies":"Hexaghost","floor":16,"turns":9},{"damage":17,"enemies":"Shell Parasite","floor":18,"turns":5},{"damage":0,"enemies":"Chosen","floor":20,"turns":3},{"damage":31,"enemies":"Snake Plant","floor":21,"turns":4},{"damage":41,"enemies":"Book of Stabbing","floor":23,"turns":5},{"damage":0,"enemies":"Centurion and Healer","floor":24,"turns":1},{"damage":48,"enemies":"Slavers","floor":28,"turns":4},{"damage":11,"enemies":"Cultist and Chosen","floor":29,"turns":4},{"damage":88,"enemies":"Automaton","floor":33,"turns":6}],"seed_played":"-26919250115915103","potions_obtained":[{"floor":5,"key":"SteroidPotion"},{"floor":7,"key":"BloodPotion"},{"floor":12,"key":"PowerPotion"},{"floor":20,"key":"Regen Potion"},{"floor":22,"key":"EntropicBrew"},{"floor":22,"key":"BloodPotion"},{"floor":22,"key":"EntropicBrew"},{"floor":22,"key":"SmokeBomb"},{"floor":28,"key":"ColorlessPotion"}],"is_trial":false,"path_per_floor":["M","?","M","?","M","E","M","R","T","$","R","E","?","$","R","B",null,"M","?","M","M","$","E","M","R","T","$","E","M","?","T","R","B"],"character_chosen":"IRONCLAD","items_purchased":["OrangePellets","Combust","Barricade","True Grit","Warcry","Cauldron"],"campfire_rested":2,"item_purchase_floors":[10,10,14,14,14,22],"current_hp_per_floor":[76,76,68,68,67,51,55,55,55,55,55,50,50,50,50,19,80,67,67,67,48,64,23,23,63,63,63,19,12,12,12,54,0,0],"gold":94,"neow_bonus":"BOSS_RELIC","is_daily":false,"chose_seed":false,"campfire_upgraded":3,"win_rate":0.0,"timestamp":1610808912,"path_taken":["M","?","M","?","?","E","M","R","T","?","R","E","?","$","R","BOSS","M","?","M","?","$","E","M","R","T","$","E","M","?","?","R","BOSS"],"items_purchased_type":["Relic","Card","Card","Card","Card","Relic"],"build_version":"2020-12-22","purchased_purges":1,"victory":false,"max_hp_per_floor":[80,80,80,80,80,80,80,80,80,80,80,80,80,80,80,80,80,84,84,84,84,84,84,84,84,84,84,88,92,92,92,92,92,92],"card_choices":[{"not_picked":["Wild Strike","Rupture"],"picked":"Fire Breathing","floor":1},{"not_picked":["Anger","Sentinel"],"picked":"Pommel Strike","floor":3},{"not_picked":["Armaments","Clash"],"picked":"Havoc","floor":5},{"not_picked":["Battle Trance","Rupture"],"picked":"Whirlwind","floor":6},{"not_picked":["True Grit","Warcry"],"picked":"Wild Strike","floor":7},{"not_picked":["Disarm","Exhume"],"picked":"Feed","floor":12},{"not_picked":["Reaper","Juggernaut"],"picked":"Exhume","floor":16},{"not_picked":["Armaments","Warcry","Body Slam"],"picked":"SKIP","floor":18},{"not_picked":["Headbutt","Shrug It Off+1"],"picked":"Spot Weakness","floor":20},{"not_picked":["Sword Boomerang","Cleave+1","Clash+1"],"picked":"SKIP","floor":21},{"not_picked":["Rage","Inflame","Heavy Blade"],"picked":"SKIP","floor":23},{"not_picked":["Hemokinesis","Flex"],"picked":"Barricade","floor":28},{"not_picked":["Intimidate","Thunderclap","Anger"],"picked":"SKIP","floor":29}],"player_experience":387804,"relics_obtained":[{"floor":4,"key":"Smiling Mask"},{"floor":6,"key":"Centennial Puzzle"},{"floor":9,"key":"Regal Pillow"},{"floor":12,"key":"CeramicFish"},{"floor":23,"key":"Incense Burner"},{"floor":28,"key":"Charon\u0027s Ashes"}],"event_choices":[{"damage_healed":0,"gold_gain":0,"cards_transformed":["Strike_R"],"player_choice":"Change","damage_taken":0,"max_hp_gain":0,"max_hp_loss":0,"event_name":"Living Wall","floor":2,"gold_loss":0,"cards_obtained":["Armaments"]},{"damage_healed":0,"gold_gain":0,"player_choice":"Relic","damage_taken":0,"max_hp_gain":0,"max_hp_loss":0,"event_name":"Wheel of Change","floor":4,"gold_loss":0},{"damage_healed":0,"gold_gain":175,"player_choice":"AGREE","damage_taken":0,"max_hp_gain":0,"max_hp_loss":0,"event_name":"Liars Game","floor":13,"gold_loss":0,"cards_obtained":["Doubt"]},{"damage_healed":0,"gold_gain":0,"player_choice":"Upgraded","damage_taken":0,"max_hp_gain":0,"max_hp_loss":0,"event_name":"Upgrade Shrine","floor":19,"gold_loss":0,"cards_upgraded":["Barricade"]},{"damage_healed":0,"gold_gain":0,"player_choice":"Ignored","damage_taken":0,"max_hp_gain":0,"max_hp_loss":0,"event_name":"The Mausoleum","floor":30,"gold_loss":0}],"is_beta":false,"boss_relics":[{"not_picked":["Pandora\u0027s Box","Runic Pyramid"],"picked":"Cursed Key"}],"items_purged_floors":[14],"is_endless":false,"potions_floor_spawned":[5,7,12,20,23,28],"killed_by":"Automaton","ascension_level":0}}