{"host":"ju66gn9zov5ov15o","time":1610821290,"event":{"mods":["2.2 Compatiblity","Act Like it!","Arknights The Spire","Aspiration","BaseMod","Downfall","GifTheSpireLib","Lobotomy","LobotomyExtend","Marisa????????","Minty Spire (QoL Compilation)","Pale of the Ancients","Rare Cards Sparkle","Relic Stats","StSLib","The Alterego","The Animator"],"gold_per_floor":[99,114,134,309,309,339,339,249,261,275,75,93,106,136,148,244,244,244,254,271,371,106,106,106,116,131,231,256,125,125,125,125,125],"floor_reached":31,"language":"ENG","playtime":1883,"items_purged":["Doubt","champ:Defend"],"score":280,"play_id":"0bb50962-4067-43e5-abff-06601041e37c","local_time":"20210116192130","is_ascension_mode":true,"campfire_choices":[{"floor":1,"key":"RECALL"},{"floor":11,"key":"REST"},{"data":"champ:FancyFootwork","floor":18,"key":"SMITH"}],"circlet_count":0,"master_deck":["champ:Strike","champ:Strike","champ:Defend","champ:Defend","champ:Defend","champ:Execute","champ:Taunt","champ:Shatter","champ:FanOfKnives","champ:RecklessLeap","champ:Endure","champ:StanceDance","champ:FancyFootwork+1","champ:GutPunch","champ:StanceDance","champ:RageSigil","champ:SteelEdge","champ:Shatter+1","champ:AdrenalArmor","champ:SkillfulDodge","J.A.X.","champ:EndlessRage","champ:UltimateStance","champ:UltimateStance","champ:CrownThrow","champ:FlashCut+1","champ:ViciousMockery","champ:IronFortress"],"relics":["champ:ChampionCrown","CaptainsWheel","aspiration:HummingbirdHeart","Mango","Centennial Puzzle","downfall:HeartBlessingRed","downfall:HeartBlessingGreen","aspiration:RitualDagger","MutagenicStrength","downfall:RedIOU","Nunchaku","Art of War"],"acts_visited":["Exordium","TheCity"],"potions_floor_usage":[16,16,16,16,28,29,29,31,31],"damage_taken":[{"damage":10,"enemies":"Cultist","floor":2,"turns":4},{"damage":1,"enemies":"Jaw Worm","floor":3,"turns":5},{"damage":66,"enemies":"Lagavulin","floor":6,"turns":8},{"damage":20,"enemies":"downfall:FleeingMerchant","floor":8,"turns":4},{"damage":0,"enemies":"2 Louse","floor":9,"turns":2},{"damage":0,"enemies":"2 Fungi Beasts","floor":10,"turns":2},{"damage":5,"enemies":"Exordium Thugs","floor":12,"turns":3},{"damage":6,"enemies":"3 Louse","floor":13,"turns":2},{"damage":34,"enemies":"3 Sentries","floor":14,"turns":5},{"damage":30,"enemies":"Large Slime","floor":15,"turns":3},{"damage":65,"enemies":"WA_ARCHETYPE_RETAIN","floor":16,"turns":7},{"damage":6,"enemies":"Spheric Guardian","floor":19,"turns":2},{"damage":44,"enemies":"Shelled Parasite and Fungi","floor":20,"turns":4},{"damage":96,"enemies":"downfall:Augmenter","floor":21,"turns":9},{"damage":45,"enemies":"downfall:FleeingMerchant","floor":22,"turns":4},{"damage":79,"enemies":"Cultist and Chosen","floor":25,"turns":5},{"damage":31,"enemies":"3 Cultists","floor":26,"turns":5},{"damage":93,"enemies":"Gremlin Leader","floor":28,"turns":6},{"damage":35,"enemies":"downfall:FleeingMerchant","floor":29,"turns":4},{"damage":74,"enemies":"Book of Stabbing","floor":31,"turns":6}],"seed_played":"4143829518515346928","potions_obtained":[{"floor":9,"key":"Block Potion"},{"floor":12,"key":"GamblersBrew"},{"floor":13,"key":"SkillPotion"},{"floor":15,"key":"Energy Potion"},{"floor":21,"key":"bronze:BurnAndBuffPotion"},{"floor":25,"key":"Fire Potion"},{"floor":28,"key":"EntropicBrew"}],"is_trial":false,"path_per_floor":["R","M","M","?","T","E","T","$","M","M","R","M","M","E","M","B",null,"R","M","M","?","$","?","T","M","M","?","E","$","R","E"],"character_chosen":"THE_CHAMP","items_purchased":["champ:UltimateStance","champ:ViciousMockery","champ:IronFortress"],"campfire_rested":1,"item_purchase_floors":[22,29,29],"current_hp_per_floor":[63,63,62,62,62,30,30,30,30,30,61,61,60,51,51,21,104,104,98,79,104,98,98,98,72,70,70,50,45,45,0,0,0],"gold":125,"neow_bonus":"ONE_RARE_RELIC","is_daily":false,"chose_seed":false,"campfire_upgraded":1,"win_rate":0.0,"timestamp":1610821290,"path_taken":["R","M","M","?","?","E","T","$","?","M","R","M","M","E","M","BOSS","R","M","M","?","$","?","T","?","M","?","E","?","R","E"],"items_purchased_type":["Card","Card","Card"],"build_version":"2020-12-22","purchased_purges":2,"victory":false,"max_hp_per_floor":[90,90,90,90,90,104,104,104,104,104,104,104,104,104,104,104,104,104,104,104,104,104,104,104,104,104,104,104,104,104,104,104,104],"relic_stats":{"Centennial Puzzle":[45],"Nunchaku":[4],"counters":[20,90],"Art of War":[1],"obtain_stats":[{"Potion Belt":14,"downfall:HeartBlessingRed":11,"champ:ChampionCrown":0,"Mango":6,"downfall:HeartBlessingGreen":11,"aspiration:HummingbirdHeart":5,"CaptainsWheel":0,"Centennial Puzzle":7,"Nunchaku":24,"MutagenicStrength":21,"downfall:RedIOU":23,"Art of War":28,"aspiration:RitualDagger":17},{"Potion Belt":9,"downfall:HeartBlessingRed":6,"champ:ChampionCrown":0,"Mango":3,"downfall:HeartBlessingGreen":6,"aspiration:HummingbirdHeart":2,"CaptainsWheel":0,"Centennial Puzzle":3,"Nunchaku":15,"MutagenicStrength":14,"downfall:RedIOU":15,"Art of War":18,"aspiration:RitualDagger":11},{"Potion Belt":35,"downfall:HeartBlessingRed":25,"champ:ChampionCrown":0,"Mango":17,"downfall:HeartBlessingGreen":25,"aspiration:HummingbirdHeart":9,"CaptainsWheel":0,"Centennial Puzzle":17,"Nunchaku":64,"MutagenicStrength":60,"downfall:RedIOU":64,"Art of War":80,"aspiration:RitualDagger":45}]},"card_choices":[{"not_picked":["champ:TornadoPunch","champ:EnGarde"],"picked":"champ:Shatter","floor":2},{"not_picked":["champ:FaceSlap","champ:PerfectedStrike"],"picked":"champ:FanOfKnives","floor":3},{"not_picked":["champ:StanceDance","champ:BerserkersShout"],"picked":"champ:RecklessLeap","floor":6},{"not_picked":["champ:Circumvent","champ:FanOfKnives"],"picked":"champ:Endure","floor":8},{"not_picked":["champ:BerserkersShout","champ:HeavySlash"],"picked":"champ:StanceDance","floor":9},{"not_picked":["champ:Shatter","champ:ShieldSigil","champ:DefensiveShout"],"picked":"SKIP","floor":10},{"not_picked":["champ:Haymaker","champ:Shatter"],"picked":"champ:FancyFootwork","floor":12},{"not_picked":["champ:DefensiveStyle","champ:ShieldSigil"],"picked":"champ:GutPunch","floor":13},{"not_picked":["champ:FancyFootwork","champ:Haymaker"],"picked":"champ:StanceDance","floor":14},{"not_picked":["champ:ShieldSigil","champ:RisingSlash"],"picked":"champ:RageSigil","floor":15},{"not_picked":["champ:EnchantSword","champ:HeavySlash"],"picked":"champ:SteelEdge","floor":16},{"not_picked":["champ:PreciseThrust+1","champ:CrownThrow"],"picked":"champ:Shatter+1","floor":19},{"not_picked":["champ:ArenaPreparation","champ:TornadoPunch+1"],"picked":"champ:AdrenalArmor","floor":20},{"not_picked":[],"picked":"J.A.X.","floor":21},{"not_picked":["champ:CrownThrow","champ:BerserkersShout"],"picked":"champ:UltimateStance","floor":22},{"not_picked":["champ:AdrenalArmor+1","champ:PerfectedStrike+1","champ:PreemptiveStrike"],"picked":"SKIP","floor":25},{"not_picked":["champ:UltimateStance","champ:AdrenalArmor+1"],"picked":"champ:CrownThrow","floor":26},{"not_picked":["champ:AdrenalArmor","champ:Haymaker"],"picked":"champ:FlashCut+1","floor":28},{"not_picked":["champ:SkillfulDodge+1","champ:HeartStrike","champ:PerfectedStrike"],"picked":"SKIP","floor":29}],"player_experience":455372,"relics_obtained":[{"floor":5,"key":"aspiration:HummingbirdHeart"},{"floor":6,"key":"Mango"},{"floor":7,"key":"Centennial Puzzle"},{"floor":14,"key":"Potion Belt"},{"floor":21,"key":"MutagenicStrength"},{"floor":24,"key":"Nunchaku"},{"floor":28,"key":"Art of War"}],"event_choices":[],"is_beta":false,"boss_relics":[{"not_picked":["aspiration:IroncladSkillbook","Runic Pyramid"],"picked":"aspiration:RitualDagger"}],"items_purged_floors":[8,22],"is_endless":false,"potions_floor_spawned":[9,12,13,15,21,25,28],"killed_by":"Book of Stabbing","ascension_level":1}}