{"host":"vl29iwkwnyytuw8q","time":1610840591,"event":{"mods":["BaseMod","Minty Spire (QoL Compilation)","Permanent Neow","Relic Stats","StSLib"],"gold_per_floor":[111,111,32,48,48,48,68,68,68,110,136,136,15,15,15,99,99,87,106,106,106],"floor_reached":20,"language":"ENG","playtime":638,"items_purged":["Strike_G"],"score":344,"play_id":"d366c5a6-d14f-4e3e-b5fc-573ea99d2e28","local_time":"20210117004311","is_ascension_mode":true,"campfire_choices":[{"floor":6,"key":"DIG"},{"data":"Noxious Fumes","floor":8,"key":"SMITH"},{"floor":12,"key":"REST"},{"data":"Footwork","floor":15,"key":"SMITH"}],"circlet_count":0,"master_deck":["AscendersBane","Strike_G","Strike_G","Strike_G","Defend_G","Defend_G","Defend_G","Defend_G","Defend_G","Survivor","Neutralize","CurseOfTheBell","Dagger Throw","Footwork+1","Blade Dance","Noxious Fumes+1","Heel Hook","Leg Sweep","PiercingWail","After Image","Slice","Cloak And Dagger"],"relics":["Calling Bell","Omamori","Question Card","Shovel","Pantograph","CeramicFish","Eternal Feather","WristBlade"],"acts_visited":["Exordium","TheCity"],"potions_floor_usage":[10,16,20],"damage_taken":[{"damage":0,"enemies":"2 Louse","floor":1,"turns":4},{"damage":0,"enemies":"Jaw Worm","floor":4,"turns":6},{"damage":0,"enemies":"Cultist","floor":7,"turns":5},{"damage":43,"enemies":"3 Sentries","floor":10,"turns":9},{"damage":12,"enemies":"Red Slaver","floor":11,"turns":5},{"damage":33,"enemies":"Slime Boss","floor":16,"turns":14},{"damage":15,"enemies":"2 Thieves","floor":18,"turns":4},{"damage":14,"enemies":"3 Byrds","floor":19,"turns":6},{"damage":34,"enemies":"Cultist and Chosen","floor":20,"turns":5}],"seed_played":"7618996194755504785","potions_obtained":[{"floor":1,"key":"Strength Potion"},{"floor":10,"key":"SteroidPotion"},{"floor":19,"key":"SteroidPotion"}],"is_trial":false,"path_per_floor":["M","?","$","M","?","R","M","R","T","E","M","R","$","?","R","B",null,"M","M","M"],"character_chosen":"THE_SILENT","items_purchased":["Footwork","PiercingWail"],"campfire_rested":1,"item_purchase_floors":[3,13],"current_hp_per_floor":[59,52,52,52,57,57,57,57,57,14,2,23,23,23,32,24,59,44,30,0,0],"gold":106,"neow_bonus":"BOSS_RELIC","is_daily":false,"chose_seed":false,"campfire_upgraded":2,"win_rate":0.0,"timestamp":1610840591,"path_taken":["M","?","$","M","?","R","M","R","T","E","M","R","$","?","R","BOSS","M","M","M"],"items_purchased_type":["Card","Card"],"build_version":"2020-12-22","purchased_purges":1,"victory":false,"max_hp_per_floor":[66,66,66,66,71,71,71,71,71,71,71,71,71,71,71,71,71,71,71,71,71],"relic_stats":{"Shovel":1,"counters":[9,58],"Pantograph":25,"CeramicFish":54,"Eternal Feather":9,"Question Card":8,"obtain_stats":[{"Calling Bell":0,"Shovel":0,"WristBlade":17,"Pantograph":6,"CeramicFish":10,"Eternal Feather":14,"Omamori":0,"Question Card":0,"Ring of the Snake":0},{"Calling Bell":0,"Shovel":0,"WristBlade":6,"Pantograph":2,"CeramicFish":4,"Eternal Feather":5,"Omamori":0,"Question Card":0,"Ring of the Snake":0},{"Calling Bell":0,"Shovel":0,"WristBlade":43,"Pantograph":10,"CeramicFish":24,"Eternal Feather":29,"Omamori":0,"Question Card":0,"Ring of the Snake":0}]},"card_choices":[{"not_picked":["Backstab","Sucker Punch","Cloak And Dagger"],"picked":"Dagger Throw","floor":1},{"not_picked":["Doppelganger","Outmaneuver","Slice"],"picked":"Blade Dance","floor":4},{"not_picked":["Calculated Gamble","PiercingWail","Backstab"],"picked":"Noxious Fumes","floor":7},{"not_picked":["Predator","Bane","All Out Attack"],"picked":"Heel Hook","floor":10},{"not_picked":["Deflect","Reflex","Well Laid Plans"],"picked":"Leg Sweep","floor":11},{"not_picked":["Night Terror","Bullet Time","Wraith Form v2"],"picked":"After Image","floor":16},{"not_picked":["Poisoned Stab","Deflect","Dodge and Roll"],"picked":"Slice","floor":18},{"not_picked":["Sucker Punch","Outmaneuver","Deadly Poison"],"picked":"Cloak And Dagger","floor":19}],"player_experience":628286,"relics_obtained":[{"floor":0,"key":"Omamori"},{"floor":0,"key":"Question Card"},{"floor":0,"key":"Shovel"},{"floor":6,"key":"Pantograph"},{"floor":10,"key":"CeramicFish"}],"event_choices":[{"cards_removed":["Strike_G"],"damage_healed":0,"gold_gain":0,"player_choice":"Card Removal","damage_taken":7,"max_hp_gain":0,"max_hp_loss":0,"event_name":"Golden Wing","floor":2,"gold_loss":0},{"damage_healed":0,"gold_gain":0,"player_choice":"Donut","damage_taken":0,"max_hp_gain":5,"max_hp_loss":0,"event_name":"Big Fish","floor":5,"gold_loss":0},{"damage_healed":0,"gold_gain":0,"player_choice":"Searched \u00271\u0027 times","damage_taken":0,"relics_obtained":["Eternal Feather"],"max_hp_gain":0,"max_hp_loss":0,"event_name":"Dead Adventurer","floor":14,"gold_loss":0}],"is_beta":false,"boss_relics":[{"not_picked":["Runic Dome","Velvet Choker"],"picked":"WristBlade"}],"items_purged_floors":[13],"is_endless":false,"potions_floor_spawned":[1,10,19],"killed_by":"Cultist and Chosen","ascension_level":20}}