{"host":"klbhqnog8guy54fi","time":1610803009,"event":{"mods":["AchievementEnabler","BaseMod","Downfall","Hermit","Marisa????????","Minty Spire (QoL Compilation)","Robot Space Explorer","StSLib","The Animator","The Cursed","The Marked","The Servant 0.9.4"],"gold_per_floor":[118,193,143,161,180,180,212,212,235,254,254,429,447,463,463,562,562,575,588,687,698,353,353,353,353,353,371,385,385,385],"floor_reached":29,"language":"ENG","playtime":2065,"items_purged":["Doubt"],"score":227,"play_id":"8a55cf2a-a6d9-454e-99c7-77072248f42f","local_time":"20210116131649","is_ascension_mode":false,"campfire_choices":[{"data":"Luminosity","floor":6,"key":"SMITH"},{"data":"Defy","floor":8,"key":"SMITH"},{"data":"RealityMarble","floor":11,"key":"SMITH"},{"floor":15,"key":"REST"},{"data":"BestPractice","floor":23,"key":"SMITH"},{"floor":25,"key":"REST"}],"circlet_count":0,"master_deck":["Strike_S","Strike_S","Strike_S","Defend_S","Defend_S","Defend_S","Defend_S","KidneyShot","Exchange","Starlight","Defy+1","Luminosity+1","Spin","RealityMarble+1","Dilation","Rewind","TheWorld","Foresight+1","SilverBlades","SpecialFormula+1","BestPractice+1","Ricochet","BestPractice+1","Solidify"],"relics":["SplendidAttire","NeowsBlessing","Oddly Smooth Stone","Art of War","Bronze Scales","Kunai"],"acts_visited":["Exordium","TheCity"],"potions_floor_usage":[13,29,29],"damage_taken":[{"damage":0,"enemies":"2 Louse","floor":1,"turns":2},{"damage":0,"enemies":"Small Slimes","floor":4,"turns":1},{"damage":0,"enemies":"Jaw Worm","floor":5,"turns":1},{"damage":11,"enemies":"Lagavulin","floor":7,"turns":11},{"damage":0,"enemies":"3 Louse","floor":10,"turns":2},{"damage":0,"enemies":"Exordium Thugs","floor":13,"turns":5},{"damage":11,"enemies":"Large Slime","floor":14,"turns":6},{"damage":7,"enemies":"Slime Boss","floor":16,"turns":18},{"damage":0,"enemies":"Chosen","floor":18,"turns":7},{"damage":23,"enemies":"2 Thieves","floor":19,"turns":5},{"damage":21,"enemies":"Cultist and Chosen","floor":21,"turns":9},{"damage":21,"enemies":"Snake Plant","floor":27,"turns":4},{"damage":16,"enemies":"Shelled Parasite and Fungi","floor":28,"turns":6},{"damage":27,"enemies":"Slavers","floor":29,"turns":1}],"seed_played":"-6431431107923040808","potions_obtained":[{"floor":1,"key":"SkillPotion"},{"floor":4,"key":"Energy Potion"},{"floor":5,"key":"Explosive Potion"},{"floor":7,"key":"PowerPotion"},{"floor":14,"key":"CultistPotion"}],"is_trial":false,"path_per_floor":["M","?","?","M","M","R","E","R","T","M","R","?","M","M","R","B",null,"M","M","?","M","$","R","?","R","T","M","M","E"],"character_chosen":"THE_SERVANT","items_purchased":["BestPractice","Ricochet","Bronze Scales"],"campfire_rested":2,"item_purchase_floors":[22,22,22],"current_hp_per_floor":[65,54,54,54,54,54,43,43,43,43,43,43,43,32,51,44,65,65,42,42,21,21,21,21,40,40,27,19,0,0],"gold":385,"neow_bonus":"THREE_ENEMY_KILL","is_daily":false,"chose_seed":false,"campfire_upgraded":4,"win_rate":0.0,"timestamp":1610803009,"path_taken":["M","?","?","M","?","R","E","R","T","M","R","?","M","M","R","BOSS","M","M","?","M","$","R","?","R","T","?","M","E"],"items_purchased_type":["Card","Card","Relic"],"build_version":"2020-12-22","purchased_purges":1,"victory":false,"max_hp_per_floor":[65,65,65,65,65,65,65,65,65,65,65,65,65,65,65,65,65,65,65,65,65,65,65,65,65,65,65,65,65,65],"card_choices":[{"not_picked":["Replace","Sabotage"],"picked":"Starlight","floor":1},{"not_picked":["StarChef","Spin"],"picked":"Defy","floor":4},{"not_picked":["Starlight","Revamp"],"picked":"Luminosity","floor":5},{"not_picked":["Read","Sabotage"],"picked":"Spin","floor":7},{"not_picked":["Revamp","Hightail"],"picked":"RealityMarble","floor":10},{"not_picked":["Potential","FastForward"],"picked":"Dilation","floor":13},{"not_picked":["ShatteredReality","BottledTime"],"picked":"Rewind","floor":14},{"not_picked":["Deny","Duplication"],"picked":"TheWorld","floor":16},{"not_picked":["Spin+1","BottledTime"],"picked":"Foresight+1","floor":18},{"not_picked":["Unruled+1","BottledTime+1"],"picked":"SilverBlades","floor":19},{"not_picked":["Spin","Revamp"],"picked":"SpecialFormula+1","floor":21},{"not_picked":["Desolation","Starlight","Ricochet"],"picked":"SKIP","floor":27},{"not_picked":["Starlight","Rewind+1"],"picked":"Solidify","floor":28}],"player_experience":309942,"relics_obtained":[{"floor":7,"key":"Oddly Smooth Stone"},{"floor":9,"key":"Art of War"},{"floor":26,"key":"Kunai"}],"event_choices":[{"damage_healed":0,"gold_gain":75,"player_choice":"Gather Gold","damage_taken":11,"max_hp_gain":0,"max_hp_loss":0,"event_name":"World of Goop","floor":2,"gold_loss":0},{"cards_removed":["Strike_S"],"damage_healed":0,"gold_gain":0,"player_choice":"Card Removal","damage_taken":0,"max_hp_gain":0,"max_hp_loss":0,"event_name":"The Cleric","floor":3,"gold_loss":50},{"damage_healed":0,"gold_gain":175,"player_choice":"AGREE","damage_taken":0,"max_hp_gain":0,"max_hp_loss":0,"event_name":"Liars Game","floor":12,"gold_loss":0,"cards_obtained":["Doubt"]},{"damage_healed":0,"gold_gain":99,"player_choice":"Stole From Cult","damage_taken":0,"max_hp_gain":0,"max_hp_loss":0,"event_name":"Nest","floor":20,"gold_loss":0},{"damage_healed":0,"gold_gain":0,"player_choice":"Copied","damage_taken":0,"max_hp_gain":0,"max_hp_loss":0,"event_name":"Duplicator","floor":24,"gold_loss":0,"cards_obtained":["BestPractice"]}],"is_beta":false,"boss_relics":[{"not_picked":["Ectoplasm","Runic Dome"],"picked":"SplendidAttire"}],"items_purged_floors":[22],"is_endless":false,"potions_floor_spawned":[1,4,5,7,14,21],"killed_by":"Slavers","ascension_level":0}}