{"host":"c2zlmc1hlq0427cl","time":1610819870,"event":{"mods":["BaseMod","Googly Eyes","Hermit","Minty Spire (QoL Compilation)","Replay The Spire","StSLib","The Hayseed","The Senshi","The Servant 0.9.4"],"gold_per_floor":[118,43,61,61,81,81,114,114,140,152,181,181,201,214,214,214,214],"floor_reached":16,"language":"ENG","playtime":1059,"items_purged":["TheSimpletonMod:Strike_TheSimpleton"],"score":112,"play_id":"83733ec4-a121-4172-8f5f-c464ef6889e7","local_time":"20210116115750","is_ascension_mode":false,"campfire_choices":[{"data":"TheSimpletonMod:Artichokes","floor":6,"key":"SMITH"},{"data":"TheSimpletonMod:CropRotation","floor":8,"key":"SMITH"},{"floor":12,"key":"REST"},{"floor":15,"key":"REST"}],"circlet_count":0,"master_deck":["TheSimpletonMod:Strike_TheSimpleton","TheSimpletonMod:Strike_TheSimpleton","TheSimpletonMod:Strike_TheSimpleton","TheSimpletonMod:Defend_TheSimpleton","TheSimpletonMod:Defend_TheSimpleton","TheSimpletonMod:Defend_TheSimpleton","TheSimpletonMod:Defend_TheSimpleton+1","TheSimpletonMod:Haymaker+1","TheSimpletonMod:ReapAndSow","TheSimpletonMod:CropRotation+1","TheSimpletonMod:Artichokes","TheSimpletonMod:Artichokes+1","TheSimpletonMod:BumperCrop","TheSimpletonMod:VineRipen","TheSimpletonMod:Aerate","TheSimpletonMod:CloseScrape"],"relics":["TheSimpletonMod:SpudOfTheInnocent","TheSimpletonMod:NightSoil","TheSimpletonMod:TheHarvester","NeowsBlessing","Smiling Mask","theSenshi:SailorFukuRelic","Gremlin Horn"],"acts_visited":["Exordium"],"potions_floor_usage":[11,16],"damage_taken":[{"damage":0,"enemies":"Cultist","floor":1,"turns":1},{"damage":0,"enemies":"Jaw Worm","floor":3,"turns":1},{"damage":0,"enemies":"Small Slimes","floor":5,"turns":1},{"damage":21,"enemies":"Replay:BlueRogue","floor":7,"turns":8},{"damage":14,"enemies":"Exordium Wildlife","floor":10,"turns":4},{"damage":19,"enemies":"Gremlin Nob","floor":11,"turns":5},{"damage":34,"enemies":"Large Slime","floor":13,"turns":10},{"damage":5,"enemies":"Red Slaver","floor":14,"turns":5},{"damage":38,"enemies":"The Guardian","floor":16,"turns":13}],"seed_played":"3533122624093353969","potions_obtained":[{"floor":1,"key":"Ancient Potion"},{"floor":7,"key":"Block Potion"},{"floor":13,"key":"TheSimpletonMod:MoonshinePotion"}],"is_trial":false,"path_per_floor":["M","$","M","?","M","R","E","R","T","M","E","R","M","M","R","B"],"character_chosen":"THE_SIMPLETON","items_purchased":[],"campfire_rested":2,"item_purchase_floors":[],"current_hp_per_floor":[75,75,75,60,60,60,45,45,45,31,18,40,12,13,35,0,0],"gold":214,"neow_bonus":"THREE_ENEMY_KILL","is_daily":false,"chose_seed":false,"campfire_upgraded":2,"win_rate":0.0,"timestamp":1610819870,"path_taken":["M","?","M","?","M","R","E","R","T","M","E","R","M","M","R","BOSS"],"items_purchased_type":[],"build_version":"2020-12-22","purchased_purges":1,"victory":false,"max_hp_per_floor":[75,75,75,75,75,75,75,75,75,75,75,75,75,75,75,75,75],"card_choices":[{"not_picked":["TheSimpletonMod:DoubleBarrel","TheSimpletonMod:Thresh"],"picked":"TheSimpletonMod:CropRotation","floor":1},{"not_picked":["TheSimpletonMod:Aerate","TheSimpletonMod:OnionBloom"],"picked":"TheSimpletonMod:Artichokes","floor":3},{"not_picked":["TheSimpletonMod:BumperCrop","TheSimpletonMod:ControlledBurn"],"picked":"TheSimpletonMod:Artichokes","floor":5},{"not_picked":["TheSimpletonMod:SpiceUp","TheSimpletonMod:Sunseed"],"picked":"TheSimpletonMod:BumperCrop","floor":7},{"not_picked":["TheSimpletonMod:PestManagement","TheSimpletonMod:ToughenUp"],"picked":"TheSimpletonMod:VineRipen","floor":10},{"not_picked":["TheSimpletonMod:ControlledBurn","TheSimpletonMod:DigIn"],"picked":"TheSimpletonMod:Aerate","floor":11},{"not_picked":["TheSimpletonMod:VineRipen","TheSimpletonMod:PestManagement"],"picked":"TheSimpletonMod:CloseScrape","floor":13},{"not_picked":["TheSimpletonMod:PestManagement","TheSimpletonMod:Rake","TheSimpletonMod:CloseScrape"],"picked":"SKIP","floor":14}],"player_experience":61421,"relics_obtained":[{"floor":7,"key":"Smiling Mask"},{"floor":9,"key":"theSenshi:SailorFukuRelic"},{"floor":11,"key":"Gremlin Horn"}],"event_choices":[{"damage_healed":0,"gold_gain":0,"player_choice":"Entered Light","damage_taken":15,"max_hp_gain":0,"max_hp_loss":0,"event_name":"Shining Light","floor":4,"gold_loss":0,"cards_upgraded":["TheSimpletonMod:Haymaker","TheSimpletonMod:Defend_TheSimpleton"]}],"is_beta":false,"boss_relics":[],"items_purged_floors":[2],"is_endless":false,"potions_floor_spawned":[1,7,13],"killed_by":"The Guardian","ascension_level":0}}