{"host":"u3jctbsl7uavviuy","time":1610801433,"event":{"mods":["ATMod(阿瑾Mod)","Arknights The Spire","BaseMod","BetterRewards","GungeonMod","HololiveMod","Luminous","Marisa（F雨　魔理沙）","Minty Spire (QoL Compilation)","Relic Stats","Replay The Spire","Shop Mod","Spicy Shops","StSLib","TestMod","The Animator","The Cursed","The Gatherer","The Servant 0.9.4","WarShipGirlsR/战舰少女R mod","vexMod","篝火指南"],"gold_per_floor":[109,109,109,125,138,265,265,500,526,544,151,6,21,38,38,237,237,254,254,272,272,371,502,502,102,102,217,233,13,13,146,146,347,347,358,358,370,389,62,197,215,15,15,108,242,257,386,786,131,331],"floor_reached":51,"language":"ZHS","playtime":2248,"items_purged":["Strike_B","Strike_B","Defend_B","Defend_B","Doubt","All For One","Barrage"],"score":1321,"play_id":"97f15567-cf49-4aa9-8f91-0c812ade5137","local_time":"20210116215033","is_ascension_mode":true,"campfire_choices":[{"data":"FIFO Queue","floor":7.0,"key":"SMITH"},{"data":"Aggregate","floor":15.0,"key":"SMITH"},{"data":"AT_RightCognition","floor":32,"key":"SMITH"}],"circlet_count":0,"master_deck":["Zap","Dualcast+1","FIFO Queue+1","Coolheaded","Genetic Algorithm","Skim","Storm","Consume+1","Hologram","Defragment","Self Repair","Self Repair","Aggregate+1","Creative AI+1","CurseOfTheBell","Defragment","Core Surge","Ball Lightning+1","Conserve Battery","Aggregate+1","Coolheaded+1","Chill+1","Capacitor+1","AT_RightCognition+1","Amplify","Heatsinks","Fission+1","Turbo+1","Blizzard","Aggregate+1","Static Discharge","Recycle"],"relics":["Cracked Core","AT_ATBox","testmod-Antiphasic","Replay:Ringing Soul","AT_TheCollector","White Beast Statue","Lee\u0027s Waffle","Singing Bowl","vexMod:Cooldron","DemoMod:PoisonVial","Regal Pillow","Bag of Preparation","DollysMirror","Calipers","AT_SeraphEmbrace","Calling Bell","Omamori","Mirror","testmod-EqualTreatment","Strawberry","AT_SilvercatRing","Orichalcum","vexMod:Dragonfruit","Replay:Ancient Bell","AT_SunfireAegis","ReplayTheSpireMod:Shallot","testmod-Brilliant","Strange Spoon","DemoMod:GlassGuonStoneRelic","Anchor","Ancient Tea Set","DemoMod:MeatBun","Cables"],"acts_visited":["Exordium","TheCity","TheBeyond"],"potions_floor_usage":[31,35,35,35,35,35,37,38],"damage_taken":[{"damage":0.0,"enemies":"2 Louse","floor":1.0,"turns":4.0},{"damage":8.0,"enemies":"Jaw Worm","floor":4.0,"turns":4.0},{"damage":4.0,"enemies":"Cultist","floor":5.0,"turns":4.0},{"damage":1.0,"enemies":"Lagavulin","floor":6.0,"turns":7.0},{"damage":14.0,"enemies":"3 Sentries","floor":8.0,"turns":7.0},{"damage":11.0,"enemies":"Large Slime","floor":10.0,"turns":8.0},{"damage":11.0,"enemies":"2 Fungi Beasts","floor":13.0,"turns":3.0},{"damage":8.0,"enemies":"Exordium Wildlife","floor":14.0,"turns":3.0},{"damage":35.0,"enemies":"The Guardian","floor":16.0,"turns":8.0},{"damage":21.0,"enemies":"2 Thieves","floor":18.0,"turns":4.0},{"damage":18.0,"enemies":"Shell Parasite","floor":20.0,"turns":9.0},{"damage":0.0,"enemies":"Slavers","floor":23.0,"turns":4.0},{"damage":0.0,"enemies":"Cultist and Chosen","floor":25.0,"turns":1.0},{"damage":74.0,"enemies":"Book of Stabbing","floor":27.0,"turns":7.0},{"damage":4.0,"enemies":"Cultist and Chosen","floor":28.0,"turns":4.0},{"damage":13,"enemies":"Slavers","floor":31,"turns":5},{"damage":0,"enemies":"Collector","floor":33,"turns":8},{"damage":0,"enemies":"Orb Walker","floor":35,"turns":4},{"damage":16,"enemies":"3 Darklings","floor":37,"turns":3},{"damage":0,"enemies":"Maw","floor":38,"turns":5},{"damage":11,"enemies":"R_Hoarder","floor":40,"turns":6},{"damage":3,"enemies":"Jaw Worm Horde","floor":41,"turns":2},{"damage":0,"enemies":"Giant Head","floor":45,"turns":6},{"damage":0,"enemies":"4 Shapes","floor":46,"turns":1},{"damage":0,"enemies":"Reptomancer","floor":47,"turns":3},{"damage":0,"enemies":"Replay:Hell Engine","floor":50,"turns":5}],"seed_played":"8403702748660036142","potions_obtained":[{"floor":1.0,"key":"EntropicBrew"},{"floor":4.0,"key":"EntropicBrew"},{"floor":5.0,"key":"EntropicBrew"},{"floor":6.0,"key":"EntropicBrew"},{"floor":8.0,"key":"EntropicBrew"},{"floor":10.0,"key":"EntropicBrew"},{"floor":13.0,"key":"EntropicBrew"},{"floor":16.0,"key":"EntropicBrew"},{"floor":18.0,"key":"EntropicBrew"},{"floor":20.0,"key":"EntropicBrew"},{"floor":23.0,"key":"EntropicBrew"},{"floor":28.0,"key":"EntropicBrew"},{"floor":31,"key":"EntropicBrew"},{"floor":35,"key":"EntropicBrew"},{"floor":37,"key":"EntropicBrew"},{"floor":38,"key":"EntropicBrew"},{"floor":40,"key":"EntropicBrew"}],"is_trial":false,"path_per_floor":["M","?","?","M","M","E","R","E","T","M","$","$","M","M","R","B",null,"M","?","M","?","?","E","?","M","T","E","M","R","?","E","R","B",null,"M","?","M","M","$","E","M","R","T","?","E","M","E","?","R","B",null],"character_chosen":"DEFECT","items_purchased":["FIFO Queue","Coolheaded","Genetic Algorithm","Replay:Ringing Soul","AT_TheCollector","White Beast Statue","Meteor Strike","Skim","Lee\u0027s Waffle","Singing Bowl","vexMod:Cooldron","Storm","FocusPotion","DollysMirror","Calipers","Aggregate","AT_ArchangelStaff","AT_SilvercatRing","Coolheaded+1","Capacitor","Blizzard","Strange Spoon","DemoMod:MeatBun","Cables","Recycle"],"campfire_rested":0,"item_purchase_floors":[0,0,0,0,0,0,0,0,0,0,0,0,0,11,11,11,12,25,25,29,39,39,49,49,49],"current_hp_per_floor":[88,88,76,71,69,71,71,60,60,52,55,55,60,61,61,48,103,105,108,107,107,107,131,134,137,137,79,92,95,95,104,104,121,156,170,170,157,174,177,181,183,183,183,143,159,161,163,163,180,194],"gold":331,"neow_bonus":"","is_daily":false,"chose_seed":false,"campfire_upgraded":3,"win_rate":0.0,"timestamp":1610801433,"path_taken":["M","?","?","M","M","E","R","E","T","M","?","$","M","?","R","BOSS","M","?","M","?","?","E","?","M","T","E","M","R","?","E","R","BOSS","M","?","M","M","$","E","M","R","T","?","E","M","E","?","R","BOSS"],"items_purchased_type":["Card","Card","Card","Relic","Relic","Relic","Card","Card","Relic","Relic","Relic","Card","Potion","Relic","Relic","Card","Relic","Relic","Card","Card","Card","Relic","Relic","Relic","Card"],"build_version":"2020-12-22","purchased_purges":7,"victory":true,"max_hp_per_floor":[88,88,88,91,93,96,96,99,99,102,105,105,107,109,109,117,120,123,126,129,129,129,139,142,145,145,147,150,153,153,161,161,164,167,170,170,173,176,179,181,183,183,183,188,190,192,194,194,197,197],"relic_stats":{"Strange Spoon":[12],"Lee\u0027s Waffle":165,"Regal Pillow":0,"Singing Bowl":20,"counters":[270,1218],"Bag of Preparation":[42],"Orichalcum":[318],"obtain_stats":[{"TwistedFunnel":49,"Golden Egg":19,"vexMod:MemoryStick":12,"AT_ATBox":11,"DemoMod:PoisonVial":3,"Whetstone":49,"Bottled Tornado":26,"Sling":32,"testmod-BlackFramedGlasses":0,"Replay:Wanted Poster":34,"Replay:Ringing Soul":13,"vexMod:CardConverter":45,"vexMod:EndlessSickness":34,"Replay:Bronze Core":17,"Replay:Bottled Flurry":42,"Replay:Wax Seal":0,"testmod-IntensifyImprint":0,"AT_RedTearstoneRing":44,"testmod-TestBox":0,"Pear":45,"Blue Candle":0,"Eternal Feather":44,"Pen Nib":25,"Replay:Ancient Bell":17,"Paper Crane":31,"AT_SilvercatRing":19,"Cables":49,"testmod-Fortitude":47,"SlaversCollar":17,"DemoMod:MeatBun":53,"AT_TheCollector":0,"DemoMod:SerJunkan":5,"Lantern":29,"Regal Pillow":6,"Singing Bowl":6,"testmod-Temperance":17,"testmod-EqualTreatment":17,"Blue Doll":31,"Bag of Preparation":8,"Ancient Tea Set":0,"Burning Blood":0,"testmod-CasingShield":32,"Replay:Rubber Ducky":19,"testmod-Brilliant":34,"testmod-StringDisintegrator":34,"Matryoshka":0,"AT_Kusabimaru":14,"Toolbox":32,"Chemical X":0,"Replay:Bottled Eggs":9,"InkBottle":9,"Ring of the Snake":0,"Lee\u0027s Waffle":0,"vexMod:BerryBomb":7,"DemoMod:PartiallyEatenCheese":11,"testmod-CardMagician":6,"PreservedInsect":6,"DemoMod:PinkGuonStone":36,"The Courier":6,"Geode":43,"Omamori":11,"Frozen Egg 2":0,"testmod-ConstraintPeriapt":6,"MawBank":40,"AT_ImmortalShieldbow":12,"AT_BellowingDragoncrestRing":54,"testmod-Hope":43,"Orrery":20,"Garlic":30,"Art of War":26,"Bottled Lightning":8,"testmod-BalancedPeriapt":5,"AT_SunfireAegis":34,"Toy Ornithopter":27,"DemoMod:BlueGuonStone":25,"Tiny House":34,"Calipers":0,"AT_MibuBalloonWealth":0,"Vajra":23,"testmod-IWantAll":0,"DemoMod:GlassGuonStoneRelic":8,"Raider\u0027s Mask":0,"AT_ArchangelStaff":12,"Replay:Frozen Program":0,"DollysMirror":44,"DemoMod:Metronome":14,"Strawberry":24,"Honey Jar":17,"Philosopher\u0027s Stone":34,"Iron Hammer":0,"Toxic Egg 2":29,"DemoMod:ClearGuonStone":11,"Happy Flower":40,"Astrolabe":34,"testmod-FatalChain":13,"Oddly Smooth Stone":53,"Charon\u0027s Ashes":26,"vexMod:PaidLearning":53,"Letter Opener":26,"War Paint":8,"Question Card":23,"testmod-SaigiyounoYou":34,"WarpedTongs":38,"testmod-RealStoneCalender":47,"Replay:Baseball":32,"vexMod:Cooldron":44,"ReplayTheSpireMod:Shallot":34,"Shuriken":27,"testmod-Acrobat":8,"Bronze Scales":8,"Hololive_TheStar":22,"Onion Ring":6,"Molten Egg 2":0,"ReplayTheSpireMod:TigerMarble":26,"Grinning Jar":40,"testmod-EnergyCheck":8,"Symbiotic Virus":10,"Mirror":17,"Meat on the Bone":43,"ReplayFunnel":8,"AT_SeraphEmbrace":37,"Incense Burner":13,"DemoMod:WhiteGuonStone":0,"Replay:Mystery Machine":42,"Empty Cage":31,"PrismaticShard":5,"testmod-Charity":39,"ClockworkSouvenir":39,"Nunchaku":47,"testmod-Alchemist":22,"Pantograph":30,"Tiny Chest":31,"Cracked Core":6,"Gremlin Food":43,"DemoMod:Junk":6,"ReplayTheSpireMod:Ninjato":42,"vexMod:ConsolationPrize":26,"Guide Book":36,"Replay:WaspNest":24,"Orichalcum":26,"testmod-IndustrialRevolution":0,"White Beast Statue":49,"Calling Bell":17,"vexMod:Dragonfruit":31,"testmod-Antiphasic":30,"Strange Spoon":39,"Anchor":0,"Hololive_LightStick":32,"DataDisk":49,"vexMod:BarristanHead":6,"testmod-AssaultLearning":47,"Another Sword":0,"Bag of Marbles":12,"Membership Card":32,"TungstenRod":40,"FossilizedHelix":2},{"TwistedFunnel":79,"Golden Egg":203,"vexMod:MemoryStick":6,"AT_ATBox":200,"DemoMod:PoisonVial":245,"Whetstone":23,"Bottled Tornado":230,"Sling":129,"testmod-BlackFramedGlasses":110,"Replay:Wanted Poster":233,"Replay:Ringing Soul":148,"vexMod:CardConverter":76,"vexMod:EndlessSickness":43,"Replay:Bronze Core":149,"Replay:Bottled Flurry":105,"Replay:Wax Seal":56,"testmod-IntensifyImprint":0,"AT_RedTearstoneRing":238,"testmod-TestBox":0,"Pear":50,"Blue Candle":194,"Eternal Feather":106,"Pen Nib":13,"Replay:Ancient Bell":202,"Paper Crane":69,"AT_SilvercatRing":227,"Cables":269,"testmod-Fortitude":78,"SlaversCollar":119,"DemoMod:MeatBun":54,"AT_TheCollector":244,"DemoMod:SerJunkan":112,"Lantern":42,"Regal Pillow":248,"Singing Bowl":143,"testmod-Temperance":176,"testmod-EqualTreatment":253,"Blue Doll":16,"Bag of Preparation":249,"Ancient Tea Set":168,"Burning Blood":0,"testmod-CasingShield":16,"Replay:Rubber Ducky":10,"testmod-Brilliant":261,"testmod-StringDisintegrator":212,"Matryoshka":216,"AT_Kusabimaru":225,"Toolbox":129,"Chemical X":0,"Replay:Bottled Eggs":60,"InkBottle":114,"Ring of the Snake":0,"Lee\u0027s Waffle":168,"vexMod:BerryBomb":86,"DemoMod:PartiallyEatenCheese":87,"testmod-CardMagician":113,"PreservedInsect":59,"DemoMod:PinkGuonStone":71,"The Courier":222,"Geode":133,"Omamori":224,"Frozen Egg 2":0,"testmod-ConstraintPeriapt":28,"MawBank":19,"AT_ImmortalShieldbow":200,"AT_BellowingDragoncrestRing":243,"testmod-Hope":20,"Orrery":35,"Garlic":42,"Art of War":180,"Bottled Lightning":5,"testmod-BalancedPeriapt":221,"AT_SunfireAegis":261,"Toy Ornithopter":40,"DemoMod:BlueGuonStone":96,"Tiny House":17,"Calipers":168,"AT_MibuBalloonWealth":194,"Vajra":12,"testmod-IWantAll":0,"DemoMod:GlassGuonStoneRelic":5,"Raider\u0027s Mask":216,"AT_ArchangelStaff":250,"Replay:Frozen Program":168,"DollysMirror":162,"DemoMod:Metronome":201,"Strawberry":180,"Honey Jar":33,"Philosopher\u0027s Stone":70,"Iron Hammer":80,"Toxic Egg 2":68,"DemoMod:ClearGuonStone":116,"Happy Flower":46,"Astrolabe":130,"testmod-FatalChain":148,"Oddly Smooth Stone":54,"Charon\u0027s Ashes":13,"vexMod:PaidLearning":192,"Letter Opener":153,"War Paint":172,"Question Card":153,"testmod-SaigiyounoYou":157,"WarpedTongs":215,"testmod-RealStoneCalender":22,"Replay:Baseball":16,"vexMod:Cooldron":162,"ReplayTheSpireMod:Shallot":261,"Shuriken":67,"testmod-Acrobat":29,"Bronze Scales":144,"Hololive_TheStar":94,"Onion Ring":4,"Molten Egg 2":24,"ReplayTheSpireMod:TigerMarble":96,"Grinning Jar":74,"testmod-EnergyCheck":172,"Symbiotic Virus":173,"Mirror":253,"Meat on the Bone":237,"ReplayFunnel":60,"AT_SeraphEmbrace":263,"Incense Burner":117,"DemoMod:WhiteGuonStone":138,"Replay:Mystery Machine":187,"Empty Cage":42,"PrismaticShard":112,"testmod-Charity":18,"ClockworkSouvenir":18,"Nunchaku":190,"testmod-Alchemist":94,"Pantograph":210,"Tiny Chest":211,"Cracked Core":113,"Gremlin Food":75,"DemoMod:Junk":113,"ReplayTheSpireMod:Ninjato":20,"vexMod:ConsolationPrize":67,"Guide Book":101,"Replay:WaspNest":38,"Orichalcum":257,"testmod-IndustrialRevolution":110,"White Beast Statue":23,"Calling Bell":253,"vexMod:Dragonfruit":260,"testmod-Antiphasic":98,"Strange Spoon":264,"Anchor":24,"Hololive_LightStick":129,"DataDisk":137,"vexMod:BarristanHead":28,"testmod-AssaultLearning":52,"Another Sword":0,"Bag of Marbles":32,"Membership Card":16,"TungstenRod":104,"FossilizedHelix":195},{"TwistedFunnel":323,"Golden Egg":943,"vexMod:MemoryStick":25,"AT_ATBox":921,"DemoMod:PoisonVial":1097,"Whetstone":96,"Bottled Tornado":1053,"Sling":559,"testmod-BlackFramedGlasses":434,"Replay:Wanted Poster":1061,"Replay:Ringing Soul":638,"vexMod:CardConverter":316,"vexMod:EndlessSickness":180,"Replay:Bronze Core":647,"Replay:Bottled Flurry":407,"Replay:Wax Seal":232,"testmod-IntensifyImprint":0,"AT_RedTearstoneRing":1077,"testmod-TestBox":0,"Pear":207,"Blue Candle":903,"Eternal Feather":411,"Pen Nib":56,"Replay:Ancient Bell":938,"Paper Crane":290,"AT_SilvercatRing":1045,"Cables":1213,"testmod-Fortitude":321,"SlaversCollar":490,"DemoMod:MeatBun":222,"AT_TheCollector":1093,"DemoMod:SerJunkan":439,"Lantern":173,"Regal Pillow":1112,"Singing Bowl":617,"testmod-Temperance":789,"testmod-EqualTreatment":1141,"Blue Doll":65,"Bag of Preparation":1119,"Ancient Tea Set":751,"Burning Blood":0,"testmod-CasingShield":65,"Replay:Rubber Ducky":40,"testmod-Brilliant":1183,"testmod-StringDisintegrator":991,"Matryoshka":1004,"AT_Kusabimaru":1036,"Toolbox":559,"Chemical X":0,"Replay:Bottled Eggs":248,"InkBottle":453,"Ring of the Snake":0,"Lee\u0027s Waffle":751,"vexMod:BerryBomb":343,"DemoMod:PartiallyEatenCheese":345,"testmod-CardMagician":440,"PreservedInsect":244,"DemoMod:PinkGuonStone":300,"The Courier":1024,"Geode":583,"Omamori":1032,"Frozen Egg 2":0,"testmod-ConstraintPeriapt":107,"MawBank":82,"AT_ImmortalShieldbow":923,"AT_BellowingDragoncrestRing":1088,"testmod-Hope":86,"Orrery":139,"Garlic":173,"Art of War":811,"Bottled Lightning":22,"testmod-BalancedPeriapt":1018,"AT_SunfireAegis":1183,"Toy Ornithopter":164,"DemoMod:BlueGuonStone":372,"Tiny House":71,"Calipers":751,"AT_MibuBalloonWealth":903,"Vajra":51,"testmod-IWantAll":0,"DemoMod:GlassGuonStoneRelic":22,"Raider\u0027s Mask":1004,"AT_ArchangelStaff":1127,"Replay:Frozen Program":751,"DollysMirror":703,"DemoMod:Metronome":927,"Strawberry":811,"Honey Jar":132,"Philosopher\u0027s Stone":297,"Iron Hammer":329,"Toxic Egg 2":285,"DemoMod:ClearGuonStone":463,"Happy Flower":190,"Astrolabe":566,"testmod-FatalChain":637,"Oddly Smooth Stone":222,"Charon\u0027s Ashes":56,"vexMod:PaidLearning":885,"Letter Opener":665,"War Paint":767,"Question Card":665,"testmod-SaigiyounoYou":687,"WarpedTongs":1003,"testmod-RealStoneCalender":91,"Replay:Baseball":65,"vexMod:Cooldron":703,"ReplayTheSpireMod:Shallot":1183,"Shuriken":282,"testmod-Acrobat":113,"Bronze Scales":624,"Hololive_TheStar":364,"Onion Ring":17,"Molten Egg 2":98,"ReplayTheSpireMod:TigerMarble":372,"Grinning Jar":308,"testmod-EnergyCheck":763,"Symbiotic Virus":774,"Mirror":1141,"Meat on the Bone":1073,"ReplayFunnel":248,"AT_SeraphEmbrace":1188,"Incense Burner":467,"DemoMod:WhiteGuonStone":602,"Replay:Mystery Machine":851,"Empty Cage":173,"PrismaticShard":439,"testmod-Charity":78,"ClockworkSouvenir":78,"Nunchaku":870,"testmod-Alchemist":364,"Pantograph":981,"Tiny Chest":985,"Cracked Core":440,"Gremlin Food":313,"DemoMod:Junk":451,"ReplayTheSpireMod:Ninjato":86,"vexMod:ConsolationPrize":282,"Guide Book":393,"Replay:WaspNest":151,"Orichalcum":1159,"testmod-IndustrialRevolution":434,"White Beast Statue":96,"Calling Bell":1141,"vexMod:Dragonfruit":1175,"testmod-Antiphasic":381,"Strange Spoon":1195,"Anchor":98,"Hololive_LightStick":559,"DataDisk":596,"vexMod:BarristanHead":109,"testmod-AssaultLearning":214,"Another Sword":0,"Bag of Marbles":125,"Membership Card":65,"TungstenRod":402,"FossilizedHelix":905}],"Cables":[4,3,1,0,0]},"card_choices":[{"not_picked":["Reprogram","Cold Snap"],"picked":"Consume","floor":1.0},{"not_picked":["AT_HeatAcrobatics","Rip and Tear"],"picked":"Barrage","floor":4.0},{"not_picked":["Rip and Tear","Auto Shields","Barrage"],"picked":"Singing Bowl","floor":5.0},{"not_picked":["BasicCrystalCard","Barrage"],"picked":"Hologram","floor":6.0},{"not_picked":["Stack","ReplayRNGCard"],"picked":"Defragment","floor":8.0},{"not_picked":["Doom and Gloom","Compile Driver"],"picked":"Self Repair","floor":10.0},{"not_picked":["Compile Driver","Go for the Eyes","ReplaySort"],"picked":"Singing Bowl","floor":13.0},{"not_picked":["Compile Driver","Barrage","Go for the Eyes"],"picked":"Singing Bowl","floor":14.0},{"not_picked":["Meteor Strike","ReplayRNGCard"],"picked":"Creative AI","floor":16.0},{"not_picked":["Blizzard","Steam Power"],"picked":"Defragment","floor":18.0},{"not_picked":["Reprogram","Scrape"],"picked":"Ball Lightning+1","floor":20.0},{"not_picked":["Self Repair","Creative AI"],"picked":"Conserve Battery","floor":23.0},{"not_picked":["Streamline+1","Undo+1","Sunder"],"picked":"Singing Bowl","floor":27.0},{"not_picked":["AT_WarpDrive","Redo"],"picked":"Chill","floor":28.0},{"not_picked":["Rebound","Panic Button"],"picked":"AT_RightCognition","floor":31},{"not_picked":["ReplayTheSpireMod:Omega Cannon","Machine Learning"],"picked":"Amplify","floor":33},{"not_picked":["animator:Curse_Dizziness","animator:Curse_Dizziness"],"picked":"Languid","floor":34},{"not_picked":["Injury","Voices"],"picked":"Replay:Sluggish","floor":34},{"not_picked":["Spreading Infection","Shame"],"picked":"Doubt","floor":34},{"not_picked":["Cold Snap+1","Panic Button"],"picked":"Heatsinks","floor":35},{"not_picked":["ReplaySolidLightProjector+1","Conserve Battery+1"],"picked":"Fission","floor":37},{"not_picked":["Conserve Battery+1","Stack"],"picked":"Turbo","floor":38},{"not_picked":["Steam Power+1","Cold Snap+1","AT_EMC2"],"picked":"Singing Bowl","floor":40},{"not_picked":["Rebound+1","Gash","Multi-Cast"],"picked":"Singing Bowl","floor":41},{"not_picked":["Rebound+1","Leap+1"],"picked":"Aggregate+1","floor":44},{"not_picked":["Steam","Lockon","Cold Snap+1"],"picked":"Singing Bowl","floor":44},{"not_picked":["ReplaySolidLightProjector","FTL"],"picked":"Static Discharge","floor":44},{"not_picked":["Panic Button+1","Steam+1","AT_StudyProgram"],"picked":"Singing Bowl","floor":45},{"not_picked":["Stack+1","Creative AI","Go for the Eyes"],"picked":"Singing Bowl","floor":46},{"not_picked":["Compile Driver+1","Streamline+1","ReplaySort+1"],"picked":"Singing Bowl","floor":47}],"player_experience":444240,"relics_obtained":[{"floor":6.0,"key":"Regal Pillow"},{"floor":8.0,"key":"Bag of Preparation"},{"floor":17.0,"key":"Omamori"},{"floor":17.0,"key":"Mirror"},{"floor":17.0,"key":"testmod-EqualTreatment"},{"floor":23.0,"key":"Strawberry"},{"floor":26.0,"key":"Orichalcum"},{"floor":31,"key":"vexMod:Dragonfruit"},{"floor":45,"key":"Anchor"},{"floor":47,"key":"Ancient Tea Set"}],"event_choices":[{"damage_healed":0.0,"max_hp_gain":0.0,"max_hp_loss":0.0,"gold_gain":0.0,"event_name":"Scrap Ooze","player_choice":"Success","floor":3.0,"gold_loss":0.0,"damage_taken":12.0,"relics_obtained":["DemoMod:PoisonVial"]},{"damage_healed":0.0,"max_hp_gain":0.0,"max_hp_loss":0.0,"gold_gain":0.0,"cards_transformed":["Strike_B","Strike_B"],"event_name":"Drug Dealer","player_choice":"Became Test Subject","floor":19.0,"gold_loss":0.0,"damage_taken":0.0,"cards_obtained":["Core Surge","All For One"]},{"cards_removed":["Meteor Strike"],"damage_healed":0.0,"max_hp_gain":0.0,"max_hp_loss":0.0,"gold_gain":0.0,"event_name":"Back to Basics","player_choice":"Elegance","floor":21.0,"gold_loss":0.0,"damage_taken":0.0},{"damage_healed":0.0,"max_hp_gain":0.0,"max_hp_loss":0.0,"gold_gain":99.0,"event_name":"Nest","player_choice":"Stole From Cult","floor":22.0,"gold_loss":0.0,"damage_taken":0.0},{"damage_healed":0.0,"max_hp_gain":0.0,"max_hp_loss":0.0,"gold_gain":0.0,"event_name":"The Library","player_choice":"Read","floor":24.0,"gold_loss":0.0,"damage_taken":0.0,"cards_obtained":["Aggregate"]},{"damage_healed":0,"gold_gain":0,"player_choice":"Swap Relic","damage_taken":0,"relics_obtained":["Empty Cage"],"max_hp_gain":0,"max_hp_loss":0,"event_name":"给自己的盒子","floor":36,"relics_lost":["Empty Cage"],"gold_loss":0},{"damage_healed":0,"gold_gain":400,"player_choice":"Sell","damage_taken":0,"max_hp_gain":0,"max_hp_loss":0,"event_name":"恩洛斯的盘子","floor":48,"relics_lost":["testmod-TestBox"],"gold_loss":0}],"is_beta":false,"boss_relics":[{"not_picked":["Abe\u0027s Treasure","ChewingGum"],"picked":"Calling Bell"},{"not_picked":["vexMod:BigBerry","Pandora\u0027s Box"],"picked":"Replay:Ancient Bell"},{"not_picked":["War Paint","testmod-OneHitWonder"],"picked":"AT_SunfireAegis"},{"not_picked":["AT_DeathDance","AT_ImmortalShieldbow"],"picked":"ReplayTheSpireMod:Shallot"},{"not_picked":["Mango","AT_RabadonDeathcap"],"picked":"testmod-Brilliant"}],"items_purged_floors":[0,11,25,29,39,42,49],"is_endless":false,"potions_floor_spawned":[1,4,5,6,8,10,13,14,16,18,20,23,25,28,31,33,35,37,38,40,41,45,46,47],"ascension_level":6}}