{"host":"5yoj846f700ld8qy","time":1610836597,"event":{"mods":["AchievementEnabler","Aspiration","BaseMod","Better Altar","Better Match","Better Note","Better Sensory Stone","Better Skull","Better Third Choice","Colored Map","Colored Powertips","Minty Spire (QoL Compilation)","StSLib"],"gold_per_floor":[114,125,125,1,17,17,17,43,43,43,43,61,61,73,73,170,170,159,159,170,11,28,28,28,48,48,60,60,20,20,47,47,146,146,186,36,55,55,69,69,69,69,143,143,162,262,278,278,278],"floor_reached":48,"language":"ENG","playtime":2263,"items_purged":[],"score":475,"play_id":"b7343417-4296-42d5-9088-6a7e45e7191c","local_time":"20210117003637","is_ascension_mode":false,"campfire_choices":[{"data":"ClearTheMind","floor":7.0,"key":"SMITH"},{"data":"Eruption","floor":11.0,"key":"SMITH"},{"data":"MentalFortress","floor":13.0,"key":"SMITH"},{"data":"MasterReality","floor":15.0,"key":"SMITH"},{"data":"Wish","floor":23,"key":"SMITH"},{"data":"Establishment","floor":30,"key":"SMITH"},{"data":"WindmillStrike","floor":32,"key":"SMITH"},{"data":"LikeWater","floor":40,"key":"SMITH"},{"data":"LikeWater","floor":42,"key":"SMITH"},{"data":"WindmillStrike","floor":44,"key":"SMITH"}],"circlet_count":0,"master_deck":["Strike_P","Strike_P","Strike_P","Strike_P","Defend_P","Defend_P","Defend_P","Defend_P","Eruption+1","Vigilance","SashWhip","DeceiveReality","MentalFortress+1","ClearTheMind+1","Consecrate","MasterReality+1","FlurryOfBlows","LikeWater+1","Wish+1","WindmillStrike+1","LikeWater+1","Establishment+1","Flash of Steel","Vengeance+1","WindmillStrike+1","Devotion"],"relics":["PureWater","NeowsBlessing","Omamori","Torii","Singing Bowl","Coffee Dripper","Mercury Hourglass","Shuriken","Du-Vu Doll","Busted Crown","Damaru","Mummified Hand"],"acts_visited":["Exordium","TheCity","TheBeyond"],"potions_floor_usage":[16,16,25,25,33],"damage_taken":[{"damage":0.0,"enemies":"Cultist","floor":1.0,"turns":1.0},{"damage":0.0,"enemies":"2 Louse","floor":2.0,"turns":1.0},{"damage":0.0,"enemies":"Jaw Worm","floor":5.0,"turns":1.0},{"damage":27.0,"enemies":"3 Sentries","floor":8.0,"turns":9.0},{"damage":2.0,"enemies":"Blue Slaver","floor":12.0,"turns":4.0},{"damage":0.0,"enemies":"Large Slime","floor":14.0,"turns":4.0},{"damage":12,"enemies":"Slime Boss","floor":16,"turns":12},{"damage":9,"enemies":"2 Thieves","floor":18,"turns":4},{"damage":0,"enemies":"3 Byrds","floor":20,"turns":6},{"damage":14,"enemies":"Cultist and Chosen","floor":22,"turns":9},{"damage":1,"enemies":"Snake Plant","floor":25,"turns":4},{"damage":17,"enemies":"Chosen and Byrds","floor":27,"turns":7},{"damage":37,"enemies":"Slavers","floor":31,"turns":6},{"damage":21,"enemies":"Champ","floor":33,"turns":9},{"damage":10,"enemies":"3 Shapes","floor":35,"turns":7},{"damage":13,"enemies":"3 Darklings","floor":37,"turns":6},{"damage":62,"enemies":"Writhing Mass","floor":39,"turns":7},{"damage":8,"enemies":"Spire Growth","floor":45,"turns":5},{"damage":0,"enemies":"Maw","floor":47,"turns":7},{"damage":24,"enemies":"Jaw Worm Horde","floor":48,"turns":2}],"seed_played":"6862978690647320266","potions_obtained":[{"floor":5.0,"key":"Fire Potion"},{"floor":14.0,"key":"Ancient Potion"},{"floor":16,"key":"SpeedPotion"},{"floor":22,"key":"DistilledChaos"},{"floor":25,"key":"FairyPotion"},{"floor":31,"key":"BlessingOfTheForge"},{"floor":39,"key":"FearPotion"},{"floor":47,"key":"Strength Potion"}],"is_trial":false,"path_per_floor":["M","M","T","$","M","$","R","E","T","?","R","M","R","M","R","B",null,"M","?","M","$","M","R","?","M","T","M","T","$","R","E","R","B",null,"M","$","M","?","M","R","?","R","T","R","M","?","M","M"],"character_chosen":"WATCHER","items_purchased":["MentalFortress","ClearTheMind","Establishment","WindmillStrike","Damaru"],"campfire_rested":0,"item_purchase_floors":[4,4,21,29,36],"current_hp_per_floor":[72,72,72,72,72,72,72,45,45,69,69,67,67,67,67,55,72,63,63,63,63,51,51,53,54,54,37,37,37,37,25,25,4,80,72,72,61,82,22,22,22,22,22,22,16,16,18,0,0],"gold":278,"neow_bonus":"THREE_ENEMY_KILL","is_daily":false,"chose_seed":false,"campfire_upgraded":10,"win_rate":0.0,"timestamp":1610836597,"path_taken":["M","M","?","$","?","?","R","E","T","?","R","M","R","M","R","BOSS","M","?","M","$","M","R","?","M","T","M","?","?","R","E","R","BOSS","M","$","M","?","M","R","?","R","T","R","M","?","M","?"],"items_purchased_type":["Card","Card","Card","Card","Relic"],"build_version":"2020-12-22","purchased_purges":0,"victory":false,"max_hp_per_floor":[72,72,72,72,72,72,72,72,72,72,72,72,72,72,72,72,72,72,72,72,72,74,74,76,78,78,78,78,78,78,80,80,80,80,82,82,84,84,86,86,86,86,86,86,88,88,90,90,90],"card_choices":[{"not_picked":["BowlingBash","WaveOfTheHand"],"picked":"SashWhip","floor":1.0},{"not_picked":["SignatureMove","BowlingBash"],"picked":"DeceiveReality","floor":2.0},{"not_picked":["Protect","CarveReality"],"picked":"Consecrate","floor":5.0},{"not_picked":["CrushJoints","BowlingBash"],"picked":"MasterReality","floor":8.0},{"not_picked":["Consecrate","Collect"],"picked":"FlurryOfBlows","floor":12.0},{"not_picked":["Vault","Prostrate"],"picked":"LikeWater","floor":14.0},{"not_picked":["Ragnarok","Judgement"],"picked":"Wish","floor":16},{"not_picked":["CrushJoints","EmptyFist"],"picked":"WindmillStrike","floor":18},{"not_picked":["SandsOfTime","DeceiveReality+1"],"picked":"LikeWater","floor":20},{"not_picked":["ThirdEye","SashWhip+1","Consecrate"],"picked":"Singing Bowl","floor":22},{"not_picked":["The Bomb","PanicButton"],"picked":"Flash of Steel","floor":24},{"not_picked":["PanicButton","Blind","Forethought"],"picked":"Singing Bowl","floor":24},{"not_picked":["ClearTheMind","SashWhip+1","Swivel+1"],"picked":"Singing Bowl","floor":25},{"not_picked":["Consecrate","WaveOfTheHand"],"picked":"Vengeance+1","floor":27},{"not_picked":["Meditate+1","Wireheading","Evaluate"],"picked":"Singing Bowl","floor":31},{"not_picked":["Judgement","Brilliance"],"picked":"Devotion","floor":33},{"not_picked":["MentalFortress+1"],"picked":"Singing Bowl","floor":35},{"not_picked":["BowlingBash+1"],"picked":"Singing Bowl","floor":37},{"not_picked":["EmptyBody"],"picked":"Singing Bowl","floor":39},{"not_picked":["JustLucky+1"],"picked":"Singing Bowl","floor":45},{"not_picked":["SashWhip"],"picked":"Singing Bowl","floor":47}],"player_experience":402914,"relics_obtained":[{"floor":3.0,"key":"Omamori"},{"floor":8.0,"key":"Torii"},{"floor":9.0,"key":"Singing Bowl"},{"floor":26,"key":"Mercury Hourglass"},{"floor":28,"key":"Shuriken"},{"floor":31,"key":"Du-Vu Doll"},{"floor":43,"key":"Mummified Hand"}],"event_choices":[{"damage_healed":24.0,"max_hp_gain":0.0,"max_hp_loss":0.0,"gold_gain":0.0,"event_name":"Big Fish","player_choice":"Banana","floor":10.0,"gold_loss":0.0,"damage_taken":0.0},{"cards_removed":["MentalFortress"],"damage_healed":0,"gold_gain":0,"player_choice":"Give","damage_taken":0,"max_hp_gain":0,"max_hp_loss":0,"event_name":"betterNote:BetterNote","floor":19,"gold_loss":0,"cards_obtained":["None"]},{"damage_healed":0,"gold_gain":2,"player_choice":"1","damage_taken":0,"max_hp_gain":0,"max_hp_loss":0,"event_name":"betterStone:BetterStone","floor":24,"gold_loss":0},{"damage_healed":21,"gold_gain":0,"player_choice":"Writhe","damage_taken":0,"max_hp_gain":0,"max_hp_loss":0,"event_name":"Winding Halls","floor":38,"gold_loss":0,"cards_obtained":["Writhe"]},{"damage_healed":0,"gold_gain":0,"player_choice":"Ignored","damage_taken":0,"max_hp_gain":0,"max_hp_loss":0,"event_name":"Mysterious Sphere","floor":41,"gold_loss":0},{"damage_healed":0,"gold_gain":100,"player_choice":"Pray","damage_taken":0,"max_hp_gain":0,"max_hp_loss":0,"event_name":"Golden Shrine","floor":46,"gold_loss":0}],"is_beta":false,"boss_relics":[{"not_picked":["Velvet Choker","Runic Pyramid"],"picked":"Coffee Dripper"},{"not_picked":["VioletLotus","Sozu"],"picked":"Busted Crown"}],"items_purged_floors":[],"is_endless":false,"potions_floor_spawned":[5,14,16,22,25,31,39,47],"killed_by":"Jaw Worm Horde","ascension_level":0}}