{"host":"7sni158j623xchr2","time":1610777739,"event":{"mods":["BaseMod","Colored Map","Highlight Path","Minty Spire (QoL Compilation)","Permanent Neow","Potion Indicator Mod","Rare Cards Sparkle","Relic Sorter","Relic Stats","StSLib","everything is the same but u backflip on backflip"],"gold_per_floor":[18,18,18,93,93,129,40,40,119,138,162,200,200,165,165,285,285,308,11,11,11,30,30,48,82,133,133,173,191,234,253,253,377,377,402,416,416,416,440,440,453,484,555,354,354,398,197,218,218,218,218,218,27,70,70],"floor_reached":56,"language":"ENG","playtime":1860,"items_purged":["Strike_G","Strike_G","Normality","Strike_G"],"score":1397,"play_id":"893a15a5-8310-4e44-b01c-ba72c1b78e02","local_time":"20210116001539","is_ascension_mode":true,"campfire_choices":[{"data":"Blade Dance","floor":8,"key":"SMITH"},{"data":"Deadly Poison","floor":15,"key":"SMITH"},{"floor":23,"key":"RECALL"},{"floor":27,"key":"REST"},{"floor":32,"key":"REST"},{"floor":40,"key":"REST"},{"floor":49,"key":"REST"},{"floor":52,"key":"REST"}],"circlet_count":0,"master_deck":["Strike_G","Strike_G","Defend_G","Defend_G","Defend_G","Defend_G","Survivor","Mayhem+1","Blade Dance+1","Deadly Poison+1","Finisher","Venomology+1","PiercingWail+1","Acrobatics+1","Catalyst+1","Catalyst+1","Crippling Poison+1","Backflip+1","Leg Sweep+1","Well Laid Plans","Blade Dance+1","Burst+1","Terror+1","Defend_G+1","Blur+1","PiercingWail+1","Well Laid Plans","Master of Strategy+1","Acrobatics+1"],"relics":["Ring of the Snake","Golden Idol","Smiling Mask","Toxic Egg 2","Happy Flower","Fusion Hammer","TwistedFunnel","Darkstone Periapt","Bronze Scales","Dead Branch","Oddly Smooth Stone","Cursed Key","Orichalcum","Ancient Tea Set","Centennial Puzzle","Medical Kit","Bottled Flame"],"acts_visited":["Exordium","TheCity","TheBeyond","TheEnding"],"potions_floor_usage":[12,16,18,22,25,25,29,30,31,33,41,41,46,50,50,54,54,55,55,55,55],"damage_taken":[{"damage":6,"enemies":"Jaw Worm","floor":1,"turns":6},{"damage":21,"enemies":"Gremlin Nob","floor":6,"turns":5},{"damage":0,"enemies":"Small Slimes","floor":10,"turns":4},{"damage":0,"enemies":"2 Louse","floor":11,"turns":3},{"damage":9,"enemies":"3 Sentries","floor":12,"turns":7},{"damage":12,"enemies":"Hexaghost","floor":16,"turns":7},{"damage":2,"enemies":"2 Thieves","floor":18,"turns":3},{"damage":0,"enemies":"3 Byrds","floor":22,"turns":4},{"damage":0,"enemies":"Shelled Parasite and Fungi","floor":24,"turns":3},{"damage":0,"enemies":"Slavers","floor":25,"turns":4},{"damage":8,"enemies":"Book of Stabbing","floor":28,"turns":3},{"damage":3,"enemies":"Centurion and Healer","floor":29,"turns":2},{"damage":0,"enemies":"Gremlin Leader","floor":30,"turns":2},{"damage":0,"enemies":"Snake Plant","floor":31,"turns":2},{"damage":15,"enemies":"Collector","floor":33,"turns":3},{"damage":0,"enemies":"3 Shapes","floor":35,"turns":4},{"damage":0,"enemies":"Orb Walker","floor":36,"turns":3},{"damage":12,"enemies":"Spire Growth","floor":39,"turns":3},{"damage":20,"enemies":"Maw","floor":41,"turns":3},{"damage":6,"enemies":"Nemesis","floor":42,"turns":3},{"damage":4,"enemies":"Reptomancer","floor":46,"turns":3},{"damage":0,"enemies":"Sphere and 2 Shapes","floor":48,"turns":3},{"damage":13,"enemies":"Awakened One","floor":50,"turns":13},{"damage":13,"enemies":"Shield and Spear","floor":54,"turns":6},{"damage":21,"enemies":"The Heart","floor":55,"turns":8}],"seed_played":"2468743937769505212","potions_obtained":[{"floor":10,"key":"Fire Potion"},{"floor":11,"key":"FearPotion"},{"floor":18,"key":"Dexterity Potion"},{"floor":28,"key":"LiquidMemories"},{"floor":41,"key":"Weak Potion"},{"floor":46,"key":"BlessingOfTheForge"},{"floor":54,"key":"Dexterity Potion"}],"is_trial":false,"path_per_floor":["M","?","$","?","?","E","$","R","T","M","M","E","?","?","R","B",null,"M","$","?","?","M","R","M","E","T","R","E","M","E","M","R","B",null,"M","M","?","?","M","R","M","E","T","$","?","E","$","M","R","B",null,"R","$","E","B",null],"character_chosen":"THE_SILENT","items_purchased":["Finisher","TwistedFunnel","Acrobatics+1","LiquidMemories","Ancient Tea Set","Medical Kit","Master of Strategy+1"],"campfire_rested":5,"item_purchase_floors":[7,19,19,19,44,47,53],"current_hp_per_floor":[64,47,47,36,36,15,15,15,15,15,15,6,6,23,23,11,70,68,68,68,68,68,68,68,68,68,70,62,59,59,59,70,55,70,70,70,70,70,58,70,50,44,50,50,50,46,46,46,68,55,76,76,76,63,42],"gold":70,"neow_bonus":"RANDOM_COLORLESS_2","is_daily":false,"chose_seed":false,"campfire_upgraded":2,"win_rate":0.0,"timestamp":1610777739,"path_taken":["M","?","$","?","?","E","$","R","T","M","?","E","?","?","R","BOSS","M","$","?","?","?","R","M","E","T","R","E","M","E","M","R","BOSS","M","M","?","?","M","R","?","E","T","$","?","E","$","M","R","BOSS","R","$","E","BOSS"],"items_purchased_type":["Card","Relic","Card","Potion","Relic","Relic","Card"],"build_version":"2020-12-22","purchased_purges":4,"victory":true,"max_hp_per_floor":[70,70,70,70,70,70,70,70,70,70,70,70,70,70,70,70,70,70,70,70,70,70,70,70,70,70,70,70,70,70,70,70,70,70,70,70,70,70,70,70,70,70,76,76,76,76,76,76,76,76,76,76,76,76,76],"relic_stats":{"Darkstone Periapt":6,"Happy Flower":[27],"counters":[25,107],"Golden Idol":211,"Dead Branch":[164],"Orichalcum":[42],"Smiling Mask":250,"Cursed Key":1,"Medical Kit":[4],"Centennial Puzzle":[9],"Bronze Scales":[223],"obtain_stats":[{"TwistedFunnel":19,"Darkstone Periapt":25,"Happy Flower":12,"Golden Idol":2,"Dead Branch":28,"Oddly Smooth Stone":30,"Orichalcum":42,"Smiling Mask":6,"Cursed Key":34,"Ancient Tea Set":44,"Medical Kit":47,"Centennial Puzzle":46,"Bottled Flame":54,"Bronze Scales":26,"Fusion Hammer":17,"Toxic Egg 2":9,"Ring of the Snake":0},{"TwistedFunnel":7,"Darkstone Periapt":10,"Happy Flower":5,"Golden Idol":1,"Dead Branch":11,"Oddly Smooth Stone":13,"Orichalcum":20,"Smiling Mask":2,"Cursed Key":15,"Ancient Tea Set":20,"Medical Kit":21,"Centennial Puzzle":21,"Bottled Flame":24,"Bronze Scales":10,"Fusion Hammer":6,"Toxic Egg 2":2,"Ring of the Snake":0},{"TwistedFunnel":35,"Darkstone Periapt":46,"Happy Flower":25,"Golden Idol":6,"Dead Branch":49,"Oddly Smooth Stone":53,"Orichalcum":74,"Smiling Mask":11,"Cursed Key":58,"Ancient Tea Set":74,"Medical Kit":77,"Centennial Puzzle":77,"Bottled Flame":99,"Bronze Scales":46,"Fusion Hammer":32,"Toxic Egg 2":11,"Ring of the Snake":0}],"Ring of the Snake":[50]},"card_choices":[{"not_picked":["Violence","Magnetism"],"picked":"Mayhem","floor":0},{"not_picked":["Setup","Reflex"],"picked":"Blade Dance","floor":1},{"not_picked":["Underhanded Strike","Riddle With Holes"],"picked":"Deadly Poison","floor":6},{"not_picked":["Sucker Punch","Concentrate+1","Tactician+1"],"picked":"SKIP","floor":10},{"not_picked":["Poisoned Stab","Accuracy","Dagger Throw"],"picked":"SKIP","floor":11},{"not_picked":["Poisoned Stab","Deadly Poison+1","Predator"],"picked":"SKIP","floor":12},{"not_picked":["Storm of Steel+1","Bullet Time+1"],"picked":"Venomology+1","floor":16},{"not_picked":["Bane+1","Prepared+1"],"picked":"PiercingWail+1","floor":18},{"not_picked":["Blade Dance+1","Concentrate+1"],"picked":"Crippling Poison+1","floor":22},{"not_picked":["Cloak And Dagger+1","Bouncing Flask+1"],"picked":"Backflip+1","floor":24},{"not_picked":["Tactician+1","Outmaneuver+1"],"picked":"Leg Sweep+1","floor":25},{"not_picked":["Quick Slash","Bane+1"],"picked":"Well Laid Plans","floor":28},{"not_picked":["Bouncing Flask+1","Reflex+1"],"picked":"Blade Dance+1","floor":29},{"not_picked":["Reflex+1","Expertise+1"],"picked":"Burst+1","floor":30},{"not_picked":["Sucker Punch","Underhanded Strike","Poisoned Stab"],"picked":"SKIP","floor":31},{"not_picked":["Blade Dance+1","Reflex+1"],"picked":"Terror+1","floor":35},{"not_picked":["Reflex+1","Bane","Prepared+1"],"picked":"SKIP","floor":36},{"not_picked":["Sucker Punch+1","Poisoned Stab","Reflex+1"],"picked":"SKIP","floor":39},{"not_picked":["Dagger Spray+1","Bane"],"picked":"Blur+1","floor":41},{"not_picked":["Dagger Spray+1","Distraction+1"],"picked":"PiercingWail+1","floor":42},{"not_picked":["All Out Attack","Poisoned Stab+1","Choke+1"],"picked":"SKIP","floor":46},{"not_picked":["Outmaneuver+1","Blade Dance+1"],"picked":"Well Laid Plans","floor":48},{"not_picked":["Escape Plan+1","Predator"],"picked":"Acrobatics+1","floor":54}],"player_experience":1625184,"relics_obtained":[{"floor":6,"key":"Smiling Mask"},{"floor":9,"key":"Toxic Egg 2"},{"floor":12,"key":"Happy Flower"},{"floor":25,"key":"Darkstone Periapt"},{"floor":26,"key":"Bronze Scales"},{"floor":28,"key":"Dead Branch"},{"floor":30,"key":"Oddly Smooth Stone"},{"floor":42,"key":"Orichalcum"},{"floor":46,"key":"Centennial Puzzle"},{"floor":54,"key":"Bottled Flame"}],"event_choices":[{"damage_healed":0,"gold_gain":0,"player_choice":"Take Damage","damage_taken":17,"relics_obtained":["Golden Idol"],"max_hp_gain":0,"max_hp_loss":0,"event_name":"Golden Idol","floor":2,"gold_loss":0},{"damage_healed":0,"gold_gain":75,"player_choice":"Gather Gold","damage_taken":11,"max_hp_gain":0,"max_hp_loss":0,"event_name":"World of Goop","floor":4,"gold_loss":0},{"damage_healed":0,"gold_gain":0,"player_choice":"Upgraded","damage_taken":0,"max_hp_gain":0,"max_hp_loss":0,"event_name":"Upgrade Shrine","floor":5,"gold_loss":0,"cards_upgraded":["Mayhem"]},{"damage_healed":0,"gold_gain":0,"player_choice":"Ignored","damage_taken":0,"max_hp_gain":0,"max_hp_loss":0,"event_name":"Shining Light","floor":13,"gold_loss":0},{"damage_healed":17,"gold_gain":0,"player_choice":"Healed","damage_taken":0,"max_hp_gain":0,"max_hp_loss":0,"event_name":"The Cleric","floor":14,"gold_loss":35},{"damage_healed":0,"gold_gain":0,"player_choice":"Read","damage_taken":0,"max_hp_gain":0,"max_hp_loss":0,"event_name":"The Library","floor":20,"gold_loss":0,"cards_obtained":["Catalyst"]},{"damage_healed":0,"gold_gain":0,"player_choice":"Copied","damage_taken":0,"max_hp_gain":0,"max_hp_loss":0,"event_name":"Duplicator","floor":21,"gold_loss":0,"cards_obtained":["Catalyst"]},{"cards_removed":["Neutralize"],"damage_healed":0,"gold_gain":0,"player_choice":"Removed Attack","damage_taken":0,"max_hp_gain":0,"max_hp_loss":0,"event_name":"Falling","floor":37,"gold_loss":0},{"cards_removed":["Defend_G"],"damage_healed":0,"gold_gain":0,"player_choice":"Took Card","damage_taken":0,"max_hp_gain":0,"max_hp_loss":0,"event_name":"NoteForYourself","floor":38,"gold_loss":0,"cards_obtained":["Defend_G"]},{"damage_healed":0,"gold_gain":0,"player_choice":"Ignored","damage_taken":0,"max_hp_gain":0,"max_hp_loss":0,"event_name":"Tomb of Lord Red Mask","floor":45,"gold_loss":0}],"is_beta":false,"boss_relics":[{"not_picked":["Ring of the Serpent","SacredBark"],"picked":"Fusion Hammer"},{"not_picked":["Busted Crown","Runic Dome"],"picked":"Cursed Key"}],"items_purged_floors":[7,19,44,47],"is_endless":false,"potions_floor_spawned":[10,11,18,28,31,33,39,41,46,54],"ascension_level":1}}