{"host":"utqe55yv0jihe4d6","time":1610836025,"event":{"mods":["2.2 Compatiblity","AchievementEnabler","BaseMod","Block Reminder","Colored Map","Colored Powertips","Minty Spire (QoL Compilation)","Quick Restart","Rare Cards Sparkle","Relic Stats","SuperFastMode"],"gold_per_floor":[110,35,55,74,0,0,17,51,77,95,110,137,137,137,137,137,137],"floor_reached":16,"language":"ENG","playtime":480,"items_purged":["Writhe"],"score":224,"play_id":"ace94b53-54a9-43a2-ab6e-07f3b29af16e","local_time":"20210116172705","is_ascension_mode":true,"campfire_choices":[{"data":"Uppercut","floor":6.0,"key":"SMITH"},{"floor":13,"key":"REST"},{"data":"Inflame","floor":15,"key":"SMITH"}],"circlet_count":0,"master_deck":["AscendersBane","Strike_R+1","Strike_R","Strike_R","Strike_R","Defend_R","Defend_R","Defend_R","Bash+1","Warcry","Corruption","Uppercut+1","Clothesline","Pommel Strike","Shockwave","Barricade","Dark Embrace","Inflame+1"],"relics":["Burning Blood","Tiny Chest","MealTicket","Whetstone","Nunchaku"],"acts_visited":["Exordium"],"potions_floor_usage":[12,16],"damage_taken":[{"damage":7.0,"enemies":"Small Slimes","floor":1.0,"turns":4.0},{"damage":4.0,"enemies":"Cultist","floor":3.0,"turns":4.0},{"damage":0.0,"enemies":"2 Louse","floor":4.0,"turns":2.0},{"damage":27.0,"enemies":"Exordium Thugs","floor":7.0,"turns":5.0},{"damage":42.0,"enemies":"3 Sentries","floor":8.0,"turns":8.0},{"damage":3.0,"enemies":"2 Fungi Beasts","floor":10.0,"turns":4.0},{"damage":6.0,"enemies":"Looter","floor":11.0,"turns":3.0},{"damage":8,"enemies":"Gremlin Nob","floor":12,"turns":3},{"damage":43,"enemies":"Slime Boss","floor":16,"turns":8}],"seed_played":"6312597587157014072","potions_obtained":[{"floor":4.0,"key":"CultistPotion"},{"floor":8.0,"key":"Explosive Potion"},{"floor":10.0,"key":"Explosive Potion"},{"floor":11.0,"key":"Swift Potion"},{"floor":14,"key":"FearPotion"}],"is_trial":false,"path_per_floor":["M","$","M","M","?","R","M","E","T","M","M","E","R","?","R","B"],"character_chosen":"IRONCLAD","items_purchased":[],"campfire_rested":1,"item_purchase_floors":[],"current_hp_per_floor":[67,67,69,75,75,75,54,18,18,21,21,19,41,41,41,0,0],"gold":137,"neow_bonus":"TRANSFORM_TWO_CARDS","is_daily":false,"chose_seed":false,"campfire_upgraded":2,"win_rate":0.0,"timestamp":1610836025,"path_taken":["M","$","M","M","?","R","?","E","T","M","M","E","R","?","R","BOSS"],"items_purchased_type":[],"build_version":"2020-12-22","purchased_purges":1,"victory":false,"max_hp_per_floor":[75,75,75,75,75,75,75,75,75,75,75,75,75,75,75,75,75],"relic_stats":{"Nunchaku":[0],"counters":[9,41],"Tiny Chest":0,"MealTicket":0,"Whetstone":["Strike_R","Bash"],"obtain_stats":[{"Nunchaku":12,"Tiny Chest":5,"MealTicket":8,"Whetstone":9,"Burning Blood":0},{"Nunchaku":8,"Tiny Chest":3,"MealTicket":5,"Whetstone":5,"Burning Blood":0},{"Nunchaku":33,"Tiny Chest":10,"MealTicket":23,"Whetstone":23,"Burning Blood":0}],"Burning Blood":48},"card_choices":[{"not_picked":["Hemokinesis","Cleave"],"picked":"Uppercut","floor":1.0},{"not_picked":["Rage","Perfected Strike"],"picked":"Clothesline","floor":3.0},{"not_picked":["Ghostly Armor","Body Slam"],"picked":"Pommel Strike","floor":4.0},{"not_picked":["Iron Wave","Thunderclap"],"picked":"Shockwave","floor":7.0},{"not_picked":["Flex","True Grit"],"picked":"Barricade","floor":8.0},{"not_picked":["Warcry","Flex","Pummel"],"picked":"SKIP","floor":10.0},{"not_picked":["Infernal Blade","Second Wind"],"picked":"Dark Embrace","floor":11.0},{"not_picked":["Anger","Sever Soul"],"picked":"Inflame","floor":12}],"player_experience":2953877,"relics_obtained":[{"floor":8.0,"key":"MealTicket"},{"floor":9.0,"key":"Whetstone"},{"floor":12,"key":"Nunchaku"}],"event_choices":[{"damage_healed":0.0,"max_hp_gain":0.0,"max_hp_loss":0.0,"gold_gain":0.0,"event_name":"WeMeetAgain","player_choice":"Paid Gold","floor":5.0,"gold_loss":74.0,"damage_taken":0.0,"relics_obtained":["Tiny Chest"]},{"damage_healed":0,"gold_gain":0,"player_choice":"Got Potions","damage_taken":0,"max_hp_gain":0,"max_hp_loss":0,"event_name":"Lab","floor":14,"gold_loss":0}],"is_beta":false,"boss_relics":[],"items_purged_floors":[2],"is_endless":false,"potions_floor_spawned":[4,8,10,11],"killed_by":"Slime Boss","ascension_level":20}}