{"host":"7tqog9fnhs0gxmti","time":1610771068,"event":{"mods":["AchievementEnabler","Act Like it!","BaseMod","Colored Map","Colored Powertips","Hermit","Highlight Path","Minty Spire (QoL Compilation)","StSLib","The Senshi","everything is the same but u backflip on backflip"],"gold_per_floor":[118,193,203,217,229,229,285,285,333,361,361,377,389,409,409,508,508,520,619,632,253,268,293,293,293,293],"floor_reached":25,"language":"ENG","playtime":1148,"items_purged":["hermit:Strike_Hermit"],"score":225,"play_id":"1b81828e-9e39-4c81-b344-a9baf848e4a8","local_time":"20210116122428","is_ascension_mode":false,"campfire_choices":[{"data":"hermit:GoldenBullet","floor":6,"key":"SMITH"},{"data":"hermit:Glare","floor":8,"key":"SMITH"},{"floor":15,"key":"REST"}],"circlet_count":0,"master_deck":["hermit:Strike_Hermit","hermit:Strike_Hermit","hermit:Strike_Hermit","hermit:Defend_Hermit","hermit:Defend_Hermit","hermit:Defend_Hermit","hermit:Defend_Hermit","hermit:Snapshot","hermit:Covet","hermit:DeadMansHand","hermit:WideOpen","hermit:GoldenBullet+1","hermit:Misfire","hermit:Glare+1","hermit:Brawl","hermit:Quickdraw","hermit:Combo","hermit:FromBeyond","hermit:RoundhouseKick","hermit:Determination+1","hermit:ShadowCloak","hermit:Desperado","hermit:Headshot+1"],"relics":["hermit:Momento","NeowsBlessing","theSenshi:SailorFukuRelic","Bag of Marbles","Nunchaku","Cursed Key","TungstenRod","Blood Vial"],"acts_visited":["Exordium","TheCity"],"potions_floor_usage":[7,7,16,16,16],"damage_taken":[{"damage":0,"enemies":"Small Slimes","floor":1,"turns":1},{"damage":0,"enemies":"Cultist","floor":3,"turns":1},{"damage":0,"enemies":"2 Louse","floor":4,"turns":1},{"damage":15,"enemies":"Looter","floor":5,"turns":3},{"damage":17,"enemies":"Gremlin Nob","floor":7,"turns":4},{"damage":24,"enemies":"3 Sentries","floor":10,"turns":6},{"damage":22,"enemies":"Exordium Wildlife","floor":12,"turns":4},{"damage":4,"enemies":"2 Fungi Beasts","floor":13,"turns":2},{"damage":4,"enemies":"3 Louse","floor":14,"turns":2},{"damage":27,"enemies":"Hexaghost","floor":16,"turns":9},{"damage":14,"enemies":"Spheric Guardian","floor":18,"turns":4},{"damage":34,"enemies":"Shell Parasite","floor":20,"turns":6},{"damage":9,"enemies":"Snecko","floor":22,"turns":4},{"damage":17,"enemies":"Gremlin Leader","floor":23,"turns":6},{"damage":6,"enemies":"Shelled Parasite and Fungi","floor":25,"turns":1}],"seed_played":"-5528111610173561716","potions_obtained":[{"floor":3,"key":"SteroidPotion"},{"floor":5,"key":"SpeedPotion"},{"floor":7,"key":"Energy Potion"},{"floor":13,"key":"SteroidPotion"},{"floor":14,"key":"hermit:Eclipse"},{"floor":16,"key":"GamblersBrew"}],"is_trial":false,"path_per_floor":["M","?","M","M","M","R","?","R","T","E","?","M","M","M","R","B",null,"M","?","M","$","M","E","?","M"],"character_chosen":"HERMIT","items_purchased":["TungstenRod"],"campfire_rested":1,"item_purchase_floors":[21],"current_hp_per_floor":[75,68,68,68,53,53,36,36,36,12,37,15,11,7,29,2,75,61,61,27,27,18,1,1,0,0],"gold":293,"neow_bonus":"THREE_ENEMY_KILL","is_daily":false,"chose_seed":false,"campfire_upgraded":2,"win_rate":0.0,"timestamp":1610771068,"path_taken":["M","?","?","M","?","R","?","R","T","E","?","M","M","M","R","BOSS","M","?","M","$","M","E","?","M"],"items_purchased_type":["Relic"],"build_version":"2020-12-22","purchased_purges":1,"victory":false,"max_hp_per_floor":[75,75,75,75,75,75,75,75,75,75,75,75,75,75,75,75,75,75,75,75,75,75,75,75,75,75],"card_choices":[{"not_picked":["hermit:Manifest","hermit:Vantage"],"picked":"hermit:DeadMansHand","floor":1},{"not_picked":["hermit:Headshot","hermit:Manifest"],"picked":"hermit:WideOpen","floor":3},{"not_picked":["hermit:Grudge","hermit:Snipe"],"picked":"hermit:GoldenBullet","floor":4},{"not_picked":["hermit:Gestalt","hermit:Quickdraw"],"picked":"hermit:Misfire","floor":5},{"not_picked":["hermit:Manifest","hermit:Roulette"],"picked":"hermit:Glare","floor":7},{"not_picked":["hermit:ItchyTrigger","hermit:HighCaliber"],"picked":"hermit:Brawl","floor":10},{"not_picked":["hermit:Enervate","hermit:FullyLoaded"],"picked":"hermit:Quickdraw","floor":12},{"not_picked":["hermit:TakeCover","hermit:BodyArmor"],"picked":"hermit:Combo","floor":13},{"not_picked":["hermit:LuckOfTheDraw","hermit:Midnight"],"picked":"hermit:FromBeyond","floor":14},{"not_picked":["hermit:Roughhouse","hermit:EternalForm"],"picked":"hermit:RoundhouseKick","floor":16},{"not_picked":["hermit:Vantage","hermit:Quickdraw"],"picked":"hermit:Determination+1","floor":18},{"not_picked":["hermit:CalledShot","hermit:TakeAim"],"picked":"hermit:ShadowCloak","floor":20},{"not_picked":["hermit:Dive","hermit:Roulette"],"picked":"hermit:Desperado","floor":22},{"not_picked":["hermit:Roulette","hermit:Manifest"],"picked":"hermit:Headshot+1","floor":23}],"player_experience":740829,"relics_obtained":[{"floor":7,"key":"theSenshi:SailorFukuRelic"},{"floor":9,"key":"Bag of Marbles"},{"floor":10,"key":"Nunchaku"},{"floor":23,"key":"Blood Vial"}],"event_choices":[{"damage_healed":0,"gold_gain":75,"player_choice":"Touch","damage_taken":7,"max_hp_gain":0,"max_hp_loss":0,"event_name":"FaceTrader","floor":2,"gold_loss":0},{"damage_healed":0,"gold_gain":30,"player_choice":"Searched \u00272\u0027 times","damage_taken":0,"max_hp_gain":0,"max_hp_loss":0,"event_name":"Dead Adventurer","floor":7,"gold_loss":0},{"damage_healed":25,"gold_gain":0,"player_choice":"Banana","damage_taken":0,"max_hp_gain":0,"max_hp_loss":0,"event_name":"Big Fish","floor":11,"gold_loss":0},{"damage_healed":0,"gold_gain":99,"player_choice":"Stole From Cult","damage_taken":0,"max_hp_gain":0,"max_hp_loss":0,"event_name":"Nest","floor":19,"gold_loss":0},{"damage_healed":0,"gold_gain":0,"player_choice":"Ignored","damage_taken":0,"max_hp_gain":0,"max_hp_loss":0,"event_name":"Ghosts","floor":24,"gold_loss":0}],"is_beta":false,"boss_relics":[{"not_picked":["SlaversCollar","Busted Crown"],"picked":"Cursed Key"}],"items_purged_floors":[21],"is_endless":false,"potions_floor_spawned":[3,5,7,13,14,16,18],"killed_by":"Shelled Parasite and Fungi","ascension_level":0}}