{"host":"d8hh7rr4yzitjeuj","time":1610772838,"event":{"mods":["2.2 Compatiblity","AchievementEnabler","Act Like it!","BaseMod","Colored Map","Colored Powertips","Highlight Path","Keyboard Shortcuts","Minty Spire (QoL Compilation)","Permanent Neow","Quick Restart","StSLib","SuperFastMode"],"gold_per_floor":[111,124,139,151,167,199,199,231,300,300,334,347,347,364,364,364,364],"floor_reached":16,"language":"KOR","playtime":510,"items_purged":[],"score":248,"play_id":"aaf4630f-9667-4fd5-8cbd-7c7551723f3e","local_time":"20210116135358","is_ascension_mode":true,"campfire_choices":[{"floor":7.0,"key":"REST"},{"floor":15,"key":"REST"}],"circlet_count":0,"master_deck":["AscendersBane","Strike_B","Strike_B","Strike_B","Strike_B","Defend_B","Defend_B","Defend_B","Defend_B","Zap+1","Dualcast","Redo","Undo","Steam","Rip and Tear","Doom and Gloom","Ball Lightning","Consume","All For One","Stack","Compile Driver"],"relics":["Cracked Core","NeowsBlessing","MealTicket","Girya","Shuriken","NlothsMask","Ginger"],"acts_visited":["Exordium"],"potions_floor_usage":[16],"damage_taken":[{"damage":0.0,"enemies":"2 Louse","floor":1.0,"turns":1.0},{"damage":0.0,"enemies":"Cultist","floor":2.0,"turns":1.0},{"damage":0.0,"enemies":"Small Slimes","floor":3.0,"turns":1.0},{"damage":1.0,"enemies":"Exordium Thugs","floor":4.0,"turns":4.0},{"damage":9.0,"enemies":"3 Louse","floor":5.0,"turns":3.0},{"damage":27.0,"enemies":"Lagavulin","floor":6.0,"turns":8.0},{"damage":16.0,"enemies":"3 Sentries","floor":8.0,"turns":6.0},{"damage":16.0,"enemies":"Lagavulin","floor":11.0,"turns":6.0},{"damage":0.0,"enemies":"2 Fungi Beasts","floor":12.0,"turns":3.0},{"damage":7,"enemies":"Blue Slaver","floor":14,"turns":2},{"damage":36,"enemies":"Hexaghost","floor":16,"turns":10}],"seed_played":"-5087356250055592513","potions_obtained":[{"floor":1.0,"key":"DuplicationPotion"},{"floor":3.0,"key":"EssenceOfSteel"},{"floor":11.0,"key":"FocusPotion"}],"is_trial":false,"path_per_floor":["M","M","M","M","M","E","R","E","T","?","E","M","?","M","R","B"],"character_chosen":"DEFECT","items_purchased":[],"campfire_rested":2,"item_purchase_floors":[],"current_hp_per_floor":[64,64,64,63,54,27,48,32,32,32,16,16,16,9,30,0,0],"gold":364,"neow_bonus":"THREE_ENEMY_KILL","is_daily":false,"chose_seed":false,"campfire_upgraded":0,"win_rate":0.0,"timestamp":1610772838,"path_taken":["M","M","M","M","M","E","R","E","T","?","E","?","?","M","R","BOSS"],"items_purchased_type":[],"build_version":"2020-12-22","purchased_purges":0,"victory":false,"max_hp_per_floor":[71,71,71,71,71,71,71,71,71,71,71,71,71,71,71,71,71],"card_choices":[{"not_picked":["Recycle","Hologram"],"picked":"Redo","floor":1.0},{"not_picked":["Rebound","Glacier"],"picked":"Undo","floor":2.0},{"not_picked":["Stack","Scrape"],"picked":"Steam","floor":3.0},{"not_picked":["Defragment","Stack"],"picked":"Rip and Tear","floor":4.0},{"not_picked":["Steam","Sweeping Beam"],"picked":"Doom and Gloom","floor":5.0},{"not_picked":["Leap","Hologram"],"picked":"Ball Lightning","floor":6.0},{"not_picked":["Undo","Machine Learning"],"picked":"Consume","floor":8.0},{"not_picked":["Streamline","Beam Cell"],"picked":"All For One","floor":11.0},{"not_picked":["Barrage","Hologram"],"picked":"Stack","floor":12.0},{"not_picked":["Double Energy","Ball Lightning"],"picked":"Compile Driver","floor":14}],"player_experience":1438159,"relics_obtained":[{"floor":6.0,"key":"MealTicket"},{"floor":8.0,"key":"Girya"},{"floor":9.0,"key":"Shuriken"},{"floor":11.0,"key":"Ginger"}],"event_choices":[{"damage_healed":0.0,"max_hp_gain":0.0,"max_hp_loss":0.0,"gold_gain":0.0,"event_name":"FaceTrader","player_choice":"Trade","floor":10.0,"gold_loss":0.0,"damage_taken":0.0,"relics_obtained":["NlothsMask"]},{"damage_healed":0,"gold_gain":0,"player_choice":"Forge","damage_taken":0,"max_hp_gain":0,"max_hp_loss":0,"event_name":"Accursed Blacksmith","floor":13,"gold_loss":0,"cards_upgraded":["Zap"]}],"is_beta":false,"boss_relics":[],"items_purged_floors":[],"is_endless":false,"potions_floor_spawned":[1,3,5,11,12,14],"killed_by":"Hexaghost","ascension_level":20}}