{"host":"x3qmax6e7jj3tga5","time":1610777851,"event":{"mods":["BaseMod","Custom Start","Minty Spire (QoL Compilation)","StSLib"],"gold_per_floor":[109,120,120,134,63,93,105,136,159,60,60,130,0,42,42,152,152,173,193,193,204,204,204,238,63,63,73,73,109,109,43,43,155,155,174,190,42,71,71,105,105,105,105],"floor_reached":42,"language":"ENG","playtime":1707,"items_purged":["Strike_B","Strike_B"],"score":532,"play_id":"5967ab8c-09b2-42bc-8310-bfad738b83e7","local_time":"20210116001731","is_ascension_mode":true,"campfire_choices":[{"floor":11,"key":"REST"},{"data":"Defragment","floor":15,"key":"SMITH"},{"data":"Loop","floor":23,"key":"SMITH"},{"floor":28,"key":"REST"},{"floor":32,"key":"REST"},{"floor":41,"key":"REST"}],"circlet_count":0,"master_deck":["Strike_B+1","Defend_B","Defend_B","Defend_B","Defend_B","Zap+1","Dualcast","Streamline","BootSequence","Cold Snap+1","Defragment+1","Biased Cognition","Compile Driver","Barrage","Ball Lightning","Self Repair","Biased Cognition","Echo Form+1","Loop+1","Consume+1","Sweeping Beam","Core Surge","Defragment","Biased Cognition","Defragment","Multi-Cast","Coolheaded+1","Heatsinks"],"relics":["Cracked Core","Smiling Mask","Boot","Whetstone","CeramicFish","Runic Capacitor","Bag of Marbles","Velvet Choker","Kunai","Mercury Hourglass","Happy Flower","Philosopher\u0027s Stone","DataDisk","Akabeko"],"acts_visited":["Exordium","TheCity","TheBeyond"],"potions_floor_usage":[29,29],"damage_taken":[{"damage":5,"enemies":"Small Slimes","floor":1,"turns":3},{"damage":1,"enemies":"Cultist","floor":2,"turns":3},{"damage":0,"enemies":"2 Louse","floor":4,"turns":3},{"damage":12,"enemies":"Gremlin Nob","floor":6,"turns":4},{"damage":1,"enemies":"Exordium Thugs","floor":7,"turns":4},{"damage":22,"enemies":"3 Sentries","floor":8,"turns":5},{"damage":0,"enemies":"Gremlin Nob","floor":12,"turns":3},{"damage":0,"enemies":"Gremlin Nob","floor":14,"turns":3},{"damage":7,"enemies":"The Guardian","floor":16,"turns":8},{"damage":15,"enemies":"2 Thieves","floor":18,"turns":4},{"damage":0,"enemies":"Chosen","floor":19,"turns":4},{"damage":19,"enemies":"3 Cultists","floor":21,"turns":4},{"damage":21,"enemies":"Gremlin Leader","floor":24,"turns":6},{"damage":16,"enemies":"Centurion and Healer","floor":27,"turns":4},{"damage":29,"enemies":"Slavers","floor":29,"turns":3},{"damage":17,"enemies":"Automaton","floor":33,"turns":7},{"damage":33,"enemies":"3 Darklings","floor":35,"turns":3},{"damage":10,"enemies":"3 Shapes","floor":36,"turns":3},{"damage":0,"enemies":"Transient","floor":38,"turns":5},{"damage":14,"enemies":"Giant Head","floor":40,"turns":7},{"damage":70,"enemies":"Nemesis","floor":42,"turns":4}],"seed_played":"6234097890230220038","potions_obtained":[{"floor":1,"key":"LiquidMemories"},{"floor":7,"key":"Dexterity Potion"},{"floor":8,"key":"Strength Potion"},{"floor":27,"key":"Block Potion"},{"floor":29,"key":"AttackPotion"},{"floor":33,"key":"BlessingOfTheForge"}],"is_trial":false,"path_per_floor":["M","M","?","M","$","E","M","E","T","$","R","?","$","E","R","B",null,"M","M","?","M","?","R","E","$","T","M","R","E","?","$","R","B",null,"M","M","$","M","?","E","R","E"],"character_chosen":"DEFECT","items_purchased":["Defragment","Ball Lightning","Runic Capacitor","Core Surge","Defragment","Defragment","DataDisk"],"campfire_rested":4,"item_purchase_floors":[5,10,13,25,25,31,37],"current_hp_per_floor":[70,69,69,69,69,57,56,34,34,34,56,56,56,56,56,56,75,60,67,67,55,41,41,20,20,20,11,35,6,6,6,30,20,80,47,37,37,44,44,44,68,0,0],"gold":105,"neow_bonus":"UPGRADE_CARD","is_daily":false,"chose_seed":false,"campfire_upgraded":2,"win_rate":0.0,"timestamp":1610777851,"path_taken":["M","M","?","?","$","E","M","E","T","$","R","?","?","E","R","BOSS","M","M","?","?","?","R","E","?","T","?","R","E","?","$","R","BOSS","M","M","$","M","?","E","R","E"],"items_purchased_type":["Card","Card","Relic","Card","Card","Card","Relic"],"build_version":"2020-12-22","purchased_purges":2,"victory":false,"max_hp_per_floor":[75,75,75,75,75,75,75,75,75,75,75,75,75,75,75,75,75,75,75,75,75,80,80,80,80,80,80,80,80,80,80,80,80,80,80,80,80,80,80,80,80,80,80],"card_choices":[{"not_picked":["Skim","Reprogram"],"picked":"Streamline","floor":1},{"not_picked":["Steam","Redo"],"picked":"BootSequence","floor":2},{"not_picked":["Gash","Undo"],"picked":"Cold Snap","floor":4},{"not_picked":["Streamline","Ball Lightning"],"picked":"Biased Cognition","floor":6},{"not_picked":["Streamline","Stack"],"picked":"Compile Driver","floor":7},{"not_picked":["Turbo","Steam"],"picked":"Barrage","floor":8},{"not_picked":["Cold Snap","Barrage"],"picked":"Self Repair","floor":12},{"not_picked":["Beam Cell","Storm"],"picked":"Biased Cognition","floor":14},{"not_picked":["Rainbow","Meteor Strike"],"picked":"Echo Form","floor":16},{"not_picked":["Consume","Compile Driver"],"picked":"Loop","floor":18},{"not_picked":["Melter+1","Fusion"],"picked":"Consume+1","floor":19},{"not_picked":["Cold Snap","Rebound","Blizzard+1"],"picked":"SKIP","floor":21},{"not_picked":["Self Repair+1","Steam"],"picked":"Sweeping Beam","floor":24},{"not_picked":["Rebound+1","Compile Driver","Leap"],"picked":"SKIP","floor":27},{"not_picked":["Capacitor","Rainbow"],"picked":"Biased Cognition","floor":29},{"not_picked":["Thunder Strike","All For One"],"picked":"Multi-Cast","floor":33},{"not_picked":["Sweeping Beam","Fusion+1"],"picked":"Coolheaded+1","floor":35},{"not_picked":["Rebound","Loop","Tempest"],"picked":"SKIP","floor":36},{"not_picked":["Beam Cell","Rainbow"],"picked":"Heatsinks","floor":38},{"not_picked":["Beam Cell+1","Blizzard+1","Auto Shields"],"picked":"SKIP","floor":40}],"player_experience":309908,"relics_obtained":[{"floor":6,"key":"Smiling Mask"},{"floor":8,"key":"Boot"},{"floor":9,"key":"Whetstone"},{"floor":12,"key":"CeramicFish"},{"floor":14,"key":"Bag of Marbles"},{"floor":24,"key":"Kunai"},{"floor":26,"key":"Mercury Hourglass"},{"floor":29,"key":"Happy Flower"},{"floor":40,"key":"Akabeko"}],"event_choices":[{"cards_removed":["Strike_B"],"damage_healed":0,"gold_gain":0,"player_choice":"Offered Basic","damage_taken":0,"max_hp_gain":0,"max_hp_loss":0,"event_name":"Bonfire Elementals","floor":3,"gold_loss":0},{"damage_healed":0,"gold_gain":0,"player_choice":"Searched \u00272\u0027 times","damage_taken":0,"max_hp_gain":0,"max_hp_loss":0,"event_name":"Dead Adventurer","floor":12,"gold_loss":0},{"damage_healed":0,"gold_gain":0,"player_choice":"Upgraded","damage_taken":0,"max_hp_gain":0,"max_hp_loss":0,"event_name":"Upgrade Shrine","floor":20,"gold_loss":0,"cards_upgraded":["Echo Form"]},{"damage_healed":0,"gold_gain":0,"player_choice":"Shed Blood","damage_taken":19,"max_hp_gain":5,"max_hp_loss":0,"event_name":"Forgotten Altar","floor":22,"gold_loss":0},{"damage_healed":0,"gold_gain":0,"player_choice":"Ignored","damage_taken":0,"max_hp_gain":0,"max_hp_loss":0,"event_name":"Vampires","floor":30,"gold_loss":0},{"damage_healed":0,"gold_gain":0,"player_choice":"Memory 1","damage_taken":0,"max_hp_gain":0,"max_hp_loss":0,"event_name":"SensoryStone","floor":39,"gold_loss":0}],"is_beta":false,"boss_relics":[{"not_picked":["FrozenCore","Snecko Eye"],"picked":"Velvet Choker"},{"not_picked":["Tiny House","Runic Dome"],"picked":"Philosopher\u0027s Stone"}],"items_purged_floors":[10,25],"is_endless":false,"potions_floor_spawned":[1,7,8,16,27,29,33,38],"killed_by":"Nemesis","ascension_level":1}}