{"host":"dhyczjm99amxd3qx","time":1610840334,"event":{"mods":["BaseMod","Colored Map","Googly Eyes","Highlight Path","Minty Spire (QoL Compilation)","Quick Restart","StSLib"],"gold_per_floor":[111,286,170,181,200,200,233,233,309,326,337,337,353,353,353,353,353],"floor_reached":16,"language":"ENG","playtime":635,"items_purged":["Doubt"],"score":133,"play_id":"0e9c67c5-17fe-47a1-a7f7-6a1af1827e14","local_time":"20210116183854","is_ascension_mode":true,"campfire_choices":[{"data":"Zap","floor":6,"key":"SMITH"},{"floor":8,"key":"REST"},{"data":"Genetic Algorithm","floor":12,"key":"SMITH"},{"data":"Loop","floor":15,"key":"SMITH"}],"circlet_count":0,"master_deck":["Strike_B","Strike_B+1","Strike_B+1","Strike_B","Defend_B","Defend_B","Defend_B","Defend_B","Zap+1","Dualcast","Conserve Battery","Loop+1","Steam","Genetic Algorithm+1","Chill"],"relics":["Cracked Core","Whetstone","Matryoshka"],"acts_visited":["Exordium"],"potions_floor_usage":[7,7,13],"damage_taken":[{"damage":7.0,"enemies":"Small Slimes","floor":1.0,"turns":3.0},{"damage":6,"enemies":"2 Louse","floor":4,"turns":3},{"damage":2,"enemies":"Jaw Worm","floor":5,"turns":3},{"damage":53,"enemies":"Gremlin Nob","floor":7,"turns":6},{"damage":3,"enemies":"2 Fungi Beasts","floor":10,"turns":3},{"damage":0,"enemies":"Exordium Thugs","floor":11,"turns":5},{"damage":3,"enemies":"Looter","floor":13,"turns":4},{"damage":52,"enemies":"Slime Boss","floor":16,"turns":9}],"seed_played":"-6972158700337859178","potions_obtained":[{"floor":1.0,"key":"Ancient Potion"},{"floor":5,"key":"Block Potion"},{"floor":7,"key":"EssenceOfDarkness"}],"is_trial":false,"path_per_floor":["M","?","$","M","M","R","E","R","T","M","M","R","M","?","R","B"],"character_chosen":"DEFECT","items_purchased":["Loop"],"campfire_rested":1,"item_purchase_floors":[3],"current_hp_per_floor":[68,68,68,62,60,60,7,31,31,28,28,28,25,52,52,0,0],"gold":353,"neow_bonus":"TEN_PERCENT_HP_BONUS","is_daily":false,"chose_seed":false,"campfire_upgraded":3,"win_rate":0.0,"timestamp":1610840334,"path_taken":["M","?","$","M","M","R","E","R","T","M","M","R","M","?","R","BOSS"],"items_purchased_type":["Card"],"build_version":"2020-12-22","purchased_purges":1,"victory":false,"max_hp_per_floor":[82,82,82,82,82,82,82,82,82,82,82,82,82,82,82,82,82],"card_choices":[{"not_picked":["Recycle","Streamline"],"picked":"Conserve Battery","floor":1.0},{"not_picked":["Sweeping Beam","Leap","Static Discharge"],"picked":"SKIP","floor":4},{"not_picked":["Hologram","Conserve Battery"],"picked":"Steam","floor":5},{"not_picked":["Beam Cell","Turbo","Hologram"],"picked":"SKIP","floor":7},{"not_picked":["Cold Snap","Barrage"],"picked":"Genetic Algorithm","floor":10},{"not_picked":["Gash","Rebound"],"picked":"Chill","floor":11},{"not_picked":["Stack","Amplify","Rebound"],"picked":"SKIP","floor":13}],"player_experience":331864,"relics_obtained":[{"floor":7,"key":"Whetstone"},{"floor":9,"key":"Matryoshka"}],"event_choices":[{"damage_healed":0.0,"max_hp_gain":0.0,"max_hp_loss":0.0,"gold_gain":175.0,"event_name":"Liars Game","player_choice":"AGREE","floor":2.0,"gold_loss":0.0,"damage_taken":0.0,"cards_obtained":["Doubt"]},{"damage_healed":27,"gold_gain":0,"player_choice":"Banana","damage_taken":0,"max_hp_gain":0,"max_hp_loss":0,"event_name":"Big Fish","floor":14,"gold_loss":0}],"is_beta":false,"boss_relics":[],"items_purged_floors":[3],"is_endless":false,"potions_floor_spawned":[1,5,7],"killed_by":"Slime Boss","ascension_level":6}}