{"host":"m3herrhkesxm9ooc","time":1610784276,"event":{"mods":["BaseMod","Hermit","Minty Spire (QoL Compilation)","StSLib","The Gatherer"],"gold_per_floor":[114,132,97,247,23,23,53,53,121,153,166,192,192,204,204,275,275,289,305,305,47,47,47,73,73,73,100,100,100,111,127,127,127,127],"floor_reached":33,"language":"KOR","playtime":1293,"items_purged":["Doubt"],"score":557,"play_id":"d3ed571e-b213-4e33-bead-78cec5eb384a","local_time":"20210116170436","is_ascension_mode":true,"campfire_choices":[{"data":"The Bomb","floor":6.0,"key":"SMITH"},{"floor":13,"key":"REST"},{"floor":15,"key":"REST"},{"data":"hermit:Maintenance","floor":23,"key":"SMITH"},{"floor":25,"key":"REST"},{"floor":28,"key":"REST"},{"floor":32,"key":"REST"}],"circlet_count":0,"master_deck":["AscendersBane","hermit:Strike_Hermit+1","hermit:Strike_Hermit+1","hermit:Strike_Hermit+1","hermit:Strike_Hermit+1","hermit:Defend_Hermit+1","hermit:Defend_Hermit+1","hermit:Defend_Hermit+1","hermit:Defend_Hermit+1","hermit:Snapshot","hermit:Covet","hermit:HighCaliber","hermit:Magnum","The Bomb+1","hermit:ShadowCloak","hermit:Grudge","hermit:Determination","hermit:Gestalt+1","hermit:WideOpen+1","hermit:Showdown+1","hermit:Roughhouse+1","hermit:Maintenance+1","hermit:Shortfuse+1","Writhe","hermit:ShadowCloak+1","hermit:Headshot+1","hermit:FinalCanter+1","hermit:Deadeye+1","hermit:SprayPray+1"],"relics":["hermit:Momento","Bag of Preparation","Incense Burner","Smiling Mask","Molten Egg 2","Bag of Marbles","Lantern","hermit:BartenderGlass","War Paint","Oddly Smooth Stone","MealTicket","hermit:Spyglass","Ornamental Fan"],"acts_visited":["Exordium","TheCity"],"potions_floor_usage":[12,16,18,24,24,27,27,30,30,30,31,33,33,33,33],"damage_taken":[{"damage":4.0,"enemies":"Jaw Worm","floor":1.0,"turns":3.0},{"damage":4.0,"enemies":"Small Slimes","floor":2.0,"turns":3.0},{"damage":16.0,"enemies":"Gremlin Nob","floor":7.0,"turns":3.0},{"damage":15.0,"enemies":"3 Sentries","floor":10.0,"turns":4.0},{"damage":0.0,"enemies":"2 Louse","floor":11.0,"turns":1.0},{"damage":2,"enemies":"Lagavulin","floor":12,"turns":5},{"damage":1,"enemies":"Red Slaver","floor":14,"turns":2},{"damage":41,"enemies":"The Guardian","floor":16,"turns":6},{"damage":12,"enemies":"Chosen","floor":18,"turns":3},{"damage":1,"enemies":"Spheric Guardian","floor":19,"turns":3},{"damage":21,"enemies":"Gremlin Leader","floor":24,"turns":7},{"damage":51,"enemies":"Slavers","floor":27,"turns":3},{"damage":3,"enemies":"Shelled Parasite and Fungi","floor":30,"turns":4},{"damage":3,"enemies":"Snake Plant","floor":31,"turns":2},{"damage":58,"enemies":"Collector","floor":33,"turns":7}],"seed_played":"4624038606184492668","potions_obtained":[{"floor":2.0,"key":"PowerPotion"},{"floor":11.0,"key":"BlessingOfTheForge"},{"floor":14,"key":"hermit:Tonic"},{"floor":16,"key":"Regen Potion"},{"floor":27,"key":"LiquidBronze"},{"floor":30,"key":"DuplicationPotion"}],"is_trial":false,"path_per_floor":["M","M","?","?","$","R","E","T","T","E","M","E","R","M","R","B",null,"M","M","?","$","?","R","E","R","T","E","R","?","M","M","R","B"],"character_chosen":"HERMIT","items_purchased":["The Bomb","hermit:ShadowCloak","hermit:ShadowCloak","Oddly Smooth Stone"],"campfire_rested":5,"item_purchase_floors":[5,5,21,21],"current_hp_per_floor":[60,56,71,71,71,71,55,55,55,40,40,38,59,58,71,30,61,61,60,60,60,60,60,52,71,71,20,41,41,38,35,56,0,0],"gold":127,"neow_bonus":"RANDOM_COMMON_RELIC","is_daily":false,"chose_seed":false,"campfire_upgraded":2,"win_rate":0.0,"timestamp":1610784276,"path_taken":["M","M","?","?","$","R","E","?","T","E","M","E","R","M","R","BOSS","M","M","?","$","?","R","E","R","T","E","R","?","?","M","R","BOSS"],"items_purchased_type":["Card","Card","Card","Relic"],"build_version":"2020-12-22","purchased_purges":1,"victory":false,"max_hp_per_floor":[71,71,71,71,71,71,71,71,71,71,71,71,71,71,71,71,71,71,71,71,71,71,71,71,71,71,71,71,71,71,71,71,71,71],"card_choices":[{"not_picked":["hermit:Glare","hermit:Manifest"],"picked":"hermit:HighCaliber","floor":1.0},{"not_picked":["hermit:Misfire","hermit:LowProfile"],"picked":"hermit:Magnum","floor":2.0},{"not_picked":["hermit:Coalescence","hermit:Glare"],"picked":"hermit:Grudge","floor":7.0},{"not_picked":["hermit:SprayPray+1","hermit:FullyLoaded"],"picked":"hermit:Determination","floor":10.0},{"not_picked":["hermit:Maintenance","hermit:Dive"],"picked":"hermit:Gestalt","floor":11.0},{"not_picked":["hermit:Malice+1","hermit:LowProfile"],"picked":"hermit:WideOpen+1","floor":12},{"not_picked":["hermit:Midnight","hermit:Misfire+1"],"picked":"hermit:Showdown+1","floor":14},{"not_picked":["hermit:HighNoon","hermit:FromBeyond"],"picked":"hermit:Roughhouse+1","floor":16},{"not_picked":["hermit:Desperado+1","hermit:Manifest"],"picked":"hermit:Maintenance","floor":18},{"not_picked":["hermit:Quickdraw+1","hermit:Vantage"],"picked":"hermit:Shortfuse+1","floor":19},{"not_picked":["hermit:LowProfile","hermit:TakeAim"],"picked":"hermit:Headshot+1","floor":24},{"not_picked":["hermit:LowProfile","hermit:BigShot+1"],"picked":"hermit:FinalCanter+1","floor":27},{"not_picked":["hermit:Manifest","hermit:Dive"],"picked":"hermit:Deadeye+1","floor":30},{"not_picked":["hermit:DeadMansHand","hermit:HoleUp"],"picked":"hermit:SprayPray+1","floor":31}],"player_experience":676070,"relics_obtained":[{"floor":7.0,"key":"Incense Burner"},{"floor":8.0,"key":"Smiling Mask"},{"floor":9.0,"key":"Molten Egg 2"},{"floor":10.0,"key":"Bag of Marbles"},{"floor":12,"key":"Lantern"},{"floor":24,"key":"MealTicket"},{"floor":26,"key":"hermit:Spyglass"},{"floor":27,"key":"Ornamental Fan"}],"event_choices":[{"damage_healed":17.0,"max_hp_gain":0.0,"max_hp_loss":0.0,"gold_gain":0.0,"event_name":"The Cleric","player_choice":"Healed","floor":3.0,"gold_loss":35.0,"damage_taken":0.0},{"damage_healed":0.0,"max_hp_gain":0.0,"max_hp_loss":0.0,"gold_gain":150.0,"event_name":"Liars Game","player_choice":"AGREE","floor":4.0,"gold_loss":0.0,"damage_taken":0.0,"cards_obtained":["Doubt"]},{"damage_healed":0,"gold_gain":0,"player_choice":"Opened","damage_taken":0,"relics_obtained":["War Paint"],"max_hp_gain":0,"max_hp_loss":0,"event_name":"The Mausoleum","floor":20,"gold_loss":0,"cards_obtained":["Writhe"]},{"damage_healed":0,"gold_gain":0,"player_choice":"Simplicity","damage_taken":0,"max_hp_gain":0,"max_hp_loss":0,"event_name":"Back to Basics","floor":22,"gold_loss":0,"cards_upgraded":["hermit:Strike_Hermit","hermit:Strike_Hermit","hermit:Strike_Hermit","hermit:Strike_Hermit","hermit:Defend_Hermit","hermit:Defend_Hermit","hermit:Defend_Hermit"]},{"damage_healed":0,"gold_gain":0,"player_choice":"Upgraded","damage_taken":0,"max_hp_gain":0,"max_hp_loss":0,"event_name":"Upgrade Shrine","floor":29,"gold_loss":0,"cards_upgraded":["hermit:ShadowCloak"]}],"is_beta":false,"boss_relics":[{"not_picked":["Coffee Dripper","Runic Dome"],"picked":"hermit:BartenderGlass"}],"items_purged_floors":[21],"is_endless":false,"potions_floor_spawned":[2,11,14,16,24,27,30],"killed_by":"Collector","ascension_level":17}}