{"host":"dtvgc7uk609653br","time":1610826239,"event":{"mods":["BaseMod","Downfall","Minty Spire (QoL Compilation)","Shade Mod","StSLib","The Bladedancer","The Druid"],"gold_per_floor":[99,113,46,59,44,44,44,29,29,29,45,145,145,161,175,273,273,273,286,316,316,316,336,363,394,394,394,135,163,163,163,186,186,186,186],"floor_reached":33,"language":"ENG","playtime":1997,"items_purged":["Slimebound:Nibble"],"score":271,"play_id":"dba1c037-f727-4a9b-85a7-a2436aaf9a2a","local_time":"20210116144359","is_ascension_mode":false,"campfire_choices":[{"data":"Slimebound:CorrosiveSpit","floor":1,"key":"SMITH"},{"data":"Slimebound:GrowthPunch","floor":13,"key":"SMITH"},{"data":"Slimebound:Equalize","floor":18,"key":"SMITH"},{"data":"Slimebound:Gluttony","floor":26,"key":"SMITH"},{"floor":30,"key":"REST"}],"circlet_count":0,"master_deck":["Slimebound:Strike_Slimebound","Slimebound:Defend_Slimebound","Slimebound:Defend_Slimebound","Slimebound:Defend_Slimebound","Slimebound:Defend_Slimebound","Slimebound:Split","Slimebound:CorrosiveSpit+1","Slimebound:GoopSpray","Slimebound:GrowthPunch+1","Slimebound:LeechEnergy","Slimebound:Equalize+1","Slimebound:SamplingLick","Slimebound:Gluttony+1","Slimebound:GoopSpray","Slimebound:GrowthPunch+1","Slimebound:LeechLife","Slimebound:Dissolve","Slimebound:Gluttony","Slimebound:Gluttony+1","Slimebound:AcidTongue"],"relics":["Slimebound:AbsorbEndCombat","Ornamental Fan","Busted Crown","Red Mask","Toy Ornithopter","CeramicFish","DollysMirror","Shuriken"],"acts_visited":["Exordium","TheCity"],"potions_floor_usage":[9],"damage_taken":[{"damage":3,"enemies":"2 Louse","floor":2,"turns":4},{"damage":0,"enemies":"downfall:FleeingMerchant","floor":3,"turns":4},{"damage":0,"enemies":"Cultist","floor":4,"turns":3},{"damage":0,"enemies":"downfall:FleeingMerchant","floor":5,"turns":4},{"damage":10,"enemies":"downfall:FleeingMerchant","floor":8,"turns":4},{"damage":0,"enemies":"downfall:FleeingMerchant","floor":9,"turns":2},{"damage":2,"enemies":"Jaw Worm","floor":11,"turns":3},{"damage":23,"enemies":"downfall:Heads","floor":12,"turns":7},{"damage":20,"enemies":"Gremlin Gang","floor":14,"turns":3},{"damage":11,"enemies":"Large Slime","floor":15,"turns":3},{"damage":33,"enemies":"DF_ARCHETYPE_STREAMLINE","floor":16,"turns":13},{"damage":8,"enemies":"3 Byrds","floor":19,"turns":6},{"damage":34,"enemies":"Masked Bandits","floor":20,"turns":4},{"damage":0,"enemies":"Shell Parasite","floor":23,"turns":6},{"damage":9,"enemies":"Book of Stabbing","floor":25,"turns":7},{"damage":1,"enemies":"downfall:FleeingMerchant","floor":28,"turns":4},{"damage":61,"enemies":"Slavers","floor":29,"turns":9},{"damage":56,"enemies":"Chosen and Byrds","floor":32,"turns":9},{"damage":34,"enemies":"WA_ARCHETYPE_CALM","floor":33,"turns":5}],"seed_played":"5394916336283838147","potions_obtained":[{"floor":2,"key":"SmokeBomb"},{"floor":12,"key":"SteroidPotion"},{"floor":14,"key":"SpeedPotion"},{"floor":15,"key":"Weak Potion"}],"is_trial":false,"path_per_floor":["R","M","$","M","$","?","T","$","$","?","M","?","R","M","M","B",null,"R","M","?","?","?","M","T","E","R","?","$","E","R","?","M","B"],"character_chosen":"SLIMEBOUND","items_purchased":["Slimebound:LeechEnergy","Slimebound:Gluttony","DollysMirror"],"campfire_rested":1,"item_purchase_floors":[3,28,28],"current_hp_per_floor":[71,70,71,71,71,71,71,63,64,64,69,58,58,41,33,18,71,71,71,58,58,58,71,71,67,67,67,71,22,43,43,9,0,0,0],"gold":186,"neow_bonus":"TEN_PERCENT_HP_BONUS","is_daily":false,"chose_seed":false,"campfire_upgraded":4,"win_rate":0.0,"timestamp":1610826239,"path_taken":["R","M","$","M","$","?","T","?","$","?","M","?","R","?","M","BOSS","R","?","?","?","?","?","T","E","R","?","$","E","R","?","M","BOSS"],"items_purchased_type":["Card","Card","Relic"],"build_version":"2020-12-22","purchased_purges":1,"victory":false,"max_hp_per_floor":[71,71,71,71,71,71,71,71,71,71,71,71,71,71,71,71,71,71,71,71,71,71,71,71,71,71,71,71,71,71,71,71,71,71,71],"card_choices":[{"not_picked":["Slimebound:RejuvenatingLick","Slimebound:ItLooksTasty"],"picked":"Slimebound:GoopSpray","floor":2},{"not_picked":["Slimebound:SplitAcid","Slimebound:PressTheAttack"],"picked":"Slimebound:GrowthPunch","floor":3},{"not_picked":["Slimebound:SplitAcid","Slimebound:ForwardTackle"],"picked":"Slimebound:Equalize","floor":4},{"not_picked":["Slimebound:SlimeBrawl","Slimebound:SplitAcid"],"picked":"Slimebound:SamplingLick","floor":5},{"not_picked":["Slimebound:LeechEnergy","Slimebound:SplitLeeching"],"picked":"Slimebound:Gluttony","floor":8},{"not_picked":["Slimebound:PressTheAttack","Slimebound:DisruptingSlam"],"picked":"Slimebound:GoopSpray","floor":11},{"not_picked":["Slimebound:SplitAcid","Slimebound:SplitLeeching"],"picked":"Slimebound:Nibble","floor":14},{"not_picked":["Slimebound:SlimeSpikes","Slimebound:GrowthPunch","Slimebound:GoopTackle"],"picked":"SKIP","floor":15},{"not_picked":["Slimebound:MassFeed","Slimebound:OneTwoCombo"],"picked":"Slimebound:LeechLife","floor":16},{"not_picked":["Slimebound:SplitAcid"],"picked":"SKIP","floor":19},{"not_picked":[],"picked":"Slimebound:Dissolve","floor":23},{"not_picked":["Slimebound:BestDefense"],"picked":"SKIP","floor":25},{"not_picked":["Slimebound:GrowthPunch+1"],"picked":"SKIP","floor":28},{"not_picked":["Slimebound:MassRepurpose"],"picked":"SKIP","floor":29},{"not_picked":[],"picked":"Slimebound:AcidTongue","floor":32}],"player_experience":541700,"relics_obtained":[{"floor":7,"key":"Ornamental Fan"},{"floor":20,"key":"Red Mask"},{"floor":24,"key":"Toy Ornithopter"},{"floor":25,"key":"CeramicFish"},{"floor":29,"key":"Shuriken"}],"event_choices":[{"damage_healed":0,"gold_gain":0,"player_choice":"Ignored","damage_taken":0,"max_hp_gain":0,"max_hp_loss":0,"event_name":"NoteForYourself","floor":6,"gold_loss":0},{"damage_healed":0,"gold_gain":0,"player_choice":"Fought Bandits","damage_taken":0,"max_hp_gain":0,"max_hp_loss":0,"event_name":"Masked Bandits","floor":20,"gold_loss":0},{"damage_healed":0,"gold_gain":0,"player_choice":"Ignored","damage_taken":0,"max_hp_gain":0,"max_hp_loss":0,"event_name":"Vampires","floor":27,"gold_loss":0}],"is_beta":false,"boss_relics":[{"not_picked":["Empty Cage","Snecko Eye"],"picked":"Busted Crown"}],"items_purged_floors":[28],"is_endless":false,"potions_floor_spawned":[2,12,14,15,16,25,32],"killed_by":"WA_ARCHETYPE_CALM","ascension_level":0}}