{"host":"c97twqu0op5dg8i4","time":1610763826,"event":{"mods":["AchievementEnabler","BaseMod","Colored Map","Minty Spire (QoL Compilation)","Permanent Neow"],"gold_per_floor":[115,39,55,67,67,67,96,109,109,136,136,152,225,225,254,266,266,266,365,365,383,383,482,493,199,199,109,123,147,147,173,204,216,228,56,56,56,56],"floor_reached":37,"language":"ENG","playtime":1788,"items_purged":["Writhe"],"score":394,"play_id":"19db0e61-bd41-4c9b-b157-85df7a5fc712","local_time":"20210115212346","is_ascension_mode":true,"campfire_choices":[{"data":"Cold Snap","floor":6,"key":"SMITH"},{"data":"Zap","floor":9,"key":"SMITH"},{"floor":14,"key":"REST"},{"data":"Storm","floor":17,"key":"SMITH"},{"data":"Cold Snap","floor":18,"key":"SMITH"},{"floor":33,"key":"REST"},{"data":"Defragment","floor":36,"key":"SMITH"}],"circlet_count":0,"master_deck":["Strike_B","Strike_B","Defend_B","Defend_B","Defend_B","Defend_B+1","Zap+1","Dualcast","Doom and Gloom","Storm+1","Cold Snap+1","Cold Snap+1","Sweeping Beam","Skim","Machine Learning","Storm","Electrodynamics","CurseOfTheBell","Storm","Defragment+1","Shrug It Off","Storm"],"relics":["Cracked Core","Bag of Preparation","Vajra","Anchor","Akabeko","Nunchaku","Calling Bell","Centennial Puzzle","Kunai","Incense Burner","Bag of Marbles","PrismaticShard","Toy Ornithopter","Regal Pillow","MawBank","Medical Kit"],"acts_visited":["Exordium","TheCity"],"potions_floor_usage":[16,19,37],"damage_taken":[{"damage":0,"enemies":"Cultist","floor":1,"turns":3},{"damage":9,"enemies":"2 Louse","floor":3,"turns":2},{"damage":5,"enemies":"Small Slimes","floor":4,"turns":3},{"damage":27,"enemies":"3 Sentries","floor":7,"turns":6},{"damage":2,"enemies":"2 Fungi Beasts","floor":8,"turns":4},{"damage":0,"enemies":"Looter","floor":12,"turns":2},{"damage":17,"enemies":"Lagavulin","floor":15,"turns":5},{"damage":0,"enemies":"3 Louse","floor":16,"turns":1},{"damage":40,"enemies":"Hexaghost","floor":19,"turns":11},{"damage":0,"enemies":"Spheric Guardian","floor":21,"turns":3},{"damage":9,"enemies":"Shell Parasite","floor":24,"turns":3},{"damage":6,"enemies":"Cultist and Chosen","floor":28,"turns":4},{"damage":8,"enemies":"Gremlin Leader","floor":31,"turns":4},{"damage":9,"enemies":"Snake Plant","floor":32,"turns":3},{"damage":74,"enemies":"Automaton","floor":37,"turns":6}],"seed_played":"-4854437826665280381","potions_obtained":[{"floor":3,"key":"Dexterity Potion"},{"floor":15,"key":"Swift Potion"},{"floor":16,"key":"Fruit Juice"},{"floor":19,"key":"DuplicationPotion"}],"is_trial":false,"path_per_floor":["M","$","M","M","$","R","E","M","R","T","T","M","?","R","E","M","R","R","B",null,"M","?","?","M","$","?","?","M","T","T","E","M","R","?","$","R","B"],"character_chosen":"DEFECT","items_purchased":["Storm","Defragment","PrismaticShard","Medical Kit","Storm"],"campfire_rested":2,"item_purchase_floors":[2,25,25,35,35],"current_hp_per_floor":[75,75,66,61,61,61,34,32,32,32,32,32,32,54,37,42,42,42,2,61,61,61,61,52,52,52,52,46,46,46,38,29,68,53,53,53,0,0],"gold":56,"neow_bonus":"RANDOM_COMMON_RELIC","is_daily":false,"chose_seed":false,"campfire_upgraded":5,"win_rate":0.0,"timestamp":1610763826,"path_taken":["M","$","M","M","$","R","E","M","R","T","T","?","?","R","E","M","R","R","BOSS","M","?","?","M","$","?","?","M","T","T","E","?","R","?","$","R","BOSS"],"items_purchased_type":["Card","Card","Relic","Relic","Card"],"build_version":"2020-12-22","purchased_purges":1,"victory":false,"max_hp_per_floor":[75,75,75,75,75,75,75,75,75,75,75,75,75,75,75,80,80,80,80,80,80,80,80,80,80,80,80,80,80,80,80,80,80,85,85,85,85,85],"card_choices":[{"not_picked":["Beam Cell","Compile Driver"],"picked":"Doom and Gloom","floor":1},{"not_picked":["Redo","Fusion"],"picked":"Cold Snap","floor":3},{"not_picked":["Hologram","Conserve Battery"],"picked":"Cold Snap","floor":4},{"not_picked":["Hello World","Rebound"],"picked":"Sweeping Beam","floor":8},{"not_picked":["Stack","Turbo"],"picked":"Skim","floor":12},{"not_picked":["Go for the Eyes","Compile Driver"],"picked":"Machine Learning","floor":15},{"not_picked":["Cold Snap","Gash"],"picked":"Storm","floor":16},{"not_picked":["Thunder Strike","All For One"],"picked":"Electrodynamics","floor":19},{"not_picked":["Beam Cell","Redo+1"],"picked":"Storm","floor":21},{"not_picked":["Loop","Chill","Coolheaded+1"],"picked":"SKIP","floor":24},{"not_picked":["Crescendo","HandOfGreed","True Grit"],"picked":"SKIP","floor":28},{"not_picked":["Twin Strike","FlyingSleeves+1","Uppercut"],"picked":"SKIP","floor":31},{"not_picked":["Barrage","Sucker Punch"],"picked":"Shrug It Off","floor":32}],"player_experience":261511,"relics_obtained":[{"floor":7,"key":"Vajra"},{"floor":10,"key":"Anchor"},{"floor":11,"key":"Akabeko"},{"floor":15,"key":"Nunchaku"},{"floor":20,"key":"Centennial Puzzle"},{"floor":20,"key":"Kunai"},{"floor":20,"key":"Incense Burner"},{"floor":29,"key":"Toy Ornithopter"},{"floor":30,"key":"Regal Pillow"},{"floor":31,"key":"MawBank"}],"event_choices":[{"damage_healed":0,"gold_gain":73,"player_choice":"Gained Gold","damage_taken":0,"max_hp_gain":0,"max_hp_loss":0,"event_name":"Golden Wing","floor":13,"gold_loss":0},{"damage_healed":0,"gold_gain":0,"player_choice":"Opened","damage_taken":0,"relics_obtained":["Bag of Marbles"],"max_hp_gain":0,"max_hp_loss":0,"event_name":"The Mausoleum","floor":22,"gold_loss":0,"cards_obtained":["Writhe"]},{"damage_healed":0,"gold_gain":99,"player_choice":"Stole From Cult","damage_taken":0,"max_hp_gain":0,"max_hp_loss":0,"event_name":"Nest","floor":23,"gold_loss":0},{"cards_removed":["Strike_B"],"damage_healed":0,"gold_gain":0,"player_choice":"Elegance","damage_taken":0,"max_hp_gain":0,"max_hp_loss":0,"event_name":"Back to Basics","floor":26,"gold_loss":0},{"cards_removed":["Strike_B"],"damage_healed":0,"gold_gain":0,"player_choice":"Upgrade and Remove","damage_taken":0,"max_hp_gain":0,"max_hp_loss":0,"event_name":"Designer","floor":27,"gold_loss":90,"cards_upgraded":["Defend_B"]},{"damage_healed":0,"gold_gain":0,"player_choice":"Shed Blood","damage_taken":20,"max_hp_gain":5,"max_hp_loss":0,"event_name":"Forgotten Altar","floor":34,"gold_loss":0}],"is_beta":false,"boss_relics":[{"not_picked":["Pandora\u0027s Box","Fusion Hammer"],"picked":"Calling Bell"}],"items_purged_floors":[25],"is_endless":false,"potions_floor_spawned":[3,15,16,19],"killed_by":"Automaton","ascension_level":5}}