{"host":"dhyczjm99amxd3qx","time":1610755912,"event":{"mods":["BaseMod","Colored Map","Googly Eyes","Highlight Path","Minty Spire (QoL Compilation)","Quick Restart","StSLib"],"gold_per_floor":[113,125,125,151,162,189,189,224,301,44,58,70,70,90,90,185,185,195,195,45,45,60,60,60],"floor_reached":23,"language":"ENG","playtime":1072,"items_purged":[],"score":259,"play_id":"6cfb31cc-649d-4d64-8cf7-b5cad1d57c4a","local_time":"20210115191152","is_ascension_mode":true,"campfire_choices":[{"floor":7,"key":"REST"},{"floor":13,"key":"REST"},{"floor":15,"key":"REST"}],"circlet_count":0,"master_deck":["Strike_B","Strike_B","Strike_B","Strike_B","Defend_B","Defend_B","Defend_B","Defend_B","Zap","Dualcast","Secret Technique","Cold Snap","Go for the Eyes","Chaos","Cold Snap","Genetic Algorithm","FTL","Cold Snap","Echo Form","Compile Driver+1"],"relics":["Cracked Core","Centennial Puzzle","Potion Belt","Kunai","HornCleat","Mummified Hand","Symbiotic Virus","Odd Mushroom","Nuclear Battery","Runic Capacitor","MutagenicStrength"],"acts_visited":["Exordium","TheCity"],"potions_floor_usage":[6,8,23],"damage_taken":[{"damage":1,"enemies":"2 Louse","floor":1,"turns":3},{"damage":2,"enemies":"Jaw Worm","floor":2,"turns":4},{"damage":0,"enemies":"Small Slimes","floor":5,"turns":3},{"damage":40,"enemies":"Gremlin Nob","floor":6,"turns":5},{"damage":5,"enemies":"Lagavulin","floor":8,"turns":6},{"damage":10,"enemies":"Looter","floor":11,"turns":2},{"damage":13,"enemies":"Large Slime","floor":12,"turns":3},{"damage":8,"enemies":"The Mushroom Lair","floor":14,"turns":4},{"damage":17,"enemies":"Hexaghost","floor":16,"turns":12},{"damage":12,"enemies":"2 Thieves","floor":18,"turns":4},{"damage":2,"enemies":"Shell Parasite","floor":22,"turns":4},{"damage":36,"enemies":"Gremlin Leader","floor":23,"turns":5}],"seed_played":"157414379514059523","potions_obtained":[{"floor":2,"key":"SpeedPotion"},{"floor":5,"key":"DuplicationPotion"},{"floor":8,"key":"Energy Potion"},{"floor":12,"key":"SteroidPotion"},{"floor":18,"key":"Explosive Potion"}],"is_trial":false,"path_per_floor":["M","M","?","T","M","E","R","E","T","$","M","M","R","?","R","B",null,"M","?","$","?","M","E"],"character_chosen":"DEFECT","items_purchased":["Symbiotic Virus","Runic Capacitor"],"campfire_rested":3,"item_purchase_floors":[10,20],"current_hp_per_floor":[67,65,58,58,58,18,38,33,33,33,23,10,30,22,42,25,57,45,33,33,33,31,0,0],"gold":60,"neow_bonus":"RANDOM_COLORLESS_2","is_daily":false,"chose_seed":false,"campfire_upgraded":0,"win_rate":0.0,"timestamp":1610755912,"path_taken":["M","M","?","?","M","E","R","E","T","?","M","M","R","?","R","BOSS","M","?","$","?","M","E"],"items_purchased_type":["Relic","Relic"],"build_version":"2020-12-22","purchased_purges":0,"victory":false,"max_hp_per_floor":[68,68,68,68,68,68,68,68,68,68,68,68,68,68,68,68,68,68,73,73,73,73,73,73],"card_choices":[{"not_picked":["Violence","Chrysalis"],"picked":"Secret Technique","floor":0},{"not_picked":["Scrape","Barrage"],"picked":"Cold Snap","floor":1},{"not_picked":["Leap","Sweeping Beam"],"picked":"Go for the Eyes","floor":2},{"not_picked":["Sweeping Beam","Hologram"],"picked":"Chaos","floor":5},{"not_picked":["Consume","Core Surge"],"picked":"Cold Snap","floor":6},{"not_picked":["Rebound","Streamline"],"picked":"Genetic Algorithm","floor":8},{"not_picked":["BootSequence","Ball Lightning"],"picked":"FTL","floor":11},{"not_picked":["Streamline","Coolheaded"],"picked":"Cold Snap","floor":12},{"not_picked":["Core Surge","Multi-Cast"],"picked":"Echo Form","floor":16},{"not_picked":["Rebound","Stack"],"picked":"Compile Driver+1","floor":18},{"not_picked":["Heatsinks","Consume","Storm"],"picked":"SKIP","floor":22}],"player_experience":330149,"relics_obtained":[{"floor":4,"key":"Potion Belt"},{"floor":6,"key":"Kunai"},{"floor":8,"key":"HornCleat"},{"floor":9,"key":"Mummified Hand"},{"floor":14,"key":"Odd Mushroom"}],"event_choices":[{"damage_healed":0,"gold_gain":0,"player_choice":"Success","damage_taken":7,"relics_obtained":["Centennial Puzzle"],"max_hp_gain":0,"max_hp_loss":0,"event_name":"Scrap Ooze","floor":3,"gold_loss":0},{"damage_healed":0,"gold_gain":0,"player_choice":"Fought Mushrooms","damage_taken":0,"max_hp_gain":0,"max_hp_loss":0,"event_name":"Mushrooms","floor":14,"gold_loss":0},{"damage_healed":0,"gold_gain":0,"player_choice":"Shed Blood","damage_taken":17,"max_hp_gain":5,"max_hp_loss":0,"event_name":"Forgotten Altar","floor":19,"gold_loss":0},{"damage_healed":0,"gold_gain":0,"player_choice":"Inject Mutagens","damage_taken":0,"relics_obtained":["MutagenicStrength"],"max_hp_gain":0,"max_hp_loss":0,"event_name":"Drug Dealer","floor":21,"gold_loss":0}],"is_beta":false,"boss_relics":[{"not_picked":["Philosopher\u0027s Stone","Runic Pyramid"],"picked":"Nuclear Battery"}],"items_purged_floors":[],"is_endless":false,"potions_floor_spawned":[2,5,8,12,18],"killed_by":"Gremlin Leader","ascension_level":6}}