{"host":"3zb3nk4wvq0dtbuh","time":1610797113,"event":{"mods":["BaseMod","Lobotomy","Minty Spire (QoL Compilation)","StSLib","The Cursed","The Hierophant"],"gold_per_floor":[109,126,126,136,156,156,156],"floor_reached":6,"language":"ZHS","playtime":382,"items_purged":[],"score":38,"play_id":"7eaf033b-6505-48ae-a40a-ffda7833454c","local_time":"20210116193833","is_ascension_mode":false,"campfire_choices":[],"circlet_count":0,"master_deck":["TheCursedMod:Strike_TheCursed","TheCursedMod:Strike_TheCursed","TheCursedMod:Strike_TheCursed","TheCursedMod:Strike_TheCursed+1","TheCursedMod:Defend_TheCursed","TheCursedMod:Defend_TheCursed","TheCursedMod:Defend_TheCursed","TheCursedMod:Defend_TheCursed","TheCursedMod:CursedWand","TheCursedMod:CleanUpWorkshop","TheCursedMod:Dregs","TheCursedMod:CursedMace","Bloodbath","Scarecrow","TheCursedMod:AbyssShockwave+1","MeatLantern","TheCursedMod:Neurasthenia","SpiderBud","TheCursedMod:FleshFromBone"],"relics":["TheCursedMod:BlackMagic101","CogitoBucket"],"acts_visited":["Exordium"],"potions_floor_usage":[6],"damage_taken":[{"damage":0,"enemies":"2 Louse","floor":1,"turns":3},{"damage":1,"enemies":"Jaw Worm","floor":2,"turns":6},{"damage":0,"enemies":"Small Slimes","floor":4,"turns":1},{"damage":53,"enemies":"Red Slaver","floor":5,"turns":3},{"damage":13,"enemies":"3 Sentries","floor":6,"turns":3}],"seed_played":"7035283982633480067","potions_obtained":[{"floor":1,"key":"SkillPotion"}],"is_trial":false,"path_per_floor":["M","M","?","M","M","E"],"character_chosen":"THE_CURSED","items_purchased":[],"campfire_rested":0,"item_purchase_floors":[],"current_hp_per_floor":[75,75,60,60,8,0,0],"gold":156,"neow_bonus":"","is_daily":false,"chose_seed":false,"campfire_upgraded":0,"win_rate":0.0,"timestamp":1610797113,"path_taken":["M","M","?","M","M","E"],"items_purchased_type":[],"build_version":"2020-12-22","purchased_purges":0,"victory":false,"max_hp_per_floor":[75,75,75,75,75,75,75],"card_choices":[{"not_picked":["TheCursedMod:CircleOfFlame","TheCursedMod:DoubleShield"],"picked":"TheCursedMod:CursedMace","floor":1},{"not_picked":["WallGazer","CherryBlossoms"],"picked":"Bloodbath","floor":1},{"not_picked":["OldLady","Alriune"],"picked":"Scarecrow","floor":2},{"not_picked":["TheCursedMod:FleshFromBone","TheCursedMod:WearCloak"],"picked":"TheCursedMod:AbyssShockwave","floor":2},{"not_picked":["Yin","CherryBlossoms","Laetitia"],"picked":"Singing Bowl","floor":4},{"not_picked":["SnowQueen","PunishingBird"],"picked":"MeatLantern","floor":4},{"not_picked":["TheCursedMod:CursedMace","TheCursedMod:SpitefulPray"],"picked":"TheCursedMod:Neurasthenia","floor":4},{"not_picked":["BigBird","Murderer"],"picked":"SpiderBud","floor":5},{"not_picked":["TheCursedMod:SmokeScreen","TheCursedMod:WearCloak"],"picked":"TheCursedMod:FleshFromBone","floor":5}],"player_experience":993,"relics_obtained":[],"event_choices":[{"damage_healed":0,"gold_gain":0,"player_choice":"Entered Light","damage_taken":15,"max_hp_gain":0,"max_hp_loss":0,"event_name":"Shining Light","floor":3,"gold_loss":0,"cards_upgraded":["TheCursedMod:Strike_TheCursed","TheCursedMod:AbyssShockwave"]}],"is_beta":false,"boss_relics":[],"items_purged_floors":[],"is_endless":false,"potions_floor_spawned":[1],"killed_by":"3 Sentries","ascension_level":0}}