{"host":"50per11302020","time":1610769085,"event":{"mods":["AchievementEnabler","BaseMod","Colored Map","Minty Spire (QoL Compilation)","Relic Stats","StSLib"],"gold_per_floor":[114,114,132,151,151,151,170,141,164,176,176,24,24,36,36,36,36],"floor_reached":16,"language":"ENG","playtime":581,"items_purged":[],"score":132,"play_id":"21cd375a-12da-4956-81d2-ac90835e5a83","local_time":"20210115195125","is_ascension_mode":true,"campfire_choices":[{"data":"Chill","floor":6,"key":"SMITH"},{"floor":11,"key":"REST"},{"data":"Darkness","floor":13,"key":"SMITH"},{"floor":15,"key":"RECALL"}],"circlet_count":0,"master_deck":["Strike_B","Strike_B","Strike_B","Strike_B","Defend_B","Defend_B","Defend_B","Defend_B","Zap","Dualcast","Compile Driver","Gash","Chill+1","Pain","Rebound","Darkness+1","Defragment"],"relics":["Busted Crown","GremlinMask","WarpedTongs","Vajra"],"acts_visited":["Exordium"],"potions_floor_usage":[10,14,14],"damage_taken":[{"damage":2,"enemies":"Small Slimes","floor":1,"turns":3},{"damage":0,"enemies":"Cultist","floor":3,"turns":3},{"damage":8,"enemies":"2 Louse","floor":4,"turns":3},{"damage":13,"enemies":"Red Slaver","floor":7,"turns":4},{"damage":21,"enemies":"Exordium Thugs","floor":8,"turns":5},{"damage":9,"enemies":"3 Louse","floor":10,"turns":5},{"damage":5,"enemies":"Lots of Slimes","floor":14,"turns":4},{"damage":38,"enemies":"Slime Boss","floor":16,"turns":3}],"seed_played":"2293787085892380424","potions_obtained":[{"floor":3,"key":"Swift Potion"},{"floor":7,"key":"SkillPotion"},{"floor":14,"key":"PowerPotion"}],"is_trial":false,"path_per_floor":["M","?","M","M","?","R","M","M","T","M","R","$","R","M","R","B"],"character_chosen":"DEFECT","items_purchased":["LiquidBronze","LiquidBronze"],"campfire_rested":1,"item_purchase_floors":[12,12],"current_hp_per_floor":[66,66,66,58,58,58,45,24,24,15,37,37,37,32,32,0,0],"gold":36,"neow_bonus":"BOSS_RELIC","is_daily":false,"chose_seed":false,"campfire_upgraded":2,"win_rate":0.0,"timestamp":1610769085,"path_taken":["M","?","M","?","?","R","M","?","T","M","R","$","R","M","R","BOSS"],"items_purchased_type":["Potion","Potion"],"build_version":"2020-12-18","purchased_purges":0,"victory":false,"max_hp_per_floor":[75,75,75,75,75,75,75,75,75,75,75,75,75,75,75,75,75],"relic_stats":{"Busted Crown":14,"counters":[8,30],"obtain_stats":[{"Busted Crown":0,"Vajra":9,"GremlinMask":2,"Cracked Core":0,"WarpedTongs":5},{"Busted Crown":0,"Vajra":5,"GremlinMask":1,"Cracked Core":0,"WarpedTongs":3},{"Busted Crown":0,"Vajra":18,"GremlinMask":3,"Cracked Core":0,"WarpedTongs":9}],"WarpedTongs":[21]},"card_choices":[{"not_picked":[],"picked":"Compile Driver","floor":1},{"not_picked":[],"picked":"Gash","floor":3},{"not_picked":[],"picked":"Chill","floor":4},{"not_picked":[],"picked":"Rebound","floor":7},{"not_picked":[],"picked":"Darkness","floor":8},{"not_picked":["Leap"],"picked":"SKIP","floor":10},{"not_picked":[],"picked":"Defragment","floor":14}],"player_experience":218397,"relics_obtained":[{"floor":9,"key":"Vajra"}],"event_choices":[{"damage_healed":0,"gold_gain":0,"player_choice":"Trade","damage_taken":0,"relics_obtained":["GremlinMask"],"max_hp_gain":0,"max_hp_loss":0,"event_name":"FaceTrader","floor":2,"gold_loss":0},{"damage_healed":0,"gold_gain":0,"player_choice":"Rummage","damage_taken":0,"relics_obtained":["WarpedTongs"],"max_hp_gain":0,"max_hp_loss":0,"event_name":"Accursed Blacksmith","floor":5,"gold_loss":0,"cards_obtained":["Pain"]}],"is_beta":true,"boss_relics":[],"items_purged_floors":[],"is_endless":false,"potions_floor_spawned":[3,7,14],"killed_by":"Slime Boss","ascension_level":8}}