{"host":"7koe0iw0zllko92h","time":1610800455,"event":{"mods":["Act Like it!","BaseMod","Colored Powertips","Hermit","Hubris","Infinite Spire","Minty Spire (QoL Compilation)","Replay The Spire","StSLib","The Cursed"],"gold_per_floor":[115,134,134,152,163,188,251,261,261,261,328,328,77,89,89,185,185,196,196,196,57,124,124,154,168,168,168,168,16,16,35,35,139,139,157,218,218,296,42,42,42,42,53,58,58],"floor_reached":44,"language":"ENG","playtime":3487,"items_purged":["infinitespire:Pacifist","Sickly"],"score":528,"play_id":"f6c02025-4b5d-42a4-9cf5-2a9ff47f74fa","local_time":"20210116073415","is_ascension_mode":false,"campfire_choices":[{"floor":10,"key":"REST"},{"floor":12,"key":"REST"},{"floor":15,"key":"REST"},{"floor":23,"key":"REST"},{"floor":28,"key":"REST"},{"floor":32,"key":"REST"},{"data":"hermit:Virtue","floor":42,"key":"SMITH"}],"circlet_count":0,"master_deck":["hermit:Strike_Hermit","hermit:Strike_Hermit","hermit:Strike_Hermit","hermit:Strike_Hermit","hermit:Defend_Hermit","hermit:Defend_Hermit","hermit:Defend_Hermit","hermit:Defend_Hermit","hermit:Snapshot","hermit:Covet","Good Instincts","hermit:ItchyTrigger","hermit:Maintenance","hermit:Ricochet","hermit:Virtue+1","hermit:Combo","hermit:Snipe","hermit:FlashPowder","hermit:Horror","hermit:TrackingShot","hermit:Brawl","hermit:NoHoldsBarred","hermit:Ricochet","hubris:Insight","hermit:Malice","hermit:EternalForm+1","Sickly","hermit:Snapshot","hermit:Dissolve","Bandage Up","infinitespire:Execution","hermit:LowProfile+1","hermit:Brawl","hermit:WideOpen","Mind Blast","hermit:Feint","hermit:Shortfuse","hermit:Enervate+1","hermit:BlackWind","hermit:Roughhouse+1","hermit:Quickdraw","hermit:Headshot+1","hermit:SprayPray+1"],"relics":["hermit:Momento","Bronze Scales","hermit:RedScarf","ReplayTheSpireMod:TigerMarble","hubris:MobiusCoin","ReplayTheSpireMod:SealedPack","ReplayTheSpireMod:CursedCoin","hermit:RyeStalk","infinitespire:Satchel","FaceOfCleric","Bag of Marbles","infinitespire:WardingShard","Cursed Key","Toxic Egg 2","Guide Book"],"acts_visited":["Exordium","TheCity","TheBeyond"],"potions_floor_usage":[16,22,24,31,31,33,44,44],"damage_taken":[{"damage":0,"enemies":"Small Slimes","floor":1,"turns":4},{"damage":0,"enemies":"Cultist","floor":2,"turns":3},{"damage":3,"enemies":"Jaw Worm","floor":4,"turns":3},{"damage":2,"enemies":"Looter","floor":5,"turns":3},{"damage":16,"enemies":"Lagavulin","floor":6,"turns":6},{"damage":5,"enemies":"Red Slaver","floor":8,"turns":3},{"damage":9,"enemies":"Blue Slaver","floor":11,"turns":2},{"damage":3,"enemies":"Exordium Thugs","floor":14,"turns":4},{"damage":0,"enemies":"Slime Boss","floor":16,"turns":5},{"damage":23,"enemies":"2 Thieves","floor":18,"turns":4},{"damage":24,"enemies":"Shell Parasite","floor":22,"turns":4},{"damage":0,"enemies":"Replay:Snechameleon","floor":24,"turns":8},{"damage":26,"enemies":"Shelled Parasite and Fungi","floor":25,"turns":4},{"damage":11,"enemies":"Centurion and Healer","floor":31,"turns":4},{"damage":69,"enemies":"Champ","floor":33,"turns":12},{"damage":3,"enemies":"Orb Walker","floor":35,"turns":2},{"damage":0,"enemies":"3 Shapes","floor":36,"turns":2},{"damage":0,"enemies":"Jaw Worm Horde","floor":43,"turns":2},{"damage":80,"enemies":"Nightmare","floor":44,"turns":7}],"seed_played":"1560474573969996225","potions_obtained":[{"floor":1,"key":"Languid Potion"},{"floor":6,"key":"BlessingOfTheForge"},{"floor":7,"key":"infinitespire:BlackPotion"},{"floor":11,"key":"ColorlessPotion"},{"floor":22,"key":"Venom Potion"},{"floor":25,"key":"hermit:BlackBile"},{"floor":33,"key":"LiquidBronze"},{"floor":43,"key":"CultistPotion"}],"is_trial":false,"path_per_floor":["M","M","?","M","M","E","?","M","T","R","M","R","$","M","R","B",null,"M","?","?","$","M","R","E","M","T","?","R","$","T","M","R","B",null,"M","M","?","T","$","PTL","PTL","R","M","NM"],"character_chosen":"HERMIT","items_purchased":["hermit:Brawl","hermit:NoHoldsBarred","hermit:Ricochet","hubris:Insight","ReplayTheSpireMod:CursedCoin","hermit:Brawl","hermit:WideOpen","Mind Blast","Bag of Marbles","Guide Book"],"campfire_rested":6,"item_purchase_floors":[13,13,13,13,21,21,21,21,29,39],"current_hp_per_floor":[75,75,75,72,70,54,24,19,19,41,32,54,54,51,73,73,75,56,56,56,56,32,54,58,32,32,32,54,54,54,52,74,10,77,75,76,76,76,76,76,76,76,77,0,0],"gold":58,"neow_bonus":"RANDOM_COLORLESS","is_daily":false,"chose_seed":false,"campfire_upgraded":1,"win_rate":0.0,"timestamp":1610800455,"path_taken":["M","M","?","M","M","E","?","M","T","R","M","R","$","?","R","BOSS","M","?","?","$","M","R","E","?","T","?","R","?","?","M","R","BOSS","M","M","?","?","$","PTL","PTL","R","M","NM"],"items_purchased_type":["Card","Card","Card","Card","Relic","Card","Card","Card","Relic","Relic"],"build_version":"2020-12-22","purchased_purges":2,"victory":false,"max_hp_per_floor":[75,75,75,75,75,75,75,75,75,75,75,75,75,75,75,75,75,75,75,75,75,75,75,75,75,75,75,75,75,75,76,76,77,77,78,79,79,79,79,79,79,79,80,80,80],"card_choices":[{"not_picked":["Survey Options","hubris:Ssssneak"],"picked":"Good Instincts","floor":0},{"not_picked":["hermit:GoldenBullet","hermit:Vantage"],"picked":"hermit:ItchyTrigger","floor":1},{"not_picked":["hermit:Desperado","hermit:FullyLoaded"],"picked":"hermit:Maintenance","floor":2},{"not_picked":["hermit:Misfire","hermit:BodyArmor"],"picked":"hermit:Ricochet","floor":4},{"not_picked":["hermit:TrackingShot","hermit:Snipe"],"picked":"hermit:Virtue","floor":5},{"not_picked":["hermit:BodyArmor","hermit:Dive"],"picked":"hermit:Combo","floor":6},{"not_picked":["hermit:Dive","hermit:HoleUp"],"picked":"hermit:Snipe","floor":7},{"not_picked":["hermit:TakeCover","hermit:GhostlyPresence"],"picked":"hermit:FlashPowder","floor":7},{"not_picked":["hermit:Roulette","hermit:Misfire"],"picked":"hermit:Horror","floor":8},{"not_picked":["hermit:Misfire","hermit:Glare"],"picked":"hermit:TrackingShot","floor":11},{"not_picked":["hermit:LoneWolf","hermit:ShadowCloak"],"picked":"hermit:Malice","floor":14},{"not_picked":["hermit:FinalCanter","hermit:DeadOrAlive"],"picked":"hermit:EternalForm","floor":16},{"not_picked":["Survivor","m_Survivalism"],"picked":"hermit:Snapshot","floor":17},{"not_picked":["hermit:HeroicBravado","hermit:Purgatory"],"picked":"hermit:Dissolve","floor":17},{"not_picked":["hubris:Insight","Blind"],"picked":"Bandage Up","floor":17},{"not_picked":["infinitespire:SealOfDarkness+","ReplayTheSpireMod:Haul"],"picked":"infinitespire:Execution","floor":17},{"not_picked":["hermit:TakeCover","hermit:Vantage"],"picked":"hermit:LowProfile+1","floor":18},{"not_picked":["hermit:Scavenge+1","hermit:GoldenBullet"],"picked":"hermit:Feint","floor":22},{"not_picked":["hermit:Spite","hermit:Roulette"],"picked":"hermit:Shortfuse","floor":24},{"not_picked":["hermit:Malice+1","hermit:Virtue+1"],"picked":"hermit:Enervate+1","floor":25},{"not_picked":["hermit:WideOpen","hermit:Combo"],"picked":"hermit:BlackWind","floor":31},{"not_picked":["hermit:DeadOrAlive","hermit:Gambit"],"picked":"hermit:Roughhouse","floor":33},{"not_picked":["hermit:Gestalt+1","hermit:Desperado"],"picked":"hermit:Quickdraw","floor":35},{"not_picked":["hermit:BodyArmor+1","hermit:HighCaliber+1"],"picked":"hermit:Headshot+1","floor":36},{"not_picked":["hermit:Desperado","hermit:Shortfuse+1"],"picked":"hermit:SprayPray+1","floor":43}],"player_experience":707711,"relics_obtained":[{"floor":3,"key":"Bronze Scales"},{"floor":6,"key":"hermit:RedScarf"},{"floor":7,"key":"ReplayTheSpireMod:TigerMarble"},{"floor":9,"key":"hubris:MobiusCoin"},{"floor":24,"key":"hermit:RyeStalk"},{"floor":26,"key":"infinitespire:Satchel"},{"floor":30,"key":"infinitespire:WardingShard"},{"floor":38,"key":"Toxic Egg 2"}],"event_choices":[{"damage_healed":0,"gold_gain":0,"player_choice":"Ignored","damage_taken":0,"max_hp_gain":0,"max_hp_loss":0,"event_name":"Beggar","floor":19,"gold_loss":0},{"damage_healed":0,"gold_gain":0,"player_choice":"Ignored","damage_taken":0,"max_hp_gain":0,"max_hp_loss":0,"event_name":"Purifier","floor":20,"gold_loss":0},{"damage_healed":0,"gold_gain":0,"player_choice":"Trade","damage_taken":0,"relics_obtained":["FaceOfCleric"],"max_hp_gain":0,"max_hp_loss":0,"event_name":"FaceTrader","floor":27,"gold_loss":0},{"damage_healed":0,"gold_gain":0,"player_choice":"Ignored","damage_taken":0,"max_hp_gain":0,"max_hp_loss":0,"event_name":"Tomb of Lord Red Mask","floor":37,"gold_loss":0}],"is_beta":false,"boss_relics":[{"not_picked":["hermit:BartenderGlass","Fusion Hammer"],"picked":"ReplayTheSpireMod:SealedPack"},{"not_picked":["Astrolabe","Runic Dome"],"picked":"Cursed Key"}],"items_purged_floors":[21,39],"is_endless":false,"potions_floor_spawned":[1,6,11,22,25,33,43],"killed_by":"Nightmare","ascension_level":0}}