{"host":"qxeepl7ydvsgmfdb","time":1610800492,"event":{"mods":["AchievementEnabler","BaseMod","Colored Powertips","Minty Spire (QoL Compilation)","Quick Restart","slay the spire mod where everything is the same but ironclad has a cowboy hat"],"gold_per_floor":[113,113,113,125,125,166,189,232,308,29,52,52,2,16,16,16,16],"floor_reached":16,"language":"ENG","playtime":282,"items_purged":[],"score":182,"play_id":"ba55aa6d-2a5d-42c2-b4e7-4080a09b64ca","local_time":"20210116073452","is_ascension_mode":true,"campfire_choices":[{"data":"1","floor":12.0,"key":"LIFT"},{"floor":15.0,"key":"REST"}],"circlet_count":0,"master_deck":["Strike_G","Strike_G","Strike_G","Strike_G","Strike_G","Defend_G","Defend_G","Defend_G","Defend_G","Defend_G","Survivor","Neutralize","Backstab","Poisoned Stab","Cloak And Dagger","Adrenaline","Dramatic Entrance","Deadly Poison","Backstab"],"relics":["Ring of the Snake","NeowsBlessing","Girya","Golden Idol","Smiling Mask","Bag of Preparation","Letter Opener","Bronze Scales"],"acts_visited":["Exordium"],"potions_floor_usage":[16],"damage_taken":[{"damage":0.0,"enemies":"Cultist","floor":1.0,"turns":1.0},{"damage":0.0,"enemies":"Jaw Worm","floor":4.0,"turns":1.0},{"damage":0.0,"enemies":"3 Sentries","floor":6.0,"turns":1.0},{"damage":3.0,"enemies":"Small Slimes","floor":7.0,"turns":3.0},{"damage":24.0,"enemies":"Gremlin Nob","floor":8.0,"turns":4.0},{"damage":0.0,"enemies":"Blue Slaver","floor":11.0,"turns":2.0},{"damage":0.0,"enemies":"Exordium Thugs","floor":14.0,"turns":3.0},{"damage":40,"enemies":"Slime Boss","floor":16,"turns":7}],"seed_played":"-1752694853636026448","potions_obtained":[{"floor":6.0,"key":"SteroidPotion"},{"floor":11.0,"key":"Dexterity Potion"}],"is_trial":false,"path_per_floor":["M","$","?","M","?","E","M","E","T","$","M","R","?","M","R","B"],"character_chosen":"THE_SILENT","items_purchased":["Bronze Scales","Dramatic Entrance","Deadly Poison"],"campfire_rested":1,"item_purchase_floors":[10,10,10],"current_hp_per_floor":[63,63,63,63,46,46,43,19,19,19,19,19,19,19,40,0,0],"gold":16,"neow_bonus":"THREE_ENEMY_KILL","is_daily":false,"chose_seed":false,"campfire_upgraded":0,"win_rate":0.0,"timestamp":1610800492,"path_taken":["M","?","?","M","?","E","M","E","T","?","?","R","?","M","R","BOSS"],"items_purchased_type":["Relic","Card","Card"],"build_version":"2020-12-22","purchased_purges":0,"victory":false,"max_hp_per_floor":[70,70,70,70,70,70,70,70,70,70,70,70,70,70,70,70,70],"card_choices":[{"not_picked":["PiercingWail","Bane"],"picked":"Backstab","floor":1.0},{"not_picked":["Prepared","Calculated Gamble","Dodge and Roll"],"picked":"SKIP","floor":4.0},{"not_picked":["Acrobatics","Malaise"],"picked":"Poisoned Stab","floor":6.0},{"not_picked":["Predator","Tactician"],"picked":"Cloak And Dagger","floor":7.0},{"not_picked":["Flying Knee","Sucker Punch"],"picked":"Adrenaline","floor":8.0},{"not_picked":["Leg Sweep","Expertise"],"picked":"Backstab","floor":11.0},{"not_picked":["Outmaneuver","Dodge and Roll","Catalyst"],"picked":"SKIP","floor":14.0}],"player_experience":151130,"relics_obtained":[{"floor":6.0,"key":"Smiling Mask"},{"floor":8.0,"key":"Bag of Preparation"},{"floor":9.0,"key":"Letter Opener"}],"event_choices":[{"damage_healed":0.0,"max_hp_gain":0.0,"max_hp_loss":0.0,"gold_gain":0.0,"event_name":"Big Fish","player_choice":"Box","floor":3.0,"gold_loss":0.0,"damage_taken":0.0,"relics_obtained":["Girya"],"cards_obtained":["Regret"]},{"damage_healed":0.0,"max_hp_gain":0.0,"max_hp_loss":0.0,"gold_gain":0.0,"event_name":"Golden Idol","player_choice":"Take Damage","floor":5.0,"gold_loss":0.0,"damage_taken":17.0,"relics_obtained":["Golden Idol"]},{"cards_removed":["Regret"],"damage_healed":0.0,"max_hp_gain":0.0,"max_hp_loss":0.0,"gold_gain":0.0,"event_name":"The Cleric","player_choice":"Card Removal","floor":13.0,"gold_loss":50.0,"damage_taken":0.0}],"is_beta":false,"boss_relics":[],"items_purged_floors":[],"is_endless":false,"potions_floor_spawned":[6,11],"killed_by":"Slime Boss","ascension_level":7}}