{"host":"lehz9p79pih88cc3","time":1610777403,"event":{"mods":["AchievementEnabler","Act Like it!","Ascension Reborn","Aspiration","BaseMod","Better Note","Better Skull","Better Third Choice","CapriCore","Chen","Conspire","Defuse TimeMaze Blight","Disable Question Mark Monsters","Downfall","Emptier Cage","Gensokyo","GungeonMod","Infinite Spire","Koishi","KomeijiMod","Marisa????????","Minty Spire (QoL Compilation)","Permanent Neow","Quick Restart","Reimu??????","Relic Stats","Remilia_Scarlet Moed?????·?????3.3.5","Remilia??????","SacredBarkPlus","Shop Mod","StSLib","The Immortal","The Servant 0.9.4","Transform Curses","Uncapped","Yakumo Yukari mod","everything is the same but u backflip on backflip","thorton"],"gold_per_floor":[117,35,35,35,45,79,79,96,96,121,121,153,153,181,181,276,276,289,289,299,309,322,322,349,364,364,463,494,522,522,522,522,624,624,639,913,447,447,547,547,573,583,583,583,369,388,395,412,420,428],"floor_reached":51,"language":"ENG","playtime":1970,"items_purged":["Strike_P+1"],"score":923,"play_id":"abebff01-96da-4ee8-aef1-d35dcf0ad292","local_time":"20210116011003","is_ascension_mode":true,"campfire_choices":[{"floor":7,"key":"REST"},{"data":"MentalFortress","floor":13,"key":"SMITH"},{"floor":15,"key":"REST"},{"data":"Eruption","floor":15,"key":"SMITH"},{"data":"Ragnarok","floor":23,"key":"SMITH"},{"data":"Apotheosis","floor":40,"key":"SMITH"},{"data":"Ragnarok+1","floor":47,"key":"SMITH"},{"data":"Ragnarok+2","floor":49,"key":"SMITH"}],"circlet_count":0,"master_deck":["Strike_P+1","Strike_P+1","Defend_P+1","Defend_P+1","Defend_P+1","Defend_P+1","Eruption+1","Vigilance","MentalFortress+1","infinitespire:Fortify","LikeWater","FlurryOfBlows","ClearTheMind","Tantrum","Ragnarok+3","BattleHymn","Conclude","Apotheosis+1"],"relics":["PureWater","aspiration:Nostalgia","Koishi:ImaginaryFriend","Burning Blood","DemoMod:Bottle","Unceasing Top","Centennial Puzzle","infinitespire:Magic Flask","DemoMod:RiddleOfLead","aspiration:Stabinomicon","Pantograph","Blood Vial","aspiration:ArtOfWarUpgrade","RedLine:ReiMu","conspire:InfiniteJournal","conspire:TopHat","DemoMod:ChaffGrenade","thethorton:BankDeed","Medical Kit"],"acts_visited":["Exordium","TheCity","TheBeyond"],"potions_floor_usage":[6,10,12,22,22,22,28,29,33,46,50],"damage_taken":[{"damage":1,"enemies":"Cultist","floor":1,"turns":4},{"damage":0,"enemies":"conspire:RoseBush","floor":5,"turns":6},{"damage":25,"enemies":"Lagavulin","floor":6,"turns":11},{"damage":5,"enemies":"Jaw Worm","floor":8,"turns":6},{"damage":20,"enemies":"3 Sentries","floor":10,"turns":12},{"damage":8,"enemies":"Gremlin Nob","floor":12,"turns":4},{"damage":20,"enemies":"3 Sentries","floor":14,"turns":10},{"damage":23,"enemies":"The Guardian","floor":16,"turns":16},{"damage":0,"enemies":"Spheric Guardian","floor":18,"turns":4},{"damage":1,"enemies":"Shell Parasite","floor":20,"turns":3},{"damage":9,"enemies":"Cultist and Chosen","floor":21,"turns":3},{"damage":8,"enemies":"Sentry and Sphere","floor":22,"turns":4},{"damage":13,"enemies":"Book of Stabbing","floor":24,"turns":3},{"damage":0,"enemies":"Centurion and Healer","floor":25,"turns":4},{"damage":10,"enemies":"conspire:SneckoGhost","floor":28,"turns":5},{"damage":0,"enemies":"conspire:MimicChest","floor":29,"turns":1},{"damage":7,"enemies":"conspire:MysteriousRune","floor":33,"turns":3},{"damage":0,"enemies":"Orb Walker","floor":35,"turns":2},{"damage":5,"enemies":"Nemesis","floor":41,"turns":3},{"damage":0,"enemies":"3 Darklings","floor":42,"turns":2},{"damage":14,"enemies":"Writhing Mass","floor":46,"turns":2},{"damage":0,"enemies":"Sphere and 2 Shapes","floor":48,"turns":1},{"damage":75,"enemies":"Awakened One","floor":50,"turns":7}],"seed_played":"6908727826430541883","potions_obtained":[{"floor":5,"key":"LiquidMemories"},{"floor":6,"key":"hexamod:SoulburnPotion"},{"floor":8,"key":"PowerPotion"},{"floor":16,"key":"ZuzhouPotion:ReiMu"},{"floor":18,"key":"Dexterity Potion"},{"floor":21,"key":"EntropicBrew"},{"floor":41,"key":"Strength Potion"},{"floor":48,"key":"PowerPotion"}],"is_trial":false,"path_per_floor":["M","$","?","?","M","E","R","M","T","E","?","E","R","E","R","B",null,"M","?","M","M","M","R","E","M","T","?","E","?","R","?","R","B",null,"M","?","$","?","?","R","E","M","T","AVR","$","M","R","M","R","B",null],"character_chosen":"WATCHER","items_purchased":["LikeWater","conspire:InfiniteJournal","Apotheosis","Medical Kit"],"campfire_rested":2,"item_purchase_floors":[2,37,37,45],"current_hp_per_floor":[71,71,54,54,54,29,50,51,51,37,37,35,35,21,42,25,82,82,82,82,79,77,77,70,76,76,76,72,80,80,80,80,81,82,82,82,82,82,82,82,82,82,82,82,82,74,74,82,82,13],"gold":436,"neow_bonus":"NOSTALGIA","is_daily":false,"chose_seed":false,"campfire_upgraded":6,"win_rate":0.0,"timestamp":1610777403,"path_taken":["M","$","?","?","M","E","R","M","T","E","?","E","R","E","R","BOSS","M","?","?","M","M","R","E","?","T","?","E","?","R","?","R","BOSS","M","?","$","?","?","R","E","?","T","AVR","?","?","R","M","R","BOSS"],"items_purchased_type":["Card","Relic","Card","Relic"],"build_version":"2020-12-22","purchased_purges":1,"victory":true,"max_hp_per_floor":[72,72,72,72,72,72,72,72,72,72,72,72,72,72,72,72,82,82,82,82,82,82,82,82,82,82,82,82,82,82,82,82,82,82,82,82,82,82,82,82,82,82,82,82,82,82,82,82,82,82],"relic_stats":{"Blood Vial":6,"Centennial Puzzle":[33],"counters":[23,116],"Pantograph":0,"Medical Kit":[0],"obtain_stats":[{"aspiration:Nostalgia":0,"DemoMod:ChaffGrenade":43,"DemoMod:GlassGuonStoneRelic":6,"aspiration:Stabinomicon":24,"aspiration:SeaSaltIceCream":6,"infinitespire:Magic Flask":14,"DemoMod:RiddleOfLead":17,"Medical Kit":45,"Burning Blood":6,"conspire:TopHat":41,"RedLine:ReiMu":34,"conspire:InfiniteJournal":37,"Blood Vial":28,"Centennial Puzzle":12,"Pantograph":26,"aspiration:ArtOfWarUpgrade":32,"Art of War":29,"PureWater":0,"thethorton:BankDeed":44,"DemoMod:Bottle":9,"Unceasing Top":10,"Koishi:ImaginaryFriend":0},{"aspiration:Nostalgia":0,"DemoMod:ChaffGrenade":20,"DemoMod:GlassGuonStoneRelic":3,"aspiration:Stabinomicon":13,"aspiration:SeaSaltIceCream":3,"infinitespire:Magic Flask":7,"DemoMod:RiddleOfLead":8,"Medical Kit":20,"Burning Blood":3,"conspire:TopHat":19,"RedLine:ReiMu":17,"conspire:InfiniteJournal":18,"Blood Vial":15,"Centennial Puzzle":6,"Pantograph":14,"aspiration:ArtOfWarUpgrade":16,"Art of War":16,"PureWater":0,"thethorton:BankDeed":20,"DemoMod:Bottle":4,"Unceasing Top":5,"Koishi:ImaginaryFriend":0},{"aspiration:Nostalgia":0,"DemoMod:ChaffGrenade":106,"DemoMod:GlassGuonStoneRelic":21,"aspiration:Stabinomicon":86,"aspiration:SeaSaltIceCream":21,"infinitespire:Magic Flask":53,"DemoMod:RiddleOfLead":69,"Medical Kit":106,"Burning Blood":21,"conspire:TopHat":104,"RedLine:ReiMu":99,"conspire:InfiniteJournal":101,"Blood Vial":95,"Centennial Puzzle":43,"Pantograph":90,"aspiration:ArtOfWarUpgrade":96,"Art of War":96,"PureWater":0,"thethorton:BankDeed":106,"DemoMod:Bottle":27,"Unceasing Top":39,"Koishi:ImaginaryFriend":0}],"Burning Blood":96,"Unceasing Top":[1]},"card_choices":[{"not_picked":["Wireheading","FlurryOfBlows"],"picked":"MentalFortress","floor":1},{"not_picked":["infinitespire:Starlight","infinitespire:Collect"],"picked":"infinitespire:Fortify","floor":3},{"not_picked":["Wireheading","FlurryOfBlows"],"picked":"LikeWater","floor":5},{"not_picked":["Blasphemy","Vengeance"],"picked":"FlurryOfBlows","floor":6},{"not_picked":["WheelKick","WaveOfTheHand"],"picked":"ClearTheMind","floor":8},{"not_picked":["CrushJoints","Swivel"],"picked":"Tantrum","floor":10},{"not_picked":["EmptyBody","Pray","Evaluate"],"picked":"SKIP","floor":12},{"not_picked":["SpiritShield","Halt","Collect"],"picked":"SKIP","floor":14},{"not_picked":["Blasphemy","MasterReality"],"picked":"Ragnarok","floor":16},{"not_picked":["Evaluate+1","Nirvana","ClearTheMind"],"picked":"SKIP","floor":18},{"not_picked":["BowlingBash","FearNoEvil","InnerPeace"],"picked":"SKIP","floor":20},{"not_picked":["ClearTheMind+1","Consecrate"],"picked":"BattleHymn","floor":21},{"not_picked":["DeceiveReality","Swivel+1","ReachHeaven"],"picked":"SKIP","floor":22},{"not_picked":["Protect","LikeWater","ClearTheMind"],"picked":"SKIP","floor":24},{"not_picked":["Fasting2+1","FollowUp+1","Crescendo"],"picked":"SKIP","floor":25},{"not_picked":["Vault","PathToVictory+1"],"picked":"Conclude","floor":28},{"not_picked":["CutThroughFate","ClearTheMind","LikeWater+1"],"picked":"SKIP","floor":35},{"not_picked":["MasterReality","Worship+1","FlurryOfBlows"],"picked":"SKIP","floor":41},{"not_picked":["EmptyFist+1","PathToVictory","CrushJoints"],"picked":"SKIP","floor":42},{"not_picked":["JustLucky+1","Protect+1","Prostrate"],"picked":"SKIP","floor":46},{"not_picked":["WindmillStrike+1","BowlingBash","Protect+1"],"picked":"SKIP","floor":48}],"player_experience":255797,"relics_obtained":[{"floor":6,"key":"aspiration:SeaSaltIceCream"},{"floor":9,"key":"DemoMod:Bottle"},{"floor":10,"key":"Unceasing Top"},{"floor":12,"key":"Centennial Puzzle"},{"floor":14,"key":"infinitespire:Magic Flask"},{"floor":24,"key":"aspiration:Stabinomicon"},{"floor":26,"key":"Pantograph"},{"floor":28,"key":"Blood Vial"},{"floor":29,"key":"Art of War"},{"floor":41,"key":"conspire:TopHat"},{"floor":43,"key":"DemoMod:ChaffGrenade"}],"event_choices":[{"cards_removed":["Strike_P"],"damage_healed":0,"gold_gain":0,"player_choice":"Offered Basic","damage_taken":0,"max_hp_gain":0,"max_hp_loss":0,"event_name":"Bonfire Elementals","floor":19,"gold_loss":0},{"damage_healed":0,"gold_gain":99,"player_choice":"Steal","damage_taken":0,"max_hp_gain":0,"max_hp_loss":0,"event_name":"betterThird:BetterNest","floor":27,"gold_loss":0},{"damage_healed":0,"gold_gain":0,"player_choice":"Simplicity","damage_taken":0,"max_hp_gain":0,"max_hp_loss":7,"event_name":"betterThird:BetterWriting","floor":31,"gold_loss":0},{"cards_removed":["LikeWater"],"damage_healed":0,"gold_gain":0,"player_choice":"Removed Power","damage_taken":0,"max_hp_gain":0,"max_hp_loss":0,"event_name":"Falling","floor":38,"gold_loss":0},{"damage_healed":0,"gold_gain":100,"player_choice":"Pray","damage_taken":0,"max_hp_gain":0,"max_hp_loss":0,"event_name":"Golden Shrine","floor":39,"gold_loss":0}],"is_beta":false,"boss_relics":[{"not_picked":["thethorton:GreedFountain","Runic Dome"],"picked":"DemoMod:RiddleOfLead"},{"not_picked":["Coffee Dripper","conspire:SeveredTorchhead"],"picked":"RedLine:ReiMu"}],"items_purged_floors":[45],"is_endless":false,"potions_floor_spawned":[5,6,8,16,18,21,24,41,48],"ascension_level":1}}