{"host":"3pvh99l9qedhoxgj","time":1610795135,"event":{"mods":["Alarm Clock","BaseMod","Colored Map","Colored Powertips","Conspire","Highlight Path","Infinite Spire","Minty Spire (QoL Compilation)","Relic Stats","Replay The Spire","StSLib","The Bug Knight","[功能]功能增强和修复MOD","【遗物卡牌】REMEMod"],"gold_per_floor":[112,112,62,62,54,85,119,119,191,216,216,257,237,237,237,815,815,836,836,956,991,986,1016,952,987,987,1012,1044,1076,1056,1056,1056,1596,1596,1611,1606,1606,1561,1609,1747,1893,1893,1893,1893,43,95,184,243,243,285,331],"floor_reached":52,"language":"ZHS","playtime":3472,"items_purged":["Wraith Form v2","HollowMod:QuickDashStart","ReplayUltimateDefense","Enlightenment","HollowMod:PogoStrike","REME_FirmDetermination","HollowMod:QuickDashStart","HollowMod:NailStrikeStart","HollowMod:NailStrikeStart","HollowMod:QuickDashStart","Trip","HollowMod:FocusHealStart","HollowMod:NailStrikeStart","HollowMod:NailStrikeStart","HollowMod:QuickDashStart","Crystallizer","Amnesia","Regret","ReplayTheSpireMod:Splinters","Hallucinations","CommonCold","ReplayTheSpireMod:Strike From Hell","Echo Form","REME_BuildACard+1","HollowMod:SlysStrikes","ReplayTheSpireMod:Necrogeddon","Dagger Spray+1","CommonCold","Iron Wave+1","Bane+1","Steam+1","ReplayTheSpireMod:Strike From Hell+1","REME_SelfUpgrade+1","Iron Wave+1","Slice+1","HollowMod:theNailsmith+1","HollowMod:CloakDash","REME_MagicPocketWatch+1"],"score":3242,"play_id":"83ebb5a3-55c4-4c7f-86d2-279397269cd5","local_time":"20210116190535","daily_mods":["Allstar","Red Cards","Green Cards","Blue Cards","Purple Cards","Colorless Cards","Heirloom","Flight","DeadlyEvents","Lethality"],"is_ascension_mode":true,"campfire_choices":[{"floor":8,"key":"REST"},{"floor":11,"key":"REST"},{"floor":15,"key":"REST"},{"floor":32,"key":"DIG"},{"data":"DevaForm","floor":42,"key":"SMITH"},{"data":"Demon Form","floor":42,"key":"SMITH"},{"data":"Storm of Steel","floor":44,"key":"SMITH"},{"data":"Jack Of All Trades","floor":44,"key":"SMITH"},{"data":"Creative AI","floor":49,"key":"SMITH"},{"data":"Thinking Ahead","floor":49,"key":"SMITH"}],"circlet_count":0,"master_deck":["Demon Form+1","DevaForm+1","AscendersBane","Bandage Up","Slice","Gash","Infinite Blades","ReplayGash+1","Secret Technique","HollowMod:CycloneSlash","Storm of Steel+1","Jack Of All Trades+1","Beam Cell","Heavy Blade","Forethought+1","Warcry+1","Thinking Ahead+1","Adrenaline","Creative AI+1","Blade Dance","Pommel Strike+1","HollowMod:Weaversong+1","Heavy Blade","Secret Weapon+1","Distraction","Chrysalis+1","REME_WheelOfFate+1","Tools of the Trade+1","Distraction+1","Jack Of All Trades+1","Violence+1","Heatsinks+1","Clash+1","Calculated Gamble+1","Twin Strike+1","Heavy Blade+1","Thunderclap+1","FTL","Turbo+1","ReplayTheSpireMod:Private Reserves+1","Cloak And Dagger+1","Bloodletting+1","REME_Cut+1"],"relics":["HollowMod:VesselMask","replay:Trail_Library","REME_ComplimentaryCards","conspire:GlowingRock","Bronze Scales","Mirror","Strange Spoon","REME_IWantAll","Ancient Tea Set","Membership Card","Darkstone Periapt","ReplayTheSpireMod:TigerMarble","Replay:WaspNest","infinitespire:Midas Blood","Bag of Preparation","infinitespire:Beetle Shell","Replay:Rubber Ducky","Sling","REME_PuzzleBoxRelic","Blood Vial","conspire:TopHat","Replay:Ancient Bell","Potion Belt","Ornamental Fan","Prayer Wheel","Replay:Towering Pillar of Hats","Golden Egg","ReplayTheSpireMod:CursedCoin","HollowMod:MantisClawRelic","Turnip","Replay:Ringing Soul","OrangePellets","PreservedInsect","ReplayTheSpireMod:Lightbulb","conspire:Flyswatter","Orichalcum","HollowMod:MillibellesNoteRelic","conspire:Flyswatter","Shovel","ReplayTheSpireMod:TigerMarble","War Paint","conspire:TreasureMap","Gremlin Food","Art of War","infinitespire:Eraser","Dream Catcher","conspire:SlowCooker","REME_HourglassOfDeath","Replay:Bottled Flurry","Frozen Eye","Chameleon Ring","Orrery","Replay:Wax Seal","infinitespire:EvilPickle","Durian","Centennial Puzzle","infinitespire:PuzzleCube","Replay:Arrowhead","The Courier","CeramicFish","Toxic Egg 2","Lantern","Omamori","Pet Ghost","Lizard Tail","Shuriken","Vajra","Garlic","Pet Ghost","Snack Pack","Akabeko","Iron Hammer","InkBottle","Centennial Puzzle","conspire:DecoderRing","ReplayFunnel","Bird Faced Urn","Replay:Bandana","Oddly Smooth Stone","infinitespire:FocusingShard","Frozen Egg 2","Ginger","Divine Protection","Toolbox","infinitespire:Satchel","Toy Ornithopter","Pantograph"],"acts_visited":["Exordium","TheCity","TheBeyond"],"potions_floor_usage":[5,6,7,10,16,16,21,23,24,24,25,28,28,28,33,33,33,40,50,50],"damage_taken":[{"damage":10.0,"enemies":"Small Slimes","floor":1.0,"turns":4.0},{"damage":52,"enemies":"3 Sentries","floor":6,"turns":5},{"damage":14,"enemies":"Gremlin Nob","floor":7,"turns":3},{"damage":33,"enemies":"3 Sentries","floor":10,"turns":4},{"damage":20,"enemies":"Gremlin Nob","floor":12,"turns":3},{"damage":1,"enemies":"Fading Forest","floor":16,"turns":10},{"damage":14,"enemies":"Shell Parasite","floor":18,"turns":3},{"damage":40,"enemies":"Slavers","floor":21,"turns":3},{"damage":20,"enemies":"Book of Stabbing","floor":23,"turns":2},{"damage":15,"enemies":"Slavers","floor":24,"turns":2},{"damage":9,"enemies":"Book of Stabbing","floor":25,"turns":3},{"damage":0,"enemies":"Slavers","floor":27,"turns":2},{"damage":0,"enemies":"Gremlin Leader","floor":28,"turns":2},{"damage":0,"enemies":"Slavers","floor":29,"turns":2},{"damage":0,"enemies":"Pondfish","floor":33,"turns":5},{"damage":6,"enemies":"3 Darklings","floor":35,"turns":3},{"damage":12,"enemies":"2 Orb Walkers","floor":39,"turns":2},{"damage":21,"enemies":"Nemesis","floor":40,"turns":3},{"damage":0,"enemies":"Reptomancer","floor":41,"turns":2},{"damage":0,"enemies":"Nemesis","floor":46,"turns":1},{"damage":0,"enemies":"Reptomancer","floor":47,"turns":1},{"damage":0,"enemies":"Giant Head","floor":48,"turns":1},{"damage":0,"enemies":"Awakened One","floor":50,"turns":3},{"damage":0,"enemies":"HollowMod:Radiance","floor":51,"turns":1}],"seed_played":"2191592727550538178","potions_obtained":[{"floor":1.0,"key":"Fruit Juice"},{"floor":6,"key":"FairyPotion"},{"floor":6,"key":"Ancient Potion"},{"floor":7,"key":"Adrenaline Potion"},{"floor":10,"key":"Swift Potion"},{"floor":16,"key":"REME_GoldPotion"},{"floor":18,"key":"LifebloodPotion"},{"floor":23,"key":"ColorlessPotion"},{"floor":23,"key":"ColorlessPotion"},{"floor":24,"key":"DistilledChaos"},{"floor":24,"key":"SteroidPotion"},{"floor":25,"key":"SteroidPotion"},{"floor":27,"key":"Regen Potion"},{"floor":29,"key":"Regen Potion"},{"floor":29,"key":"Energy Potion"},{"floor":29,"key":"DuplicationPotion"},{"floor":40,"key":"ColorlessPotion"},{"floor":40,"key":"FairyPotion"}],"is_trial":true,"path_per_floor":["M","WH","$","?","$","E","E","R","T","E","R","E","$","?","R","B",null,"M","?","$","E","$","E","E","E","T","E","E","E","$","?","R","B",null,"M","$","?","$","?","E","E","R","T","R","$","E","E","E","R","B","B",null],"character_chosen":"THE_BUGKNIGHT","items_purchased":["Infinite Blades","Bronze Scales","Mirror","Strange Spoon","EntropicBrew","REME_IWantAll","Ancient Tea Set","Membership Card","ReplayGash+1","Secret Technique","REME_GoldPotion","Fire Potion","infinitespire:Beetle Shell","Replay:Rubber Ducky","Sling","Heavy Blade","Forethought","Warcry","Replay:Towering Pillar of Hats","Golden Egg","ReplayTheSpireMod:CursedCoin","HollowMod:Weaversong","REME_BuildACard","CultistPotion","Swift Potion","Turnip","Replay:Ringing Soul","OrangePellets","Secret Weapon","ReplayTheSpireMod:TigerMarble","War Paint","conspire:TreasureMap","Chrysalis","REME_HourglassOfDeath","Replay:Bottled Flurry","Frozen Eye","Jack Of All Trades","Violence","Heatsinks","DuplicationPotion","Dexterity Potion","SteroidPotion","Chameleon Ring","Orrery","Twin Strike","Replay:Wax Seal","REME_SelfUpgrade","CeramicFish","Toxic Egg 2","Lantern","Omamori","Pet Ghost","Lizard Tail","Shuriken","Vajra","Garlic","Pet Ghost","Snack Pack","Akabeko","Iron Hammer","InkBottle","Centennial Puzzle","conspire:DecoderRing","ReplayFunnel","Bird Faced Urn","Replay:Bandana","Oddly Smooth Stone","infinitespire:FocusingShard","Frozen Egg 2","Ginger","Divine Protection","Toolbox","Turbo+1","ReplayTheSpireMod:Private Reserves+1"],"campfire_rested":3,"item_purchase_floors":[3,3,3,3,3,5,5,5,5,5,5,5,13,13,13,13,13,13,20,20,20,20,20,20,20,22,22,22,22,30,30,30,30,36,36,36,36,36,36,36,36,36,38,38,38,38,38,45,45,45,45,45,45,45,45,45,45,45,45,45,45,45,45,45,45,45,45,45,45,45,45,45,45,45],"current_hp_per_floor":[67,75,75,75,75,34,24,51,51,22,49,37,37,43,72,83,112,101,125,131,93,96,82,69,66,66,68,82,91,94,103,103,127,150,162,165,165,171,164,152,157,157,157,160,163,169,183,194,194,194,194],"gold":331,"neow_bonus":"TEN_PERCENT_HP_BONUS","is_daily":false,"chose_seed":false,"campfire_upgraded":6,"win_rate":0.0,"timestamp":1610795135,"path_taken":["M","WH","$","?","$","E","E","R","T","E","R","E","$","?","R","BOSS","M","?","$","?","$","E","E","E","T","E","E","E","$","?","R","BOSS","M","$","?","$","?","E","E","R","T","R","?","E","E","E","R","BOSS","BOSS"],"items_purchased_type":["Card","Relic","Relic","Relic","Potion","Relic","Relic","Relic","Card","Card","Potion","Potion","Relic","Relic","Relic","Card","Card","Card","Relic","Relic","Relic","Card","Card","Potion","Potion","Relic","Relic","Relic","Card","Relic","Relic","Relic","Card","Relic","Relic","Relic","Card","Card","Card","Potion","Potion","Potion","Relic","Relic","Card","Relic","Card","Relic","Relic","Relic","Relic","Relic","Relic","Relic","Relic","Relic","Relic","Relic","Relic","Relic","Relic","Relic","Relic","Relic","Relic","Relic","Relic","Relic","Relic","Relic","Relic","Relic","Card","Card"],"build_version":"2020-12-22","purchased_purges":38,"victory":true,"max_hp_per_floor":[80,88,88,88,88,91,91,91,91,91,91,91,91,97,97,97,115,115,125,131,133,136,136,136,136,136,136,139,142,145,154,154,158,158,162,165,165,171,176,179,182,182,182,185,188,188,194,194,194,194,194],"relic_stats":{"Darkstone Periapt":36,"CeramicFish":45,"Bag of Preparation":[38],"Ginger":[0],"Blood Vial":28,"Dream Catcher":0,"Centennial Puzzle":[0],"Lizard Tail":0,"Shovel":1,"Pantograph":0,"Prayer Wheel":2,"InkBottle":[15],"counters":[24,70],"PreservedInsect":565,"Orichalcum":[0],"War Paint":["Warcry","Forethought"],"Strange Spoon":[177],"OrangePellets":[8],"Ornamental Fan":[232],"Shuriken":[19],"Bronze Scales":[146],"Bird Faced Urn":[7],"Turnip":[3],"Art of War":[0],"obtain_stats":[{"Golden Egg":20,"Divine Protection":45,"CeramicFish":45,"Vajra":45,"HollowMod:VesselMask":0,"Ginger":45,"REME_IWantAll":5,"Sling":13,"HollowMod:MillibellesNoteRelic":27,"Blood Vial":16,"Replay:Ringing Soul":22,"conspire:GlowingRock":0,"Centennial Puzzle":40,"Lizard Tail":45,"conspire:DecoderRing":45,"Prayer Wheel":17,"Iron Hammer":45,"Replay:Bottled Flurry":36,"HollowMod:MantisClawRelic":21,"Replay:Wax Seal":38,"Toxic Egg 2":45,"replay:Trail_Library":0,"conspire:TreasureMap":30,"ReplayTheSpireMod:CursedCoin":20,"Oddly Smooth Stone":45,"infinitespire:Beetle Shell":13,"conspire:SlowCooker":34,"Replay:Ancient Bell":17,"War Paint":30,"Akabeko":45,"infinitespire:EvilPickle":38,"OrangePellets":22,"REME_HourglassOfDeath":36,"Shuriken":45,"Bronze Scales":3,"Bird Faced Urn":45,"ReplayTheSpireMod:TigerMarble":7,"Mirror":3,"infinitespire:PuzzleCube":40,"conspire:Flyswatter":25,"Darkstone Periapt":6,"ReplayFunnel":45,"Lantern":45,"Bag of Preparation":12,"Ancient Tea Set":5,"conspire:TopHat":16,"Pet Ghost":45,"Replay:Rubber Ducky":13,"Frozen Eye":36,"Dream Catcher":33,"Replay:Bandana":45,"Shovel":29,"Chameleon Ring":38,"Pantograph":48,"Toolbox":45,"infinitespire:Eraser":33,"InkBottle":45,"Potion Belt":17,"Gremlin Food":31,"Replay:Towering Pillar of Hats":20,"Replay:WaspNest":9,"PreservedInsect":23,"The Courier":43,"infinitespire:FocusingShard":45,"Omamori":45,"Orichalcum":26,"Frozen Egg 2":45,"Replay:Arrowhead":41,"Strange Spoon":3,"Ornamental Fan":17,"Orrery":38,"infinitespire:Satchel":46,"Turnip":22,"Art of War":32,"Durian":39,"Garlic":45,"Snack Pack":45,"Membership Card":5,"REME_PuzzleBoxRelic":14,"ReplayTheSpireMod:Lightbulb":24,"Toy Ornithopter":47,"REME_ComplimentaryCards":0,"infinitespire:Midas Blood":10},{"Golden Egg":7,"Divine Protection":19,"CeramicFish":19,"Vajra":19,"HollowMod:VesselMask":0,"Ginger":19,"REME_IWantAll":1,"Sling":5,"HollowMod:MillibellesNoteRelic":12,"Blood Vial":6,"Replay:Ringing Soul":8,"conspire:GlowingRock":0,"Centennial Puzzle":18,"Lizard Tail":19,"conspire:DecoderRing":19,"Prayer Wheel":6,"Iron Hammer":19,"Replay:Bottled Flurry":16,"HollowMod:MantisClawRelic":8,"Replay:Wax Seal":16,"Toxic Egg 2":19,"replay:Trail_Library":0,"conspire:TreasureMap":14,"ReplayTheSpireMod:CursedCoin":7,"Oddly Smooth Stone":19,"infinitespire:Beetle Shell":5,"conspire:SlowCooker":15,"Replay:Ancient Bell":6,"War Paint":14,"Akabeko":19,"infinitespire:EvilPickle":16,"OrangePellets":8,"REME_HourglassOfDeath":16,"Shuriken":19,"Bronze Scales":1,"Bird Faced Urn":19,"ReplayTheSpireMod:TigerMarble":3,"Mirror":1,"infinitespire:PuzzleCube":18,"conspire:Flyswatter":11,"Darkstone Periapt":2,"ReplayFunnel":19,"Lantern":19,"Bag of Preparation":5,"Ancient Tea Set":1,"conspire:TopHat":6,"Pet Ghost":19,"Replay:Rubber Ducky":5,"Frozen Eye":16,"Dream Catcher":15,"Replay:Bandana":19,"Shovel":14,"Chameleon Ring":16,"Pantograph":22,"Toolbox":19,"infinitespire:Eraser":15,"InkBottle":19,"Potion Belt":6,"Gremlin Food":14,"Replay:Towering Pillar of Hats":7,"Replay:WaspNest":3,"PreservedInsect":9,"The Courier":19,"infinitespire:FocusingShard":19,"Omamori":19,"Orichalcum":11,"Frozen Egg 2":19,"Replay:Arrowhead":19,"Strange Spoon":1,"Ornamental Fan":6,"Orrery":16,"infinitespire:Satchel":20,"Turnip":8,"Art of War":14,"Durian":17,"Garlic":19,"Snack Pack":19,"Membership Card":1,"REME_PuzzleBoxRelic":5,"ReplayTheSpireMod:Lightbulb":10,"Toy Ornithopter":21,"REME_ComplimentaryCards":0,"infinitespire:Midas Blood":4},{"Golden Egg":32,"Divine Protection":63,"CeramicFish":63,"Vajra":63,"HollowMod:VesselMask":0,"Ginger":63,"REME_IWantAll":4,"Sling":19,"HollowMod:MillibellesNoteRelic":44,"Blood Vial":29,"Replay:Ringing Soul":35,"conspire:GlowingRock":0,"Centennial Puzzle":61,"Lizard Tail":63,"conspire:DecoderRing":63,"Prayer Wheel":29,"Iron Hammer":63,"Replay:Bottled Flurry":56,"HollowMod:MantisClawRelic":35,"Replay:Wax Seal":56,"Toxic Egg 2":63,"replay:Trail_Library":0,"conspire:TreasureMap":48,"ReplayTheSpireMod:CursedCoin":32,"Oddly Smooth Stone":63,"infinitespire:Beetle Shell":19,"conspire:SlowCooker":53,"Replay:Ancient Bell":29,"War Paint":48,"Akabeko":63,"infinitespire:EvilPickle":56,"OrangePellets":35,"REME_HourglassOfDeath":56,"Shuriken":63,"Bronze Scales":4,"Bird Faced Urn":63,"ReplayTheSpireMod:TigerMarble":12,"Mirror":4,"infinitespire:PuzzleCube":61,"conspire:Flyswatter":42,"Darkstone Periapt":9,"ReplayFunnel":63,"Lantern":63,"Bag of Preparation":19,"Ancient Tea Set":4,"conspire:TopHat":29,"Pet Ghost":63,"Replay:Rubber Ducky":19,"Frozen Eye":56,"Dream Catcher":53,"Replay:Bandana":63,"Shovel":48,"Chameleon Ring":56,"Pantograph":66,"Toolbox":63,"infinitespire:Eraser":53,"InkBottle":63,"Potion Belt":29,"Gremlin Food":48,"Replay:Towering Pillar of Hats":32,"Replay:WaspNest":12,"PreservedInsect":37,"The Courier":63,"infinitespire:FocusingShard":63,"Omamori":63,"Orichalcum":42,"Frozen Egg 2":63,"Replay:Arrowhead":63,"Strange Spoon":4,"Ornamental Fan":29,"Orrery":56,"infinitespire:Satchel":64,"Turnip":35,"Art of War":48,"Durian":58,"Garlic":63,"Snack Pack":63,"Membership Card":4,"REME_PuzzleBoxRelic":19,"ReplayTheSpireMod:Lightbulb":39,"Toy Ornithopter":65,"REME_ComplimentaryCards":0,"infinitespire:Midas Blood":16}],"Toy Ornithopter":0},"card_choices":[{"not_picked":["Replay:Bootleg Shield Generator","Replay:Undeath\u0027s Touch"],"picked":"ReplayTheSpireMod:Strike From Hell","floor":1.0},{"not_picked":["Storm","Barrage"],"picked":"Slice","floor":1.0},{"not_picked":["Iron Wave","Compile Driver"],"picked":"Gash","floor":1.0},{"not_picked":["HollowMod:CycloneSlash","Storm of Steel","Crystallizer"],"picked":"Singing Bowl","floor":6},{"not_picked":["Juggernaut","Headbutt","Backflip"],"picked":"SKIP","floor":7},{"not_picked":["Flying Knee","HollowMod:ChannelNail"],"picked":"Jack Of All Trades","floor":10},{"not_picked":["ReplayTheSpireMod:The Works","Genetic Algorithm"],"picked":"Beam Cell","floor":12},{"not_picked":["HollowMod:AwokenDreamNail","Rainbow"],"picked":"Thinking Ahead","floor":16},{"not_picked":["Fiend Fire","HollowMod:AwokenDreamNail"],"picked":"Adrenaline","floor":16},{"not_picked":["Juggernaut","Violence"],"picked":"ReplayTheSpireMod:Necrogeddon","floor":16},{"not_picked":["Grand Finale","HollowMod:AwokenDreamNail"],"picked":"Creative AI","floor":16},{"not_picked":["Shame","Normality"],"picked":"Amnesia","floor":17},{"not_picked":["Sickly","Replay:Hysterical Blindness"],"picked":"ReplayTheSpireMod:Splinters","floor":17},{"not_picked":["ReplayTheSpireMod:Splinters","Writhe"],"picked":"CommonCold","floor":17},{"not_picked":["conspire:SharedLibrary","PiercingWail"],"picked":"Blade Dance","floor":18},{"not_picked":["HollowMod:HeavyBlow","HollowMod:DungDefenderAura"],"picked":"HollowMod:CloakDash","floor":18},{"not_picked":["Barrage","Coolheaded"],"picked":"HollowMod:DesolateDive","floor":18},{"not_picked":["HollowMod:SharpenedNail+1","conspire:SharedLibrary+1"],"picked":"Pommel Strike+1","floor":18},{"not_picked":["Intimidate+1","Barricade"],"picked":"Heavy Blade","floor":21},{"not_picked":["Transmutation","HollowMod:RecoilStrike","ReplayTheSpireMod:Strike From Hell"],"picked":"SKIP","floor":23},{"not_picked":["Dodge and Roll+1","ReplayTheSpireMod:Dual Polarity","HollowMod:HeavyBlow"],"picked":"SKIP","floor":24},{"not_picked":["HollowMod:CycloneSlash","Crippling Poison+1","HollowMod:InfectedAttack"],"picked":"SKIP","floor":25},{"not_picked":["REME_HeartOfCthun","Deadly Poison","Flying Knee"],"picked":"SKIP","floor":27},{"not_picked":["Cloak And Dagger","Catalyst"],"picked":"Distraction","floor":28},{"not_picked":["HollowMod:SiblingsShadow","HollowMod:MidwifesHunger"],"picked":"Dagger Spray+1","floor":29},{"not_picked":["Night Terror","REME_SpectralBlade"],"picked":"HollowMod:theNailsmith","floor":33},{"not_picked":["Night Terror","Machine Learning"],"picked":"REME_WheelOfFate","floor":33},{"not_picked":["REME_WheelOfFate","HollowMod:Hiveblood"],"picked":"Tools of the Trade","floor":33},{"not_picked":["Hologram+1","Disarm+1"],"picked":"Slice+1","floor":35},{"not_picked":["Expertise","HollowMod:DashSlash"],"picked":"Distraction+1","floor":35},{"not_picked":["Coolheaded","Blur","Consume"],"picked":"SKIP","floor":35},{"not_picked":["HollowMod:InfectedAttack","ReplayTheSpireMod:System Scan","HollowMod:NewJinnsSoul"],"picked":"SKIP","floor":35},{"not_picked":["Steam","Beam Cell+1"],"picked":"REME_MagicPocketWatch","floor":38},{"not_picked":["HollowMod:InfectedCysts+1","ReplayTheSpireMod:Corrosion Curse"],"picked":"Clash","floor":38},{"not_picked":["HollowMod:TaintedHusks","Fiend Fire"],"picked":"Iron Wave","floor":38},{"not_picked":["HollowMod:NewLittleFool+1","HollowMod:DoubleDash"],"picked":"Calculated Gamble+1","floor":38},{"not_picked":["ReplayTheSpireMod:Strike From Hell+1","Steam","Bane+1"],"picked":"Singing Bowl","floor":38},{"not_picked":["Dodge and Roll","HollowMod:DashSlash+1"],"picked":"Heavy Blade+1","floor":40},{"not_picked":["Glass Knife","Steam Power"],"picked":"Thunderclap+1","floor":41},{"not_picked":["Hyperbeam","HollowMod:InfectedAttack+1","Battle Trance+1"],"picked":"SKIP","floor":46},{"not_picked":["Cloak And Dagger+1","Bloodletting+1","REME_Cut+1"],"picked":"Singing Bowl","floor":47},{"not_picked":["Core Surge","Replay:Parry+1","Beam Cell"],"picked":"SKIP","floor":48}],"player_experience":108859,"relics_obtained":[{"floor":6,"key":"Darkstone Periapt"},{"floor":7,"key":"ReplayTheSpireMod:TigerMarble"},{"floor":9,"key":"Replay:WaspNest"},{"floor":10,"key":"infinitespire:Midas Blood"},{"floor":12,"key":"Bag of Preparation"},{"floor":16,"key":"Blood Vial"},{"floor":16,"key":"conspire:TopHat"},{"floor":21,"key":"HollowMod:MantisClawRelic"},{"floor":23,"key":"PreservedInsect"},{"floor":24,"key":"ReplayTheSpireMod:Lightbulb"},{"floor":25,"key":"conspire:Flyswatter"},{"floor":26,"key":"Orichalcum"},{"floor":27,"key":"HollowMod:MillibellesNoteRelic"},{"floor":28,"key":"conspire:Flyswatter"},{"floor":29,"key":"Shovel"},{"floor":32,"key":"Art of War"},{"floor":33,"key":"infinitespire:Eraser"},{"floor":33,"key":"Dream Catcher"},{"floor":39,"key":"Durian"},{"floor":40,"key":"infinitespire:PuzzleCube"},{"floor":41,"key":"Replay:Arrowhead"},{"floor":43,"key":"The Courier"},{"floor":46,"key":"infinitespire:Satchel"},{"floor":47,"key":"Toy Ornithopter"},{"floor":48,"key":"Pantograph"}],"event_choices":[{"damage_healed":0,"gold_gain":0,"player_choice":"Ignored","damage_taken":0,"max_hp_gain":0,"max_hp_loss":0,"event_name":"Golden Wing","floor":4,"gold_loss":0},{"damage_healed":0,"gold_gain":0,"player_choice":"Box","damage_taken":0,"relics_obtained":["REME_PuzzleBoxRelic"],"max_hp_gain":0,"max_hp_loss":0,"event_name":"Big Fish","floor":14,"gold_loss":0,"cards_obtained":["Regret"]},{"cards_removed":["Echo Form"],"damage_healed":14,"gold_gain":0,"player_choice":"Offered Rare","damage_taken":0,"max_hp_gain":10,"max_hp_loss":0,"event_name":"Bonfire Elementals","floor":19,"gold_loss":0},{"cards_removed":["HollowMod:DesolateDive"],"damage_healed":0,"gold_gain":0,"player_choice":"Removed Attack","damage_taken":0,"max_hp_gain":0,"max_hp_loss":0,"event_name":"Falling","floor":37,"gold_loss":0},{"damage_healed":0,"gold_gain":0,"player_choice":"Fight","damage_taken":0,"max_hp_gain":0,"max_hp_loss":0,"event_name":"Mysterious Sphere","floor":39,"gold_loss":0}],"is_beta":false,"boss_relics":[{"not_picked":["Coffee Dripper","Replay:Grab Bag"],"picked":"Replay:Ancient Bell"},{"not_picked":["MealTicket","Blue Doll"],"picked":"Potion Belt"},{"not_picked":["ReplayTheSpireMod:Shallot","infinitespire:Bottled Soul"],"picked":"Ornamental Fan"},{"not_picked":["Mango","Replay:Multitool"],"picked":"Prayer Wheel"},{"not_picked":["Astrolabe","SacredBark"],"picked":"conspire:SlowCooker"}],"items_purged_floors":[3,3,3,3,3,3,3,3,3,3,5,5,13,13,13,13,20,20,20,20,20,20,22,30,30,30,30,36,38,38,38,38,38,38,38,38,38,45],"is_endless":false,"potions_floor_spawned":[1,6,6,7,7,10,12,12,16,18,23,23,24,24,24,25,27,27,29,29,29,40,40,40,41,41,46,46,47,48,48],"ascension_level":20}}