{"host":"Lingo","time":1610776213,"event":{"mods":["BaseMod","Bestiary","Evolution","Hermit","Minty Spire (QoL Compilation)","Relic Stats","StSLib"],"gold_per_floor":[112,112,112,287,298,298,317,342,369,379,391,355,355,134,134,257,257,277,291,291,303,303,303,303],"floor_reached":23,"language":"ENG","playtime":1950,"items_purged":["hermit:Strike_Hermit"],"score":181,"play_id":"ca5119ef-0c93-4d01-8273-0951fd71d03f","local_time":"20210115215013","is_ascension_mode":false,"campfire_choices":[{"data":"hermit:NoHoldsBarred","floor":6,"key":"SMITH"},{"data":"1","floor":13,"key":"LIFT"},{"data":"hermit:Covet","floor":15,"key":"SMITH"}],"circlet_count":0,"master_deck":["hermit:Strike_Hermit+1","hermit:Strike_Hermit+1","hermit:Defend_Hermit","hermit:Defend_Hermit","hermit:Defend_Hermit+1","hermit:Defend_Hermit+1","hermit:Snapshot","hermit:Covet+1","hermit:GhostlyPresence","Doubt","hermit:NoHoldsBarred+1","hermit:Midnight","hermit:Malice","hermit:EternalForm","hermit:Coalescence+1","hermit:Scavenge","Shame","hermit:Grudge"],"relics":["hermit:Momento","EVO:Axolotl","Girya","Whetstone","Toy Ornithopter","Orichalcum","SlaversCollar","Omamori"],"acts_visited":["Exordium","TheCity"],"potions_floor_usage":[16,19,21],"damage_taken":[{"damage":12,"enemies":"Small Slimes","floor":1,"turns":4},{"damage":0,"enemies":"Jaw Worm","floor":5,"turns":5},{"damage":0,"enemies":"2 Louse","floor":7,"turns":2},{"damage":0,"enemies":"Exordium Wildlife","floor":10,"turns":4},{"damage":11,"enemies":"Looter","floor":11,"turns":2},{"damage":28,"enemies":"Slime Boss","floor":16,"turns":8},{"damage":12,"enemies":"Spheric Guardian","floor":18,"turns":4},{"damage":0,"enemies":"3 Byrds","floor":19,"turns":2},{"damage":51,"enemies":"Centurion and Healer","floor":21,"turns":7},{"damage":30,"enemies":"Gremlin Leader","floor":23,"turns":6}],"seed_played":"-9162107415037340478","potions_obtained":[{"floor":5,"key":"ColorlessPotion"},{"floor":7,"key":"LiquidBronze"},{"floor":16,"key":"ColorlessPotion"},{"floor":18,"key":"SteroidPotion"},{"floor":19,"key":"SpeedPotion"}],"is_trial":false,"path_per_floor":["M","?","?","?","M","R","M","T","T","M","M","?","R","$","R","B",null,"M","M","?","M","?","E"],"character_chosen":"HERMIT","items_purchased":["Orichalcum"],"campfire_rested":0,"item_purchase_floors":[14],"current_hp_per_floor":[70,63,47,47,47,47,47,47,47,47,36,36,36,36,36,13,82,70,75,75,29,29,0,0],"gold":303,"neow_bonus":"TEN_PERCENT_HP_BONUS","is_daily":false,"chose_seed":false,"campfire_upgraded":2,"win_rate":0.0,"timestamp":1610776213,"path_taken":["M","?","?","?","M","R","M","?","T","?","M","?","R","$","R","BOSS","M","M","?","M","?","E"],"items_purchased_type":["Relic"],"build_version":"2020-12-18","purchased_purges":1,"victory":false,"max_hp_per_floor":[82,82,82,82,82,82,82,82,82,82,82,82,82,82,82,82,82,82,82,82,82,82,82,82],"relic_stats":{"counters":[10,44],"Whetstone":["hermit:Strike_Hermit","hermit:Strike_Hermit"],"Orichalcum":[36],"obtain_stats":[{"Girya":2,"SlaversCollar":17,"Omamori":20,"EVO:Axolotl":0,"Whetstone":8,"Orichalcum":14,"hermit:Momento":0,"Toy Ornithopter":9},{"Girya":1,"SlaversCollar":6,"Omamori":8,"EVO:Axolotl":0,"Whetstone":3,"Orichalcum":5,"hermit:Momento":0,"Toy Ornithopter":3},{"Girya":4,"SlaversCollar":25,"Omamori":31,"EVO:Axolotl":0,"Whetstone":11,"Orichalcum":17,"hermit:Momento":0,"Toy Ornithopter":11}],"Toy Ornithopter":15},"card_choices":[{"not_picked":["hermit:LowProfile","hermit:BigShot"],"picked":"hermit:GhostlyPresence","floor":1},{"not_picked":["hermit:Misfire","hermit:Desperado"],"picked":"hermit:NoHoldsBarred","floor":5},{"not_picked":["hermit:TrackingShot","hermit:WideOpen"],"picked":"hermit:Midnight","floor":7},{"not_picked":["hermit:Headshot","hermit:Roughhouse"],"picked":"hermit:Malice","floor":10},{"not_picked":["hermit:Shortfuse","hermit:Desperado","hermit:CalledShot"],"picked":"SKIP","floor":11},{"not_picked":["hermit:BlackWind","hermit:Adapt"],"picked":"hermit:EternalForm","floor":16},{"not_picked":["hermit:CursedWeapon","hermit:Misfire"],"picked":"hermit:Coalescence+1","floor":18},{"not_picked":["hermit:Spite","hermit:LowProfile"],"picked":"hermit:Scavenge","floor":19},{"not_picked":["hermit:LowProfile","hermit:Manifest"],"picked":"hermit:Grudge","floor":21}],"player_experience":618471,"relics_obtained":[{"floor":8,"key":"Whetstone"},{"floor":9,"key":"Toy Ornithopter"}],"event_choices":[{"damage_healed":0,"gold_gain":0,"player_choice":"Success","damage_taken":7,"relics_obtained":["Girya"],"max_hp_gain":0,"max_hp_loss":0,"event_name":"Scrap Ooze","floor":2,"gold_loss":0},{"damage_healed":0,"gold_gain":0,"player_choice":"Entered Light","damage_taken":16,"max_hp_gain":0,"max_hp_loss":0,"event_name":"Shining Light","floor":3,"gold_loss":0,"cards_upgraded":["hermit:Defend_Hermit","hermit:Defend_Hermit"]},{"damage_healed":0,"gold_gain":175,"player_choice":"AGREE","damage_taken":0,"max_hp_gain":0,"max_hp_loss":0,"event_name":"Liars Game","floor":4,"gold_loss":0,"cards_obtained":["Doubt"]},{"damage_healed":0,"gold_gain":0,"player_choice":"Left Gold","damage_taken":0,"max_hp_gain":0,"max_hp_loss":0,"event_name":"World of Goop","floor":12,"gold_loss":36},{"damage_healed":0,"gold_gain":0,"player_choice":"Stole Relic","damage_taken":0,"relics_obtained":["Omamori"],"max_hp_gain":0,"max_hp_loss":0,"event_name":"Addict","floor":20,"gold_loss":0,"cards_obtained":["Shame"]},{"cards_removed":["hermit:Strike_Hermit"],"damage_healed":0,"gold_gain":0,"player_choice":"Elegance","damage_taken":0,"max_hp_gain":0,"max_hp_loss":0,"event_name":"Back to Basics","floor":22,"gold_loss":0}],"is_beta":true,"boss_relics":[{"not_picked":["Velvet Choker","Fusion Hammer"],"picked":"SlaversCollar"}],"items_purged_floors":[14],"is_endless":false,"potions_floor_spawned":[5,7,16,18,19],"killed_by":"Gremlin Leader","ascension_level":0}}