{"host":"mai03x2ekbjy4059","time":1610764049,"event":{"mods":["2.2 Compatiblity","BaseMod","DeckTracker","Highlight Path","Keyboard Shortcuts","Minty Spire (QoL Compilation)","Permanent Neow","Quick Restart","SuperFastMode","everything is the same but u backflip on backflip"],"gold_per_floor":[116,66,66,78,253,278,288,315,315,347,347,377,404,422,422,518,518,533,403,403,328,348,378,397,397,397,397,397,432,447,476,476,571,571,583,601,613,455,478,478,478],"floor_reached":40,"language":"KOR","playtime":1239,"items_purged":["Doubt","Strike_R"],"score":522,"play_id":"9ffaedc5-e00c-47d6-8b11-86adc9052619","local_time":"20210116112729","is_ascension_mode":true,"campfire_choices":[{"data":"Apotheosis","floor":11.0,"key":"SMITH"},{"data":"True Grit","floor":15.0,"key":"SMITH"},{"data":"True Grit","floor":25.0,"key":"SMITH"},{"data":"Offering","floor":28.0,"key":"SMITH"},{"floor":32.0,"key":"REST"}],"circlet_count":0,"master_deck":["Strike_R","Strike_R","Defend_R","Defend_R","Defend_R","Defend_R","Bash","Apotheosis+1","Intimidate","Body Slam+1","Offering+1","True Grit+1","Entrench","Enlightenment","True Grit+1","Feel No Pain+1","Impervious","Shrug It Off+1","Evolve"],"relics":["Burning Blood","Happy Flower","Eternal Feather","PreservedInsect","Ancient Tea Set","Strawberry","The Courier","Philosopher\u0027s Stone","Smiling Mask","Ginger","Nunchaku","Kunai","Fusion Hammer","Omamori"],"acts_visited":["Exordium","TheCity","TheBeyond"],"potions_floor_usage":[],"damage_taken":[{"damage":6.0,"enemies":"Cultist","floor":1.0,"turns":3.0},{"damage":0.0,"enemies":"2 Louse","floor":4.0,"turns":3.0},{"damage":38.0,"enemies":"Lagavulin","floor":6.0,"turns":7.0},{"damage":9.0,"enemies":"Small Slimes","floor":7.0,"turns":5.0},{"damage":19.0,"enemies":"Gremlin Nob","floor":8.0,"turns":4.0},{"damage":17.0,"enemies":"3 Sentries","floor":10.0,"turns":6.0},{"damage":12.0,"enemies":"Gremlin Nob","floor":13.0,"turns":3.0},{"damage":13.0,"enemies":"2 Fungi Beasts","floor":14.0,"turns":3.0},{"damage":32.0,"enemies":"Hexaghost","floor":16.0,"turns":13.0},{"damage":6.0,"enemies":"Shell Parasite","floor":18.0,"turns":3.0},{"damage":19.0,"enemies":"2 Thieves","floor":22.0,"turns":3.0},{"damage":15.0,"enemies":"Gremlin Leader","floor":23.0,"turns":6.0},{"damage":6.0,"enemies":"Snecko","floor":24.0,"turns":4.0},{"damage":30.0,"enemies":"Book of Stabbing","floor":29.0,"turns":6.0},{"damage":15.0,"enemies":"Chosen and Byrds","floor":30.0,"turns":9.0},{"damage":21.0,"enemies":"Slavers","floor":31.0,"turns":5.0},{"damage":40.0,"enemies":"Champ","floor":33.0,"turns":13.0},{"damage":15.0,"enemies":"3 Shapes","floor":35.0,"turns":15.0},{"damage":38.0,"enemies":"3 Darklings","floor":36.0,"turns":11.0},{"damage":29.0,"enemies":"Writhing Mass","floor":37.0,"turns":3.0},{"damage":0,"enemies":"Reptomancer","floor":40,"turns":1}],"seed_played":"392462901754249263","potions_obtained":[{"floor":1.0,"key":"BloodPotion"},{"floor":6.0,"key":"SkillPotion"},{"floor":8.0,"key":"Swift Potion"},{"floor":16.0,"key":"Block Potion"},{"floor":18.0,"key":"Block Potion"},{"floor":23.0,"key":"SteroidPotion"},{"floor":30.0,"key":"SkillPotion"},{"floor":36.0,"key":"BloodPotion"},{"floor":37.0,"key":"SpeedPotion"}],"is_trial":false,"path_per_floor":["M","?","?","M","?","E","M","E","T","E","R","?","E","M","R","B",null,"M","$","?","?","M","E","M","R","T","?","R","E","M","E","R","B",null,"M","M","M","$","T","E"],"character_chosen":"IRONCLAD","items_purchased":["Enlightenment","Evolve","BloodPotion"],"campfire_rested":1,"item_purchase_floors":[19,38,38],"current_hp_per_floor":[72,72,77,77,77,45,42,29,29,33,42,49,43,36,45,19,84,84,84,68,68,55,46,46,55,55,55,64,40,31,16,51,17,89,80,48,25,25,25,25,25],"gold":478,"neow_bonus":"RANDOM_COLORLESS_2","is_daily":false,"chose_seed":false,"campfire_upgraded":4,"win_rate":0.0,"timestamp":1610764049,"path_taken":["M","?","?","M","?","E","M","E","T","E","R","?","E","?","R","BOSS","M","$","?","?","M","E","M","R","T","?","R","E","M","E","R","BOSS","M","M","M","$","?","E"],"items_purchased_type":["Card","Card","Potion"],"build_version":"2020-12-22","purchased_purges":2,"victory":false,"max_hp_per_floor":[72,72,77,77,77,77,77,77,77,77,77,84,84,84,84,84,84,84,84,89,89,89,89,89,89,89,89,89,89,89,89,89,89,89,89,89,89,89,89,89,89],"card_choices":[{"not_picked":["HandOfGreed","Secret Weapon"],"picked":"Apotheosis","floor":0.0},{"not_picked":["Pommel Strike","Rupture","Flex"],"picked":"SKIP","floor":1.0},{"not_picked":["Twin Strike","Pommel Strike","Rupture"],"picked":"SKIP","floor":4.0},{"not_picked":["Hemokinesis","Bloodletting"],"picked":"Intimidate","floor":6.0},{"not_picked":["Shrug It Off","Heavy Blade"],"picked":"Body Slam","floor":7.0},{"not_picked":["Iron Wave","Burning Pact"],"picked":"Offering","floor":8.0},{"not_picked":["Evolve","Entrench"],"picked":"True Grit","floor":10.0},{"not_picked":["Reaper","Havoc","Inflame"],"picked":"SKIP","floor":13.0},{"not_picked":["Dual Wield","Cleave","True Grit"],"picked":"SKIP","floor":14.0},{"not_picked":["Spot Weakness","Combust"],"picked":"Entrench","floor":18.0},{"not_picked":["Havoc","Sword Boomerang","Iron Wave+1"],"picked":"SKIP","floor":22.0},{"not_picked":["Thunderclap","Inflame","Combust"],"picked":"SKIP","floor":23.0},{"not_picked":["Iron Wave","Searing Blow"],"picked":"True Grit","floor":24.0},{"not_picked":["Cleave","Iron Wave","Reckless Charge+1"],"picked":"SKIP","floor":29.0},{"not_picked":["Perfected Strike","Warcry","Second Wind"],"picked":"SKIP","floor":30.0},{"not_picked":["Entrench","Heavy Blade"],"picked":"Feel No Pain+1","floor":31.0},{"not_picked":["Fiend Fire","Reaper"],"picked":"Impervious","floor":33.0},{"not_picked":["Pommel Strike+1","Cleave+1","Clothesline"],"picked":"SKIP","floor":35.0},{"not_picked":["Armaments","Thunderclap+1","Heavy Blade"],"picked":"SKIP","floor":36.0},{"not_picked":["Flex+1","Thunderclap+1"],"picked":"Shrug It Off+1","floor":37.0}],"player_experience":1042756,"relics_obtained":[{"floor":6.0,"key":"Happy Flower"},{"floor":8.0,"key":"Eternal Feather"},{"floor":9.0,"key":"PreservedInsect"},{"floor":10.0,"key":"Ancient Tea Set"},{"floor":13.0,"key":"The Courier"},{"floor":23.0,"key":"Smiling Mask"},{"floor":26.0,"key":"Ginger"},{"floor":29.0,"key":"Nunchaku"},{"floor":31.0,"key":"Kunai"},{"floor":39.0,"key":"Omamori"}],"event_choices":[{"cards_removed":["Strike_R"],"damage_healed":0.0,"max_hp_gain":0.0,"max_hp_loss":0.0,"gold_gain":0.0,"event_name":"The Cleric","player_choice":"Card Removal","floor":2.0,"gold_loss":50.0,"damage_taken":0.0},{"damage_healed":0.0,"max_hp_gain":5.0,"max_hp_loss":0.0,"gold_gain":0.0,"event_name":"Big Fish","player_choice":"Donut","floor":3.0,"gold_loss":0.0,"damage_taken":0.0},{"damage_healed":0.0,"max_hp_gain":0.0,"max_hp_loss":0.0,"gold_gain":175.0,"event_name":"Liars Game","player_choice":"AGREE","floor":5.0,"gold_loss":0.0,"damage_taken":0.0,"cards_obtained":["Doubt"]},{"damage_healed":0.0,"max_hp_gain":0.0,"max_hp_loss":0.0,"gold_gain":30.0,"event_name":"Dead Adventurer","player_choice":"Searched \u00273\u0027 times","floor":12.0,"gold_loss":0.0,"damage_taken":0.0,"relics_obtained":["Strawberry"]},{"damage_healed":0.0,"max_hp_gain":5.0,"max_hp_loss":0.0,"gold_gain":0.0,"event_name":"Forgotten Altar","player_choice":"Shed Blood","floor":20.0,"gold_loss":0.0,"damage_taken":21.0},{"cards_removed":["Strike_R"],"damage_healed":0.0,"max_hp_gain":0.0,"max_hp_loss":0.0,"gold_gain":0.0,"event_name":"Beggar","player_choice":"Gave Gold","floor":21.0,"gold_loss":75.0,"damage_taken":0.0},{"damage_healed":0.0,"max_hp_gain":0.0,"max_hp_loss":0.0,"gold_gain":0.0,"event_name":"Accursed Blacksmith","player_choice":"Forge","floor":27.0,"gold_loss":0.0,"damage_taken":0.0,"cards_upgraded":["Body Slam"]}],"is_beta":false,"boss_relics":[{"not_picked":["Black Blood","SacredBark"],"picked":"Philosopher\u0027s Stone"},{"not_picked":["Busted Crown","Tiny House"],"picked":"Fusion Hammer"}],"items_purged_floors":[19,38],"is_endless":false,"potions_floor_spawned":[1,6,8,16,18,23,30,36,37],"killed_by":"Reptomancer","ascension_level":1}}