{"host":"kh6fvhxn285ncg0o","time":1610792280,"event":{"mods":["Act Like it!","BaseMod","Colored Map","Friendly Minions","Keyboard Shortcuts","Minty Spire (QoL Compilation)","Quick Restart","Relic Stats","StSLib","SuperFastMode"],"gold_per_floor":[119,132,132,57,37,64,21,36,36,62,75,75,75,0,0,79,79,92,112,132,132,132],"floor_reached":21,"language":"KOR","playtime":682,"items_purged":["Strike_R"],"score":428,"play_id":"248c7671-a47d-4f30-97dc-0bbcff241dca","local_time":"20210116191800","is_ascension_mode":true,"campfire_choices":[{"data":"Pommel Strike","floor":13,"key":"SMITH"},{"data":"Bash","floor":15,"key":"SMITH"}],"circlet_count":0,"master_deck":["AscendersBane","Strike_R","Strike_R","Defend_R","Defend_R","Defend_R+1","Defend_R","Bash+1","Pommel Strike+1","Disarm+1","Second Wind","Reckless Charge","Sentinel+1","Burning Pact+1","Seeing Red+1"],"relics":["Burning Blood","NeowsBlessing","Shuriken","Toxic Egg 2","War Paint","Mark of Pain"],"acts_visited":["Exordium","TheCity"],"potions_floor_usage":[10,16,19],"damage_taken":[{"damage":0,"enemies":"Cultist","floor":1,"turns":1},{"damage":0,"enemies":"Small Slimes","floor":2,"turns":1},{"damage":0,"enemies":"Lagavulin","floor":6,"turns":1},{"damage":9,"enemies":"2 Louse","floor":8,"turns":2},{"damage":27,"enemies":"Gremlin Nob","floor":10,"turns":4},{"damage":4,"enemies":"Exordium Wildlife","floor":11,"turns":3},{"damage":47,"enemies":"The Guardian","floor":16,"turns":14},{"damage":16,"enemies":"Shell Parasite","floor":18,"turns":7},{"damage":8,"enemies":"Spheric Guardian","floor":19,"turns":5},{"damage":27,"enemies":"Chosen and Byrds","floor":20,"turns":10},{"damage":0,"enemies":"3 Cultists","floor":21,"turns":1}],"seed_played":"-3498249129670675825","potions_obtained":[{"floor":2,"key":"HeartOfIron"},{"floor":5,"key":"CultistPotion"},{"floor":11,"key":"PowerPotion"},{"floor":18,"key":"SpeedPotion"}],"is_trial":false,"path_per_floor":["M","M","?","?","?","E","$","M","T","E","M","?","R","$","R","B",null,"M","M","M","M"],"character_chosen":"IRONCLAD","items_purchased":["Reckless Charge"],"campfire_rested":0,"item_purchase_floors":[7],"current_hp_per_floor":[74,75,68,68,68,74,74,71,71,50,52,57,57,57,57,16,64,54,52,31,31,31],"gold":132,"neow_bonus":"THREE_ENEMY_KILL","is_daily":false,"chose_seed":false,"campfire_upgraded":2,"win_rate":0.0,"timestamp":1610792280,"path_taken":["M","M","?","?","?","E","$","?","T","E","M","?","R","?","R","BOSS","M","M","M","M"],"items_purchased_type":["Card"],"build_version":"2020-12-22","purchased_purges":1,"victory":false,"max_hp_per_floor":[75,75,75,75,75,75,75,75,75,75,75,80,80,80,80,80,80,80,80,80,80,80],"relic_stats":{"counters":[11,49],"Shuriken":[17],"War Paint":["Disarm","Defend_R"],"obtain_stats":[{"NeowsBlessing":0,"Shuriken":6,"Mark of Pain":17,"Toxic Egg 2":9,"War Paint":10,"Burning Blood":0},{"NeowsBlessing":0,"Shuriken":3,"Mark of Pain":7,"Toxic Egg 2":4,"War Paint":5,"Burning Blood":0},{"NeowsBlessing":0,"Shuriken":3,"Mark of Pain":26,"Toxic Egg 2":5,"War Paint":9,"Burning Blood":0}],"Burning Blood":55},"card_choices":[{"not_picked":["Anger","Body Slam"],"picked":"Pommel Strike","floor":1},{"not_picked":["Iron Wave","Armaments"],"picked":"Disarm","floor":2},{"not_picked":["Dual Wield","Iron Wave"],"picked":"Second Wind","floor":6},{"not_picked":["Reaper","Thunderclap"],"picked":"Sentinel+1","floor":10},{"not_picked":["Havoc+1","Flex+1"],"picked":"Burning Pact+1","floor":19},{"not_picked":["Metallicize","Heavy Blade"],"picked":"Seeing Red+1","floor":20}],"player_experience":3461674,"relics_obtained":[{"floor":6,"key":"Shuriken"},{"floor":9,"key":"Toxic Egg 2"},{"floor":10,"key":"War Paint"}],"event_choices":[{"cards_removed":["Strike_R"],"damage_healed":0,"gold_gain":0,"player_choice":"Card Removal","damage_taken":7,"max_hp_gain":0,"max_hp_loss":0,"event_name":"Golden Wing","floor":3,"gold_loss":0},{"cards_removed":["Strike_R"],"damage_healed":0,"gold_gain":0,"player_choice":"Card Removal","damage_taken":0,"max_hp_gain":0,"max_hp_loss":0,"event_name":"The Cleric","floor":4,"gold_loss":75},{"damage_healed":0,"gold_gain":0,"player_choice":"Bought 1 Potion","damage_taken":0,"max_hp_gain":0,"max_hp_loss":0,"event_name":"The Woman in Blue","floor":5,"gold_loss":0},{"damage_healed":0,"gold_gain":0,"player_choice":"Donut","damage_taken":0,"max_hp_gain":5,"max_hp_loss":0,"event_name":"Big Fish","floor":12,"gold_loss":0}],"is_beta":false,"boss_relics":[{"not_picked":["Runic Dome","Coffee Dripper"],"picked":"Mark of Pain"}],"items_purged_floors":[14],"is_endless":false,"potions_floor_spawned":[2,6,8,11,18],"killed_by":"3 Cultists","ascension_level":20}}