{"host":"ymn6un3ro3vi042j","time":1610768515,"event":{"mods":["AchievementEnabler","Act Like it!","BaseMod","Bestiary","Better Third Choice","BetterRewards","Colored Map","Colored Powertips","Curses Come First","Dark Map","DeckTracker","Downfall","Highlight Path","Minty Spire (QoL Compilation)","Poor People Problems","Rare Cards Sparkle","StSLib","everything is the same but u backflip on backflip"],"gold_per_floor":[115,115,115,66,83,83,103,103,130,130,146,159,159,40,40,141,141,127,26,26,36,36,36,36,36,36,36,36,36,36,47,47,47,47],"floor_reached":33,"language":"ENG","playtime":1267,"items_purged":["Defend_G","Strike_G"],"score":231,"play_id":"5e67d186-ec7c-41e7-9fc9-fbd345924959","local_time":"20210115194155","is_ascension_mode":false,"campfire_choices":[{"floor":6,"key":"REST"},{"floor":8,"key":"REST"},{"data":"Catalyst","floor":10,"key":"SMITH"},{"floor":15,"key":"REST"},{"floor":23,"key":"REST"},{"floor":27,"key":"REST"},{"data":"PiercingWail","floor":28,"key":"SMITH"},{"data":"Night Terror","floor":29,"key":"SMITH"},{"data":"PiercingWail","floor":30,"key":"SMITH"},{"floor":32,"key":"REST"}],"circlet_count":0,"master_deck":["Strike_G","Strike_G","Strike_G","Strike_G","Defend_G","Defend_G","Defend_G","Defend_G","Survivor","Neutralize","Catalyst+1","Brilliance","Deadly Poison","Bane","Poisoned Stab","PiercingWail+1","PiercingWail+1","Noxious Fumes","Night Terror+1","Prepared","Poisoned Stab","Prepared+1","Endless Agony"],"relics":["Ring of the Snake","Smiling Mask","Oddly Smooth Stone","Black Star","CaptainsWheel","betterThird:NestCultRelic","WingedGreaves"],"acts_visited":["Exordium","TheCity"],"potions_floor_usage":[16,31,33],"damage_taken":[{"damage":8,"enemies":"Small Slimes","floor":1,"turns":4},{"damage":5,"enemies":"Jaw Worm","floor":5,"turns":5},{"damage":1,"enemies":"2 Louse","floor":7,"turns":4},{"damage":30,"enemies":"Exordium Thugs","floor":11,"turns":4},{"damage":9,"enemies":"2 Fungi Beasts","floor":12,"turns":2},{"damage":6,"enemies":"Hexaghost","floor":16,"turns":7},{"damage":25,"enemies":"2 Thieves","floor":18,"turns":4},{"damage":25,"enemies":"Shell Parasite","floor":21,"turns":5},{"damage":43,"enemies":"Sentry and Sphere","floor":31,"turns":6},{"damage":96,"enemies":"Collector","floor":33,"turns":6}],"seed_played":"7627691996575532020","potions_obtained":[{"floor":12,"key":"LiquidMemories"},{"floor":16,"key":"Dexterity Potion"},{"floor":18,"key":"ColorlessPotion"},{"floor":20,"key":"LiquidMemories"},{"floor":20,"key":"Swift Potion"},{"floor":20,"key":"FairyPotion"}],"is_trial":false,"path_per_floor":["M","?","$","?","M","R","M","R","T","R","M","M","?","$","R","B",null,"M","$","?","M","T","R","?","?","T","R","R","R","R","M","R","B"],"character_chosen":"THE_SILENT","items_purchased":["Noxious Fumes","Poisoned Stab"],"campfire_rested":6,"item_purchase_floors":[14,19],"current_hp_per_floor":[62,23,23,23,18,39,38,59,59,59,29,20,20,20,41,35,70,45,45,45,20,20,41,41,41,41,62,62,62,62,19,40,0,0],"gold":47,"neow_bonus":"ONE_RANDOM_RARE_CARD","is_daily":false,"chose_seed":false,"campfire_upgraded":4,"win_rate":0.0,"timestamp":1610768515,"path_taken":["M","?","$","?","M","R","M","R","T","R","?","M","?","?","R","BOSS","M","$","?","?","?","R","?","?","T","R","R","R","R","M","R","BOSS"],"items_purchased_type":["Card","Card"],"build_version":"2020-12-22","purchased_purges":2,"victory":false,"max_hp_per_floor":[70,70,70,70,70,70,70,70,70,70,70,70,70,70,70,70,70,70,70,70,70,70,70,70,70,70,70,70,70,70,70,70,70,70],"card_choices":[{"not_picked":["Backflip","Escape Plan"],"picked":"Catalyst","floor":1},{"not_picked":["Backflip","Prepared"],"picked":"Deadly Poison","floor":5},{"not_picked":["Masterful Stab","Outmaneuver"],"picked":"Bane","floor":7},{"not_picked":["PiercingWail","Acrobatics"],"picked":"Poisoned Stab","floor":11},{"not_picked":["Expertise","Dagger Throw"],"picked":"PiercingWail","floor":12},{"not_picked":["Storm of Steel","Bullet Time"],"picked":"Night Terror","floor":16},{"not_picked":["Dagger Spray","Quick Slash+1"],"picked":"Prepared","floor":18},{"not_picked":["Acrobatics","Reflex"],"picked":"Prepared+1","floor":21},{"not_picked":["Blade Dance","Heel Hook"],"picked":"Endless Agony","floor":31}],"player_experience":30438,"relics_obtained":[{"floor":9,"key":"Oddly Smooth Stone"},{"floor":22,"key":"CaptainsWheel"},{"floor":26,"key":"WingedGreaves"}],"event_choices":[{"damage_healed":0,"gold_gain":0,"player_choice":"Left","damage_taken":0,"max_hp_gain":0,"max_hp_loss":0,"event_name":"betterThird:BetterGoop","floor":4,"gold_loss":49},{"damage_healed":0,"gold_gain":0,"cards_transformed":["Tools of the Trade"],"player_choice":"Transformed","damage_taken":0,"max_hp_gain":0,"max_hp_loss":0,"event_name":"Transmorgrifier","floor":13,"gold_loss":0,"cards_obtained":["PiercingWail"]},{"damage_healed":0,"gold_gain":0,"player_choice":"Got Potions","damage_taken":0,"max_hp_gain":0,"max_hp_loss":0,"event_name":"Lab","floor":20,"gold_loss":0},{"damage_healed":0,"gold_gain":0,"player_choice":"Madness","damage_taken":0,"relics_obtained":["betterThird:NestCultRelic"],"max_hp_gain":0,"max_hp_loss":0,"event_name":"betterThird:BetterNest","floor":24,"gold_loss":0},{"damage_healed":0,"gold_gain":0,"player_choice":"Ignored","damage_taken":0,"max_hp_gain":0,"max_hp_loss":0,"event_name":"Ghosts","floor":25,"gold_loss":0}],"is_beta":false,"boss_relics":[{"not_picked":["Empty Cage","Runic Dome"],"picked":"Black Star"}],"items_purged_floors":[14,19],"is_endless":false,"potions_floor_spawned":[12,16,18],"killed_by":"Collector","ascension_level":0}}