{"host":"v9oq5ccz01n9mezq","time":1610828150,"event":{"mods":["BaseMod","Colored Map","Minty Spire (QoL Compilation)"],"gold_per_floor":[113,128,145,145,145,145,479,479,479,479,510,510,522,542,542,644,644,654,654,668,684,702,733,733,423,423,448,560,587,185,215,215,318,318,338,40,40,40,90,124,124,153,203,203,163,195,206,234,234,234],"floor_reached":51,"language":"ENG","playtime":2442,"items_purged":["Strike_R","Strike_R"],"score":1161,"play_id":"76b897c7-4830-40be-ac98-e2dd3a66cfc5","local_time":"20210116151550","is_ascension_mode":true,"campfire_choices":[{"data":"Shrug It Off","floor":6.0,"key":"SMITH"},{"floor":10.0,"key":"REST"},{"data":"Bash","floor":12.0,"key":"SMITH"},{"data":"Pommel Strike","floor":15.0,"key":"SMITH"},{"data":"Juggernaut","floor":24.0,"key":"SMITH"},{"data":"Apotheosis","floor":32.0,"key":"SMITH"},{"data":"Strike_R","floor":41.0,"key":"PURGE"},{"data":"Strike_R","floor":49,"key":"PURGE"}],"circlet_count":0,"master_deck":["Defend_R","Defend_R","Defend_R","Defend_R","Bash+1","Dramatic Entrance+1","Pommel Strike+1","Intimidate+1","Shrug It Off+1","Hemokinesis","Cleave+1","Feed","Headbutt+1","Juggernaut+1","Inflame","Battle Trance+1","Inflame","Shockwave","Apotheosis+1","Shrug It Off","Juggernaut","Metallicize","Good Instincts","Shrug It Off+1","Iron Wave+1","True Grit+1","Heavy Blade","Shrug It Off+1"],"relics":["Burning Blood","Old Coin","WingedGreaves","HornCleat","Ancient Tea Set","Velvet Choker","Peace Pipe","Happy Flower","Sundial","MawBank","PreservedInsect","Red Mask","Fusion Hammer","Bronze Scales","Whetstone","Calipers","Bottled Tornado","Dream Catcher","Orichalcum","Pen Nib","Ornamental Fan"],"acts_visited":["Exordium","TheCity","TheBeyond"],"potions_floor_usage":[46,50,50,50],"damage_taken":[{"damage":7.0,"enemies":"Jaw Worm","floor":1.0,"turns":2.0},{"damage":0.0,"enemies":"2 Louse","floor":2.0,"turns":2.0},{"damage":4.0,"enemies":"Cultist","floor":3.0,"turns":3.0},{"damage":32.0,"enemies":"Gremlin Nob","floor":7.0,"turns":4.0},{"damage":9.0,"enemies":"3 Sentries","floor":11.0,"turns":6.0},{"damage":2.0,"enemies":"3 Louse","floor":13.0,"turns":1.0},{"damage":0.0,"enemies":"Gremlin Gang","floor":14.0,"turns":1.0},{"damage":52.0,"enemies":"The Guardian","floor":16.0,"turns":11.0},{"damage":16.0,"enemies":"3 Byrds","floor":18.0,"turns":5.0},{"damage":6.0,"enemies":"Shell Parasite","floor":20.0,"turns":5.0},{"damage":10.0,"enemies":"Sentry and Sphere","floor":21.0,"turns":4.0},{"damage":16.0,"enemies":"Snecko","floor":22.0,"turns":5.0},{"damage":2.0,"enemies":"Gremlin Leader","floor":23.0,"turns":5.0},{"damage":12.0,"enemies":"Book of Stabbing","floor":27.0,"turns":5.0},{"damage":7.0,"enemies":"Snake Plant","floor":29.0,"turns":4.0},{"damage":0.0,"enemies":"Masked Bandits","floor":31.0,"turns":1.0},{"damage":15.0,"enemies":"Champ","floor":33.0,"turns":9.0},{"damage":4.0,"enemies":"3 Darklings","floor":35.0,"turns":6.0},{"damage":2.0,"enemies":"Mind Bloom Boss Battle","floor":39.0,"turns":6.0},{"damage":4.0,"enemies":"Nemesis","floor":40.0,"turns":5.0},{"damage":2,"enemies":"Giant Head","floor":42,"turns":5},{"damage":24,"enemies":"Nemesis","floor":46,"turns":5},{"damage":0,"enemies":"Orb Walker","floor":47,"turns":3},{"damage":2,"enemies":"Giant Head","floor":48,"turns":6},{"damage":32,"enemies":"Time Eater","floor":50,"turns":5}],"seed_played":"-8393455430434937807","potions_obtained":[{"floor":1.0,"key":"BlessingOfTheForge"},{"floor":2.0,"key":"ColorlessPotion"},{"floor":11.0,"key":"Weak Potion"},{"floor":13.0,"key":"Dexterity Potion"},{"floor":18.0,"key":"PowerPotion"},{"floor":22.0,"key":"Explosive Potion"},{"floor":23.0,"key":"Weak Potion"},{"floor":33.0,"key":"EssenceOfSteel"},{"floor":35.0,"key":"Explosive Potion"},{"floor":45,"key":"CultistPotion"},{"floor":45,"key":"EntropicBrew"},{"floor":46,"key":"BloodPotion"},{"floor":47,"key":"LiquidBronze"}],"is_trial":false,"path_per_floor":["M","M","M","?","?","R","E","T","T","R","E","R","M","M","R","B",null,"M","?","M","M","M","E","R","$","T","E","?","M","$","?","R","B",null,"M","$","?","?","?","E","R","E","T","?","?","E","M","E","R","B",null],"character_chosen":"IRONCLAD","items_purchased":["Happy Flower","Inflame","PreservedInsect","Apotheosis","Bronze Scales","Whetstone"],"campfire_rested":1,"item_purchase_floors":[25,25,30,30,36,36],"current_hp_per_floor":[79,80,80,80,64,64,38,38,38,62,59,59,63,69,69,23,66,59,59,62,61,51,58,58,58,58,52,52,51,51,57,57,48,81,87,87,87,87,91,93,93,96,96,96,96,78,88,96,96,70],"gold":234,"neow_bonus":"RANDOM_COLORLESS","is_daily":false,"chose_seed":false,"campfire_upgraded":5,"win_rate":0.0,"timestamp":1610828150,"path_taken":["M","M","M","?","?","R","E","?","T","R","E","R","M","?","R","BOSS","M","?","?","?","M","E","R","$","T","E","?","?","$","?","R","BOSS","M","$","?","?","?","E","R","E","T","?","?","E","M","E","R","BOSS"],"items_purchased_type":["Relic","Card","Relic","Card","Relic","Relic"],"build_version":"2020-12-22","purchased_purges":2,"victory":true,"max_hp_per_floor":[80,80,80,80,80,80,80,80,80,80,80,80,80,80,80,80,80,83,83,86,89,89,92,92,92,92,92,92,92,92,92,92,92,92,96,96,96,96,96,96,96,96,96,96,96,96,100,104,104,104],"card_choices":[{"not_picked":["Flash of Steel","Deep Breath"],"picked":"Dramatic Entrance","floor":0.0},{"not_picked":["Flex","True Grit"],"picked":"Pommel Strike","floor":1.0},{"not_picked":["Pommel Strike","Flex"],"picked":"Intimidate","floor":2.0},{"not_picked":["Twin Strike","Searing Blow"],"picked":"Shrug It Off","floor":3.0},{"not_picked":["Warcry","Impervious"],"picked":"Hemokinesis","floor":7.0},{"not_picked":["Hemokinesis","Searing Blow","Dark Embrace"],"picked":"SKIP","floor":11.0},{"not_picked":["Body Slam","Disarm"],"picked":"Cleave","floor":13.0},{"not_picked":["Warcry","Havoc","Dark Embrace"],"picked":"SKIP","floor":14.0},{"not_picked":["Berserk","Reaper"],"picked":"Feed","floor":16.0},{"not_picked":["Ghostly Armor","Intimidate"],"picked":"Headbutt","floor":18.0},{"not_picked":["Perfected Strike","Shrug It Off"],"picked":"Inflame","floor":20.0},{"not_picked":["Twin Strike+1","Flex"],"picked":"Battle Trance+1","floor":21.0},{"not_picked":["Pummel+1","Combust","Infernal Blade+1"],"picked":"SKIP","floor":22.0},{"not_picked":["Searing Blow","Bloodletting","Iron Wave"],"picked":"SKIP","floor":23.0},{"not_picked":["Rampage+1","Sever Soul"],"picked":"Rupture+1","floor":27.0},{"not_picked":["Sever Soul+1","True Grit"],"picked":"Shockwave","floor":29.0},{"not_picked":["Pommel Strike","Headbutt"],"picked":"Shrug It Off","floor":31.0},{"not_picked":["Offering","Bludgeon"],"picked":"Juggernaut","floor":33.0},{"not_picked":["Iron Wave","Heavy Blade"],"picked":"Metallicize","floor":35.0},{"not_picked":["Jack Of All Trades","Trip"],"picked":"Good Instincts","floor":37.0},{"not_picked":["Thunderclap+1","Pummel"],"picked":"Shrug It Off+1","floor":39.0},{"not_picked":["Headbutt+1","Feed"],"picked":"Iron Wave+1","floor":40.0},{"not_picked":["Cleave","Infernal Blade+1","Bloodletting"],"picked":"SKIP","floor":42},{"not_picked":["Shrug It Off","Combust"],"picked":"True Grit+1","floor":46},{"not_picked":["Body Slam+1","Spot Weakness+1"],"picked":"Heavy Blade","floor":47},{"not_picked":["Anger","Shockwave"],"picked":"Shrug It Off+1","floor":48}],"player_experience":93124,"relics_obtained":[{"floor":7.0,"key":"Old Coin"},{"floor":8.0,"key":"WingedGreaves"},{"floor":9.0,"key":"HornCleat"},{"floor":11.0,"key":"Ancient Tea Set"},{"floor":23.0,"key":"Peace Pipe"},{"floor":26.0,"key":"Sundial"},{"floor":27.0,"key":"MawBank"},{"floor":31.0,"key":"Red Mask"},{"floor":39.0,"key":"Calipers"},{"floor":40.0,"key":"Bottled Tornado"},{"floor":42,"key":"Dream Catcher"},{"floor":43,"key":"Orichalcum"},{"floor":46,"key":"Pen Nib"},{"floor":48,"key":"Ornamental Fan"}],"event_choices":[{"damage_healed":0.0,"max_hp_gain":0.0,"max_hp_loss":0.0,"gold_gain":0.0,"event_name":"Liars Game","player_choice":"Ignored","floor":4.0,"gold_loss":0.0,"damage_taken":0.0},{"damage_healed":0.0,"max_hp_gain":0.0,"max_hp_loss":0.0,"gold_gain":0.0,"event_name":"Shining Light","player_choice":"Entered Light","floor":5.0,"gold_loss":0.0,"damage_taken":16.0,"cards_upgraded":["Dramatic Entrance","Intimidate"]},{"damage_healed":0.0,"max_hp_gain":0.0,"max_hp_loss":0.0,"gold_gain":0.0,"cards_transformed":["Strike_R"],"event_name":"Transmorgrifier","player_choice":"Transformed","floor":19.0,"gold_loss":0.0,"damage_taken":0.0,"cards_obtained":["Juggernaut"]},{"damage_healed":0.0,"max_hp_gain":0.0,"max_hp_loss":0.0,"gold_gain":100.0,"event_name":"Golden Shrine","player_choice":"Pray","floor":28.0,"gold_loss":0.0,"damage_taken":0.0},{"damage_healed":0.0,"max_hp_gain":0.0,"max_hp_loss":0.0,"gold_gain":0.0,"event_name":"Masked Bandits","player_choice":"Fought Bandits","floor":31.0,"gold_loss":0.0,"damage_taken":0.0},{"damage_healed":0.0,"max_hp_gain":0.0,"max_hp_loss":0.0,"gold_gain":0.0,"event_name":"SensoryStone","player_choice":"Memory 1","floor":37.0,"gold_loss":0.0,"damage_taken":0.0},{"cards_removed":["Rupture"],"damage_healed":0.0,"max_hp_gain":0.0,"max_hp_loss":0.0,"gold_gain":0.0,"event_name":"Falling","player_choice":"Removed Power","floor":38.0,"gold_loss":0.0,"damage_taken":0.0},{"damage_healed":0.0,"max_hp_gain":0.0,"max_hp_loss":0.0,"gold_gain":0.0,"event_name":"MindBloom","player_choice":"Fight","floor":39.0,"gold_loss":0.0,"damage_taken":0.0},{"damage_healed":0,"gold_gain":0,"player_choice":"Ignored","damage_taken":0,"max_hp_gain":0,"max_hp_loss":0,"event_name":"Tomb of Lord Red Mask","floor":44,"gold_loss":0},{"damage_healed":0,"gold_gain":0,"player_choice":"Bought 3 Potions","damage_taken":0,"max_hp_gain":0,"max_hp_loss":0,"event_name":"The Woman in Blue","floor":45,"gold_loss":0}],"is_beta":false,"boss_relics":[{"not_picked":["Ectoplasm","Tiny House"],"picked":"Velvet Choker"},{"not_picked":["Runic Dome","Runic Pyramid"],"picked":"Fusion Hammer"}],"items_purged_floors":[25,30],"is_endless":false,"potions_floor_spawned":[1,2,11,13,18,22,23,33,35,46,47,48],"ascension_level":5}}