{"host":"hyrsuayny3efwwum","time":1610811297,"event":{"mods":["BaseMod","Bestiary","Colored Map","Highlight Path","Minty Spire (QoL Compilation)","Relic Stats","StSLib"],"gold_per_floor":[210,225,225,6,30,30,63,86,110,154,154,196,30,105,105,240,240,273,273,296,305,305,305,305],"floor_reached":23,"language":"ENG","playtime":1440,"items_purged":["Strike_G","Defend_G"],"score":311,"play_id":"98acfcc8-124f-485a-95c3-1e05f6dc8e69","local_time":"20210116103457","is_ascension_mode":true,"campfire_choices":[{"data":"Neutralize","floor":6.0,"key":"SMITH"},{"data":"Dagger Spray","floor":11.0,"key":"SMITH"},{"floor":15.0,"key":"REST"}],"circlet_count":0,"master_deck":["AscendersBane","Strike_G","Strike_G","Strike_G","Defend_G","Defend_G","Defend_G","Defend_G","Survivor","Neutralize+1","Blade Dance","Dagger Spray+1","Dodge and Roll","PiercingWail","Choke","Blur","Noxious Fumes","Infinite Blades","Cloak And Dagger","A Thousand Cuts","Backflip+1","Prepared+1","RitualDagger"],"relics":["Ring of the Snake","Golden Idol","Centennial Puzzle","MealTicket","Nunchaku","CeramicFish","Pen Nib","Black Star"],"acts_visited":["Exordium","TheCity"],"potions_floor_usage":[23,23],"damage_taken":[{"damage":0.0,"enemies":"Jaw Worm","floor":1.0,"turns":6.0},{"damage":1.0,"enemies":"Cultist","floor":2.0,"turns":4.0},{"damage":2.0,"enemies":"Small Slimes","floor":5.0,"turns":2.0},{"damage":23.0,"enemies":"Lagavulin","floor":7.0,"turns":6.0},{"damage":2.0,"enemies":"Red Slaver","floor":8.0,"turns":6.0},{"damage":15.0,"enemies":"Gremlin Nob","floor":10.0,"turns":4.0},{"damage":17.0,"enemies":"3 Sentries","floor":12.0,"turns":8.0},{"damage":19.0,"enemies":"Hexaghost","floor":16.0,"turns":10.0},{"damage":3,"enemies":"Chosen","floor":18,"turns":6},{"damage":23,"enemies":"Spheric Guardian","floor":20,"turns":6},{"damage":29,"enemies":"Slavers","floor":23,"turns":5}],"seed_played":"-6441818406212983347","potions_obtained":[{"floor":2.0,"key":"Regen Potion"},{"floor":5.0,"key":"BlessingOfTheForge"},{"floor":12.0,"key":"Regen Potion"},{"floor":18,"key":"SkillPotion"},{"floor":20,"key":"Swift Potion"}],"is_trial":false,"path_per_floor":["M","M","?","$","M","R","E","M","T","E","R","E","$","?","R","B",null,"M","?","M","?","?","E"],"character_chosen":"THE_SILENT","items_purchased":["Centennial Puzzle","Infinite Blades","Cloak And Dagger"],"campfire_rested":1,"item_purchase_floors":[4,13,13],"current_hp_per_floor":[63,62,62,62,60,60,37,35,35,32,32,15,30,19,38,34,57,54,54,31,25,25,0,0],"gold":305,"neow_bonus":"HUNDRED_GOLD","is_daily":false,"chose_seed":false,"campfire_upgraded":2,"win_rate":0.0,"timestamp":1610811297,"path_taken":["M","M","?","$","M","R","E","M","T","E","R","E","$","?","R","BOSS","M","?","?","?","?","E"],"items_purchased_type":["Relic","Card","Card"],"build_version":"2020-12-22","purchased_purges":2,"victory":false,"max_hp_per_floor":[70,70,65,65,65,65,65,65,65,65,65,65,65,65,65,65,65,65,65,65,65,65,65,65],"relic_stats":{"Centennial Puzzle":[27],"Nunchaku":[9],"counters":[11,63],"Golden Idol":64,"CeramicFish":72,"MealTicket":15,"Pen Nib":[7],"Black Star":0,"obtain_stats":[{"Centennial Puzzle":4,"Nunchaku":9,"Golden Idol":3,"CeramicFish":10,"MealTicket":7,"Pen Nib":12,"Black Star":17,"Ring of the Snake":0},{"Centennial Puzzle":2,"Nunchaku":5,"Golden Idol":2,"CeramicFish":6,"MealTicket":4,"Pen Nib":7,"Black Star":8,"Ring of the Snake":0},{"Centennial Puzzle":10,"Nunchaku":24,"Golden Idol":10,"CeramicFish":28,"MealTicket":18,"Pen Nib":36,"Black Star":46,"Ring of the Snake":0}],"Ring of the Snake":[22]},"card_choices":[{"not_picked":["Deflect","Outmaneuver"],"picked":"Blade Dance","floor":1.0},{"not_picked":["Prepared","PiercingWail"],"picked":"Dagger Spray","floor":2.0},{"not_picked":["Bane","Poisoned Stab"],"picked":"Dodge and Roll","floor":5.0},{"not_picked":["Prepared","Underhanded Strike"],"picked":"PiercingWail","floor":7.0},{"not_picked":["Bane","Quick Slash"],"picked":"Choke","floor":8.0},{"not_picked":["Setup","Quick Slash"],"picked":"Blur","floor":10.0},{"not_picked":["Bane","Catalyst"],"picked":"Noxious Fumes","floor":12.0},{"not_picked":["Corpse Explosion","Unload"],"picked":"A Thousand Cuts","floor":16.0},{"not_picked":["Outmaneuver+1","Well Laid Plans"],"picked":"Backflip+1","floor":18},{"not_picked":["Dagger Spray","Catalyst"],"picked":"Prepared+1","floor":20}],"player_experience":779170,"relics_obtained":[{"floor":7.0,"key":"MealTicket"},{"floor":9.0,"key":"Nunchaku"},{"floor":10.0,"key":"CeramicFish"},{"floor":12.0,"key":"Pen Nib"}],"event_choices":[{"damage_healed":0.0,"max_hp_gain":0.0,"max_hp_loss":5.0,"gold_gain":0.0,"event_name":"Golden Idol","player_choice":"Lose Max HP","floor":3.0,"gold_loss":0.0,"damage_taken":0.0,"relics_obtained":["Golden Idol"]},{"damage_healed":0.0,"max_hp_gain":0.0,"max_hp_loss":0.0,"gold_gain":75.0,"event_name":"World of Goop","player_choice":"Gather Gold","floor":14.0,"gold_loss":0.0,"damage_taken":11.0},{"damage_healed":0,"gold_gain":0,"player_choice":"Ignored","damage_taken":0,"max_hp_gain":0,"max_hp_loss":0,"event_name":"N\u0027loth","floor":19,"gold_loss":0},{"damage_healed":0,"gold_gain":0,"player_choice":"Joined the Cult","damage_taken":6,"max_hp_gain":0,"max_hp_loss":0,"event_name":"Nest","floor":21,"gold_loss":0,"cards_obtained":["RitualDagger"]},{"cards_removed":["Strike_G"],"damage_healed":0,"gold_gain":0,"player_choice":"Purged","damage_taken":0,"max_hp_gain":0,"max_hp_loss":0,"event_name":"Purifier","floor":22,"gold_loss":0}],"is_beta":false,"boss_relics":[{"not_picked":["Runic Pyramid","Ectoplasm"],"picked":"Black Star"}],"items_purged_floors":[4,13],"is_endless":false,"potions_floor_spawned":[2,5,12,18,20],"killed_by":"Slavers","ascension_level":10}}