{"host":"djfsqftupta9xgss","time":1610792656,"event":{"mods":["ATMod(°¢èªMod)","Act Like it!","BaseMod","Gensokyo","Minty Spire (QoL Compilation)","MostiFishMod","Pale of the Ancients","Replay The Spire","Spicy Shops","StSLib","TestMod"],"gold_per_floor":[99,99,99,99,99,99,99,99,99,99,99,99,15,15,15,15,15,15,15,15,1014,1014,1043,583,602,602,613,613,644,662,688,688,763,763,777,678,688,688,705,739,753,780,827,844,854,854,882,967,967,1092,1117,1209,1247,1296,336,336,379,379,216,216,341],"floor_reached":62,"language":"ZHS","playtime":1782,"items_purged":["Defend_R","Defend_R","Gensokyo:AllTheWorldsEvil"],"score":3618,"play_id":"5c26379f-a05e-4da7-8474-c8219b95cb3f","local_time":"20210116182416","is_ascension_mode":true,"campfire_choices":[{"data":"AT_DiedThrough","floor":6.0,"key":"SMITH"},{"data":"Gensokyo:CrescentMoonSlash","floor":12.0,"key":"SMITH"},{"data":"MostiFishMod:RainCloud","floor":15.0,"key":"SMITH"},{"data":"Voices","floor":49,"key":"PURGE"},{"floor":56,"key":"RECALL"},{"data":"Pommel Strike","floor":58,"key":"SMITH"}],"circlet_count":0,"master_deck":["AscendersBane","Strike_R","Strike_R","Strike_R","Strike_R","Defend_R","Defend_R","AT_DiedThrough+1","MostiFishMod:DarkDeal","Gensokyo:CrescentMoonSlash+1","Dark Embrace+1","Shockwave","MostiFishMod:RainCloud+1","Impervious","Shrug It Off","AT_ShrugMaster+1","AT_BodySlamDance","Power Through","Pommel Strike+1","MostiFishMod:FireWorks+1","Metallicize","Burning Pact+1","Offering+1","Sickly","Regret","Feel No Pain+1","Barricade","Evolve+1","Pain","AT_ManFootWork+1","Rupture"],"relics":["AT_ATBox","DaveBox","testmod-TestBox","ChiXiaoBlade","testmod-GiftOfSatan","SynthV:TestCard","Paper Frog","Toy Ornithopter","Bird Faced Urn","ClockworkSouvenir","GuanYuAspect","Nunchaku","AT_SilvercatRing","AT_ForceNature","testmod-IndustrialRevolution","testmod-LifeArmor","testmod-CardMagician","BargainBundle","Toolbox","Blue Candle","testmod-BouquetWithThorns","Eternal Feather","testmod-Laevatain","AT_MibuBalloonWealth","paleoftheancients:Timepiece","paleoftheancients:KeyRelic","Spirit Poop","paleoftheancients:SoulOfTheShowman","Dodecahedron","ChiLing","Chi","Ling","Iron Hammer","BionicSphere","Ying"],"acts_visited":["Exordium","Gensokyo:Gensokyo","Gensokyo:Gensokyoer","Gensokyo:Gensokyoest"],"potions_floor_usage":[],"damage_taken":[{"damage":0.0,"enemies":"Gensokyo:Python","floor":1.0,"turns":2.0},{"damage":6.0,"enemies":"Gensokyo:Gryphon","floor":2.0,"turns":3.0},{"damage":0.0,"enemies":"Gensokyo:2_Kodama","floor":3.0,"turns":2.0},{"damage":15.0,"enemies":"Gensokyo:Mamizou","floor":7.0,"turns":4.0},{"damage":0.0,"enemies":"Gensokyo:VengefulSpirit","floor":10.0,"turns":3.0},{"damage":5.0,"enemies":"Gensokyo:Aya","floor":11.0,"turns":2.0},{"damage":8.0,"enemies":"Gensokyo:Gryphon_and_Rabbit","floor":14.0,"turns":2.0},{"damage":12.0,"enemies":"Gensokyo:Kokoro","floor":16.0,"turns":2.0},{"damage":7.0,"enemies":"Gensokyo:AngelMirror","floor":18.0,"turns":1.0},{"damage":0.0,"enemies":"Gensokyo:Chomper","floor":19.0,"turns":1.0},{"damage":5.0,"enemies":"Gensokyo:Wraith","floor":20.0,"turns":3.0},{"damage":5.0,"enemies":"Gensokyo:Koishi","floor":23.0,"turns":1.0},{"damage":0.0,"enemies":"Gensokyo:Monolith_and_Dog","floor":25.0,"turns":3.0},{"damage":24.0,"enemies":"Gensokyo:Swordslinger","floor":27.0,"turns":2.0},{"damage":0.0,"enemies":"Gensokyo:Tenshi","floor":29.0,"turns":1.0},{"damage":2.0,"enemies":"Gensokyo:Slime_Group","floor":30.0,"turns":2.0},{"damage":2.0,"enemies":"Gensokyo:Koishi","floor":31.0,"turns":1.0},{"damage":2.0,"enemies":"Gensokyo:Eiki","floor":33.0,"turns":2.0},{"damage":2.0,"enemies":"Gensokyo:3_Bats","floor":35.0,"turns":2.0},{"damage":4.0,"enemies":"Gensokyo:AncientGuardian","floor":37.0,"turns":1.0},{"damage":2.0,"enemies":"Gensokyo:4_Bats","floor":39.0,"turns":1.0},{"damage":0,"enemies":"Gensokyo:Kasen","floor":40,"turns":4},{"damage":2,"enemies":"Gensokyo:Rafflesia","floor":41,"turns":3},{"damage":2,"enemies":"Gensokyo:Doremy","floor":42,"turns":2},{"damage":12,"enemies":"Gensokyo:Sharpion","floor":44,"turns":2},{"damage":0,"enemies":"Gensokyo:AtlasGolem","floor":45,"turns":2},{"damage":8,"enemies":"Gensokyo:Marisa","floor":47,"turns":2},{"damage":5,"enemies":"Gensokyo:3_Boulders","floor":48,"turns":1},{"damage":5,"enemies":"Gensokyo:Yuyuko","floor":50,"turns":2},{"damage":9,"enemies":"Gensokyo:Scarlet_Devils","floor":51,"turns":2},{"damage":2,"enemies":"Gensokyo:Scarlet_Devils","floor":52,"turns":4},{"damage":12,"enemies":"Gensokyo:Scarlet_Devils","floor":53,"turns":4},{"damage":8,"enemies":"Gensokyo:Scarlet_Devils","floor":57,"turns":2},{"damage":10,"enemies":"paleoftheancients:N","floor":61,"turns":5}],"seed_played":"-2684813899035833497","potions_obtained":[{"floor":2.0,"key":"Weak Potion"},{"floor":7.0,"key":"Weak Potion"},{"floor":14.0,"key":"BloodPotion"},{"floor":27.0,"key":"BloodPotion"}],"is_trial":false,"path_per_floor":["M","M","M","?","?","R","E","?","T","M","E","R","$","M","R","B",null,"M","M","M","?","?","E","$","M","T","M","?","E","M","E","R","B",null,"M","$","M","?","M","E","M","E","T","M","M","?","E","M","R","B","B","M","M","?","$","R","M","R","$","?","B",null],"character_chosen":"IRONCLAD","items_purchased":["ClockworkSouvenir","AT_SilvercatRing","BargainBundle","Toolbox","Blue Candle","testmod-BouquetWithThorns","Burning Pact","Cursed Concoction","Dodecahedron","ChiLing","Iron Hammer","BionicSphere","Rupture","Ying"],"campfire_rested":0,"item_purchase_floors":[13,24,36,36,36,36,36,36,55,55,55,55,55,59],"current_hp_per_floor":[78,83,83,66,66,66,69,69,69,69,64,64,64,81,81,88,50,48,50,50,50,50,50,50,50,50,38,38,49,50,54,54,55,55,60,60,64,64,65,65,69,70,70,74,79,79,84,85,85,85,85,90,90,90,90,90,87,90,90,90,90],"gold":341,"neow_bonus":"BOSS_RELIC","is_daily":false,"chose_seed":false,"campfire_upgraded":4,"win_rate":0.0,"timestamp":1610792656,"path_taken":["M","?","?","?","?","R","E","?","T","?","E","R","$","M","R","BOSS","M","M","?","?","?","E","$","?","T","M","?","E","M","E","R","BOSS","M","$","?","?","M","E","M","E","T","M","?","?","E","M","R","BOSS","BOSS","M","M","?","$","R","M","R","$","?","BOSS"],"items_purchased_type":["Relic","Relic","Relic","Relic","Relic","Relic","Card","Potion","Relic","Relic","Relic","Relic","Card","Relic"],"build_version":"2020-12-22","purchased_purges":3,"victory":true,"max_hp_per_floor":[80,85,85,85,85,85,85,85,85,85,85,85,85,95,95,100,50,50,50,50,50,50,50,50,50,50,50,50,50,50,55,55,55,55,60,60,65,65,65,65,70,70,70,75,80,80,85,85,85,85,85,90,90,90,90,90,90,90,90,90,90],"card_choices":[{"not_picked":["Perfected Strike","Havoc","MostiFishMod:#F4004"],"picked":"SKIP","floor":1.0},{"not_picked":["Flex","Iron Wave","Blood for Blood","Cleave","Headbutt"],"picked":"SKIP","floor":2.0},{"not_picked":["Perfected Strike","Uppercut","True Grit","Carnage"],"picked":"MostiFishMod:DarkDeal","floor":3.0},{"not_picked":["AT_DrawKnifeCut","Rampage","Havoc","AT_BodySlamDance"],"picked":"Dark Embrace","floor":7.0},{"not_picked":["Shrug It Off","Headbutt","Thunderclap","Wild Strike"],"picked":"Shockwave","floor":10.0},{"not_picked":["Armaments","Warcry","AT_IchimonjiDouble","Fire Breathing","Clothesline"],"picked":"SKIP","floor":11.0},{"not_picked":["Sword Boomerang","Shockwave","Sentinel","Body Slam"],"picked":"MostiFishMod:RainCloud","floor":14.0},{"not_picked":["Corruption","AT_Dispersion","MostiFishMod:PerfectStrikeMKII","Fiend Fire"],"picked":"Impervious","floor":16.0},{"not_picked":["AT_GerminateFire","MostiFishMod:BrandingRite","Reckless Charge","Fire Breathing","Wild Strike"],"picked":"SKIP","floor":18.0},{"not_picked":["Sword Boomerang","Pommel Strike","Wild Strike","Flame Barrier"],"picked":"Shrug It Off","floor":19.0},{"not_picked":["Inflame","Spot Weakness","Seeing Red","Blood for Blood"],"picked":"AT_ShrugMaster","floor":20.0},{"not_picked":["Clothesline","True Grit","Armaments","Disarm"],"picked":"AT_BodySlamDance","floor":23.0},{"not_picked":["Flex","Anger","Clash","Sword Boomerang","Cleave"],"picked":"SKIP","floor":25.0},{"not_picked":["Flex","Intimidate","Brutality","Iron Wave"],"picked":"Power Through","floor":27.0},{"not_picked":["Twin Strike+1","Havoc","Cleave","Flex+1","Shrug It Off"],"picked":"SKIP","floor":29.0},{"not_picked":["Searing Blow","Dark Embrace","Clothesline+1","Armaments","Warcry"],"picked":"SKIP","floor":30.0},{"not_picked":["Perfected Strike","Cleave","Armaments","Twin Strike"],"picked":"MostiFishMod:FireWorks","floor":31.0},{"not_picked":["Anger+1","Warcry","AT_DrawKnifeCut","Searing Blow","Sword Boomerang"],"picked":"SKIP","floor":35.0},{"not_picked":["Metallicize+1","Dropkick","AT_DrawKnifeCut","Infernal Blade","Shrug It Off"],"picked":"SKIP","floor":37.0},{"not_picked":["Clothesline","Anger","Wild Strike","AT_BodySlamDance","Warcry"],"picked":"SKIP","floor":39},{"not_picked":["MostiFishMod:BrandingRite","Dual Wield","Flame Barrier","Ghostly Armor","AT_ManFootWork"],"picked":"SKIP","floor":40},{"not_picked":["AT_BodySlamDance+1","Heavy Blade","Headbutt","Twin Strike"],"picked":"Offering","floor":41},{"not_picked":["Armaments+1","Body Slam","AT_DrawKnifeCut+1","Uppercut"],"picked":"Feel No Pain","floor":42},{"not_picked":["Clash","Dark Embrace","Seeing Red","Wild Strike","Anger"],"picked":"SKIP","floor":44},{"not_picked":["Clash","Dark Embrace","Seeing Red","Wild Strike","Anger"],"picked":"SKIP","floor":44},{"not_picked":["Evolve","Sword Boomerang","Second Wind","Anger"],"picked":"Barricade","floor":45},{"not_picked":["Twin Strike","Shockwave","Sentinel","Metallicize+1"],"picked":"Evolve+1","floor":47},{"not_picked":["Armaments","Carnage","AT_BodySlamDance","Body Slam","Power Through"],"picked":"SKIP","floor":48},{"not_picked":["Warcry+1","Disarm+1","Rampage+1","AT_Dispersion","Twin Strike"],"picked":"SKIP","floor":52},{"not_picked":["Clothesline","True Grit","Pummel","Sever Soul","Anger"],"picked":"SKIP","floor":53},{"not_picked":["Heavy Blade","True Grit+1","Thunderclap","Perfected Strike"],"picked":"AT_ManFootWork+1","floor":54},{"not_picked":["Body Slam","Flex","Sever Soul+1","Feel No Pain+1","Reaper"],"picked":"SKIP","floor":57}],"player_experience":381645,"relics_obtained":[{"floor":1.0,"key":"SynthV:TestCard"},{"floor":7.0,"key":"Paper Frog"},{"floor":9.0,"key":"Toy Ornithopter"},{"floor":11.0,"key":"Bird Faced Urn"},{"floor":23.0,"key":"Nunchaku"},{"floor":26.0,"key":"AT_ForceNature"},{"floor":29.0,"key":"testmod-IndustrialRevolution"},{"floor":31.0,"key":"testmod-LifeArmor"},{"floor":40,"key":"Eternal Feather"},{"floor":42,"key":"testmod-Laevatain"},{"floor":47,"key":"AT_MibuBalloonWealth"},{"floor":52,"key":"paleoftheancients:SoulOfTheShowman"},{"floor":53,"key":"paleoftheancients:SoulOfTheSilent"},{"floor":57,"key":"paleoftheancients:SoulOfTheDefect"}],"event_choices":[{"damage_healed":0.0,"max_hp_gain":0.0,"max_hp_loss":0.0,"gold_gain":999.0,"event_name":"¶÷ÂåË¹µÄÅÌ×Ó","player_choice":"Sell","floor":21.0,"relics_lost":["Ectoplasm"],"gold_loss":0.0,"damage_taken":0.0}],"is_beta":false,"boss_relics":[{"not_picked":["testmod-BloodSacrificeSpiritualization","JellyFishMachine"],"picked":"GuanYuAspect"},{"not_picked":["Replay:Ancient Bell","Philosopher\u0027s Stone"],"picked":"testmod-CardMagician"}],"items_purged_floors":[24,24,36],"is_endless":false,"potions_floor_spawned":[2,7,14,16,19,20,25,27,29,41,44,45,47,48,53,57],"ascension_level":20}}