{"host":"qxfsqqkvz99y95yf","time":1610814578,"event":{"mods":["BaseMod","Infinite Spire","Minty Spire (QoL Compilation)","Replay The Spire","StSLib"],"gold_per_floor":[113,113,113,133,133,151,1,33,33,46,46,61,79,99,99,99,99],"floor_reached":16,"language":"ENG","playtime":1011,"items_purged":[],"score":104,"play_id":"7371728d-3635-4c06-9672-5e1334f5fb70","local_time":"20210116112938","is_ascension_mode":false,"campfire_choices":[{"data":"1","floor":11,"key":"LIFT"},{"floor":15,"key":"REST"}],"circlet_count":0,"master_deck":["Strike_P","Strike_P","Strike_P+1","Defend_P","Defend_P","Defend_P","Defend_P","Eruption","Vigilance","Omniscience","FlyingSleeves","FollowUp","FollowUp","Replay:Battleflow","Replay:ManipulateFuture","Halt","JustLucky","Evaluate"],"relics":["PureWater","Blue Candle","Membership Card","infinitespire:Joker Card","Girya"],"acts_visited":["Exordium"],"potions_floor_usage":[8,16],"damage_taken":[{"damage":2,"enemies":"Jaw Worm","floor":1,"turns":5},{"damage":0,"enemies":"Small Slimes","floor":4,"turns":2},{"damage":0,"enemies":"Cultist","floor":6,"turns":2},{"damage":22,"enemies":"3 Sentries","floor":8,"turns":5},{"damage":12,"enemies":"3 Louse","floor":10,"turns":4},{"damage":18,"enemies":"Exordium Wildlife","floor":12,"turns":3},{"damage":0,"enemies":"Looter","floor":13,"turns":3},{"damage":5,"enemies":"3 Louse","floor":14,"turns":3},{"damage":29,"enemies":"The Guardian","floor":16,"turns":10}],"seed_played":"-8109388157768993562","potions_obtained":[{"floor":1,"key":"PowerPotion"},{"floor":10,"key":"Elixir"},{"floor":14,"key":"Flashbang"}],"is_trial":false,"path_per_floor":["M","?","?","M","T","M","$","E","T","M","R","M","M","M","R","B"],"character_chosen":"WATCHER","items_purchased":["Membership Card"],"campfire_rested":1,"item_purchase_floors":[7],"current_hp_per_floor":[70,63,63,63,63,63,63,41,41,29,29,11,11,6,27,0,0],"gold":99,"neow_bonus":"ONE_RANDOM_RARE_CARD","is_daily":false,"chose_seed":false,"campfire_upgraded":0,"win_rate":0.0,"timestamp":1610814578,"path_taken":["M","?","?","M","?","M","?","E","T","M","R","M","M","M","R","BOSS"],"items_purchased_type":["Relic"],"build_version":"2020-12-22","purchased_purges":0,"victory":false,"max_hp_per_floor":[72,72,72,72,72,72,72,72,72,72,72,72,72,72,72,72,72],"card_choices":[{"not_picked":["BowlingBash","Protect"],"picked":"FlyingSleeves","floor":1},{"not_picked":["PathToVictory","ThirdEye"],"picked":"FollowUp","floor":4},{"not_picked":["Fasting2","ReachHeaven"],"picked":"FollowUp","floor":6},{"not_picked":["CutThroughFate","EmptyMind"],"picked":"Replay:Battleflow","floor":8},{"not_picked":["Adaptation","SignatureMove"],"picked":"Replay:ManipulateFuture","floor":10},{"not_picked":["Replay:AtTheReady","Replay:Battleflow"],"picked":"Halt","floor":12},{"not_picked":["Replay:BluntJabs","Sanctity"],"picked":"JustLucky","floor":13},{"not_picked":["Vengeance","Fasting2"],"picked":"Evaluate","floor":14}],"player_experience":194884,"relics_obtained":[{"floor":5,"key":"Blue Candle"},{"floor":8,"key":"infinitespire:Joker Card"},{"floor":9,"key":"Girya"}],"event_choices":[{"cards_removed":["Strike_P"],"damage_healed":0,"gold_gain":0,"player_choice":"Card Removal","damage_taken":7,"max_hp_gain":0,"max_hp_loss":0,"event_name":"Golden Wing","floor":2,"gold_loss":0}],"is_beta":false,"boss_relics":[],"items_purged_floors":[],"is_endless":false,"potions_floor_spawned":[1,10,14],"killed_by":"The Guardian","ascension_level":0}}