{"host":"ymn6un3ro3vi042j","time":1610773921,"event":{"mods":["AchievementEnabler","Act Like it!","BaseMod","Bestiary","Better Third Choice","BetterRewards","Colored Map","Colored Powertips","Curses Come First","Dark Map","DeckTracker","Downfall","Highlight Path","Minty Spire (QoL Compilation)","Poor People Problems","Rare Cards Sparkle","StSLib","everything is the same but u backflip on backflip"],"gold_per_floor":[14,33,45,62,62,62,62,74,125,1,1,0,0,13,13,113,113,125,140,140,153,68,68,87,87,87],"floor_reached":25,"language":"ENG","playtime":1253,"items_purged":["Regret"],"score":205,"play_id":"e7cb2901-d2ec-43f9-9761-d1109d52cefb","local_time":"20210115211201","is_ascension_mode":false,"campfire_choices":[{"floor":6,"key":"REST"},{"data":"Venomology","floor":11,"key":"SMITH"},{"data":"Enlightenment","floor":15,"key":"SMITH"},{"floor":23,"key":"REST"}],"circlet_count":0,"master_deck":["Strike_G","Strike_G","Strike_G","Defend_G","Defend_G","Defend_G","Defend_G","Defend_G","Survivor","Neutralize","Venomology+1","PiercingWail","Acrobatics","Poisoned Stab","Blade Dance","Choke","Enlightenment+1","Blade Dance","Burst","PiercingWail","All Out Attack","Acrobatics","Outmaneuver","Poisoned Stab","Cloak And Dagger"],"relics":["Ring of the Snake","Juzu Bracelet","Vajra","SacredBark","Centennial Puzzle"],"acts_visited":["Exordium","TheCity"],"potions_floor_usage":[1,2,3,4,7,7,8,14,16,18,18,18,19,19,21,24,24,24,25,25],"damage_taken":[{"damage":5,"enemies":"Cultist","floor":1,"turns":6},{"damage":7,"enemies":"2 Louse","floor":2,"turns":5},{"damage":0,"enemies":"Small Slimes","floor":3,"turns":4},{"damage":11,"enemies":"Exordium Wildlife","floor":4,"turns":5},{"damage":0,"enemies":"3 Sentries","floor":7,"turns":2},{"damage":19,"enemies":"3 Louse","floor":8,"turns":4},{"damage":0,"enemies":"Looter","floor":14,"turns":1},{"damage":30,"enemies":"Slime Boss","floor":16,"turns":9},{"damage":24,"enemies":"Shell Parasite","floor":18,"turns":5},{"damage":5,"enemies":"3 Byrds","floor":19,"turns":5},{"damage":40,"enemies":"3 Cultists","floor":21,"turns":6},{"damage":6,"enemies":"Cultist and Chosen","floor":24,"turns":3},{"damage":24,"enemies":"Snake Plant","floor":25,"turns":5}],"seed_played":"198330816711205209","potions_obtained":[{"floor":2,"key":"DuplicationPotion"},{"floor":4,"key":"PowerPotion"},{"floor":21,"key":"Ancient Potion"}],"is_trial":false,"path_per_floor":["M","M","M","M","?","R","E","M","T","$","R","?","$","M","R","B",null,"M","M","?","M","?","R","M","M"],"character_chosen":"THE_SILENT","items_purchased":["Weak Potion"],"campfire_rested":2,"item_purchase_floors":[10],"current_hp_per_floor":[65,58,58,47,47,68,68,49,49,49,49,55,55,55,55,25,76,52,47,47,7,7,29,23,0,0],"gold":87,"neow_bonus":"THREE_RARE_CARDS","is_daily":false,"chose_seed":false,"campfire_upgraded":2,"win_rate":0.0,"timestamp":1610773921,"path_taken":["M","?","M","M","?","R","E","M","T","$","R","?","?","M","R","BOSS","M","M","?","M","?","R","M","M"],"items_purchased_type":["Potion"],"build_version":"2020-12-22","purchased_purges":1,"victory":false,"max_hp_per_floor":[70,70,70,70,70,70,70,70,70,70,70,76,76,76,76,76,76,76,76,76,76,76,76,76,76,76],"card_choices":[{"not_picked":["Wraith Form v2","Unload"],"picked":"Venomology","floor":0},{"not_picked":["Outmaneuver","Dagger Throw"],"picked":"PiercingWail","floor":1},{"not_picked":["Eviscerate","Finisher"],"picked":"Acrobatics","floor":2},{"not_picked":["Bane","Dagger Spray"],"picked":"Poisoned Stab","floor":3},{"not_picked":["Cloak And Dagger","Heel Hook"],"picked":"Blade Dance","floor":4},{"not_picked":["Sucker Punch","Slice"],"picked":"Choke","floor":8},{"not_picked":["Leg Sweep","Outmaneuver"],"picked":"Blade Dance","floor":14},{"not_picked":["Glass Knife","Unload"],"picked":"Burst","floor":16},{"not_picked":["Sucker Punch+1","Prepared"],"picked":"PiercingWail","floor":18},{"not_picked":["Eviscerate","Outmaneuver"],"picked":"All Out Attack","floor":19},{"not_picked":["Acrobatics","Dagger Throw"],"picked":"Poisoned Stab","floor":21},{"not_picked":["Endless Agony","Sucker Punch"],"picked":"Cloak And Dagger","floor":24}],"player_experience":35804,"relics_obtained":[{"floor":9,"key":"Vajra"}],"event_choices":[{"damage_healed":0,"gold_gain":0,"player_choice":"Box","damage_taken":0,"relics_obtained":["Juzu Bracelet"],"max_hp_gain":0,"max_hp_loss":0,"event_name":"Big Fish","floor":5,"gold_loss":0,"cards_obtained":["Regret"]},{"damage_healed":0,"gold_gain":0,"player_choice":"RENOUNCE","damage_taken":1,"max_hp_gain":0,"max_hp_loss":0,"event_name":"betterThird:BetterSerpent","floor":12,"gold_loss":1,"cards_obtained":["Enlightenment"]},{"damage_healed":0,"gold_gain":0,"cards_transformed":["Strike_G","Strike_G"],"player_choice":"Became Test Subject","damage_taken":0,"max_hp_gain":0,"max_hp_loss":0,"event_name":"Drug Dealer","floor":20,"gold_loss":0,"cards_obtained":["Acrobatics","Outmaneuver"]},{"damage_healed":0,"gold_gain":0,"player_choice":"Obtained Relic","damage_taken":0,"relics_obtained":["Centennial Puzzle"],"max_hp_gain":0,"max_hp_loss":0,"event_name":"Addict","floor":22,"gold_loss":85}],"is_beta":false,"boss_relics":[{"not_picked":["bronze:MakeshiftBattery","Philosopher\u0027s Stone"],"picked":"SacredBark"}],"items_purged_floors":[10],"is_endless":false,"potions_floor_spawned":[2,4,7,18,21],"killed_by":"Snake Plant","ascension_level":0}}