{"host":"0fmi5fguj5lvt8pf","time":1610785501,"event":{"mods":["BaseMod","Colored Map","Curses Come First","Downfall","Minty Spire (QoL Compilation)","Permanent Neow","StSLib"],"gold_per_floor":[349,365,379,390,390,404,404,418,418,428,428,455,465,158,168,168,168],"floor_reached":16,"language":"ENG","playtime":1421,"items_purged":["bronze:Strike"],"score":131,"play_id":"14b7fa36-1113-4e75-87f1-05cb60876e50","local_time":"20210116002501","is_ascension_mode":false,"campfire_choices":[{"data":"bronze:Goto","floor":1.0,"key":"SMITH"},{"data":"bronze:CloningBeam","floor":11.0,"key":"SMITH"}],"circlet_count":0,"master_deck":["bronze:Strike","bronze:Strike","bronze:Strike","bronze:Defend","bronze:Defend","bronze:Defend","bronze:Defend","bronze:Replicate","bronze:Goto+1","bronze:DelayedGuard","bronze:FollowUp","bronze:CloningBeam+1","bronze:Repair","bronze:Iterate","Good Instincts","bronze:AlphaBuild","bronze:Optimize","bronze:Iterate","bronze:ClassDefault"],"relics":["bronze:BronzeCore","Lantern","Sling"],"acts_visited":["Exordium"],"potions_floor_usage":[16],"damage_taken":[{"damage":8.0,"enemies":"2 Louse","floor":2.0,"turns":4.0},{"damage":1.0,"enemies":"Cultist","floor":3.0,"turns":3.0},{"damage":0.0,"enemies":"Small Slimes","floor":4.0,"turns":3.0},{"damage":10.0,"enemies":"2 Fungi Beasts","floor":6.0,"turns":3.0},{"damage":10.0,"enemies":"Lots of Slimes","floor":8.0,"turns":4.0},{"damage":0.0,"enemies":"Red Slaver","floor":10.0,"turns":3.0},{"damage":0.0,"enemies":"Gremlin Nob","floor":12.0,"turns":4.0},{"damage":27.0,"enemies":"Large Slime","floor":13.0,"turns":9.0},{"damage":10.0,"enemies":"downfall:FleeingMerchant","floor":14.0,"turns":4.0},{"damage":0.0,"enemies":"Lots of Slimes","floor":15.0,"turns":7.0},{"damage":75,"enemies":"SI_SHIV_ARCHETYPE","floor":16,"turns":10}],"seed_played":"-2615231424234821869","potions_obtained":[{"floor":2.0,"key":"SpeedPotion"},{"floor":4.0,"key":"bronze:FreeFunctionsPotion"},{"floor":6.0,"key":"DuplicationPotion"},{"floor":12.0,"key":"sneckomod:MuddlingPotion"},{"floor":15.0,"key":"SneckoOil"}],"is_trial":false,"path_per_floor":["R","M","M","M","?","M","T","M","?","M","R","E","M","$","M","B"],"character_chosen":"THE_AUTOMATON","items_purchased":["bronze:ClassDefault","Sling"],"campfire_rested":0,"item_purchase_floors":[14,14],"current_hp_per_floor":[49,41,40,40,70,60,60,50,50,70,70,70,50,54,61,0,0],"gold":168,"neow_bonus":"TWO_FIFTY_GOLD","is_daily":false,"chose_seed":false,"campfire_upgraded":2,"win_rate":0.0,"timestamp":1610785501,"path_taken":["R","M","M","M","?","M","T","?","?","?","R","E","M","$","M","BOSS"],"items_purchased_type":["Card","Relic"],"build_version":"2020-12-22","purchased_purges":1,"victory":false,"max_hp_per_floor":[70,70,70,70,70,70,70,70,70,70,70,70,70,70,70,70,70],"card_choices":[{"not_picked":["bronze:ChildClass","bronze:Shield"],"picked":"bronze:Backtrace","floor":2.0},{"not_picked":["bronze:WildBeam","bronze:BugBarrage"],"picked":"bronze:DelayedGuard","floor":3.0},{"not_picked":["bronze:Branch","bronze:OilSpill"],"picked":"bronze:FollowUp","floor":4.0},{"not_picked":["bronze:Repair","bronze:Allocate"],"picked":"bronze:CloningBeam","floor":6.0},{"not_picked":["bronze:Boost","bronze:Invalidate"],"picked":"bronze:Repair","floor":8.0},{"not_picked":["bronze:BugBarrage","bronze:NullPointer","bronze:OilSpill"],"picked":"SKIP","floor":10.0},{"not_picked":["bronze:FineTuning","bronze:OilSpill"],"picked":"bronze:AlphaBuild","floor":12.0},{"not_picked":["bronze:Repulsor","bronze:WhirlingStrike"],"picked":"bronze:Optimize","floor":13.0},{"not_picked":["bronze:DarkDash","bronze:Turbo"],"picked":"bronze:Iterate","floor":14.0},{"not_picked":["bronze:ForceShield","bronze:Shield","bronze:WildBeam"],"picked":"SKIP","floor":15.0}],"player_experience":1353077,"relics_obtained":[{"floor":12.0,"key":"Lantern"}],"event_choices":[{"cards_removed":["bronze:Backtrace"],"damage_healed":30.0,"max_hp_gain":0.0,"max_hp_loss":0.0,"gold_gain":0.0,"event_name":"Bonfire Elementals","player_choice":"Offered Uncommon","floor":5.0,"gold_loss":0.0,"damage_taken":0.0}],"is_beta":false,"boss_relics":[],"items_purged_floors":[14],"is_endless":false,"potions_floor_spawned":[2,4,6,12,15],"killed_by":"SI_SHIV_ARCHETYPE","ascension_level":0}}