{"host":"ied4ms9juizrl48v","time":1610832899,"event":{"mods":["BaseMod","Block Reminder","Colored Map","Colored Powertips","DeckTracker","Highlight Path","Minty Spire (QoL Compilation)","Quick Restart","Random Character Button","StSLib","SuperFastMode"],"gold_per_floor":[114,129,143,115,129,129,156,156,156,167,167,167,178,242,242,242,242],"floor_reached":16,"language":"JPN","playtime":1851,"items_purged":[],"score":204,"play_id":"10a9a4c6-5109-49f9-85be-799c7841d6aa","local_time":"20210117063459","is_ascension_mode":true,"campfire_choices":[{"data":"Neutralize","floor":6,"key":"SMITH"},{"data":"Glass Knife","floor":8,"key":"SMITH"},{"data":"Neutralize","floor":12,"key":"SMITH"},{"floor":15,"key":"REST"}],"circlet_count":0,"master_deck":["AscendersBane","Strike_G","Strike_G","Strike_G","Defend_G","Defend_G","Defend_G","Defend_G","Defend_G","Survivor","Neutralize+1","Reflex","Backflip","Heel Hook","Deadly Poison","Dagger Spray","Poisoned Stab","Deadly Poison","Glass Knife+1","Neutralize+1","Concentrate"],"relics":["Ring of the Snake","Unceasing Top","Singing Bowl","Darkstone Periapt"],"acts_visited":["Exordium"],"potions_floor_usage":[14,16],"damage_taken":[{"damage":0,"enemies":"2 Louse","floor":1,"turns":4},{"damage":4,"enemies":"Cultist","floor":2,"turns":5},{"damage":5,"enemies":"Jaw Worm","floor":3,"turns":4},{"damage":4,"enemies":"Blue Slaver","floor":5,"turns":5},{"damage":34,"enemies":"3 Sentries","floor":7,"turns":13},{"damage":3,"enemies":"3 Louse","floor":10,"turns":3},{"damage":8,"enemies":"Exordium Thugs","floor":13,"turns":4},{"damage":3,"enemies":"Gremlin Nob","floor":14,"turns":3},{"damage":34,"enemies":"Slime Boss","floor":16,"turns":7}],"seed_played":"-6247029555661246789","potions_obtained":[{"floor":7,"key":"PowerPotion"},{"floor":14,"key":"DuplicationPotion"}],"is_trial":false,"path_per_floor":["M","M","M","$","M","R","E","R","T","M","?","R","M","?","R","B"],"character_chosen":"THE_SILENT","items_purchased":["Poisoned Stab"],"campfire_rested":1,"item_purchase_floors":[4],"current_hp_per_floor":[59,55,50,50,46,46,12,12,12,11,11,11,5,2,21,0,0],"gold":242,"neow_bonus":"TRANSFORM_TWO_CARDS","is_daily":false,"chose_seed":false,"campfire_upgraded":3,"win_rate":0.0,"timestamp":1610832899,"path_taken":["M","M","M","$","M","R","E","R","T","M","?","R","?","?","R","BOSS"],"items_purchased_type":["Card"],"build_version":"2020-12-22","purchased_purges":0,"victory":false,"max_hp_per_floor":[60,60,60,60,60,60,60,60,60,62,62,62,64,64,64,64,64],"card_choices":[{"not_picked":["Slice","Dodge and Roll"],"picked":"Heel Hook","floor":1},{"not_picked":["Dodge and Roll","Flying Knee"],"picked":"Deadly Poison","floor":2},{"not_picked":["PiercingWail","Blur"],"picked":"Dagger Spray","floor":3},{"not_picked":["Dodge and Roll","Quick Slash"],"picked":"Deadly Poison","floor":5},{"not_picked":["Cloak And Dagger","Phantasmal Killer"],"picked":"Glass Knife","floor":7},{"not_picked":["Acrobatics","Sucker Punch","Slice"],"picked":"Singing Bowl","floor":10},{"not_picked":["Underhanded Strike","Cloak And Dagger","Dagger Spray"],"picked":"Singing Bowl","floor":13},{"not_picked":["Dagger Spray","Skewer"],"picked":"Concentrate","floor":14}],"player_experience":9199,"relics_obtained":[{"floor":7,"key":"Unceasing Top"},{"floor":9,"key":"Singing Bowl"},{"floor":14,"key":"Darkstone Periapt"}],"event_choices":[{"damage_healed":0,"gold_gain":0,"player_choice":"1 cards matched","damage_taken":0,"max_hp_gain":0,"max_hp_loss":0,"event_name":"Match and Keep!","floor":11,"gold_loss":0,"cards_obtained":["Neutralize"]},{"damage_healed":0,"gold_gain":0,"player_choice":"Searched \u00271\u0027 times","damage_taken":0,"max_hp_gain":0,"max_hp_loss":0,"event_name":"Dead Adventurer","floor":14,"gold_loss":0}],"is_beta":false,"boss_relics":[],"items_purged_floors":[],"is_endless":false,"potions_floor_spawned":[7,14],"killed_by":"Slime Boss","ascension_level":20}}