{"host":"l6f9mxfwcy2g8901","time":1610767327,"event":{"mods":["100% Spire Juice","2.2 Compatiblity","Act Like it!","Arknights The Spire","BaseMod","Better Altar","Better Match","Better Note","Better Sensory Stone","Better Skull","Better Third Choice","BetterRewards","Colored Map","Colored Powertips","Custom Start","Dark Map","Elementarium","Gensokyo","Hermit","Highlight Path","Hubris","Infinite Spire","Jorbs\u0027s Wanderer Trilogy","Lobotomy","Minty Spire (QoL Compilation)","Permanent Neow","Relic Filter","Relic Stats","Replay The Spire","Spicy Shops","StSLib","The Bladedancer","The Blue Laboratory","TheSwordswoman","Wandering Minibosses"],"gold_per_floor":[119,47,47,47,58,73,83,83,110,110,129,129,140,57,57,169,169,183,150,150,150,150,150,195,195,195,195,5,18,32,32,32,125,125,189,242,242,1057,1070,1070,1120,1132,1186,1201,1212,540,673,699,699,759,759,759,759,212,259,269],"floor_reached":57,"language":"ENG","playtime":8195,"items_purged":["stsjorbsmod:Strike_Wanderer","blazmod:Strike","blazmod:Defend+1","blazmod:Defend+1","Parasite"],"score":1391,"play_id":"9b9cc19b-e18e-42b8-b0fc-9196d09590bf","local_time":"20210115192207","is_ascension_mode":false,"campfire_choices":[{"data":"blazmod:WildButterfly","floor":8,"key":"SMITH"},{"data":"blazmod:DrippingWaterHollowsStone","floor":10,"key":"SMITH"},{"data":"blazmod:Kyokasuigetsu","floor":12,"key":"SMITH"},{"data":"blazmod:EightLifePilgrimage","floor":23,"key":"SMITH"},{"data":"blazmod:RevolvingPhoenix","floor":27,"key":"SMITH"},{"data":"blazmod:Defend","floor":32,"key":"PURGE"},{"floor":40,"key":"RECALL"},{"floor":49,"key":"REST"},{"data":"blazmod:Strike+1","floor":49,"key":"PURGE"},{"data":"blazmod:Strike+1","floor":53,"key":"PURGE"}],"circlet_count":0,"master_deck":["blazmod:Strike+1","blazmod:ButterflyEffect","blazmod:Kyokasuigetsu+1","stsjorbsmod:EyeOfTheStorm+1","blazmod:DrippingWaterHollowsStone+1","blazmod:FleetOfFoot+1","blazmod:WildButterfly+1","blazmod:MoonlightBlossoms+1","blazmod:RevolvingPhoenix+1","blazmod:EightLifePilgrimage+1","CurseOfTheBell","blazmod:Crosscut+1","infinitespire:NeuralNetwork","blazmod:Observant+1","blazmod:OneWithNature+1","blazmod:TrueOfHeart+1","blazmod:LoveAndHonor","blazmod:KatanaStrike+1","blazmod:StanceChange+1","blazmod:RevolvingPhoenix+1","blazmod:FleetOfFoot+1","blazmod:ClearTheMind+1","blazmod:FleetOfFoot","blazmod:FortifiedVigor+1","blazmod:MirrorImage","blazmod:RevolvingPhoenix","blazmod:DrippingWaterHollowsStone+1"],"relics":["blazmod:Venustas","Mango","ReplayFunnel","Incense Burner","Calling Bell","Pen Nib","hubris:MobiusCoin","Replay:Multitool","Pear","infinitespire:Lychee Nut","infinitespire:Cupcake","hubris:PeanutButter","Happy Flower","Membership Card","Replay:Baseball","Honey Jar","wanderingMiniBosses:MasterThiefsPresence","Bottled Lightning","ClockworkSouvenir","Lantern","Lee\u0027s Waffle","infinitespire:Midas Blood","infinitespire:Magic Flask","blazmod:UnsignedBlade","blazmod:Raikiri","Nunchaku","Gremlin Food","hubris:Zylophone","Pet Ghost"],"acts_visited":["Exordium","TheCity","TheBeyond","TheEnding"],"potions_floor_usage":[19,50],"damage_taken":[{"damage":1,"enemies":"Jaw Worm","floor":1,"turns":7},{"damage":0,"enemies":"2 Louse","floor":5,"turns":3},{"damage":0,"enemies":"Cultist","floor":6,"turns":3},{"damage":1,"enemies":"Exordium Thugs","floor":7,"turns":5},{"damage":14,"enemies":"2 Fungi Beasts","floor":11,"turns":4},{"damage":0,"enemies":"3 Louse","floor":13,"turns":6},{"damage":7,"enemies":"The Guardian","floor":16,"turns":9},{"damage":5,"enemies":"Shell Parasite","floor":18,"turns":8},{"damage":22,"enemies":"3 Byrds","floor":19,"turns":10},{"damage":60,"enemies":"Slavers","floor":24,"turns":7},{"damage":19,"enemies":"Shelled Parasite and Fungi","floor":29,"turns":7},{"damage":0,"enemies":"Snake Plant","floor":30,"turns":3},{"damage":16,"enemies":"Collector","floor":33,"turns":4},{"damage":0,"enemies":"3 Shapes","floor":35,"turns":4},{"damage":1,"enemies":"3 Darklings","floor":36,"turns":4},{"damage":0,"enemies":"Writhing Mass","floor":38,"turns":5},{"damage":0,"enemies":"Transient","floor":39,"turns":5},{"damage":0,"enemies":"Maw","floor":42,"turns":5},{"damage":0,"enemies":"Sphere and 2 Shapes","floor":44,"turns":4},{"damage":0,"enemies":"Jaw Worm Horde","floor":45,"turns":3},{"damage":0,"enemies":"Transient","floor":48,"turns":3},{"damage":0,"enemies":"Awakened One","floor":50,"turns":6},{"damage":0,"enemies":"Shield and Spear","floor":55,"turns":4},{"damage":0,"enemies":"The Heart","floor":56,"turns":6}],"seed_played":"6974510479677432384","potions_obtained":[{"floor":1,"key":"EssenceOfSteel"},{"floor":6,"key":"Energy Potion"},{"floor":29,"key":"DuplicationPotion"},{"floor":39,"key":"blueLaboratory:PyrophylliteBrew"},{"floor":44,"key":"blueLaboratory:RememoryPotion"},{"floor":45,"key":"EssenceOfSteel"},{"floor":55,"key":"blueLaboratory:NullPotion"}],"is_trial":false,"path_per_floor":["M","$","?","?","M","M","M","R","T","R","M","R","M","$","R_BF","B",null,"M","M","?","?","AVR","R","E","?","T","R","$","M","M","?","R_BF","B",null,"M","M","?","M","M","R","?","M","T","M","M","$","?","M","R","B",null,null,"R","$","E","B",null],"character_chosen":"THE_SWORDSWOMAN","items_purchased":["blazmod:DrippingWaterHollowsStone","Incense Burner","Membership Card","Bottled Lightning","ClockworkSouvenir","Lantern","Lee\u0027s Waffle","infinitespire:Midas Blood","infinitespire:Magic Flask","blazmod:UnsignedBlade","blazmod:Raikiri","Nunchaku","Gremlin Food","hubris:Zylophone","blazmod:RevolvingPhoenix","Reflective Coating"],"campfire_rested":1,"item_purchase_floors":[2,14,28,46,46,46,46,46,46,54,54,54,54,54,54,54],"current_hp_per_floor":[53,53,53,54,54,54,53,53,53,53,43,43,47,47,62,57,64,61,53,63,63,61,61,16,37,37,37,37,32,45,45,45,49,65,71,71,71,75,75,75,75,77,77,77,81,88,66,73,90,96,96,96,96,93,97,99],"gold":269,"neow_bonus":"ONE_RARE_RELIC","is_daily":false,"chose_seed":false,"campfire_upgraded":5,"win_rate":0.0,"timestamp":1610767327,"path_taken":["M","$","?","?","?","M","M","R","T","R","M","R","M","?","R_BF","BOSS","M","M","?","?","AVR","R","E","?","T","R","$","?","M","?","R_BF","BOSS","M","M","?","M","M","R","?","M","T","M","M","$","?","M","R","BOSS","R","$","E","BOSS"],"items_purchased_type":["Card","Relic","Relic","Relic","Relic","Card","Relic","Relic","Relic","Relic","Relic","Relic","Relic","Relic","Card","Potion"],"build_version":"2020-12-22","purchased_purges":5,"victory":true,"max_hp_per_floor":[54,54,54,54,54,54,54,54,54,54,58,58,62,62,62,64,64,66,72,82,82,61,61,65,65,65,65,65,65,65,65,65,65,65,71,71,71,75,75,75,75,77,77,77,81,88,88,90,90,96,96,96,96,93,97,99],"relic_stats":{"Lee\u0027s Waffle":7,"Nunchaku":[1],"Happy Flower":[21],"counters":[24,125],"Pen Nib":[12],"obtain_stats":[{"ReplayFunnel":9,"Lantern":46,"Mango":0,"Incense Burner":14,"Replay:Multitool":17,"Pet Ghost":55,"ClockworkSouvenir":46,"blazmod:Venustas":0,"Nunchaku":54,"blazmod:UnsignedBlade":54,"Honey Jar":34,"blazmod:Raikiri":54,"Gremlin Food":54,"hubris:MobiusCoin":17,"Lee\u0027s Waffle":46,"Pear":20,"Happy Flower":26,"wanderingMiniBosses:MasterThiefsPresence":38,"Pen Nib":17,"infinitespire:Magic Flask":46,"Calling Bell":17,"hubris:Zylophone":54,"Replay:Baseball":31,"infinitespire:Lychee Nut":22,"hubris:PeanutButter":24,"Membership Card":28,"Bottled Lightning":46,"infinitespire:Cupcake":22,"infinitespire:Midas Blood":46},{"ReplayFunnel":4,"Lantern":20,"Mango":0,"Incense Burner":6,"Replay:Multitool":7,"Pet Ghost":23,"ClockworkSouvenir":20,"blazmod:Venustas":0,"Nunchaku":22,"blazmod:UnsignedBlade":22,"Honey Jar":13,"blazmod:Raikiri":22,"Gremlin Food":22,"hubris:MobiusCoin":7,"Lee\u0027s Waffle":20,"Pear":9,"Happy Flower":10,"wanderingMiniBosses:MasterThiefsPresence":16,"Pen Nib":7,"infinitespire:Magic Flask":20,"Calling Bell":7,"hubris:Zylophone":22,"Replay:Baseball":12,"infinitespire:Lychee Nut":9,"hubris:PeanutButter":10,"Membership Card":10,"Bottled Lightning":20,"infinitespire:Cupcake":9,"infinitespire:Midas Blood":20},{"ReplayFunnel":18,"Lantern":106,"Mango":0,"Incense Burner":28,"Replay:Multitool":37,"Pet Ghost":119,"ClockworkSouvenir":106,"blazmod:Venustas":0,"Nunchaku":115,"blazmod:UnsignedBlade":115,"Honey Jar":76,"blazmod:Raikiri":115,"Gremlin Food":115,"hubris:MobiusCoin":37,"Lee\u0027s Waffle":106,"Pear":55,"Happy Flower":62,"wanderingMiniBosses:MasterThiefsPresence":89,"Pen Nib":37,"infinitespire:Magic Flask":106,"Calling Bell":37,"hubris:Zylophone":115,"Replay:Baseball":72,"infinitespire:Lychee Nut":55,"hubris:PeanutButter":62,"Membership Card":62,"Bottled Lightning":106,"infinitespire:Cupcake":55,"infinitespire:Midas Blood":106}]},"card_choices":[{"not_picked":["blazmod:MentalFocus","blazmod:FortifiedVigor","blazmod:FlashRock"],"picked":"SKIP","floor":1},{"not_picked":["blazmod:BoulderFlash","blazmod:FortifiedVigor","blazmod:PhysicalEndurance"],"picked":"SKIP","floor":5},{"not_picked":["blazmod:SureOfHand","blazmod:BlindBlade"],"picked":"blazmod:FleetOfFoot","floor":6},{"not_picked":["blazmod:GlasswingWaltz","blazmod:UnderPurifyingWaters"],"picked":"blazmod:WildButterfly","floor":7},{"not_picked":["blazmod:MentalFocus","blazmod:Valiance"],"picked":"blazmod:MoonlightBlossoms","floor":11},{"not_picked":["blazmod:KatanaStrike","blazmod:BlindingFlash"],"picked":"blazmod:RevolvingPhoenix","floor":13},{"not_picked":["blazmod:OneWithNature","blazmod:VisionsOfButterflies"],"picked":"blazmod:EightLifePilgrimage","floor":16},{"not_picked":["blazmod:FlashRock","blazmod:Trasient","blazmod:BoulderFlash"],"picked":"SKIP","floor":18},{"not_picked":["blazmod:FlyFlyAgain","blazmod:BoulderFlash"],"picked":"blazmod:Crosscut+1","floor":19},{"not_picked":["blazmod:FortifiedVigor","blazmod:MentalFocus","blazmod:Crosscut+1"],"picked":"SKIP","floor":24},{"not_picked":["blazmod:SidewaySolace","blazmod:SecondSight"],"picked":"blazmod:Observant","floor":29},{"not_picked":["blazmod:FortifiedVigor","blazmod:Setsuna","blazmod:TravelJournal+1"],"picked":"SKIP","floor":30},{"not_picked":["blazmod:SeismicSlash","blazmod:HoumatsuMugenKochouji"],"picked":"blazmod:OneWithNature","floor":33},{"not_picked":["blazmod:StanceChange","blazmod:FancifulFlutter","blazmod:MentalFocus"],"picked":"blazmod:TrueOfHeart+1","floor":35},{"not_picked":["blazmod:FleetOfFoot+1","blazmod:Trasient+1","blazmod:PhysicalEndurance"],"picked":"blazmod:MentalFocus+1","floor":36},{"not_picked":["blazmod:TravelJournal","blazmod:PhysicalEndurance","blazmod:Valiance"],"picked":"blazmod:LoveAndHonor","floor":38},{"not_picked":["blazmod:MoonlightBlossoms","blazmod:MentalFocus+1","blazmod:BeTheBlade"],"picked":"blazmod:KatanaStrike+1","floor":39},{"not_picked":["blazmod:SidewaySolace","blazmod:KatanaStrike+1","blazmod:Valiance"],"picked":"blazmod:StanceChange","floor":42},{"not_picked":["blazmod:NaturesBeauty","blazmod:Trasient+1","blazmod:MoonlightBlossoms+1"],"picked":"blazmod:RevolvingPhoenix","floor":44},{"not_picked":["blazmod:QuickBlade","blazmod:StanceChange","blazmod:SidewaySolace+1"],"picked":"blazmod:FleetOfFoot+1","floor":45},{"not_picked":["blazmod:Crosscut","blazmod:ButterFlutter","blazmod:FocusThroughFalls"],"picked":"blazmod:ClearTheMind+1","floor":47},{"not_picked":["blazmod:BoulderFlash","blazmod:SidewaySolace+1","blazmod:FortifiedVigor"],"picked":"blazmod:FleetOfFoot","floor":47},{"not_picked":["blazmod:ButterFlutter","blazmod:HarmonyComplete+1","blazmod:BoulderFlash"],"picked":"blazmod:FortifiedVigor+1","floor":47},{"not_picked":["blazmod:BladeOfEnlightenment","blazmod:PhysicalEndurance+1","blazmod:FlashRock+1"],"picked":"blazmod:MirrorImage","floor":48},{"not_picked":["blazmod:FleetOfFoot+1","blazmod:Trasient+1","blazmod:InLoveAndWar"],"picked":"blazmod:DrippingWaterHollowsStone","floor":55}],"player_experience":239718,"relics_obtained":[{"floor":9,"key":"ReplayFunnel"},{"floor":17,"key":"Pen Nib"},{"floor":17,"key":"hubris:MobiusCoin"},{"floor":17,"key":"Replay:Multitool"},{"floor":24,"key":"hubris:PeanutButter"},{"floor":26,"key":"Happy Flower"},{"floor":38,"key":"wanderingMiniBosses:MasterThiefsPresence"},{"floor":55,"key":"Pet Ghost"}],"event_choices":[{"damage_healed":0,"gold_gain":0,"player_choice":"Leave","damage_taken":0,"max_hp_gain":0,"max_hp_loss":0,"event_name":"The Cleric","floor":3,"gold_loss":0},{"damage_healed":1,"gold_gain":0,"player_choice":"Full Heal","damage_taken":0,"max_hp_gain":0,"max_hp_loss":0,"event_name":"Wheel of Change","floor":4,"gold_loss":0},{"damage_healed":0,"gold_gain":0,"player_choice":"Gave Potion","damage_taken":0,"relics_obtained":["Pear"],"max_hp_gain":0,"max_hp_loss":0,"event_name":"WeMeetAgain","floor":20,"gold_loss":0},{"cards_removed":["stsjorbsmod:EyeOfTheStorm"],"damage_healed":0,"gold_gain":0,"player_choice":"Give","damage_taken":0,"max_hp_gain":0,"max_hp_loss":0,"event_name":"betterNote:BetterNote","floor":21,"gold_loss":0,"cards_obtained":["Strike_R"]},{"damage_healed":21,"gold_gain":0,"player_choice":"Heal","damage_taken":0,"max_hp_gain":0,"max_hp_loss":0,"event_name":"The Library","floor":25,"gold_loss":0},{"cards_removed":["blazmod:MentalFocus"],"damage_healed":0,"gold_gain":0,"player_choice":"Removed Attack","damage_taken":0,"max_hp_gain":0,"max_hp_loss":0,"event_name":"Falling","floor":41,"gold_loss":0}],"is_beta":false,"boss_relics":[{"not_picked":["hubris:RunicObelisk","BehaviorAdjustment"],"picked":"Calling Bell"},{"not_picked":["Empty Cage","ReplayTheSpireMod:SealedPack"],"picked":"Honey Jar"}],"items_purged_floors":[22,28,46,46,54],"is_endless":false,"potions_floor_spawned":[1,6,29,39,44,45,55],"ascension_level":0}}