{"host":"f5gffvlv6a66yqkd","time":1610823140,"event":{"mods":["2.2 Compatiblity","Alarm Clock","BaseMod","Colored Map","Custom Start","DeckTracker","Keyboard Shortcuts","Minty Spire (QoL Compilation)","Permanent Neow","Quick Restart","Relic Stats","StSLib","SuperFastMode"],"gold_per_floor":[362,287,44,44,60,60,87,97,167,202,219,219,219,92,92,92,92],"floor_reached":16,"language":"KOR","playtime":252,"items_purged":["Strike_P"],"score":266,"play_id":"cbe6caa6-a73e-424f-90cc-320ee11aab0d","local_time":"20210117035220","is_ascension_mode":true,"campfire_choices":[{"floor":6.0,"key":"REST"},{"data":"Eruption","floor":13.0,"key":"SMITH"},{"data":"Wallop","floor":15.0,"key":"SMITH"}],"circlet_count":0,"master_deck":["AscendersBane","Strike_P","Strike_P","Strike_P","Defend_P","Defend_P","Defend_P","Eruption+1","Vigilance","Consecrate","MentalFortress","WheelKick","Blasphemy","Wallop+1","CrushJoints","Ragnarok","Adaptation"],"relics":["PureWater","Orrery","PreservedInsect","Ornamental Fan","Question Card","Smiling Mask"],"acts_visited":["Exordium"],"potions_floor_usage":[16],"damage_taken":[{"damage":1.0,"enemies":"2 Louse","floor":1.0,"turns":4.0},{"damage":7.0,"enemies":"Jaw Worm","floor":5.0,"turns":3.0},{"damage":0.0,"enemies":"Lagavulin","floor":7.0,"turns":2.0},{"damage":0.0,"enemies":"Cultist","floor":8.0,"turns":2.0},{"damage":10.0,"enemies":"3 Sentries","floor":10.0,"turns":3.0},{"damage":7.0,"enemies":"2 Fungi Beasts","floor":11.0,"turns":4.0},{"damage":51,"enemies":"The Guardian","floor":16,"turns":2}],"seed_played":"-5428095866431851311","potions_obtained":[{"floor":5.0,"key":"DuplicationPotion"},{"floor":10.0,"key":"DuplicationPotion"}],"is_trial":false,"path_per_floor":["M","?","$","?","M","R","E","M","T","E","M","?","R","$","R","B"],"character_chosen":"WATCHER","items_purchased":["MentalFortress","Orrery","Adaptation"],"campfire_rested":1,"item_purchase_floors":[3,3,14],"current_hp_per_floor":[42,42,42,24,17,37,37,37,37,27,20,20,20,20,20,0,0],"gold":92,"neow_bonus":"TWO_FIFTY_GOLD","is_daily":false,"chose_seed":false,"campfire_upgraded":2,"win_rate":0.0,"timestamp":1610823140,"path_taken":["M","?","$","?","M","R","E","M","T","E","M","?","R","?","R","BOSS"],"items_purchased_type":["Card","Relic","Card"],"build_version":"2020-12-22","purchased_purges":1,"victory":false,"max_hp_per_floor":[68,68,68,68,68,68,68,68,68,68,68,68,68,68,68,68,68],"relic_stats":{"counters":[7,20],"Ornamental Fan":[12],"PreservedInsect":61,"Question Card":2,"Smiling Mask":25,"obtain_stats":[{"Ornamental Fan":7,"Orrery":3,"PreservedInsect":4,"PureWater":0,"Question Card":9,"Smiling Mask":10},{"Ornamental Fan":3,"Orrery":1,"PreservedInsect":1,"PureWater":0,"Question Card":4,"Smiling Mask":5},{"Ornamental Fan":9,"Orrery":4,"PreservedInsect":4,"PureWater":0,"Question Card":11,"Smiling Mask":14}]},"card_choices":[{"not_picked":["Prostrate","Halt"],"picked":"Consecrate","floor":1.0},{"not_picked":["FollowUp","Consecrate"],"picked":"WheelKick","floor":3.0},{"not_picked":["PathToVictory","JustLucky"],"picked":"Blasphemy","floor":3.0},{"not_picked":["ClearTheMind","MentalFortress"],"picked":"Wallop","floor":3.0},{"not_picked":["Evaluate","Crescendo"],"picked":"CrushJoints","floor":3.0},{"not_picked":["Weave","JustLucky","WheelKick"],"picked":"SKIP","floor":5.0},{"not_picked":["ClearTheMind","CrushJoints","Swivel"],"picked":"SKIP","floor":7.0},{"not_picked":["Prostrate","WaveOfTheHand","CutThroughFate"],"picked":"SKIP","floor":8.0},{"not_picked":["CrushJoints","EmptyBody","Nirvana"],"picked":"Ragnarok","floor":10.0},{"not_picked":["ForeignInfluence","CutThroughFate","Halt","Wireheading"],"picked":"SKIP","floor":11.0}],"player_experience":1577136,"relics_obtained":[{"floor":7.0,"key":"Ornamental Fan"},{"floor":9.0,"key":"Question Card"},{"floor":10.0,"key":"Smiling Mask"}],"event_choices":[{"cards_removed":["Defend_P"],"damage_healed":0.0,"max_hp_gain":0.0,"max_hp_loss":0.0,"gold_gain":0.0,"event_name":"The Cleric","player_choice":"Card Removal","floor":2.0,"gold_loss":75.0,"damage_taken":0.0},{"damage_healed":0.0,"max_hp_gain":0.0,"max_hp_loss":0.0,"gold_gain":0.0,"event_name":"Scrap Ooze","player_choice":"Success","floor":4.0,"gold_loss":0.0,"damage_taken":18.0,"relics_obtained":["PreservedInsect"]},{"damage_healed":0.0,"max_hp_gain":0.0,"max_hp_loss":0.0,"gold_gain":0.0,"event_name":"Liars Game","player_choice":"Ignored","floor":12.0,"gold_loss":0.0,"damage_taken":0.0}],"is_beta":false,"boss_relics":[],"items_purged_floors":[14],"is_endless":false,"potions_floor_spawned":[5,10],"killed_by":"The Guardian","ascension_level":20}}