{"host":"cdcsem0stf6rethc","time":1610776705,"event":{"mods":["AchievementEnabler","Act Like it!","BaseMod","Colored Map","Gensokyo","Highlight Path","Minty Spire (QoL Compilation)","StSLib","Yuyuko"],"gold_per_floor":[117,130,145,74,39,39,93,109,109,109,109,109],"floor_reached":11,"language":"ZHS","playtime":428,"items_purged":[],"score":63,"play_id":"d42e1f36-6a2d-4c58-8f27-f32ea837c4f3","local_time":"20210116135825","is_ascension_mode":false,"campfire_choices":[{"data":"Bloom","floor":6,"key":"SMITH"},{"data":"Song of Papilio","floor":10,"key":"SMITH"}],"circlet_count":0,"master_deck":["Fantasy Butterflies","Fantasy Butterflies","Fantasy Butterflies","Fantasy Butterflies","Fantasy Butterflies","Dreamy Sakura","Dreamy Sakura","Dreamy Sakura","Dreamy Sakura","Dreamy Sakura","Deathly Ground","Faramita\u0027s Temptation","Elegance","The Forgotten Winter","Bloom+1","The Inky Sakura","Song of Papilio+1"],"relics":["Coronal","Yuyuko\u0027s fan","NeowsBlessing","Tiny Chest","Toxic Egg 2"],"acts_visited":["Exordium"],"potions_floor_usage":[11],"damage_taken":[{"damage":1.0,"enemies":"Cultist","floor":1.0,"turns":1.0},{"damage":1.0,"enemies":"Jaw Worm","floor":2.0,"turns":1.0},{"damage":1.0,"enemies":"2 Louse","floor":3.0,"turns":1.0},{"damage":53,"enemies":"Exordium Wildlife","floor":8,"turns":8},{"damage":37,"enemies":"Gremlin Nob","floor":11,"turns":3}],"seed_played":"2896211440550975821","potions_obtained":[{"floor":2.0,"key":"Fire Potion"},{"floor":3.0,"key":"ColorlessPotion"}],"is_trial":false,"path_per_floor":["M","M","M","$","?","R","T","M","T","R","E"],"character_chosen":"YUYOKO","items_purchased":["The Inky Sakura"],"campfire_rested":0,"item_purchase_floors":[4],"current_hp_per_floor":[39,38,38,38,40,40,40,23,23,23,0,0],"gold":109,"neow_bonus":"THREE_ENEMY_KILL","is_daily":false,"chose_seed":false,"campfire_upgraded":2,"win_rate":0.0,"timestamp":1610776705,"path_taken":["M","M","M","$","?","R","?","M","T","R","E"],"items_purchased_type":["Card"],"build_version":"2020-12-22","purchased_purges":0,"victory":false,"max_hp_per_floor":[40,40,40,40,40,40,40,40,40,40,40,40],"card_choices":[{"not_picked":["Final of Final","Bomb"],"picked":"Elegance","floor":1.0},{"not_picked":["Fondling of Papilio","Gather the Spring"],"picked":"The Forgotten Winter","floor":2.0},{"not_picked":["Trap Lamp","Dark Wind"],"picked":"Bloom","floor":3.0},{"not_picked":["Phantom Gift","Linger over Flower"],"picked":"Song of Papilio","floor":8}],"player_experience":73312,"relics_obtained":[{"floor":7,"key":"Tiny Chest"},{"floor":9,"key":"Toxic Egg 2"}],"event_choices":[{"damage_healed":10,"gold_gain":0,"player_choice":"Healed","damage_taken":0,"max_hp_gain":0,"max_hp_loss":0,"event_name":"The Cleric","floor":5,"gold_loss":35}],"is_beta":false,"boss_relics":[],"items_purged_floors":[],"is_endless":false,"potions_floor_spawned":[2,3],"killed_by":"Gremlin Nob","ascension_level":0}}