{"host":"yvs6unqb0m2j26b0","time":1610765151,"event":{"mods":["AchievementEnabler","BaseMod","Colored Map","Colored Powertips","Minty Spire (QoL Compilation)"],"gold_per_floor":[113,125,75,75,5,48,48,84,178,205,217,229,282,317,329,465,477,505,517,547,580,605,617,617],"floor_reached":23,"language":"ENG","playtime":1816,"items_purged":[],"score":261,"play_id":"d00678c1-cd2e-451d-afd2-3eed66670c70","local_time":"20210116004551","is_ascension_mode":false,"campfire_choices":[{"data":"Blasphemy","floor":11.0,"key":"SMITH"},{"data":"1","floor":15.0,"key":"LIFT"}],"circlet_count":0,"master_deck":["Strike_P+1","Strike_P","Strike_P","Strike_P+1","Defend_P","Defend_P","Defend_P","Eruption","Vigilance","Crescendo","EmptyMind","ReachHeaven","CrushJoints","Blasphemy+1","Worship","InnerPeace","Indignation","Ragnarok","TalkToTheHand","TalkToTheHand","FollowUp","BattleHymn"],"relics":["HolyWater","PreservedInsect","Golden Idol","Whetstone","MawBank","Kunai","Girya"],"acts_visited":["Exordium","TheCity"],"potions_floor_usage":[19,23],"damage_taken":[{"damage":1.0,"enemies":"Cultist","floor":1.0,"turns":3.0},{"damage":2.0,"enemies":"Small Slimes","floor":2.0,"turns":4.0},{"damage":21.0,"enemies":"Lagavulin","floor":6.0,"turns":6.0},{"damage":11.0,"enemies":"Gremlin Nob","floor":8.0,"turns":3.0},{"damage":1.0,"enemies":"Jaw Worm","floor":10.0,"turns":5.0},{"damage":6.0,"enemies":"Lagavulin","floor":13.0,"turns":5.0},{"damage":0.0,"enemies":"Large Slime","floor":14.0,"turns":1.0},{"damage":0.0,"enemies":"Slime Boss","floor":16.0,"turns":3.0},{"damage":27,"enemies":"3 Byrds","floor":18,"turns":6},{"damage":0,"enemies":"Masked Bandits","floor":19,"turns":1},{"damage":18,"enemies":"Shell Parasite","floor":20,"turns":3},{"damage":11,"enemies":"Centurion and Healer","floor":21,"turns":4},{"damage":13,"enemies":"Snecko","floor":22,"turns":4},{"damage":8,"enemies":"Book of Stabbing","floor":23,"turns":2}],"seed_played":"-2728502532971466088","potions_obtained":[{"floor":2.0,"key":"SneckoOil"},{"floor":6.0,"key":"Energy Potion"},{"floor":10.0,"key":"Block Potion"},{"floor":13.0,"key":"SmokeBomb"}],"is_trial":false,"path_per_floor":["M","M","?","?","$","E","?","E","T","M","R","$","E","M","R","B",null,"M","?","M","M","M","E"],"character_chosen":"WATCHER","items_purchased":["ReachHeaven"],"campfire_rested":0,"item_purchase_floors":[5],"current_hp_per_floor":[71,69,69,51,51,30,35,24,24,23,23,23,17,17,17,17,77,50,50,32,21,8,0,0],"gold":617,"neow_bonus":"RANDOM_COMMON_RELIC","is_daily":false,"chose_seed":false,"campfire_upgraded":1,"win_rate":0.0,"timestamp":1610765151,"path_taken":["M","M","?","?","?","E","?","E","T","M","R","$","E","M","R","BOSS","M","?","M","M","M","E"],"items_purchased_type":["Card"],"build_version":"2020-12-22","purchased_purges":0,"victory":false,"max_hp_per_floor":[72,72,72,72,72,72,77,77,77,77,77,77,77,77,77,77,77,77,77,77,77,77,77,77],"card_choices":[{"not_picked":["Consecrate","SashWhip"],"picked":"Crescendo","floor":1.0},{"not_picked":["SashWhip","CutThroughFate"],"picked":"EmptyMind","floor":2.0},{"not_picked":["PathToVictory","WheelKick"],"picked":"CrushJoints","floor":6.0},{"not_picked":["Swivel","EmptyBody"],"picked":"Blasphemy","floor":8.0},{"not_picked":["Halt","SashWhip"],"picked":"Worship","floor":10.0},{"not_picked":["PathToVictory","EmptyBody"],"picked":"InnerPeace","floor":13.0},{"not_picked":["CrushJoints","ForeignInfluence"],"picked":"Indignation","floor":14.0},{"not_picked":["Blasphemy","DevaForm"],"picked":"Ragnarok","floor":16.0},{"not_picked":["ClearTheMind+1","Crescendo"],"picked":"TalkToTheHand","floor":18},{"not_picked":["Perseverance","Swivel"],"picked":"TalkToTheHand","floor":20},{"not_picked":["EmptyBody","Protect"],"picked":"FollowUp","floor":21},{"not_picked":["ClearTheMind","PathToVictory"],"picked":"BattleHymn","floor":22}],"player_experience":58770,"relics_obtained":[{"floor":6.0,"key":"Whetstone"},{"floor":8.0,"key":"MawBank"},{"floor":9.0,"key":"Kunai"},{"floor":13.0,"key":"Girya"}],"event_choices":[{"cards_removed":["Defend_P"],"damage_healed":0.0,"max_hp_gain":0.0,"max_hp_loss":0.0,"gold_gain":0.0,"event_name":"The Cleric","player_choice":"Card Removal","floor":3.0,"gold_loss":50.0,"damage_taken":0.0},{"damage_healed":0.0,"max_hp_gain":0.0,"max_hp_loss":0.0,"gold_gain":0.0,"event_name":"Golden Idol","player_choice":"Take Damage","floor":4.0,"gold_loss":0.0,"damage_taken":18.0,"relics_obtained":["Golden Idol"]},{"damage_healed":0.0,"max_hp_gain":5.0,"max_hp_loss":0.0,"gold_gain":0.0,"event_name":"Big Fish","player_choice":"Donut","floor":7.0,"gold_loss":0.0,"damage_taken":0.0},{"damage_healed":0,"gold_gain":0,"player_choice":"Fought Bandits","damage_taken":0,"max_hp_gain":0,"max_hp_loss":0,"event_name":"Masked Bandits","floor":19,"gold_loss":0}],"is_beta":false,"boss_relics":[{"not_picked":["Calling Bell","Ectoplasm"],"picked":"HolyWater"}],"items_purged_floors":[],"is_endless":false,"potions_floor_spawned":[2,6,10,13,19],"killed_by":"Book of Stabbing","ascension_level":0}}