{"host":"1hzg86ju9fvxh562","time":1610768979,"event":{"mods":["AchievementEnabler","Act Like it!","AlwaysNeverKeys","BaseMod","Bestiary","Better Altar","Better Match","Better Note","Better Sensory Stone","Better Skull","Better Third Choice","Colored Map","Colored Powertips","Curses Come First","Displayed Cursed Tome","Filter the Spire","Highlight Path","Keyboard Shortcuts","Minty Spire (QoL Compilation)","Rare Cards Sparkle","Relic Sorter","Relic Stats","ShortenTheSpire","Spicy Shops","StSLib","SuperFastMode","everything is the same but u backflip on backflip","slay the spire mod where everything is the same but ironclad has a cowboy hat"],"gold_per_floor":[119,130,130,130,55,55,136,136,136,136,148,159,159,159,159,263,263,277,728,728,742,571,571,590,603,603,623,623,623,638,492,492,592,592,592,592],"floor_reached":35,"language":"ENG","playtime":1148,"items_purged":["Strike_P","Pain","Defend_P"],"score":345,"play_id":"f34be588-dbac-4418-b162-029bb3dcc2ab","local_time":"20210116014939","is_ascension_mode":false,"campfire_choices":[{"data":"Vigilance","floor":6,"key":"SMITH"},{"data":"Strike_P","floor":8,"key":"SMITH"},{"data":"Defend_P","floor":10,"key":"SMITH"},{"data":"EmptyFist","floor":13,"key":"SMITH"},{"data":"Impatience","floor":15,"key":"SMITH"},{"floor":23,"key":"REST"},{"floor":29,"key":"REST"},{"floor":32,"key":"REST"}],"circlet_count":0,"master_deck":["Strike_P+1","Strike_P+1","Strike_P+1","Defend_P+1","Defend_P+1","Eruption","Vigilance+1","EmptyFist+1","Impatience+1","Scrawl","Scrawl","Indignation+1","FearNoEvil","Panacea","Echo Form"],"relics":["Snecko Eye","Darkstone Periapt","Shuriken","Cursed Key","Membership Card","Mercury Hourglass","PrismaticShard","Velvet Choker"],"acts_visited":["Exordium","TheCity","TheBeyond"],"potions_floor_usage":[21,25,30,33],"damage_taken":[{"damage":0,"enemies":"Small Slimes","floor":1,"turns":4},{"damage":0,"enemies":"Jaw Worm","floor":2,"turns":1},{"damage":0,"enemies":"2 Louse","floor":11,"turns":2},{"damage":0,"enemies":"Exordium Wildlife","floor":12,"turns":2},{"damage":10,"enemies":"Hexaghost","floor":16,"turns":5},{"damage":4,"enemies":"Shell Parasite","floor":18,"turns":3},{"damage":0,"enemies":"Spheric Guardian","floor":21,"turns":2},{"damage":10,"enemies":"Snecko","floor":24,"turns":3},{"damage":37,"enemies":"Snake Plant","floor":25,"turns":3},{"damage":0,"enemies":"Centurion and Healer","floor":27,"turns":2},{"damage":16,"enemies":"3 Cultists","floor":30,"turns":4},{"damage":57,"enemies":"Champ","floor":33,"turns":9},{"damage":0,"enemies":"3 Darklings","floor":35,"turns":1}],"seed_played":"-4173062709767327697","potions_obtained":[{"floor":1,"key":"SteroidPotion"},{"floor":12,"key":"SneckoOil"},{"floor":18,"key":"BottledMiracle"},{"floor":25,"key":"SpeedPotion"},{"floor":27,"key":"Block Potion"},{"floor":30,"key":"Regen Potion"}],"is_trial":false,"path_per_floor":["M","M","?","?","$","R","T","R","T","R","M","M","R","?","R","B",null,"M","?","?","M","$","R","M","M","T","M","?","R","M","$","R","B",null,"M"],"character_chosen":"WATCHER","items_purchased":["Membership Card","Mercury Hourglass","PrismaticShard","Panacea"],"campfire_rested":3,"item_purchase_floors":[22,22,31,31],"current_hp_per_floor":[72,72,65,51,51,51,51,51,51,51,51,51,51,51,51,41,72,68,37,37,37,43,66,56,19,19,19,19,42,26,26,49,7,78,78,78],"gold":592,"neow_bonus":"BOSS_RELIC","is_daily":false,"chose_seed":false,"campfire_upgraded":5,"win_rate":0.0,"timestamp":1610768979,"path_taken":["M","M","?","?","$","R","?","R","T","R","M","M","R","?","R","BOSS","M","?","?","M","$","R","M","M","T","M","?","R","M","?","R","BOSS","M"],"items_purchased_type":["Relic","Relic","Relic","Card"],"build_version":"2020-12-22","purchased_purges":3,"victory":false,"max_hp_per_floor":[72,72,72,72,72,72,72,72,72,72,72,72,72,72,72,72,72,72,72,72,72,78,78,78,78,78,78,78,78,78,78,78,78,78,78,78],"relic_stats":{"Darkstone Periapt":6,"counters":[13,41],"Shuriken":[16],"Snecko Eye":[78,87,102,87],"Cursed Key":0,"obtain_stats":[{"Darkstone Periapt":7,"Shuriken":9,"Snecko Eye":0,"Velvet Choker":34,"Membership Card":22,"PureWater":0,"Cursed Key":17,"PrismaticShard":31,"Mercury Hourglass":22},{"Darkstone Periapt":2,"Shuriken":2,"Snecko Eye":0,"Velvet Choker":12,"Membership Card":7,"PureWater":0,"Cursed Key":5,"PrismaticShard":11,"Mercury Hourglass":7},{"Darkstone Periapt":5,"Shuriken":5,"Snecko Eye":0,"Velvet Choker":40,"Membership Card":19,"PureWater":0,"Cursed Key":14,"PrismaticShard":31,"Mercury Hourglass":19}],"Mercury Hourglass":[75]},"card_choices":[{"not_picked":["Pray","ThirdEye","Protect"],"picked":"SKIP","floor":1},{"not_picked":["EmptyBody","Evaluate","SignatureMove"],"picked":"SKIP","floor":2},{"not_picked":["Protect","JustLucky","Pray"],"picked":"SKIP","floor":11},{"not_picked":["DeceiveReality","Weave"],"picked":"EmptyFist","floor":12},{"not_picked":["Deep Breath","Forethought"],"picked":"Impatience","floor":14},{"not_picked":["Ragnarok","Establishment"],"picked":"Scrawl","floor":16},{"not_picked":["Prostrate+1","SashWhip","CrushJoints"],"picked":"SKIP","floor":18},{"not_picked":["Crescendo+1","Protect"],"picked":"Indignation+1","floor":21},{"not_picked":["SashWhip","PathToVictory","WreathOfFlame"],"picked":"SKIP","floor":24},{"not_picked":["WaveOfTheHand","PathToVictory","Vengeance"],"picked":"SKIP","floor":25},{"not_picked":["Wireheading","JustLucky","Crescendo"],"picked":"SKIP","floor":27},{"not_picked":["Crescendo+1","BowlingBash"],"picked":"FearNoEvil","floor":30},{"not_picked":["Biased Cognition","Unload"],"picked":"Echo Form","floor":33}],"player_experience":467971,"relics_obtained":[{"floor":7,"key":"Darkstone Periapt"},{"floor":9,"key":"Shuriken"}],"event_choices":[{"cards_removed":["Defend_P"],"damage_healed":0,"gold_gain":0,"player_choice":"Card Removal","damage_taken":7,"max_hp_gain":0,"max_hp_loss":0,"event_name":"Golden Wing","floor":3,"gold_loss":0},{"damage_healed":65,"gold_gain":0,"player_choice":"Upgrade","damage_taken":14,"max_hp_gain":0,"max_hp_loss":72,"event_name":"betterThird:BetterShining","floor":4,"gold_loss":0,"cards_upgraded":["Strike_P","Strike_P"]},{"damage_healed":0,"gold_gain":1,"player_choice":"1","damage_taken":0,"max_hp_gain":0,"max_hp_loss":0,"event_name":"betterStone:BetterStone","floor":14,"gold_loss":0},{"damage_healed":0,"gold_gain":451,"player_choice":"GO GO GO GO ","damage_taken":35,"relics_obtained":[],"max_hp_gain":0,"max_hp_loss":0,"event_name":"betterSkull:BetterSkull","floor":19,"gold_loss":0,"cards_upgraded":[]},{"damage_healed":0,"gold_gain":0,"player_choice":"Copied","damage_taken":0,"max_hp_gain":0,"max_hp_loss":0,"event_name":"Duplicator","floor":20,"gold_loss":0,"cards_obtained":["Scrawl"]},{"damage_healed":0,"gold_gain":0,"player_choice":"Upgraded","damage_taken":0,"max_hp_gain":0,"max_hp_loss":0,"event_name":"Upgrade Shrine","floor":28,"gold_loss":0,"cards_upgraded":["Defend_P"]}],"is_beta":false,"boss_relics":[{"not_picked":["Sozu","Astrolabe"],"picked":"Cursed Key"},{"not_picked":["SacredBark","Runic Pyramid"],"picked":"Velvet Choker"}],"items_purged_floors":[5,22,31],"is_endless":false,"potions_floor_spawned":[1,12,18,25,27,30],"killed_by":"3 Darklings","ascension_level":0}}