{"host":"08t08ld674si40tv","time":1610770374,"event":{"mods":["AchievementEnabler","BaseMod","Colored Map","Minty Spire (QoL Compilation)","StSLib","SuperFastMode"],"gold_per_floor":[113,76,76,91,111,111,143,143,143,159,159,175,15,31,31,108,108,126,26,39,0,0,0],"floor_reached":22,"language":"KOR","playtime":429,"items_purged":["Strike_R","Strike_R"],"score":372,"play_id":"8483c185-8a98-4955-b745-1cec6207b00d","local_time":"20210116131254","is_ascension_mode":true,"campfire_choices":[{"data":"Demon Form","floor":6.0,"key":"SMITH"},{"floor":11,"key":"REST"},{"data":"True Grit","floor":15,"key":"SMITH"}],"circlet_count":0,"master_deck":["AscendersBane","Strike_R","Strike_R","Defend_R","Defend_R","Defend_R","Defend_R","Bash","Demon Form+1","True Grit+1","Sword Boomerang","Corruption","Immolate","Seeing Red","Evolve"],"relics":["Burning Blood","Mummified Hand","Bag of Marbles","Velvet Choker"],"acts_visited":["Exordium","TheCity"],"potions_floor_usage":[10,10,16],"damage_taken":[{"damage":10.0,"enemies":"Small Slimes","floor":1.0,"turns":3.0},{"damage":12.0,"enemies":"Jaw Worm","floor":4.0,"turns":4.0},{"damage":1.0,"enemies":"Cultist","floor":5.0,"turns":4.0},{"damage":43.0,"enemies":"3 Sentries","floor":7.0,"turns":7.0},{"damage":5,"enemies":"Large Slime","floor":10,"turns":6},{"damage":20,"enemies":"Gremlin Gang","floor":12,"turns":3},{"damage":15,"enemies":"Looter","floor":14,"turns":3},{"damage":22,"enemies":"Hexaghost","floor":16,"turns":9},{"damage":25,"enemies":"Shell Parasite","floor":18,"turns":5},{"damage":21,"enemies":"Spheric Guardian","floor":20,"turns":5},{"damage":23,"enemies":"Snake Plant","floor":22,"turns":3}],"seed_played":"8238034619708917740","potions_obtained":[{"floor":3.0,"key":"CultistPotion"},{"floor":3.0,"key":"Weak Potion"},{"floor":10,"key":"ElixirPotion"},{"floor":16,"key":"Strength Potion"}],"is_trial":false,"path_per_floor":["M","?","?","M","M","R","E","?","T","M","R","M","$","M","R","B",null,"M","$","M","?","M"],"character_chosen":"IRONCLAD","items_purchased":["Seeing Red"],"campfire_rested":1,"item_purchase_floors":[13],"current_hp_per_floor":[64,64,64,58,63,63,26,26,26,27,47,33,33,24,24,8,53,34,34,19,19,0,0],"gold":0,"neow_bonus":"THREE_RARE_CARDS","is_daily":false,"chose_seed":false,"campfire_upgraded":2,"win_rate":0.0,"timestamp":1610770374,"path_taken":["M","?","?","?","M","R","E","?","T","M","R","M","$","M","R","BOSS","M","$","?","?","M"],"items_purchased_type":["Card"],"build_version":"2020-12-22","purchased_purges":2,"victory":false,"max_hp_per_floor":[68,68,68,68,68,68,68,68,68,68,68,68,68,68,68,68,68,68,68,68,68,68,68],"card_choices":[{"not_picked":["Reaper","Brutality"],"picked":"Demon Form","floor":0.0},{"not_picked":["Body Slam","Headbutt"],"picked":"True Grit","floor":1.0},{"not_picked":["Infernal Blade","Pummel"],"picked":"Sword Boomerang","floor":4.0},{"not_picked":["Twin Strike","Clothesline","Wild Strike"],"picked":"SKIP","floor":5.0},{"not_picked":["Iron Wave","Headbutt","Clash"],"picked":"SKIP","floor":7.0},{"not_picked":["Anger","Clash"],"picked":"Immolate","floor":10},{"not_picked":["Rampage","True Grit","Iron Wave"],"picked":"SKIP","floor":12},{"not_picked":["Armaments","Anger"],"picked":"Evolve","floor":14},{"not_picked":["Hemokinesis","Clash+1","Metallicize"],"picked":"SKIP","floor":18},{"not_picked":["Iron Wave","Cleave","Pommel Strike"],"picked":"SKIP","floor":20}],"player_experience":224726,"relics_obtained":[{"floor":7.0,"key":"Mummified Hand"},{"floor":9.0,"key":"Bag of Marbles"}],"event_choices":[{"damage_healed":0.0,"max_hp_gain":0.0,"max_hp_loss":0.0,"gold_gain":0.0,"event_name":"World of Goop","player_choice":"Left Gold","floor":2.0,"gold_loss":37.0,"damage_taken":0.0},{"damage_healed":0.0,"max_hp_gain":0.0,"max_hp_loss":0.0,"gold_gain":0.0,"event_name":"Lab","player_choice":"Got Potions","floor":3.0,"gold_loss":0.0,"damage_taken":0.0},{"damage_healed":0.0,"max_hp_gain":0.0,"max_hp_loss":0.0,"gold_gain":0.0,"cards_transformed":["Strike_R"],"event_name":"Transmorgrifier","player_choice":"Transformed","floor":8.0,"gold_loss":0.0,"damage_taken":0.0,"cards_obtained":["Corruption"]},{"damage_healed":0,"gold_gain":0,"player_choice":"Paid Fearfully","damage_taken":0,"max_hp_gain":0,"max_hp_loss":0,"event_name":"Masked Bandits","floor":21,"gold_loss":39}],"is_beta":false,"boss_relics":[{"not_picked":["Philosopher\u0027s Stone","Busted Crown"],"picked":"Velvet Choker"}],"items_purged_floors":[13,19],"is_endless":false,"potions_floor_spawned":[4,10,16],"killed_by":"Snake Plant","ascension_level":20}}