{"host":"bxdue9bkfm2khp2x","time":1610810659,"event":{"mods":["ATMod(阿瑾Mod)","Arknights The Spire","Aspiration","BaseMod","Better Vampires","Challenge The Spire","Colored Map","Colored Powertips","Conspire","Decade(王小明)","Dota2Spire","Highlight Path","Minty Spire (QoL Compilation)","MostiFishMod","Remilia（蕾米莉亚）","Replay The Spire","RumiaBox-露米娅的神秘盒子","Ryuuou龙王","Spicy Shops","StSLib","Td1madao Mod","The Alterego","The Bug Knight","The Cursed","The Servant 0.9.4","WarShipGirlsR/战舰少女R mod","noobMod","vexMod","【功能Mod】混沌之环修复补丁","【遗物卡牌】REMEMod","篝火指南"],"gold_per_floor":[111,111,121,140,158,158,185,185,185,185,185,196,208,228,228,333,333,349,349,365,239,251,251,264,39,39,39,39,39,51,86,86,191,191,208,58,158,83,83,117,129,174,213,50,73,85,116,138,150,162],"floor_reached":51,"language":"ZHS","playtime":2796,"items_purged":["Strike_R","Strike_R","Defend_R","Strike_R","Strike_R"],"score":966,"play_id":"becf23cf-2d1f-4ea4-989b-79c202c20771","local_time":"20210116232419","is_ascension_mode":true,"campfire_choices":[{"data":"Entrench","floor":6,"key":"SMITH"},{"data":"Metallicize","floor":8,"key":"SMITH"},{"data":"Rampage","floor":10,"key":"SMITH"},{"data":"Fire Breathing","floor":15,"key":"SMITH"},{"data":"MostiFishMod:RacingGame","floor":27,"key":"SMITH"},{"data":"Body Slam","floor":29,"key":"SMITH"},{"data":"Berserk","floor":32,"key":"SMITH"},{"data":"Impervious","floor":41,"key":"SMITH"},{"data":"Defend_R","floor":46,"key":"SMITH"},{"data":"MostiFishMod:CullingBlade","floor":49,"key":"SMITH"}],"circlet_count":0,"master_deck":["AscendersBane","Strike_R","Defend_R","Defend_R","Defend_R+1","Bash+1","Impervious+1","AT_ShrugMaster+1","Shrug It Off+1","Rampage+1","Entrench+1","Metallicize+1","Fire Breathing+1","MostiFishMod:RacingGame+1","Body Slam+1","Heavy Blade+1","Inflame+1","Inflame+1","Berserk+1","REME_Cut+1","AT_Dispersion+1","AT_ShrugMaster+1","MostiFishMod:CullingBlade+1"],"relics":["Burning Blood","DaveBox","REME_ComplimentaryCards","ice","AT_ATBox","JellyFishMachine","SynthV:TestCard","conspire:BottledYoYo","Meat on the Bone","conspire:Flyswatter","alterego_mod:SomeoneToFightFor","HollowMod:StagPassRelic","Dota2Spire:AghanimScepter","vexMod:ImprovementManual","PreservedInsect","MawBank","aspiration:SeaSaltIceCream","Shuriken","Ccalipers"],"acts_visited":["Exordium","TheCity","TheBeyond"],"potions_floor_usage":[7,14,16,18,24,35,47],"damage_taken":[{"damage":0,"enemies":"conspire:RoseBush","floor":1,"turns":5},{"damage":0,"enemies":"Cultist","floor":3,"turns":4},{"damage":0,"enemies":"Small Slimes","floor":4,"turns":4},{"damage":1,"enemies":"Looter","floor":5,"turns":4},{"damage":0,"enemies":"3 Sentries","floor":7,"turns":9},{"damage":13,"enemies":"Exordium Wildlife","floor":12,"turns":5},{"damage":0,"enemies":"Blue Slaver","floor":13,"turns":3},{"damage":5,"enemies":"Gremlin Gang","floor":14,"turns":5},{"damage":5,"enemies":"The Guardian","floor":16,"turns":7},{"damage":8,"enemies":"2 Thieves","floor":18,"turns":5},{"damage":8,"enemies":"Shell Parasite","floor":20,"turns":5},{"damage":2,"enemies":"Snecko","floor":22,"turns":4},{"damage":32,"enemies":"Shelled Parasite and Fungi","floor":24,"turns":3},{"damage":0,"enemies":"Centurion and Healer","floor":30,"turns":3},{"damage":0,"enemies":"HollowMod:Nosk","floor":31,"turns":4},{"damage":14,"enemies":"conspire:MysteriousRune","floor":33,"turns":4},{"damage":35,"enemies":"3 Shapes","floor":35,"turns":3},{"damage":0,"enemies":"Nemesis","floor":40,"turns":3},{"damage":24,"enemies":"Reptomancer","floor":42,"turns":4},{"damage":16,"enemies":"Orb Walker","floor":45,"turns":3},{"damage":0,"enemies":"4 Shapes","floor":47,"turns":5},{"damage":0,"enemies":"3 Darklings","floor":48,"turns":4},{"damage":28,"enemies":"Replay:Hell Engine","floor":50,"turns":5}],"seed_played":"-5814467589038438481","potions_obtained":[{"floor":4,"key":"HeartOfIron"},{"floor":7,"key":"FearPotion"},{"floor":12,"key":"PowerPotion"},{"floor":13,"key":"Swift Potion"},{"floor":14,"key":"Fruit Juice"},{"floor":18,"key":"Death Potion"},{"floor":30,"key":"BloodPotion"},{"floor":42,"key":"Explosive Potion"},{"floor":45,"key":"Explosive Potion"},{"floor":48,"key":"Weak Potion"}],"is_trial":false,"path_per_floor":["M","?","M","M","M","R","E","R","T","R","?","M","M","M","R","B",null,"M","?","M","$","M","?","M","$","T","R","?","R","M","E","R","B",null,"M","$","?","$","?","E","R","E","T","R","M","R","M","M","R","B",null],"character_chosen":"IRONCLAD","items_purchased":["Inflame","PreservedInsect"],"campfire_rested":0,"item_purchase_floors":[21,38],"current_hp_per_floor":[78,78,80,80,80,80,80,80,80,80,80,73,79,85,85,85,85,83,85,83,83,85,85,59,59,59,59,59,59,65,78,78,70,81,69,69,69,69,69,82,82,64,64,64,54,54,85,85,85,63],"gold":174,"neow_bonus":"THREE_CARDS","is_daily":false,"chose_seed":false,"campfire_upgraded":10,"win_rate":0.0,"timestamp":1610810659,"path_taken":["M","?","M","?","?","R","E","R","T","R","?","M","?","M","R","BOSS","M","?","M","$","M","?","M","$","T","R","?","R","?","E","R","BOSS","M","$","?","?","?","E","R","E","T","R","M","R","?","M","R","BOSS"],"items_purchased_type":["Card","Relic"],"build_version":"2020-12-22","purchased_purges":5,"victory":true,"max_hp_per_floor":[80,80,80,80,80,80,80,80,80,80,80,80,80,85,85,85,85,85,85,85,85,85,85,85,85,85,85,85,85,85,85,85,85,85,85,85,85,85,85,85,85,85,85,85,85,85,85,85,85,85],"card_choices":[{"not_picked":["Anger","ReplayTheSpireMod:Stacked"],"picked":"Shrug It Off","floor":0},{"not_picked":["Armaments","Pommel Strike","Wild Strike"],"picked":"SKIP","floor":1},{"not_picked":["Life Link","Shockwave","ReplayTheSpireMod:Limb From Limb","Thunderclap"],"picked":"Rampage","floor":3},{"not_picked":["Uppercut","Havoc","Body Slam","Warcry"],"picked":"Entrench","floor":4},{"not_picked":["Perfected Strike","AT_BodySlamDance","AT_CaressingTears","Shrug It Off","AT_GerminateFire"],"picked":"SKIP","floor":5},{"not_picked":["Evolve","Defy Death","REME_ACTH","AT_IchimonjiDouble"],"picked":"Metallicize","floor":7},{"not_picked":["Flex","MostiFishMod:BrandingRite","Abandon","Wild Strike","Searing Blow"],"picked":"SKIP","floor":12},{"not_picked":["Pommel Strike","Life Link","Replay:Undeath\u0027s Touch","conspire:ExplosiveBarrier","conspire:HitWhereItHurts"],"picked":"SKIP","floor":13},{"not_picked":["Thunderclap","REME_Scribble","Entrench","Clothesline"],"picked":"Fire Breathing","floor":14},{"not_picked":["Offering","Double Tap","Berserk","MostiFishMod:RainCloud"],"picked":"MostiFishMod:RacingGame","floor":16},{"not_picked":["Warcry","Run Through","Clash","Headbutt"],"picked":"Body Slam","floor":18},{"not_picked":["Run Through","ReplayTheSpireMod:Stacked","MostiFishMod:UltimateDefense","conspire:Charge"],"picked":"Heavy Blade","floor":20},{"not_picked":["Armaments","Havoc+1","Headbutt","AT_ManFootWork"],"picked":"Berserk","floor":22},{"not_picked":["ReplayTheSpireMod:Strike From Hell","Flex","Reckless Charge+1","Body Slam"],"picked":"REME_Cut+1","floor":24},{"not_picked":["Dropkick+1","Thunderclap","Clothesline","Bludgeon","Cleave"],"picked":"SKIP","floor":30},{"not_picked":["Iron Wave","Second Wind","Pummel+1","Cleave+1","Seeing Red"],"picked":"SKIP","floor":31},{"not_picked":["conspire:HitWhereItHurts","MostiFishMod:PerfectStrikeMKII","MostiFishMod:WingOfPhoenix","Corruption"],"picked":"AT_Dispersion","floor":33},{"not_picked":["Perfected Strike","Reckless Charge","AT_BodySlamDance","Clash"],"picked":"AT_ShrugMaster+1","floor":35},{"not_picked":["Wild Strike","Evolve","Replay:Undeath\u0027s Touch+1","Cleave+1","conspire:Purge"],"picked":"SKIP","floor":40},{"not_picked":["Wild Strike+1","REME_SingleHolding","Body Slam","REME_FearOfPain","Ghostly Armor"],"picked":"SKIP","floor":42},{"not_picked":["Twin Strike","Havoc+1","Entrench","Armaments","Shrug It Off"],"picked":"SKIP","floor":45},{"not_picked":["Pommel Strike","Twin Strike","Thunderclap","Wild Strike+1","Battle Trance+1"],"picked":"SKIP","floor":47},{"not_picked":["Blood for Blood","Massacre","Body Slam+1","Armaments+1"],"picked":"MostiFishMod:CullingBlade","floor":48}],"player_experience":1266508,"relics_obtained":[{"floor":1,"key":"SynthV:TestCard"},{"floor":7,"key":"conspire:BottledYoYo"},{"floor":9,"key":"Meat on the Bone"},{"floor":26,"key":"HollowMod:StagPassRelic"},{"floor":31,"key":"Dota2Spire:AghanimScepter"},{"floor":40,"key":"MawBank"},{"floor":42,"key":"aspiration:SeaSaltIceCream"},{"floor":43,"key":"Ccalipers"}],"event_choices":[{"damage_healed":0,"gold_gain":0,"player_choice":"Forge","damage_taken":0,"max_hp_gain":0,"max_hp_loss":0,"event_name":"Accursed Blacksmith","floor":2,"gold_loss":0,"cards_upgraded":["AT_ShrugMaster"]},{"damage_healed":0,"gold_gain":0,"player_choice":"Gave Potion","damage_taken":0,"relics_obtained":["conspire:Flyswatter"],"max_hp_gain":0,"max_hp_loss":0,"event_name":"WeMeetAgain","floor":11,"gold_loss":0},{"damage_healed":0,"gold_gain":0,"player_choice":"Choice 2","damage_taken":0,"relics_obtained":["alterego_mod:SomeoneToFightFor"],"max_hp_gain":0,"max_hp_loss":0,"event_name":"爱的神圣花园","floor":23,"gold_loss":0},{"damage_healed":0,"gold_gain":100,"player_choice":"Pray","damage_taken":0,"max_hp_gain":0,"max_hp_loss":0,"event_name":"Golden Shrine","floor":37,"gold_loss":0},{"damage_healed":0,"gold_gain":0,"player_choice":"Upgraded","damage_taken":0,"max_hp_gain":0,"max_hp_loss":0,"event_name":"Upgrade Shrine","floor":39,"gold_loss":0,"cards_upgraded":["Bash"]}],"is_beta":false,"boss_relics":[{"not_picked":["OneHitWonderSystem","Ooze Armor","Painkiller Herb"]},{"not_picked":["SynthV:MejaisSoulstealer","Dota2Spire:RefresherOrb"],"picked":"vexMod:ImprovementManual"}],"items_purged_floors":[21,25,25,36,44],"is_endless":false,"potions_floor_spawned":[4,7,12,13,14,18,30,42,45,48],"ascension_level":10}}