{"host":"a5lz0e76zb3fcwkm","time":1610769664,"event":{"mods":["AchievementEnabler","BaseMod","Colored Map","Colored Powertips","Minty Spire (QoL Compilation)","StSLib","SuperFastMode"],"gold_per_floor":[113,113,38,53,66,66,99,99,126,51,62,88,104,124,124,124,124],"floor_reached":16,"language":"KOR","playtime":252,"items_purged":["Strike_B"],"score":224,"play_id":"0b7a513c-2430-4122-b834-6a968ef10cf0","local_time":"20210116130104","is_ascension_mode":true,"campfire_choices":[{"data":"Dualcast","floor":6,"key":"SMITH"},{"data":"Chaos","floor":8,"key":"SMITH"},{"data":"Consume","floor":15,"key":"SMITH"}],"circlet_count":0,"master_deck":["AscendersBane","Strike_B","Strike_B","Defend_B","Defend_B","Defend_B","Defend_B","Zap+1","Dualcast+1","FTL","Ball Lightning","Chaos+1","Consume+1","Self Repair","Cold Snap","Undo"],"relics":["Cracked Core","NeowsBlessing","Smiling Mask","Juzu Bracelet","Mercury Hourglass"],"acts_visited":["Exordium"],"potions_floor_usage":[16],"damage_taken":[{"damage":0,"enemies":"2 Louse","floor":1,"turns":1},{"damage":0,"enemies":"Cultist","floor":4,"turns":1},{"damage":0,"enemies":"Jaw Worm","floor":5,"turns":1},{"damage":20,"enemies":"Lagavulin","floor":7,"turns":7},{"damage":0,"enemies":"Blue Slaver","floor":11,"turns":2},{"damage":44,"enemies":"Gremlin Nob","floor":12,"turns":4},{"damage":11,"enemies":"Looter","floor":13,"turns":2},{"damage":0,"enemies":"2 Fungi Beasts","floor":14,"turns":2},{"damage":31,"enemies":"Hexaghost","floor":16,"turns":9}],"seed_played":"-4890186569779593738","potions_obtained":[{"floor":1,"key":"FairyPotion"},{"floor":7,"key":"FairyPotion"},{"floor":14,"key":"SkillPotion"}],"is_trial":false,"path_per_floor":["M","?","$","M","M","R","E","R","T","?","M","E","M","M","R","B"],"character_chosen":"DEFECT","items_purchased":[],"campfire_rested":0,"item_purchase_floors":[],"current_hp_per_floor":[64,64,64,64,64,64,44,44,44,44,44,21,10,10,10,0,0],"gold":124,"neow_bonus":"THREE_ENEMY_KILL","is_daily":false,"chose_seed":false,"campfire_upgraded":3,"win_rate":0.0,"timestamp":1610769664,"path_taken":["M","?","?","?","M","R","E","R","T","?","M","E","M","M","R","BOSS"],"items_purchased_type":[],"build_version":"2020-12-22","purchased_purges":1,"victory":false,"max_hp_per_floor":[71,71,71,71,71,71,71,71,71,71,71,71,71,71,71,71,71],"card_choices":[{"not_picked":["Leap","Doom and Gloom"],"picked":"FTL","floor":1},{"not_picked":["Hologram","Rebound"],"picked":"Ball Lightning","floor":4},{"not_picked":["Darkness","Reprogram","Melter"],"picked":"SKIP","floor":5},{"not_picked":["Beam Cell","Hologram"],"picked":"Chaos","floor":7},{"not_picked":["Redo","Scrape"],"picked":"Consume","floor":11},{"not_picked":["BootSequence","Conserve Battery"],"picked":"Self Repair","floor":12},{"not_picked":["Barrage","Chaos"],"picked":"Cold Snap","floor":13},{"not_picked":["Rebound","Tempest"],"picked":"Undo","floor":14}],"player_experience":1747247,"relics_obtained":[{"floor":7,"key":"Smiling Mask"},{"floor":9,"key":"Juzu Bracelet"},{"floor":12,"key":"Mercury Hourglass"}],"event_choices":[{"damage_healed":0,"gold_gain":0,"player_choice":"Upgraded","damage_taken":0,"max_hp_gain":0,"max_hp_loss":0,"event_name":"Upgrade Shrine","floor":2,"gold_loss":0,"cards_upgraded":["Zap"]},{"cards_removed":["Strike_B"],"damage_healed":0,"gold_gain":0,"player_choice":"Card Removal","damage_taken":0,"max_hp_gain":0,"max_hp_loss":0,"event_name":"The Cleric","floor":10,"gold_loss":75}],"is_beta":false,"boss_relics":[],"items_purged_floors":[3],"is_endless":false,"potions_floor_spawned":[1,7,14],"killed_by":"Hexaghost","ascension_level":20}}