{"host":"52lujqhsyicpcskq","time":1610816079,"event":{"mods":["BaseMod","Colored Map","Minty Spire (QoL Compilation)","Permanent Neow","StSLib","SuperFastMode","everything is the same but u backflip on backflip"],"gold_per_floor":[113,123,134,154,7,40,40,66,93,105,67,135,147,193,205,321,333,365,377,314,314,314,314,328,361,361,361,372,372,472,472,472,567,567,587,599,599,609,622,622,677,677,755,755,769,769,819,149,149,149],"floor_reached":51,"language":"KOR","playtime":2295,"items_purged":["Defend_P","Strike_P"],"score":769,"play_id":"15ecdf7f-ddb2-486b-aa5b-2cb615e2bf14","local_time":"20210117015439","is_ascension_mode":true,"campfire_choices":[{"data":"Eruption","floor":7.0,"key":"SMITH"},{"data":"Panacea","floor":10.0,"key":"SMITH"},{"floor":13.0,"key":"REST"},{"data":"Halt","floor":15.0,"key":"SMITH"},{"data":"Eruption","floor":23,"key":"SMITH"},{"data":"Scrawl","floor":27,"key":"SMITH"},{"floor":29,"key":"REST"},{"data":"SpiritShield","floor":32,"key":"SMITH"},{"data":"Crescendo","floor":40,"key":"SMITH"},{"data":"Scrawl","floor":42,"key":"SMITH"},{"data":"Evaluate","floor":49,"key":"SMITH"}],"circlet_count":0,"master_deck":["Strike_P","Defend_P","Defend_P","Eruption+1","Vigilance","Panacea+1","Tantrum","FlurryOfBlows","Crescendo+1","MentalFortress","Halt+1","CarveReality","SpiritShield+1","Scrawl+1","BowlingBash","Eruption+1","Evaluate+1","Consecrate","Scrawl+1","ClearTheMind+1","ConjureBlade","CrushJoints+1","ClearTheMind+1","Devotion","Madness","Madness","FlurryOfBlows+1","Evaluate"],"relics":["HolyWater","Juzu Bracelet","Akabeko","Damaru","MawBank","Bag of Marbles","Vajra","SlaversCollar","Toy Ornithopter","Darkstone Periapt","Incense Burner","Kunai","Ice Cream","Bottled Tornado","Gambling Chip","Lee\u0027s Waffle","HornCleat","Nunchaku"],"acts_visited":["Exordium","TheCity","TheBeyond"],"potions_floor_usage":[24,28,39,47,50],"damage_taken":[{"damage":2.0,"enemies":"Jaw Worm","floor":1.0,"turns":4.0},{"damage":11.0,"enemies":"Small Slimes","floor":2.0,"turns":2.0},{"damage":0.0,"enemies":"2 Louse","floor":3.0,"turns":1.0},{"damage":4.0,"enemies":"Red Slaver","floor":4.0,"turns":4.0},{"damage":0.0,"enemies":"Lagavulin","floor":6.0,"turns":3.0},{"damage":9.0,"enemies":"3 Sentries","floor":8.0,"turns":4.0},{"damage":26.0,"enemies":"3 Sentries","floor":12.0,"turns":5.0},{"damage":6.0,"enemies":"Lagavulin","floor":14.0,"turns":6.0},{"damage":2.0,"enemies":"Slime Boss","floor":16.0,"turns":6.0},{"damage":0.0,"enemies":"Spheric Guardian","floor":18.0,"turns":1.0},{"damage":7,"enemies":"Shell Parasite","floor":24,"turns":4},{"damage":27,"enemies":"Slavers","floor":25,"turns":3},{"damage":20,"enemies":"Snecko","floor":28,"turns":3},{"damage":10,"enemies":"Colosseum Slavers","floor":30,"turns":3},{"damage":0,"enemies":"Colosseum Nobs","floor":30,"turns":2},{"damage":17,"enemies":"Collector","floor":33,"turns":6},{"damage":4,"enemies":"3 Shapes","floor":35,"turns":6},{"damage":5,"enemies":"Orb Walker","floor":36,"turns":3},{"damage":0,"enemies":"Sphere and 2 Shapes","floor":38,"turns":3},{"damage":0,"enemies":"Transient","floor":39,"turns":5},{"damage":4,"enemies":"2 Orb Walkers","floor":41,"turns":3},{"damage":0,"enemies":"Maw","floor":45,"turns":5},{"damage":24,"enemies":"Mind Bloom Boss Battle","floor":47,"turns":4},{"damage":38,"enemies":"Donu and Deca","floor":50,"turns":5}],"seed_played":"-4322727064314910509","potions_obtained":[{"floor":3.0,"key":"Strength Potion"},{"floor":4.0,"key":"Weak Potion"},{"floor":6.0,"key":"FairyPotion"},{"floor":12.0,"key":"AttackPotion"},{"floor":16.0,"key":"Regen Potion"},{"floor":30,"key":"BlessingOfTheForge"},{"floor":33,"key":"LiquidMemories"},{"floor":38,"key":"BottledMiracle"},{"floor":41,"key":"DistilledChaos"}],"is_trial":false,"path_per_floor":["M","M","M","M","$","E","R","E","T","R","?","?","R","E","R","B",null,"M","?","$","?","?","R","M","E","T","R","M","R","?","?","R","B",null,"M","M","?","M","M","R","?","R","T","?","M","?","?","$","R","B",null],"character_chosen":"WATCHER","items_purchased":["Juzu Bracelet","Lee\u0027s Waffle","HornCleat","Evaluate","Nunchaku"],"campfire_rested":2,"item_purchase_floors":[5,48,48,48,48],"current_hp_per_floor":[70,59,59,55,55,55,55,46,46,46,46,20,41,35,35,33,72,72,72,72,72,72,72,65,38,38,38,32,53,43,43,43,26,72,68,63,63,63,68,68,64,64,64,55,55,55,36,79,79,41],"gold":149,"neow_bonus":"RANDOM_COLORLESS","is_daily":false,"chose_seed":false,"campfire_upgraded":9,"win_rate":0.0,"timestamp":1610816079,"path_taken":["M","M","M","M","$","E","R","E","T","R","?","?","R","E","R","BOSS","M","?","$","?","?","R","M","E","T","R","M","R","?","?","R","BOSS","M","M","?","M","M","R","?","R","T","?","M","?","?","$","R","BOSS"],"items_purchased_type":["Relic","Relic","Relic","Card","Relic"],"build_version":"2020-12-22","purchased_purges":2,"victory":true,"max_hp_per_floor":[72,72,72,72,72,72,72,72,72,72,72,72,72,72,72,72,72,72,72,72,72,72,72,72,72,72,72,72,72,72,72,72,72,72,72,72,72,72,72,72,72,72,72,72,72,72,72,79,79,79],"card_choices":[{"not_picked":["Jack Of All Trades","Bandage Up"],"picked":"Panacea","floor":0.0},{"not_picked":["Fasting2","Indignation"],"picked":"Tantrum","floor":1.0},{"not_picked":["BattleHymn","Prostrate"],"picked":"FlurryOfBlows","floor":2.0},{"not_picked":["CutThroughFate","ThirdEye"],"picked":"Crescendo","floor":3.0},{"not_picked":["EmptyMind","Worship","FlurryOfBlows"],"picked":"SKIP","floor":4.0},{"not_picked":["WreathOfFlame","EmptyBody"],"picked":"MentalFortress","floor":6.0},{"not_picked":["ConjureBlade","Consecrate"],"picked":"Halt","floor":8.0},{"not_picked":["Halt","EmptyFist"],"picked":"CarveReality","floor":12.0},{"not_picked":["BowlingBash","PathToVictory"],"picked":"SpiritShield","floor":14.0},{"not_picked":["SpiritShield","Omniscience"],"picked":"Scrawl","floor":16.0},{"not_picked":["FlyingSleeves","Halt+1"],"picked":"BowlingBash","floor":18.0},{"not_picked":["CutThroughFate","EmptyBody"],"picked":"Consecrate","floor":24},{"not_picked":["Wallop","Weave"],"picked":"Scrawl","floor":25},{"not_picked":["Nirvana","JustLucky"],"picked":"ClearTheMind+1","floor":28},{"not_picked":["Wish","Omniscience"],"picked":"ConjureBlade","floor":33},{"not_picked":["WaveOfTheHand","ThirdEye"],"picked":"CrushJoints+1","floor":35},{"not_picked":["DeceiveReality","Fasting2+1"],"picked":"ClearTheMind+1","floor":36},{"not_picked":["Consecrate","EmptyBody","SashWhip"],"picked":"SKIP","floor":38},{"not_picked":["FlurryOfBlows","Crescendo+1","Wireheading"],"picked":"SKIP","floor":39},{"not_picked":["CrushJoints+1","Vengeance"],"picked":"Devotion","floor":41},{"not_picked":["SashWhip","MentalFortress"],"picked":"FlurryOfBlows+1","floor":45}],"player_experience":740503,"relics_obtained":[{"floor":6.0,"key":"Akabeko"},{"floor":8.0,"key":"Damaru"},{"floor":9.0,"key":"MawBank"},{"floor":12.0,"key":"Bag of Marbles"},{"floor":14.0,"key":"Vajra"},{"floor":25,"key":"Toy Ornithopter"},{"floor":26,"key":"Darkstone Periapt"},{"floor":30,"key":"Incense Burner"},{"floor":30,"key":"Kunai"},{"floor":41,"key":"Ice Cream"},{"floor":43,"key":"Bottled Tornado"},{"floor":47,"key":"Gambling Chip"}],"event_choices":[{"cards_removed":["Strike_P"],"damage_healed":0.0,"max_hp_gain":0.0,"max_hp_loss":0.0,"gold_gain":0.0,"event_name":"The Cleric","player_choice":"Card Removal","floor":11.0,"gold_loss":50.0,"damage_taken":0.0},{"damage_healed":0.0,"max_hp_gain":0.0,"max_hp_loss":0.0,"gold_gain":0.0,"event_name":"Dead Adventurer","player_choice":"Searched \u00271\u0027 times","floor":12.0,"gold_loss":0.0,"damage_taken":0.0},{"damage_healed":0.0,"max_hp_gain":0.0,"max_hp_loss":0.0,"gold_gain":0.0,"event_name":"Match and Keep!","player_choice":"1 cards matched","floor":19.0,"gold_loss":0.0,"damage_taken":0.0,"cards_obtained":["Eruption"]},{"damage_healed":0,"gold_gain":0,"player_choice":"Read","damage_taken":0,"max_hp_gain":0,"max_hp_loss":0,"event_name":"The Library","floor":21,"gold_loss":0,"cards_obtained":["Evaluate"]},{"damage_healed":0,"gold_gain":0,"player_choice":"Ignored","damage_taken":0,"max_hp_gain":0,"max_hp_loss":0,"event_name":"Ghosts","floor":22,"gold_loss":0},{"damage_healed":0,"gold_gain":0,"player_choice":"Fight","damage_taken":0,"max_hp_gain":0,"max_hp_loss":0,"event_name":"Colosseum","floor":30,"gold_loss":0},{"damage_healed":0,"gold_gain":0,"player_choice":"Fought Nobs","damage_taken":0,"max_hp_gain":0,"max_hp_loss":0,"event_name":"Colosseum","floor":30,"gold_loss":0},{"cards_removed":["Strike_P"],"damage_healed":0,"gold_gain":0,"player_choice":"Elegance","damage_taken":0,"max_hp_gain":0,"max_hp_loss":0,"event_name":"Back to Basics","floor":31,"gold_loss":0},{"cards_removed":["Defend_P"],"damage_healed":0,"gold_gain":0,"player_choice":"Removed Skill","damage_taken":0,"max_hp_gain":0,"max_hp_loss":0,"event_name":"Falling","floor":37,"gold_loss":0},{"damage_healed":0,"gold_gain":0,"player_choice":"Fight","damage_taken":0,"max_hp_gain":0,"max_hp_loss":0,"event_name":"Mysterious Sphere","floor":41,"gold_loss":0},{"damage_healed":0,"gold_gain":0,"player_choice":"Embrace Madness","damage_taken":9,"max_hp_gain":0,"max_hp_loss":0,"event_name":"Winding Halls","floor":44,"gold_loss":0,"cards_obtained":["Madness","Madness"]},{"damage_healed":0,"gold_gain":0,"player_choice":"Memory 1","damage_taken":0,"max_hp_gain":0,"max_hp_loss":0,"event_name":"SensoryStone","floor":46,"gold_loss":0},{"damage_healed":0,"gold_gain":0,"player_choice":"Fight","damage_taken":0,"max_hp_gain":0,"max_hp_loss":0,"event_name":"MindBloom","floor":47,"gold_loss":0}],"is_beta":false,"boss_relics":[{"not_picked":["Busted Crown","Coffee Dripper"],"picked":"SlaversCollar"},{"not_picked":["Empty Cage","Tiny House"],"picked":"HolyWater"}],"items_purged_floors":[20,48],"is_endless":false,"potions_floor_spawned":[3,4,6,12,16,30,33,38,41],"ascension_level":2}}