{"host":"o9oojikv0j1jifqm","time":1610806494,"event":{"mods":["BaseMod","Downfall","Marisa£®ÏF”Í°°ƒß¿Ì…≥£©","Minty Spire (QoL Compilation)","Shop Mod","StSLib","UnlockEverythingMod"],"gold_per_floor":[99,99,114,126,140,156,156,256,256,431,458,458,458],"floor_reached":12,"language":"ZHS","playtime":965,"items_purged":[],"score":68,"play_id":"d034df49-f702-43d5-b6c0-6776add0f3b5","local_time":"20210116221454","is_ascension_mode":false,"campfire_choices":[],"circlet_count":0,"master_deck":["sneckomod:Strike","sneckomod:Defend","sneckomod:Defend","sneckomod:Defend","sneckomod:TailWhip","sneckomod:SnekBite","sneckomod:Unknown","sneckomod:QuickBite","sneckomod:SnakeSap","sneckomod:UnendingSupply+1","sneckomod:WideSting","sneckomod:IronFang","sneckomod:Unknown3Cost","sneckomod:UnknownUncommonPower","Doubt","sneckomod:SoulRoll"],"relics":["sneckomod:SneckoSoul","FossilizedHelix","Gambling Chip","Odd Mushroom"],"acts_visited":["Exordium"],"potions_floor_usage":[8,12],"damage_taken":[{"damage":7,"enemies":"Small Slimes","floor":3,"turns":5},{"damage":1,"enemies":"Cultist","floor":4,"turns":4},{"damage":8,"enemies":"Jaw Worm","floor":5,"turns":3},{"damage":44,"enemies":"Large Slime","floor":6,"turns":7},{"damage":17,"enemies":"downfall:Heads","floor":8,"turns":8},{"damage":26,"enemies":"The Mushroom Lair","floor":11,"turns":4},{"damage":13,"enemies":"Lagavulin","floor":12,"turns":3}],"seed_played":"2797805453422989994","potions_obtained":[{"floor":4,"key":"Dexterity Potion"},{"floor":11,"key":"SkillPotion"}],"is_trial":false,"path_per_floor":["R","?","M","M","M","M","T","?","T","?","?","E"],"character_chosen":"THE_SNECKO","items_purchased":[],"campfire_rested":0,"item_purchase_floors":[],"current_hp_per_floor":[99,99,92,91,83,44,44,27,27,27,1,0,0],"gold":458,"neow_bonus":"TEN_PERCENT_HP_BONUS","is_daily":false,"chose_seed":false,"campfire_upgraded":0,"win_rate":0.0,"timestamp":1610806494,"path_taken":["R","?","?","M","M","M","T","?","?","?","?","E"],"items_purchased_type":[],"build_version":"2020-12-22","purchased_purges":0,"victory":false,"max_hp_per_floor":[99,99,99,99,99,99,99,99,99,99,99,99,99],"card_choices":[{"not_picked":["sneckomod:Nope","sneckomod:Unknown1Cost"],"picked":"sneckomod:SnakeSap","floor":3},{"not_picked":["sneckomod:SoulDraw","sneckomod:UnknownCommonSkill"],"picked":"sneckomod:UnendingSupply","floor":4},{"not_picked":["sneckomod:Unknown1Cost","sneckomod:UnknownBlock"],"picked":"sneckomod:WideSting","floor":5},{"not_picked":["sneckomod:UnknownCommonAttack","sneckomod:UnknownUncommonSkill"],"picked":"sneckomod:IronFang","floor":6},{"not_picked":["sneckomod:UnknownCommonAttack","sneckomod:UnknownWeak"],"picked":"sneckomod:UnknownUncommonPower","floor":8},{"not_picked":["sneckomod:SnekBeam","sneckomod:UnknownDraw"],"picked":"sneckomod:SoulRoll","floor":11}],"player_experience":160660,"relics_obtained":[{"floor":7,"key":"FossilizedHelix"},{"floor":9,"key":"Gambling Chip"},{"floor":11,"key":"Odd Mushroom"}],"event_choices":[{"damage_healed":0,"gold_gain":0,"player_choice":"Fought Mushrooms","damage_taken":0,"max_hp_gain":0,"max_hp_loss":0,"event_name":"Mushrooms","floor":11,"gold_loss":0}],"is_beta":false,"boss_relics":[],"items_purged_floors":[],"is_endless":false,"potions_floor_spawned":[4,11],"killed_by":"Lagavulin","ascension_level":0}}