{"host":"mmxi1hjn5usmb1ga","time":1610817030,"event":{"mods":["BaseMod","BetterRewards","Downfall","Minty Spire (QoL Compilation)","Quick Restart","READ ME - Guardian Mod","READ ME - Snecko Mod","RumiaBox-露米娅的神秘盒子","Shop Mod","StSLib","Td1madao Mod","The Bug Knight","Yuri Mod","[IsaacMod]以撒尖塔"],"gold_per_floor":[99,117,135,153,103,120,120,120,295,8,24,58,43,55,65,162,162,162,180,180,142,142,44,94,108,108,108,27,27,39,66,80,180,180,180,195,195,1194,1194,678,703,314,326,326,326,87,87,121,141,141],"floor_reached":51,"language":"ZHS","playtime":2767,"items_purged":["Doubt","Normality","Normality"],"score":818,"play_id":"e1aee0a8-5522-4c37-b31a-cb9474b5f30b","local_time":"20210117011030","is_ascension_mode":false,"campfire_choices":[{"data":"Guardian:CurlUp","floor":1,"key":"SMITH"},{"data":"Guardian:DonusPower","floor":18,"key":"SMITH"},{"data":"Guardian:StasisStrike","floor":27,"key":"SMITH"},{"data":"expansioncontent:StudyTheSpire","floor":29,"key":"SMITH"},{"data":"Guardian:AncientConstruct","floor":35,"key":"SMITH"},{"data":"Guardian:SphericShield","floor":44,"key":"SMITH"}],"circlet_count":0,"master_deck":["Guardian:Strike_Guardian","Guardian:Strike_Guardian","Guardian:Strike_Guardian","Guardian:Defend_Guardian","Guardian:Defend_Guardian","Guardian:Defend_Guardian","Guardian:Defend_Guardian","Guardian:CurlUp+1","Guardian:TwinSlam","Guardian:DonusPower+1","Guardian:ChargeCore","Guardian:RevengeProtocol","Guardian:BronzeOrb","Guardian:BodySlam","Guardian:ShieldSpikes","expansioncontent:StudyTheSpire+1","Guardian:EvasiveProtocol","Guardian:TimeBomb","Guardian:ConstructionForm","Guardian:WalkerClaw+1","Guardian:CrystalBeam","Guardian:StasisStrike+1","Guardian:SpikerProtocol","expansioncontent:AwakenDeath","Guardian:RollAttack","Guardian:SpikerProtocol","Guardian:SentryBeam","Guardian:PrismaticBarrier","Guardian:AncientConstruct+1","Guardian:BronzeArmor+1","downfall:Aged","Guardian:TemporalStrike","Guardian:SphericShield+1","expansioncontent:PrepareCrush","Guardian:TemporalShield+1","Guardian:PrimingBeam+1"],"relics":["Guardian:ModeShifter","HushsDoor","Leech","Chaos","PillsDrop","EasyGame_NEW","GodSword6","Guardian:ModeShifter","ChaoDraw","MegaBlast","Shuriken","Guardian:StasisEgg","PreservedInsect","Mercury Hourglass","TuHaoJin","HollowMod:PaleOreRelic","GodSword4"],"acts_visited":["Exordium","TheCity","TheBeyond"],"potions_floor_usage":[3,12,13,16,31,48,50],"damage_taken":[{"damage":6,"enemies":"Cultist","floor":2,"turns":3},{"damage":3,"enemies":"Small Slimes","floor":3,"turns":3},{"damage":1,"enemies":"Jaw Worm","floor":4,"turns":3},{"damage":0,"enemies":"downfall:FleeingMerchant","floor":5,"turns":4},{"damage":0,"enemies":"Exordium Wildlife","floor":6,"turns":3},{"damage":5,"enemies":"downfall:FleeingMerchant","floor":10,"turns":4},{"damage":6,"enemies":"Exordium Thugs","floor":11,"turns":3},{"damage":18,"enemies":"Lagavulin","floor":12,"turns":4},{"damage":0,"enemies":"downfall:FleeingMerchant","floor":13,"turns":4},{"damage":5,"enemies":"Lots of Slimes","floor":14,"turns":4},{"damage":2,"enemies":"2 Fungi Beasts","floor":15,"turns":2},{"damage":12,"enemies":"SI_SHIV_ARCHETYPE","floor":16,"turns":6},{"damage":0,"enemies":"Chosen","floor":19,"turns":4},{"damage":17,"enemies":"downfall:FleeingMerchant","floor":21,"turns":4},{"damage":2,"enemies":"downfall:FleeingMerchant","floor":23,"turns":3},{"damage":0,"enemies":"Snecko","floor":25,"turns":3},{"damage":2,"enemies":"Centurion and Healer","floor":30,"turns":5},{"damage":17,"enemies":"Slavers","floor":31,"turns":3},{"damage":18,"enemies":"3 Cultists","floor":32,"turns":5},{"damage":24,"enemies":"DF_ARCHETYPE_CLAW","floor":33,"turns":8},{"damage":3,"enemies":"3 Darklings","floor":36,"turns":4},{"damage":4,"enemies":"Orb Walker","floor":43,"turns":2},{"damage":0,"enemies":"Reptomancer","floor":48,"turns":5},{"damage":0,"enemies":"Jaw Worm Horde","floor":49,"turns":2},{"damage":17,"enemies":"IC_BLOCK_ARCHETYPE","floor":50,"turns":8}],"seed_played":"-8457414558594554922","potions_obtained":[{"floor":2,"key":"EntropicBrew"},{"floor":12,"key":"Block Potion"},{"floor":14,"key":"AttackPotion"},{"floor":25,"key":"SkillPotion"},{"floor":30,"key":"FairyPotion"},{"floor":31,"key":"Swift Potion"},{"floor":48,"key":"Fire Potion"}],"is_trial":false,"path_per_floor":["R","M","M","M","$","M","T","?","?","$","M","E","$","M","M","B",null,"R","M","?","$","?","$","T","M","$","R","$","R","M","E","M","B",null,"R","M","?","?","?","$","T","$","M","R","?","$","?","E","M","B",null],"character_chosen":"GUARDIAN","items_purchased":["Guardian:BronzeOrb","expansioncontent:StudyTheSpire","Guardian:CrystalBeam","Diplopia","Guardian:SpikerProtocol","expansioncontent:AwakenDeath","Guardian:SpikerProtocol","PreservedInsect","Mercury Hourglass","Guardian:TemporalStrike","HollowMod:PaleOreRelic","Guardian:SphericShield","GodSword4"],"campfire_rested":0,"item_purchase_floors":[5,10,21,23,23,23,28,40,40,42,42,42,46],"current_hp_per_floor":[88,82,82,83,87,88,88,88,88,85,81,66,70,68,70,63,86,86,86,86,71,71,71,71,73,73,73,73,73,79,65,52,34,89,89,88,88,88,88,88,88,88,88,88,88,88,88,92,92,75],"gold":141,"neow_bonus":"TEN_PERCENT_HP_BONUS","is_daily":false,"chose_seed":false,"campfire_upgraded":6,"win_rate":0.0,"timestamp":1610817030,"path_taken":["R","M","M","M","$","?","T","?","?","$","?","E","?","M","M","BOSS","R","M","?","$","?","$","T","?","?","R","$","R","M","E","M","BOSS","R","M","?","?","?","$","T","$","?","R","?","?","?","E","M","BOSS"],"items_purchased_type":["Card","Card","Card","Relic","Card","Card","Card","Relic","Relic","Card","Relic","Card","Relic"],"build_version":"2020-12-22","purchased_purges":3,"victory":true,"max_hp_per_floor":[88,88,88,88,88,88,88,88,88,88,88,88,88,83,86,86,86,86,86,86,86,86,86,86,86,86,86,86,86,89,89,89,89,89,89,89,89,89,89,89,89,89,92,92,92,92,92,92,92,92],"card_choices":[{"not_picked":["Guardian:PrismaticBeam","Guardian:CrystalBeam"],"picked":"Guardian:DonusPower","floor":2},{"not_picked":["Guardian:Gem_Green","Guardian:PrismaticBeam"],"picked":"Guardian:Gem_Lightblue","floor":3},{"not_picked":["Guardian:VentSteam","Guardian:ShieldSpikes"],"picked":"Guardian:ChargeCore","floor":4},{"not_picked":["Guardian:FloatingOrbs","Guardian:ShieldCharger"],"picked":"Guardian:RevengeProtocol","floor":5},{"not_picked":["Guardian:Gem_Cyan","Guardian:GuardianWhirl"],"picked":"Guardian:BodySlam","floor":6},{"not_picked":["Guardian:Gem_Green","Guardian:Harden"],"picked":"Guardian:ShieldSpikes","floor":10},{"not_picked":["Guardian:Gem_Fragmented","Guardian:Gem_Lightblue"],"picked":"Guardian:Gem_Purple","floor":11},{"not_picked":["Guardian:WalkerClaw","Guardian:Gem_White"],"picked":"Guardian:EvasiveProtocol","floor":12},{"not_picked":["Guardian:ChargeCore","Guardian:PrimingBeam"],"picked":"Guardian:Gem_Blue","floor":13},{"not_picked":["Guardian:WalkerClaw","Guardian:TemporalStrike"],"picked":"Guardian:DecasProtection","floor":14},{"not_picked":["Guardian:TemporalShield","Guardian:BodySlam"],"picked":"Guardian:TimeBomb","floor":15},{"not_picked":["Guardian:TimeSifter","Guardian:RevengeProtocol"],"picked":"Guardian:ConstructionForm","floor":16},{"not_picked":["Guardian:Incinerate+1","Guardian:Recover"],"picked":"Guardian:WalkerClaw+1","floor":19},{"not_picked":["Guardian:TimeBomb","Guardian:Gem_Lightblue"],"picked":"Guardian:Gem_Crimson","floor":21},{"not_picked":["Guardian:ChargeCore","Guardian:Gem_Green"],"picked":"Guardian:StasisStrike","floor":23},{"not_picked":["Guardian:VentSteam","Guardian:DonusPower"],"picked":"Guardian:RollAttack","floor":25},{"not_picked":["Guardian:Recover","Guardian:ShieldCharger"],"picked":"Guardian:SentryBeam","floor":30},{"not_picked":["Guardian:PrimingBeam","Guardian:Reroute"],"picked":"Guardian:PrismaticBarrier","floor":31},{"not_picked":["Guardian:ShieldCharger","Guardian:CrystalBeam","Guardian:Suspension"],"picked":"SKIP","floor":32},{"not_picked":["Guardian:ExploitGems","Guardian:HyperBeam_Guardian"],"picked":"Guardian:AncientConstruct","floor":33},{"not_picked":["Guardian:Gem_Crimson","Guardian:VentSteam+1"],"picked":"Guardian:BronzeArmor+1","floor":36},{"not_picked":["Guardian:Gem_Lightblue","Guardian:Incinerate+1"],"picked":"Guardian:Gem_Blue","floor":43},{"not_picked":["expansioncontent:AwakenDeath","expansioncontent:YouAreMine"],"picked":"expansioncontent:PrepareCrush","floor":45},{"not_picked":["Guardian:Clone+1","Guardian:Gem_Lightblue"],"picked":"Guardian:TemporalShield+1","floor":48},{"not_picked":["Guardian:Incinerate","Guardian:Gem_Yellow"],"picked":"Guardian:PrimingBeam+1","floor":49}],"player_experience":673469,"relics_obtained":[{"floor":7,"key":"Chaos"},{"floor":12,"key":"PillsDrop"},{"floor":24,"key":"ChaoDraw"},{"floor":31,"key":"MegaBlast"},{"floor":41,"key":"TuHaoJin"}],"event_choices":[{"damage_healed":0,"gold_gain":0,"player_choice":"Ignored","damage_taken":0,"max_hp_gain":0,"max_hp_loss":0,"event_name":"Vampires","floor":22,"gold_loss":0},{"cards_removed":["Guardian:DecasProtection"],"damage_healed":0,"gold_gain":0,"player_choice":"Removed Skill","damage_taken":0,"max_hp_gain":0,"max_hp_loss":0,"event_name":"Falling","floor":47,"gold_loss":0}],"is_beta":false,"boss_relics":[{"not_picked":["GuppysPaw","HornCleat"],"picked":"EasyGame_NEW"},{"not_picked":[]},{"not_picked":["Damocles","LastBattle"],"picked":"Shuriken"},{"not_picked":[]}],"items_purged_floors":[10,40,42],"is_endless":false,"potions_floor_spawned":[2,6,12,14,25,30,31,43,48],"ascension_level":0}}