{"host":"kn32u0f2pym5bozc","time":1610795999,"event":{"mods":["2.2 Compatiblity","BaseMod","Better Third Choice","Marisa????????","Minty Spire (QoL Compilation)","Permanent Neow","Relic Stats","StSLib","The Animator"],"gold_per_floor":[117,150,30,55,81,81,127,159,185,185,227,263,306,340,340,447,447,490,516,516,554,596,596,650,650,650,691,715,762,248,18,18,18,18],"floor_reached":33,"language":"ENG","playtime":2028,"items_purged":["Doubt","DC"],"score":343,"play_id":"4ad27405-9d39-469d-8d6e-10408bb9345f","local_time":"20210116061959","is_ascension_mode":false,"campfire_choices":[{"data":"MasterSpark","floor":6,"key":"SMITH"},{"data":"GrandCross","floor":10,"key":"SMITH"},{"data":"LuminesStrike","floor":15,"key":"SMITH"},{"data":"ManaRampage","floor":23,"key":"SMITH"},{"data":"MagicChant","floor":25,"key":"SMITH"},{"floor":32,"key":"REST"}],"circlet_count":0,"master_deck":["Strike_MRS","Strike_MRS","Strike_MRS","Strike_MRS","Defend_MRS","Defend_MRS","Defend_MRS","Defend_MRS","MasterSpark+1","UpSweep","WitchOfGreed","NonDirectionalLaser","LuminesStrike+1","GrandCross+1","Acceleration","EventHorizon","WitchLeyline","GrandCross","EnergyFlow","GalacticHalo","ManaRampage+1","6A","NonDirectionalLaser","MilkyWay","MagicChant+1","UnstableBomb+1","SporeBomb+1","BinaryStars","StarBarrage","CasketOfStar","GalacticHalo","PowerUp"],"relics":["MiniHakkero","Unceasing Top","Toy Ornithopter","CeramicFish","SacredBark","Red Mask","Orichalcum","HornCleat","Strawberry","Vajra","PreservedInsect"],"acts_visited":["Exordium","TheCity"],"potions_floor_usage":[7,11,12,12,13,14,14,14,16,18,19,19,22,24,27,28,28,29,29,33],"damage_taken":[{"damage":9,"enemies":"Cultist","floor":1,"turns":4},{"damage":12,"enemies":"Jaw Worm","floor":2,"turns":6},{"damage":2,"enemies":"2 Louse","floor":4,"turns":3},{"damage":3,"enemies":"Exordium Wildlife","floor":5,"turns":4},{"damage":10,"enemies":"Gremlin Nob","floor":7,"turns":4},{"damage":10,"enemies":"3 Louse","floor":8,"turns":4},{"damage":16,"enemies":"Large Slime","floor":11,"turns":2},{"damage":0,"enemies":"2 Fungi Beasts","floor":12,"turns":2},{"damage":12,"enemies":"Blue Slaver","floor":13,"turns":2},{"damage":0,"enemies":"3 Louse","floor":14,"turns":2},{"damage":0,"enemies":"Slime Boss","floor":16,"turns":3},{"damage":0,"enemies":"3 Byrds","floor":18,"turns":4},{"damage":10,"enemies":"Masked Bandits","floor":19,"turns":2},{"damage":14,"enemies":"2 Thieves","floor":21,"turns":3},{"damage":3,"enemies":"Snecko","floor":22,"turns":3},{"damage":48,"enemies":"Gremlin Leader","floor":24,"turns":9},{"damage":12,"enemies":"Snake Plant","floor":27,"turns":3},{"damage":22,"enemies":"Sentry and Sphere","floor":28,"turns":6},{"damage":17,"enemies":"Slavers","floor":29,"turns":5},{"damage":54,"enemies":"Champ","floor":33,"turns":11}],"seed_played":"-1809346507173967823","potions_obtained":[{"floor":2,"key":"PowerPotion"},{"floor":4,"key":"LiquidBronze"},{"floor":5,"key":"EntropicBrew"},{"floor":7,"key":"Strength Potion"},{"floor":11,"key":"Explosive Potion"},{"floor":11,"key":"SteroidPotion"},{"floor":12,"key":"Regen Potion"},{"floor":12,"key":"SpeedPotion"},{"floor":13,"key":"BlessingOfTheForge"},{"floor":14,"key":"EntropicBrew"},{"floor":18,"key":"SteroidPotion"},{"floor":18,"key":"ShroomBrew"},{"floor":21,"key":"DistilledChaos"},{"floor":21,"key":"BlessingOfTheForge"},{"floor":24,"key":"Regen Potion"},{"floor":24,"key":"SpeedPotion"},{"floor":27,"key":"Dexterity Potion"},{"floor":28,"key":"SteroidPotion"},{"floor":29,"key":"DistilledChaos"}],"is_trial":false,"path_per_floor":["M","M","$","M","M","R","E","M","T","R","M","M","M","M","R","B",null,"M","?","?","M","M","R","E","R","T","M","M","E","$","$","R","B"],"character_chosen":"MARISA","items_purchased":["LuminesStrike","BinaryStars","Vajra","StarBarrage","CasketOfStar","PreservedInsect","GalacticHalo","PowerUp"],"campfire_rested":1,"item_purchase_floors":[3,30,30,30,30,31,31,31],"current_hp_per_floor":[66,54,54,52,49,49,39,29,29,29,18,28,26,41,41,46,75,75,70,70,56,58,58,15,15,15,27,15,15,15,15,39,0,0],"gold":18,"neow_bonus":"ONE_RARE_RELIC","is_daily":false,"chose_seed":false,"campfire_upgraded":5,"win_rate":0.0,"timestamp":1610795999,"path_taken":["M","M","$","?","M","R","E","M","T","R","M","M","M","M","R","BOSS","M","?","?","M","M","R","E","R","T","M","M","E","?","$","R","BOSS"],"items_purchased_type":["Card","Card","Relic","Card","Card","Relic","Card","Card"],"build_version":"2020-12-22","purchased_purges":2,"victory":false,"max_hp_per_floor":[75,75,75,75,75,75,75,75,75,75,75,75,75,75,75,75,75,75,75,75,75,75,75,75,75,75,75,75,82,82,82,82,82,82],"relic_stats":{"counters":[20,82],"CeramicFish":144,"PreservedInsect":0,"Orichalcum":[66],"obtain_stats":[{"HornCleat":26,"CeramicFish":9,"SacredBark":17,"Strawberry":29,"Vajra":30,"PreservedInsect":31,"Red Mask":19,"MiniHakkero":0,"Orichalcum":24,"Unceasing Top":0,"Toy Ornithopter":7},{"HornCleat":16,"CeramicFish":6,"SacredBark":11,"Strawberry":19,"Vajra":19,"PreservedInsect":19,"Red Mask":13,"MiniHakkero":0,"Orichalcum":16,"Unceasing Top":0,"Toy Ornithopter":5},{"HornCleat":57,"CeramicFish":25,"SacredBark":36,"Strawberry":71,"Vajra":71,"PreservedInsect":71,"Red Mask":42,"MiniHakkero":0,"Orichalcum":57,"Unceasing Top":0,"Toy Ornithopter":21}],"Unceasing Top":[2],"Toy Ornithopter":85},"card_choices":[{"not_picked":["GravityBeat","UnstableBomb"],"picked":"WitchOfGreed","floor":1},{"not_picked":["GravityBeat","OrrerysSun"],"picked":"NonDirectionalLaser","floor":2},{"not_picked":["JA","GalacticHalo"],"picked":"GrandCross","floor":4},{"not_picked":["SporeBomb","WitchOfGreed"],"picked":"Acceleration","floor":5},{"not_picked":["ManaConvection","DragonMeteor"],"picked":"EventHorizon","floor":7},{"not_picked":["LuminesStrike","GravityBeat"],"picked":"DC","floor":8},{"not_picked":["PowerUp","OortCloud","WitchLeyline"],"picked":"SKIP","floor":11},{"not_picked":["PowerUp","OortCloud"],"picked":"WitchLeyline","floor":11},{"not_picked":["6A","GravityBeat"],"picked":"GrandCross","floor":12},{"not_picked":["EventHorizon","NonDirectionalLaser"],"picked":"EnergyFlow","floor":13},{"not_picked":["DoubleSpark","ManaConvection"],"picked":"GalacticHalo","floor":14},{"not_picked":["JA","CollectingQuirk"],"picked":"ManaRampage","floor":16},{"not_picked":["Orbital","DoubleSpark"],"picked":"6A","floor":18},{"not_picked":["AlicesGift","StarlightTyphoon"],"picked":"NonDirectionalLaser","floor":21},{"not_picked":["DarkMatter","GrandCross"],"picked":"MilkyWay","floor":22},{"not_picked":["UnstableBomb","GrandCross"],"picked":"MagicChant","floor":24},{"not_picked":["GrandCross","GravityBeat"],"picked":"UnstableBomb+1","floor":27},{"not_picked":["EventHorizon","LuminesStrike+1"],"picked":"SporeBomb+1","floor":28},{"not_picked":["LuminesStrike+1","EnergyFlow","IllusionStar+1"],"picked":"SKIP","floor":29}],"player_experience":871511,"relics_obtained":[{"floor":7,"key":"Toy Ornithopter"},{"floor":9,"key":"CeramicFish"},{"floor":19,"key":"Red Mask"},{"floor":24,"key":"Orichalcum"},{"floor":26,"key":"HornCleat"},{"floor":29,"key":"Strawberry"}],"event_choices":[{"damage_healed":0,"gold_gain":0,"player_choice":"Fought Bandits","damage_taken":0,"max_hp_gain":0,"max_hp_loss":0,"event_name":"Masked Bandits","floor":19,"gold_loss":0},{"damage_healed":0,"gold_gain":0,"player_choice":"Ignored","damage_taken":0,"max_hp_gain":0,"max_hp_loss":0,"event_name":"Ghosts","floor":20,"gold_loss":0}],"is_beta":false,"boss_relics":[{"not_picked":["Sozu","RampagingMagicTools"],"picked":"SacredBark"}],"items_purged_floors":[3,30],"is_endless":false,"potions_floor_spawned":[5,11,12,14,18,21,24,28],"killed_by":"Champ","ascension_level":0}}