{"host":"qd0djjbxud4lzzbr","time":1610800493,"event":{"mods":["AchievementEnabler","BaseMod","Bestiary","Minty Spire (QoL Compilation)","Replay The Spire","StSLib","UnlockEverythingMod"],"gold_per_floor":[114,114,134,978322,978402,978402,977631,977631,977708,977673,976614,976614,976614,976642,976642,976719,976719,976731,976731,976280,975547,975547,975567,975567,975586,975586,974738,974750,974750,974765,974833,974833,974906,974906,974921,974209,974209,974267,974324,974324,974324,974324,974324,974324,974355,973893,973893,973491,973491,973499,973517,973517,973517,972880,972907,972915],"floor_reached":57,"language":"ZHS","playtime":3427,"items_purged":["Escape Plan+1"],"score":2151,"play_id":"5794ee42-88d9-4326-91e1-b779f472513b","local_time":"20210116203453","daily_mods":["SealedDeck","Vintage","Heirloom","Time Dilation","Flight"],"is_ascension_mode":true,"campfire_choices":[{"floor":6,"key":"RECALL"},{"floor":8,"key":"DIG"},{"data":"Enlightenment","floor":12,"key":"SMITH"},{"data":"Apotheosis","floor":13,"key":"SMITH"},{"data":"Acrobatics","floor":24,"key":"SMITH"},{"floor":29,"key":"DIG"},{"floor":32,"key":"DIG"},{"floor":40,"key":"DIG"},{"floor":41,"key":"DIG"},{"floor":42,"key":"DIG"},{"floor":44,"key":"DIG"},{"floor":47,"key":"DIG"},{"floor":49,"key":"DIG"},{"floor":53,"key":"DIG"}],"circlet_count":0,"master_deck":["Demon Form","Wraith Form v2","Echo Form","DevaForm","AscendersBane","Acrobatics+1","Reflex","Outmaneuver","Fluid Movement+1","Sucker Punch+1","Slice","Backflip","Dodge and Roll","Backflip","Blur","Dagger Spray","Dagger Spray+1","Apotheosis+1","Finesse","Draining Mist","ReplayTheSpireMod:Speed Training","Blind","Crow Ritual","Enlightenment+1","Leg Sweep+1","Envenom","Toxin Wave","Pot Of Greed+1","Pot Of Greed+1","Pot Of Greed+1","Panache","Prepared+1","Envenom","Terror+1","Evaluate+1","Conserve Battery+1","After Image+1","ReplayTheSpireMod:The Works+1","ReplayUltimateDefense+1","Pot Of Greed+1","Draining Mist+1","ReplayTheSpireMod:Private Reserves+1","Master of Strategy+1","Noxious Fumes+1","Acrobatics+1"],"relics":["Ring of the Snake","replay:Trail_Library","Turnip","Shovel","Smiling Mask","Pen Nib","Replay:Bottled Eggs","BargainBundle","Byrd Skull","Centennial Puzzle","TheAbacus","Juzu Bracelet","Replay:Bottled Snecko","StoneCalendar","Potion Belt","Toolbox","Tiny Chest","SlaversCollar","Happy Flower","Chameleon Ring","Replay:Wax Seal","Bag of Preparation","Counterbalance","PrismaticShard","MutagenicStrength","Toxic Egg 2","Grinning Jar","Toy Ornithopter","Letter Opener","Lantern","Strange Spoon","Bottled Lightning","Meat on the Bone","Du-Vu Doll","Darkstone Periapt","PreservedInsect","HoveringKite","Vajra","Golden Egg","Iron Hammer","Frozen Eye","Frozen Egg 2","Replay:Bandana","The Specimen","Orichalcum","Snake Skull","Ginger","Eternal Feather","Replay:Accelerometer","ReplayTheSpireMod:Shallot","Membership Card","Pondfish Scales","MealTicket","Replay:Mystery Machine","ReplayTheSpireMod:TigerMarble","Chemical X","Dream Catcher","Whetstone","Bottled Tornado","Mummified Hand","Paper Crane","Sling","Basket Of Snakes"],"acts_visited":["Exordium","TheCity","TheBeyond","TheEnding"],"potions_floor_usage":[16,16,16,16,39,50,51,51,51,56,56],"damage_taken":[{"damage":4,"enemies":"2 Louse","floor":1,"turns":4},{"damage":17,"enemies":"Cultist","floor":3,"turns":5},{"damage":7,"enemies":"Replay:BlueRogue","floor":14,"turns":7},{"damage":0,"enemies":"Hexaghost","floor":16,"turns":8},{"damage":17,"enemies":"2 Thieves","floor":18,"turns":4},{"damage":0,"enemies":"Spheric Guardian","floor":23,"turns":4},{"damage":9,"enemies":"Centurion and Healer","floor":25,"turns":3},{"damage":0,"enemies":"3 Cultists","floor":28,"turns":1},{"damage":1,"enemies":"Shelled Parasite and Fungi","floor":30,"turns":2},{"damage":4,"enemies":"Automaton","floor":33,"turns":6},{"damage":1,"enemies":"Orb Walker","floor":35,"turns":3},{"damage":30,"enemies":"2 Orb Walkers","floor":39,"turns":3},{"damage":0,"enemies":"3 Darklings","floor":45,"turns":2},{"damage":21,"enemies":"Time Eater","floor":50,"turns":11},{"damage":0,"enemies":"Replay:Hell Engine","floor":51,"turns":10},{"damage":30,"enemies":"Shield and Spear","floor":55,"turns":4},{"damage":4,"enemies":"The Heart","floor":56,"turns":5}],"seed_played":"-9030144367245480582","potions_obtained":[{"floor":2,"key":"FairyPotion"},{"floor":2,"key":"FairyPotion"},{"floor":14,"key":"GamblersBrew"},{"floor":18,"key":"SneckoOil"},{"floor":35,"key":"Toxic Potion"},{"floor":39,"key":"Elixir"}],"is_trial":true,"path_per_floor":["M","?","M","$","T","R","$","R","T","?","$","R","R","E","R","B",null,"M","?","$","$","?","M","R","M","T","$","M","R","M","T","R","B",null,"M","$","T","?","?","R","R","R","T","R","M","$","R","$","R","B","B",null,"R","$","E","B",null],"character_chosen":"THE_SILENT","items_purchased":["Dagger Spray","Pen Nib","Replay:Bottled Eggs","BargainBundle","Apotheosis","Finesse","Draining Mist","Byrd Skull","Centennial Puzzle","TheAbacus","Blind","StoneCalendar","Potion Belt","Toolbox","Crow Ritual","Enlightenment","EntropicBrew","Chameleon Ring","Replay:Wax Seal","EssenceOfSteel","Bag of Preparation","Counterbalance","PrismaticShard","Venom Potion","Letter Opener","Lantern","Strange Spoon","Panache","Golden Egg","Iron Hammer","Frozen Eye","Membership Card","Pondfish Scales","MealTicket","ReplayTheSpireMod:The Works+1","ReplayTheSpireMod:TigerMarble","Chemical X","Dream Catcher","ReplayUltimateDefense+1","Draining Mist+1","Mummified Hand","Paper Crane","Sling","ReplayTheSpireMod:Private Reserves+1","Master of Strategy+1","Noxious Fumes+1","Acrobatics+1","Energy Potion","Ancient Potion"],"campfire_rested":0,"item_purchase_floors":[4,4,4,4,4,4,4,7,7,7,7,11,11,11,11,11,11,20,20,20,21,21,21,21,27,27,27,27,36,36,36,46,46,46,46,48,48,48,48,48,54,54,54,54,54,54,54,54,54],"current_hp_per_floor":[55,55,38,38,38,38,38,38,38,54,54,54,54,47,66,66,66,49,49,49,49,49,49,49,40,40,40,40,40,39,39,39,35,58,57,57,57,57,44,44,44,44,44,65,65,65,66,66,66,45,60,65,66,66,36,42],"gold":972915,"neow_bonus":"","is_daily":false,"chose_seed":false,"campfire_upgraded":3,"win_rate":0.0,"timestamp":1610800493,"path_taken":["M","?","?","$","?","R","$","R","T","?","$","R","R","E","R","BOSS","M","?","$","$","?","M","R","M","T","$","M","R","M","?","R","BOSS","M","$","?","?","?","R","R","R","T","R","M","$","R","$","R","BOSS","BOSS","R","$","E","BOSS"],"items_purchased_type":["Card","Relic","Relic","Relic","Card","Card","Card","Relic","Relic","Relic","Card","Relic","Relic","Relic","Card","Card","Potion","Relic","Relic","Potion","Relic","Relic","Relic","Potion","Relic","Relic","Relic","Card","Relic","Relic","Relic","Relic","Relic","Relic","Card","Relic","Relic","Relic","Card","Card","Relic","Relic","Relic","Card","Card","Card","Card","Potion","Potion"],"build_version":"2020-12-22","purchased_purges":1,"victory":true,"max_hp_per_floor":[66,66,66,66,66,66,66,66,66,66,66,66,66,66,66,66,66,66,66,66,66,66,66,66,66,66,66,66,66,66,66,66,66,66,66,66,66,66,66,66,66,66,66,66,66,66,66,66,66,66,66,66,66,66,66,66],"card_choices":[{"not_picked":["Predator","Blade Dance"],"picked":"Leg Sweep","floor":14},{"not_picked":["A Thousand Cuts","Atom Bomb"],"picked":"Envenom","floor":16},{"not_picked":["Eclipse+1","HandOfGreed"],"picked":"Envenom","floor":33},{"not_picked":["Halt+1","Thunderclap"],"picked":"Evaluate+1","floor":38},{"not_picked":["Prepared+1","Replay:Undeath\u0027s Touch"],"picked":"Conserve Battery+1","floor":39},{"not_picked":["FlyingSleeves","True Grit+1","Gash"],"picked":"SKIP","floor":55}],"player_experience":58727,"relics_obtained":[{"floor":1,"key":"Shovel"},{"floor":3,"key":"Smiling Mask"},{"floor":8,"key":"Juzu Bracelet"},{"floor":9,"key":"Replay:Bottled Snecko"},{"floor":14,"key":"Tiny Chest"},{"floor":18,"key":"Happy Flower"},{"floor":23,"key":"Toxic Egg 2"},{"floor":25,"key":"Grinning Jar"},{"floor":26,"key":"Toy Ornithopter"},{"floor":28,"key":"Bottled Lightning"},{"floor":29,"key":"Meat on the Bone"},{"floor":30,"key":"Du-Vu Doll"},{"floor":31,"key":"Darkstone Periapt"},{"floor":32,"key":"PreservedInsect"},{"floor":35,"key":"Vajra"},{"floor":37,"key":"Frozen Egg 2"},{"floor":38,"key":"Replay:Bandana"},{"floor":39,"key":"The Specimen"},{"floor":40,"key":"Orichalcum"},{"floor":41,"key":"Snake Skull"},{"floor":42,"key":"Ginger"},{"floor":43,"key":"Eternal Feather"},{"floor":44,"key":"Replay:Accelerometer"},{"floor":45,"key":"ReplayTheSpireMod:Shallot"},{"floor":47,"key":"Replay:Mystery Machine"},{"floor":49,"key":"Whetstone"},{"floor":53,"key":"Bottled Tornado"},{"floor":55,"key":"Basket Of Snakes"}],"event_choices":[{"damage_healed":0,"gold_gain":0,"player_choice":"Got Potions","damage_taken":0,"max_hp_gain":0,"max_hp_loss":0,"event_name":"Lab","floor":2,"gold_loss":0},{"damage_healed":16,"gold_gain":0,"player_choice":"Healed","damage_taken":0,"max_hp_gain":0,"max_hp_loss":0,"event_name":"The Cleric","floor":10,"gold_loss":35},{"damage_healed":0,"gold_gain":0,"player_choice":"Inject Mutagens","damage_taken":0,"relics_obtained":["MutagenicStrength"],"max_hp_gain":0,"max_hp_loss":0,"event_name":"Drug Dealer","floor":22,"gold_loss":0},{"damage_healed":0,"gold_gain":0,"player_choice":"Fight","damage_taken":0,"max_hp_gain":0,"max_hp_loss":0,"event_name":"Mysterious Sphere","floor":39,"gold_loss":0}],"is_beta":false,"boss_relics":[{"not_picked":["Snecko Scales","Replay:Bronze Core"],"picked":"SlaversCollar"},{"not_picked":["Replay:Drink Me","Replay:Grab Bag"],"picked":"HoveringKite"}],"items_purged_floors":[27],"is_endless":false,"potions_floor_spawned":[3,14,18,23,35,39],"ascension_level":20}}