{"host":"l60rmjjsfi0fipmi","time":1610830888,"event":{"mods":["BaseMod","Colored Map","DeckTracker","Highlight Path","Minty Spire (QoL Compilation)","StSLib","The Cursed","The Servant 0.9.4"],"gold_per_floor":[109,126,137,9,21,48,48,24,24,24,124,136,154,179,179,282,282,300,318,318,333,248,248,0,0,23,23,23,23],"floor_reached":28,"language":"ENG","playtime":1295,"items_purged":[],"score":299,"play_id":"7d400254-0d29-4435-a1e1-e9f8d400e293","local_time":"20210116160128","is_ascension_mode":true,"campfire_choices":[{"floor":7,"key":"REST"},{"data":"Neutralize","floor":10,"key":"SMITH"},{"floor":15,"key":"REST"},{"floor":23,"key":"REST"},{"data":"Dodge and Roll","floor":27,"key":"SMITH"}],"circlet_count":0,"master_deck":["Defend_G","Defend_G","Defend_G","Defend_G","Defend_G","Survivor","Neutralize+1","Dramatic Entrance","Slice","Caltrops","Finisher","Dodge and Roll+1","Noxious Fumes","Terror","Cloak And Dagger","Sucker Punch","Bouncing Flask","Blade Dance","Blade Dance","A Thousand Cuts","Bite","Bite","Bite","Bite","Bite","Distraction"],"relics":["Ring of the Snake","Bottled Flame","The Specimen","Calipers","Black Star","Sundial","Lantern","Tiny Chest"],"acts_visited":["Exordium","TheCity"],"potions_floor_usage":[19,19],"damage_taken":[{"damage":2,"enemies":"Small Slimes","floor":1,"turns":3},{"damage":1,"enemies":"Cultist","floor":2,"turns":3},{"damage":1,"enemies":"Jaw Worm","floor":3,"turns":5},{"damage":2,"enemies":"2 Fungi Beasts","floor":5,"turns":3},{"damage":33,"enemies":"Gremlin Nob","floor":6,"turns":4},{"damage":8,"enemies":"Looter","floor":12,"turns":3},{"damage":3,"enemies":"Large Slime","floor":13,"turns":6},{"damage":6,"enemies":"Lagavulin","floor":14,"turns":5},{"damage":21,"enemies":"Hexaghost","floor":16,"turns":9},{"damage":17,"enemies":"Chosen","floor":18,"turns":5},{"damage":34,"enemies":"Spheric Guardian","floor":19,"turns":6},{"damage":16,"enemies":"Snecko","floor":21,"turns":5},{"damage":33,"enemies":"Book of Stabbing","floor":28,"turns":3}],"seed_played":"7074425279724459769","potions_obtained":[{"floor":3,"key":"Regen Potion"},{"floor":5,"key":"FearPotion"},{"floor":6,"key":"Strength Potion"},{"floor":18,"key":"LiquidMemories"}],"is_trial":false,"path_per_floor":["M","M","M","$","M","E","R","$","T","R","?","M","M","E","R","B",null,"M","M","?","M","?","R","?","?","T","R","E"],"character_chosen":"THE_SILENT","items_purchased":["Dodge and Roll","Noxious Fumes","Sucker Punch"],"campfire_rested":3,"item_purchase_floors":[4,4,8],"current_hp_per_floor":[68,67,66,66,64,31,52,52,52,52,52,44,41,35,56,35,70,53,24,24,12,12,26,26,26,26,26,0,0],"gold":23,"neow_bonus":"RANDOM_COLORLESS","is_daily":false,"chose_seed":false,"campfire_upgraded":2,"win_rate":0.0,"timestamp":1610830888,"path_taken":["M","M","M","$","M","E","R","$","T","R","?","M","?","E","R","BOSS","M","M","?","M","?","R","?","?","T","R","E"],"items_purchased_type":["Card","Card","Card"],"build_version":"2020-12-22","purchased_purges":0,"victory":false,"max_hp_per_floor":[70,70,70,70,70,70,70,70,70,70,70,70,70,70,70,70,70,70,70,49,49,49,49,49,49,49,49,49,49],"card_choices":[{"not_picked":["Swift Strike","PanicButton"],"picked":"Dramatic Entrance","floor":0},{"not_picked":["Acrobatics","Prepared"],"picked":"Slice","floor":1},{"not_picked":["Underhanded Strike","Catalyst"],"picked":"Caltrops","floor":2},{"not_picked":["Flying Knee","Night Terror"],"picked":"Finisher","floor":3},{"not_picked":["Bouncing Flask","Catalyst"],"picked":"Terror","floor":5},{"not_picked":["PiercingWail","Sucker Punch"],"picked":"Cloak And Dagger","floor":6},{"not_picked":["Deflect","Acrobatics"],"picked":"Bouncing Flask","floor":12},{"not_picked":["Acrobatics","Flying Knee"],"picked":"Blade Dance","floor":13},{"not_picked":["Slice","Distraction"],"picked":"Blade Dance","floor":14},{"not_picked":["Grand Finale","Envenom"],"picked":"A Thousand Cuts","floor":16},{"not_picked":["Underhanded Strike+1","Escape Plan+1","Backflip"],"picked":"SKIP","floor":18},{"not_picked":["Prepared+1","Caltrops","Endless Agony"],"picked":"SKIP","floor":19},{"not_picked":["Sucker Punch","Outmaneuver"],"picked":"Distraction","floor":21}],"player_experience":435788,"relics_obtained":[{"floor":6,"key":"Bottled Flame"},{"floor":9,"key":"The Specimen"},{"floor":14,"key":"Calipers"},{"floor":26,"key":"Tiny Chest"}],"event_choices":[{"damage_healed":0,"gold_gain":100,"player_choice":"Pray","damage_taken":0,"max_hp_gain":0,"max_hp_loss":0,"event_name":"Golden Shrine","floor":11,"gold_loss":0},{"damage_healed":0,"gold_gain":0,"player_choice":"Became a vampire","damage_taken":0,"max_hp_gain":0,"max_hp_loss":21,"event_name":"Vampires","floor":20,"gold_loss":0,"cards_obtained":["Bite","Bite","Bite","Bite","Bite"]},{"damage_healed":0,"gold_gain":0,"player_choice":"Obtained Relic","damage_taken":0,"relics_obtained":["Sundial"],"max_hp_gain":0,"max_hp_loss":0,"event_name":"Addict","floor":22,"gold_loss":85},{"damage_healed":0,"gold_gain":0,"player_choice":"Paid Fearfully","damage_taken":0,"max_hp_gain":0,"max_hp_loss":0,"event_name":"Masked Bandits","floor":24,"gold_loss":248},{"damage_healed":0,"gold_gain":0,"player_choice":"Gave Potion","damage_taken":0,"relics_obtained":["Lantern"],"max_hp_gain":0,"max_hp_loss":0,"event_name":"WeMeetAgain","floor":25,"gold_loss":0}],"is_beta":false,"boss_relics":[{"not_picked":["Fusion Hammer","Snecko Eye"],"picked":"Black Star"}],"items_purged_floors":[],"is_endless":false,"potions_floor_spawned":[3,5,6,12,18],"killed_by":"Book of Stabbing","ascension_level":4}}