{"host":"o7j6aatxjwpw1421","time":1610796806,"event":{"mods":["2.2 Compatiblity","AchievementEnabler","BaseMod","Colored Map","DeckTracker","Highlight Path","Keyboard Shortcuts","Minty Spire (QoL Compilation)","Permanent Neow","Quick Restart","StSLib","SuperFastMode","everything is the same but u backflip on backflip"],"gold_per_floor":[110,110,127,127,145,145,320,320,398,15,46,46,63,81,81,176,176,186,136,151,166,116,116,116,116,140,140,157,172,172,122,122,219,219,232,245,49,69,69,69,89,120,146,146,178,25,56,69,69,69],"floor_reached":51,"language":"KOR","playtime":2515,"items_purged":["Defend_P","Doubt","Strike_P","Strike_P","ReachHeaven+1","FearNoEvil+1"],"score":1052,"play_id":"fcf031bb-596f-4e52-b04a-ec674a53f6aa","local_time":"20210116203326","is_ascension_mode":true,"campfire_choices":[{"data":"Eruption","floor":6.0,"key":"SMITH"},{"data":"Swivel","floor":8.0,"key":"SMITH"},{"data":"Vault","floor":15.0,"key":"SMITH"},{"data":"Adaptation","floor":25.0,"key":"SMITH"},{"data":"Study","floor":27.0,"key":"SMITH"},{"data":"Ragnarok","floor":30.0,"key":"SMITH"},{"data":"FearNoEvil","floor":32.0,"key":"SMITH"},{"data":"MasterReality","floor":40.0,"key":"SMITH"},{"data":"BattleHymn","floor":44.0,"key":"SMITH"},{"data":"Establishment","floor":49.0,"key":"SMITH"}],"circlet_count":0,"master_deck":["Eruption+1","Vigilance+1","Swivel+1","Vault+1","Study+1","Ragnarok+1","Adaptation+1","WreathOfFlame+1","MasterReality+1","FearNoEvil+1","CarveReality+1","FlurryOfBlows+1","BattleHymn+1","Indignation+1","Crescendo+1","Establishment+1","TalkToTheHand+1","Halt","WindmillStrike+1","ClearTheMind+1"],"relics":["PureWater","FossilizedHelix","Unceasing Top","Eternal Feather","PreservedInsect","Lee\u0027s Waffle","Smiling Mask","SacredBark","Enchiridion","Centennial Puzzle","Astrolabe","Orrery","Potion Belt","Bag of Marbles","Torii","Thread and Needle"],"acts_visited":["Exordium","TheCity","TheBeyond"],"potions_floor_usage":[50,50,50,50,50,50],"damage_taken":[{"damage":0.0,"enemies":"2 Louse","floor":1.0,"turns":3.0},{"damage":0.0,"enemies":"Jaw Worm","floor":3.0,"turns":5.0},{"damage":0.0,"enemies":"Cultist","floor":5.0,"turns":4.0},{"damage":0.0,"enemies":"Gremlin Nob","floor":11.0,"turns":3.0},{"damage":0.0,"enemies":"Large Slime","floor":13.0,"turns":6.0},{"damage":0.0,"enemies":"3 Louse","floor":14.0,"turns":4.0},{"damage":56.0,"enemies":"The Guardian","floor":16.0,"turns":23.0},{"damage":0.0,"enemies":"2 Thieves","floor":18.0,"turns":5.0},{"damage":0.0,"enemies":"3 Byrds","floor":20.0,"turns":5.0},{"damage":13.0,"enemies":"Centurion and Healer","floor":21.0,"turns":6.0},{"damage":0.0,"enemies":"Snake Plant","floor":28.0,"turns":4.0},{"damage":0.0,"enemies":"Chosen and Byrds","floor":29.0,"turns":3.0},{"damage":0.0,"enemies":"Automaton","floor":33.0,"turns":4.0},{"damage":0.0,"enemies":"Orb Walker","floor":35.0,"turns":2.0},{"damage":7.0,"enemies":"3 Darklings","floor":36.0,"turns":3.0},{"damage":0.0,"enemies":"Transient","floor":38.0,"turns":5.0},{"damage":0.0,"enemies":"Spire Growth","floor":41.0,"turns":2.0},{"damage":0.0,"enemies":"Giant Head","floor":42.0,"turns":3.0},{"damage":0.0,"enemies":"Reptomancer","floor":45.0,"turns":3.0},{"damage":0.0,"enemies":"Giant Head","floor":47.0,"turns":4.0},{"damage":2.0,"enemies":"4 Shapes","floor":48.0,"turns":5.0},{"damage":23,"enemies":"Time Eater","floor":50,"turns":5}],"seed_played":"6991414069331418901","potions_obtained":[{"floor":5.0,"key":"CultistPotion"},{"floor":13.0,"key":"Swift Potion"},{"floor":16.0,"key":"Block Potion"},{"floor":18.0,"key":"Fruit Juice"},{"floor":21.0,"key":"ColorlessPotion"},{"floor":29.0,"key":"Fire Potion"},{"floor":36.0,"key":"Energy Potion"},{"floor":41.0,"key":"StancePotion"},{"floor":48.0,"key":"StancePotion"}],"is_trial":false,"path_per_floor":["M","?","M","?","M","R","?","R","T","$","E","$","M","M","R","B",null,"M","$","M","M","$","?","?","R","T","R","M","M","R","$","R","B",null,"M","M","$","M","?","R","M","E","T","R","E","$","E","M","R","B",null],"character_chosen":"WATCHER","items_purchased":["PreservedInsect","Lee\u0027s Waffle","Orrery","EntropicBrew"],"campfire_rested":0,"item_purchase_floors":[10,10,37,46],"current_hp_per_floor":[51,37,37,30,30,30,30,30,30,79,79,79,79,79,79,23,79,89,89,89,76,76,60,60,66,66,72,72,72,78,78,84,84,89,89,82,82,82,82,89,89,89,89,89,89,89,89,87,89,66],"gold":69,"neow_bonus":"ONE_RARE_RELIC","is_daily":false,"chose_seed":false,"campfire_upgraded":10,"win_rate":0.0,"timestamp":1610796806,"path_taken":["M","?","M","?","M","R","?","R","T","$","E","?","?","M","R","BOSS","M","$","M","M","$","?","?","R","T","R","M","?","R","$","R","BOSS","M","M","$","M","?","R","?","E","T","R","E","$","E","M","R","BOSS"],"items_purchased_type":["Relic","Relic","Relic","Potion"],"build_version":"2020-12-22","purchased_purges":6,"victory":true,"max_hp_per_floor":[72,72,72,72,72,72,72,72,72,79,79,79,79,79,79,79,79,89,89,89,89,89,89,89,89,89,89,89,89,89,89,89,89,89,89,89,89,89,89,89,89,89,89,89,89,89,89,89,89,89],"card_choices":[{"not_picked":["BowlingBash","SignatureMove"],"picked":"Swivel","floor":1.0},{"not_picked":["JustLucky","Swivel","LikeWater"],"picked":"SKIP","floor":3.0},{"not_picked":["Evaluate","ThirdEye","SandsOfTime"],"picked":"SKIP","floor":5.0},{"not_picked":["EmptyMind","SandsOfTime"],"picked":"Vault","floor":11.0},{"not_picked":["SignatureMove","SashWhip","Tantrum"],"picked":"SKIP","floor":13.0},{"not_picked":["Evaluate","Worship"],"picked":"Study","floor":14.0},{"not_picked":["DeusExMachina","Brilliance"],"picked":"Ragnarok","floor":16.0},{"not_picked":["CarveReality","FollowUp"],"picked":"Adaptation","floor":18.0},{"not_picked":["Nirvana","Consecrate+1","WheelKick"],"picked":"SKIP","floor":20.0},{"not_picked":["PathToVictory","Protect","EmptyBody"],"picked":"SKIP","floor":21.0},{"not_picked":["Protect","PathToVictory"],"picked":"WreathOfFlame+1","floor":28.0},{"not_picked":["Halt+1","InnerPeace+1"],"picked":"FearNoEvil","floor":29.0},{"not_picked":["Ragnarok","LessonLearned"],"picked":"MasterReality","floor":33.0},{"not_picked":["EmptyBody+1","BattleHymn+1","InnerPeace+1"],"picked":"SKIP","floor":35.0},{"not_picked":["FlyingSleeves+1","PathToVictory"],"picked":"FlurryOfBlows+1","floor":36.0},{"not_picked":["CarveReality+1","Evaluate+1"],"picked":"BattleHymn","floor":37.0},{"not_picked":["SashWhip","CarveReality+1"],"picked":"Indignation+1","floor":37.0},{"not_picked":["Prostrate","BowlingBash"],"picked":"Crescendo+1","floor":37.0},{"not_picked":["Protect","Vengeance"],"picked":"Establishment","floor":37.0},{"not_picked":["CutThroughFate+1","EmptyBody"],"picked":"TalkToTheHand+1","floor":38.0},{"not_picked":["CarveReality+1","Consecrate+1","CutThroughFate"],"picked":"SKIP","floor":41.0},{"not_picked":["Collect+1","Crescendo+1","Sanctity+1"],"picked":"SKIP","floor":42.0},{"not_picked":["Alpha","EmptyBody+1"],"picked":"Halt","floor":45.0},{"not_picked":["JustLucky+1","Halt"],"picked":"WindmillStrike+1","floor":47.0},{"not_picked":["Halt+1","Vengeance"],"picked":"ClearTheMind+1","floor":48.0}],"player_experience":520520,"relics_obtained":[{"floor":9.0,"key":"Eternal Feather"},{"floor":11.0,"key":"Smiling Mask"},{"floor":23.0,"key":"Enchiridion"},{"floor":26.0,"key":"Centennial Puzzle"},{"floor":42.0,"key":"Potion Belt"},{"floor":43.0,"key":"Bag of Marbles"},{"floor":45.0,"key":"Torii"},{"floor":47.0,"key":"Thread and Needle"}],"event_choices":[{"damage_healed":0.0,"max_hp_gain":0.0,"max_hp_loss":0.0,"gold_gain":0.0,"event_name":"Shining Light","player_choice":"Entered Light","floor":2.0,"gold_loss":0.0,"damage_taken":14.0,"cards_upgraded":["Defend_P","Vigilance"]},{"damage_healed":0.0,"max_hp_gain":0.0,"max_hp_loss":0.0,"gold_gain":0.0,"event_name":"Scrap Ooze","player_choice":"Success","floor":4.0,"gold_loss":0.0,"damage_taken":7.0,"relics_obtained":["Unceasing Top"]},{"damage_healed":0.0,"max_hp_gain":0.0,"max_hp_loss":0.0,"gold_gain":175.0,"event_name":"Liars Game","player_choice":"AGREE","floor":7.0,"gold_loss":0.0,"damage_taken":0.0,"cards_obtained":["Doubt"]},{"damage_healed":0.0,"max_hp_gain":0.0,"max_hp_loss":0.0,"gold_gain":0.0,"event_name":"Cursed Tome","player_choice":"Obtained Book","floor":23.0,"gold_loss":0.0,"damage_taken":16.0},{"cards_removed":["Defend_P"],"damage_healed":0.0,"max_hp_gain":0.0,"max_hp_loss":0.0,"gold_gain":0.0,"event_name":"Purifier","player_choice":"Purged","floor":24.0,"gold_loss":0.0,"damage_taken":0.0},{"cards_removed":["Defend_P"],"damage_healed":0.0,"max_hp_gain":0.0,"max_hp_loss":0.0,"gold_gain":0.0,"event_name":"Bonfire Elementals","player_choice":"Offered Basic","floor":39.0,"gold_loss":0.0,"damage_taken":0.0}],"is_beta":false,"boss_relics":[{"not_picked":["Philosopher\u0027s Stone","Runic Dome"],"picked":"SacredBark"},{"not_picked":["Sozu","Snecko Eye"],"picked":"Astrolabe"}],"items_purged_floors":[10,19,22,31,37,46],"is_endless":false,"potions_floor_spawned":[5,13,16,18,21,29,36,41,48],"ascension_level":1}}