{"host":"baymyijz6sxaqj5s","time":1610786118,"event":{"mods":["AchievementEnabler","BaseMod","Colored Map","Colored Powertips","DeckTracker","Highlight Path","KOR Keyword Fix","Keyboard Shortcuts","Minty Spire (QoL Compilation)","Quick Restart","StSLib","SuperFastMode"],"gold_per_floor":[116,116,133,133,143,143,153,153,153,153,166,183,198,213,213,309,309,322,100,116,206,222,222,236,236,236,236,8,18,18,33,33,138,138,155,205,220,232,232,232,232,232,232,0,19,19,19,29,29,29],"floor_reached":51,"language":"KOR","playtime":1852,"items_purged":["Strike_G"],"score":792,"play_id":"210d5505-bb98-49d6-8240-af6d5a593ca7","local_time":"20210116173518","is_ascension_mode":true,"campfire_choices":[{"data":"Deadly Poison","floor":6,"key":"SMITH"},{"data":"All Out Attack","floor":8,"key":"SMITH"},{"data":"Neutralize","floor":10,"key":"SMITH"},{"floor":15,"key":"REST"},{"floor":23,"key":"REST"},{"floor":25,"key":"REST"},{"data":"A Thousand Cuts","floor":27,"key":"SMITH"},{"floor":32,"key":"REST"},{"data":"After Image","floor":40,"key":"SMITH"},{"data":"Bane","floor":42,"key":"SMITH"},{"floor":47,"key":"RECALL"},{"floor":49,"key":"REST"}],"circlet_count":0,"master_deck":["Strike_G+1","Strike_G+1","Strike_G+1","Strike_G+1","Defend_G+1","Defend_G+1","Defend_G+1","Defend_G+1","Defend_G+1","Survivor+1","Neutralize+1","Deadly Poison+1","Burst+1","All Out Attack+1","Catalyst+1","Leg Sweep+1","Escape Plan+1","A Thousand Cuts+1","Outmaneuver+1","Catalyst+1","Deadly Poison+1","Backflip+1","Dodge and Roll+1","After Image+1","Bane+1"],"relics":["Ring of the Serpent","Toxic Egg 2","Ornamental Fan","Bronze Scales","Eternal Feather","Lantern","Busted Crown","Unceasing Top","Letter Opener","Red Mask"],"acts_visited":["Exordium","TheCity","TheBeyond"],"potions_floor_usage":[13,14,14,22,24,33,33,36,48,50,50],"damage_taken":[{"damage":1,"enemies":"Cultist","floor":1,"turns":4},{"damage":0,"enemies":"Small Slimes","floor":3,"turns":3},{"damage":11,"enemies":"Jaw Worm","floor":5,"turns":4},{"damage":1,"enemies":"2 Fungi Beasts","floor":7,"turns":4},{"damage":0,"enemies":"3 Louse","floor":11,"turns":2},{"damage":10,"enemies":"Gremlin Gang","floor":12,"turns":4},{"damage":9,"enemies":"Exordium Thugs","floor":13,"turns":5},{"damage":6,"enemies":"Large Slime","floor":14,"turns":7},{"damage":38,"enemies":"Hexaghost","floor":16,"turns":9},{"damage":2,"enemies":"Shell Parasite","floor":18,"turns":5},{"damage":34,"enemies":"Spheric Guardian","floor":20,"turns":7},{"damage":1,"enemies":"Centurion and Healer","floor":22,"turns":6},{"damage":25,"enemies":"3 Cultists","floor":24,"turns":4},{"damage":1,"enemies":"Cultist and Chosen","floor":29,"turns":5},{"damage":2,"enemies":"Snake Plant","floor":31,"turns":4},{"damage":26,"enemies":"Automaton","floor":33,"turns":10},{"damage":4,"enemies":"3 Darklings","floor":35,"turns":5},{"damage":2,"enemies":"Mind Bloom Boss Battle","floor":36,"turns":5},{"damage":0,"enemies":"3 Shapes","floor":37,"turns":4},{"damage":9,"enemies":"Spire Growth","floor":38,"turns":4},{"damage":0,"enemies":"Writhing Mass","floor":45,"turns":6},{"damage":0,"enemies":"4 Shapes","floor":48,"turns":3},{"damage":25,"enemies":"Donu and Deca","floor":50,"turns":10}],"seed_played":"-8174319528637165014","potions_obtained":[{"floor":3,"key":"SneckoOil"},{"floor":11,"key":"SpeedPotion"},{"floor":12,"key":"Regen Potion"},{"floor":16,"key":"PowerPotion"},{"floor":22,"key":"BlessingOfTheForge"},{"floor":24,"key":"Dexterity Potion"},{"floor":29,"key":"PowerPotion"},{"floor":33,"key":"Fire Potion"},{"floor":37,"key":"DistilledChaos"},{"floor":38,"key":"CunningPotion"},{"floor":45,"key":"BlessingOfTheForge"},{"floor":48,"key":"DistilledChaos"}],"is_trial":false,"path_per_floor":["M","?","M","?","M","R","M","R","T","R","M","M","M","M","R","B",null,"M","$","M","?","M","R","M","R","T","R","$","M","?","M","R","B",null,"M","?","M","M","?","R","?","R","T","?","M","$","R","M","R","B",null],"character_chosen":"THE_SILENT","items_purchased":["Catalyst+1","Bronze Scales","Lantern"],"campfire_rested":5,"item_purchase_floors":[19,19,28],"current_hp_per_floor":[76,76,76,76,65,65,64,64,64,64,64,54,60,54,77,39,77,75,75,41,29,28,51,26,49,49,61,61,60,60,58,77,51,77,73,71,71,62,62,77,73,73,73,73,73,73,73,73,73,48],"gold":29,"neow_bonus":"TEN_PERCENT_HP_BONUS","is_daily":false,"chose_seed":false,"campfire_upgraded":6,"win_rate":0.0,"timestamp":1610786118,"path_taken":["M","?","?","?","M","R","M","R","T","R","M","?","M","M","R","BOSS","M","$","M","?","M","R","M","R","T","R","?","M","?","M","R","BOSS","M","?","M","M","?","R","?","R","T","?","M","$","R","M","R","BOSS"],"items_purchased_type":["Card","Relic","Relic"],"build_version":"2020-12-22","purchased_purges":1,"victory":true,"max_hp_per_floor":[77,77,77,77,77,77,77,77,77,77,77,77,77,77,77,77,77,77,77,77,77,77,77,77,77,77,77,77,77,77,77,77,77,77,77,77,77,77,77,77,73,73,73,73,73,73,73,73,73,73],"card_choices":[{"not_picked":["Slice","PiercingWail","Quick Slash"],"picked":"SKIP","floor":1},{"not_picked":["Flying Knee","Accuracy"],"picked":"Deadly Poison","floor":3},{"not_picked":["Choke","Deflect+1"],"picked":"Burst+1","floor":5},{"not_picked":["Riddle With Holes","Flying Knee"],"picked":"All Out Attack","floor":7},{"not_picked":["Escape Plan+1","Outmaneuver+1"],"picked":"Catalyst+1","floor":11},{"not_picked":["Blade Dance+1","Heel Hook"],"picked":"Leg Sweep+1","floor":12},{"not_picked":["Cloak And Dagger+1","Outmaneuver+1"],"picked":"Escape Plan+1","floor":13},{"not_picked":["Dagger Throw","Concentrate+1","Prepared+1"],"picked":"SKIP","floor":14},{"not_picked":["Burst+1","Glass Knife"],"picked":"A Thousand Cuts","floor":16},{"not_picked":["Blade Dance+1","Concentrate+1"],"picked":"Outmaneuver+1","floor":18},{"not_picked":["Cloak And Dagger+1","Skewer+1"],"picked":"Deadly Poison+1","floor":20},{"not_picked":["Flying Knee+1","Caltrops+1","Outmaneuver+1"],"picked":"SKIP","floor":22},{"not_picked":["Distraction+1","Finisher"],"picked":"Backflip+1","floor":24},{"not_picked":["Deadly Poison+1","Flying Knee+1"],"picked":"Dodge and Roll+1","floor":29},{"not_picked":["Predator","Dodge and Roll+1","Sucker Punch+1"],"picked":"SKIP","floor":31},{"not_picked":["Grand Finale","Glass Knife"],"picked":"After Image","floor":33},{"not_picked":[],"picked":"Bane","floor":35},{"not_picked":["Blade Dance+1"],"picked":"SKIP","floor":37},{"not_picked":["PiercingWail+1"],"picked":"SKIP","floor":38},{"not_picked":["Outmaneuver+1"],"picked":"SKIP","floor":45},{"not_picked":["Cloak And Dagger+1"],"picked":"SKIP","floor":48}],"player_experience":90120,"relics_obtained":[{"floor":4,"key":"Toxic Egg 2"},{"floor":9,"key":"Ornamental Fan"},{"floor":26,"key":"Eternal Feather"},{"floor":36,"key":"Unceasing Top"},{"floor":43,"key":"Letter Opener"}],"event_choices":[{"damage_healed":0,"gold_gain":0,"player_choice":"Upgraded","damage_taken":0,"max_hp_gain":0,"max_hp_loss":0,"event_name":"Upgrade Shrine","floor":2,"gold_loss":0,"cards_upgraded":["Survivor"]},{"damage_healed":0,"gold_gain":0,"player_choice":"Relic","damage_taken":0,"max_hp_gain":0,"max_hp_loss":0,"event_name":"Wheel of Change","floor":4,"gold_loss":0},{"damage_healed":0,"gold_gain":90,"player_choice":"GOLD ","damage_taken":12,"max_hp_gain":0,"max_hp_loss":0,"event_name":"Knowing Skull","floor":21,"potions_obtained":[],"gold_loss":0,"cards_obtained":[]},{"damage_healed":0,"gold_gain":0,"player_choice":"Simplicity","damage_taken":0,"max_hp_gain":0,"max_hp_loss":0,"event_name":"Back to Basics","floor":30,"gold_loss":0,"cards_upgraded":["Strike_G","Strike_G","Strike_G","Strike_G","Defend_G","Defend_G","Defend_G","Defend_G","Defend_G"]},{"damage_healed":0,"gold_gain":0,"player_choice":"Fight","damage_taken":0,"max_hp_gain":0,"max_hp_loss":0,"event_name":"MindBloom","floor":36,"gold_loss":0},{"damage_healed":0,"gold_gain":0,"player_choice":"Ignored","damage_taken":0,"max_hp_gain":0,"max_hp_loss":0,"event_name":"Mysterious Sphere","floor":39,"gold_loss":0},{"damage_healed":0,"gold_gain":0,"player_choice":"Max HP","damage_taken":0,"max_hp_gain":0,"max_hp_loss":4,"event_name":"Winding Halls","floor":41,"gold_loss":0},{"damage_healed":0,"gold_gain":0,"player_choice":"Paid","damage_taken":0,"relics_obtained":["Red Mask"],"max_hp_gain":0,"max_hp_loss":0,"event_name":"Tomb of Lord Red Mask","floor":44,"gold_loss":232}],"is_beta":false,"boss_relics":[{"not_picked":["SlaversCollar","Philosopher\u0027s Stone"],"picked":"Ring of the Serpent"},{"not_picked":["Tiny House","Cursed Key"],"picked":"Busted Crown"}],"items_purged_floors":[28],"is_endless":false,"potions_floor_spawned":[3,11,12,16,22,24,29,33,37,38,45,48],"ascension_level":4}}