{"host":"agbyy69nq62afhwx","time":1610800681,"event":{"mods":["BaseMod","Colored Map","DeckTracker","Highlight Path","Keyboard Shortcuts","Minty Spire (QoL Compilation)","Quick Restart","StSLib","SuperFastMode","everything is the same but u backflip on backflip"],"gold_per_floor":[112,125,144,161,180,180,180,180,235,31,31,48,48,68,68,144,144,158,172,189,189,208,208,208],"floor_reached":23,"language":"KOR","playtime":931,"items_purged":[],"score":355,"play_id":"d7359e1f-14bb-41fe-8627-7f3138052a34","local_time":"20210116213801","is_ascension_mode":true,"campfire_choices":[{"data":"Bouncing Flask","floor":6.0,"key":"SMITH"},{"data":"Acrobatics","floor":8.0,"key":"SMITH"},{"data":"Calculated Gamble","floor":15.0,"key":"SMITH"}],"circlet_count":0,"master_deck":["AscendersBane","Strike_G","Strike_G","Defend_G","Defend_G","Defend_G","Defend_G","Survivor","Neutralize","Dagger Spray","Backflip","Acrobatics+1","Eviscerate","Bouncing Flask+1","Calculated Gamble+1","After Image","Backflip","Ghostly","Ghostly","Ghostly"],"relics":["Ring of the Snake","Sundial","MealTicket","Medical Kit","SlaversCollar"],"acts_visited":["Exordium","TheCity"],"potions_floor_usage":[23],"damage_taken":[{"damage":0.0,"enemies":"Jaw Worm","floor":1.0,"turns":4.0},{"damage":4.0,"enemies":"Small Slimes","floor":2.0,"turns":3.0},{"damage":0.0,"enemies":"Cultist","floor":3.0,"turns":3.0},{"damage":4.0,"enemies":"Blue Slaver","floor":4.0,"turns":9.0},{"damage":11.0,"enemies":"Large Slime","floor":5.0,"turns":7.0},{"damage":5.0,"enemies":"3 Louse","floor":12.0,"turns":4.0},{"damage":0.0,"enemies":"Exordium Wildlife","floor":14.0,"turns":2.0},{"damage":4.0,"enemies":"Hexaghost","floor":16.0,"turns":6.0},{"damage":5.0,"enemies":"Shell Parasite","floor":18.0,"turns":9.0},{"damage":7.0,"enemies":"Chosen","floor":19.0,"turns":4.0},{"damage":16.0,"enemies":"Centurion and Healer","floor":20.0,"turns":13.0},{"damage":9.0,"enemies":"Snake Plant","floor":22.0,"turns":6.0},{"damage":26,"enemies":"Gremlin Leader","floor":23,"turns":6}],"seed_played":"-7345344317431971215","potions_obtained":[{"floor":3.0,"key":"Ancient Potion"},{"floor":5.0,"key":"Fire Potion"},{"floor":16.0,"key":"LiquidMemories"}],"is_trial":false,"path_per_floor":["M","M","M","M","M","R","?","R","T","$","?","M","?","M","R","B",null,"M","M","M","?","M","E"],"character_chosen":"THE_SILENT","items_purchased":["Medical Kit","Calculated Gamble"],"campfire_rested":0,"item_purchase_floors":[10,10],"current_hp_per_floor":[59,55,55,51,40,40,29,29,29,44,44,39,39,39,39,35,54,49,42,26,26,17,0,0],"gold":208,"neow_bonus":"REMOVE_TWO","is_daily":false,"chose_seed":false,"campfire_upgraded":3,"win_rate":0.0,"timestamp":1610800681,"path_taken":["M","M","M","M","M","R","?","R","T","$","?","?","?","M","R","BOSS","M","M","M","?","M","E"],"items_purchased_type":["Relic","Card"],"build_version":"2020-12-22","purchased_purges":0,"victory":false,"max_hp_per_floor":[60,60,60,60,60,60,60,60,60,60,60,60,60,60,60,60,60,60,60,60,30,30,30,30],"card_choices":[{"not_picked":["Sucker Punch","Blur"],"picked":"Dagger Spray","floor":1.0},{"not_picked":["Expertise","Footwork"],"picked":"Backflip","floor":2.0},{"not_picked":["Concentrate","Deadly Poison"],"picked":"Acrobatics","floor":3.0},{"not_picked":["Dagger Throw","Quick Slash"],"picked":"Eviscerate","floor":4.0},{"not_picked":["Quick Slash","Cloak And Dagger"],"picked":"Bouncing Flask","floor":5.0},{"not_picked":["Quick Slash","Acrobatics","Bouncing Flask"],"picked":"SKIP","floor":12.0},{"not_picked":["Backstab","Expertise","Sucker Punch"],"picked":"SKIP","floor":14.0},{"not_picked":["Doppelganger","Burst"],"picked":"After Image","floor":16.0},{"not_picked":["Slice","Bane"],"picked":"Backflip","floor":18.0},{"not_picked":["Quick Slash","Terror","Deadly Poison"],"picked":"SKIP","floor":19.0},{"not_picked":["Acrobatics","All Out Attack","Endless Agony"],"picked":"SKIP","floor":20.0},{"not_picked":["Acrobatics","Backstab","Cloak And Dagger"],"picked":"SKIP","floor":22.0}],"player_experience":407296,"relics_obtained":[{"floor":9.0,"key":"MealTicket"}],"event_choices":[{"damage_healed":0.0,"max_hp_gain":0.0,"max_hp_loss":0.0,"gold_gain":0.0,"event_name":"Scrap Ooze","player_choice":"Success","floor":7.0,"gold_loss":0.0,"damage_taken":11.0,"relics_obtained":["Sundial"]},{"cards_removed":["Strike_G"],"damage_healed":0.0,"max_hp_gain":0.0,"max_hp_loss":0.0,"gold_gain":0.0,"event_name":"Bonfire Elementals","player_choice":"Offered Basic","floor":11.0,"gold_loss":0.0,"damage_taken":0.0},{"cards_removed":["Strike_G"],"damage_healed":0.0,"max_hp_gain":0.0,"max_hp_loss":0.0,"gold_gain":0.0,"event_name":"Living Wall","player_choice":"Forget","floor":13.0,"gold_loss":0.0,"damage_taken":0.0},{"damage_healed":0.0,"max_hp_gain":0.0,"max_hp_loss":30.0,"gold_gain":0.0,"event_name":"Ghosts","player_choice":"Became a Ghost","floor":21.0,"gold_loss":0.0,"damage_taken":0.0,"cards_obtained":["Ghostly","Ghostly","Ghostly"]}],"is_beta":false,"boss_relics":[{"not_picked":["Snecko Eye","WristBlade"],"picked":"SlaversCollar"}],"items_purged_floors":[],"is_endless":false,"potions_floor_spawned":[3,5,16,20,22],"killed_by":"Gremlin Leader","ascension_level":18}}