{"host":"agbyy69nq62afhwx","time":1610803903,"event":{"mods":["BaseMod","Colored Map","DeckTracker","Highlight Path","Keyboard Shortcuts","Minty Spire (QoL Compilation)","Quick Restart","StSLib","SuperFastMode","everything is the same but u backflip on backflip"],"gold_per_floor":[17,17,32,49,67,67,102,116,116,116,116],"floor_reached":10,"language":"KOR","playtime":365,"items_purged":[],"score":95,"play_id":"93a12990-6ec6-4243-8f14-2ba98cc742b5","local_time":"20210116223143","is_ascension_mode":true,"campfire_choices":[{"data":"Eruption","floor":6.0,"key":"SMITH"}],"circlet_count":0,"master_deck":["Strike_P","Strike_P","Strike_P","Defend_P","Defend_P","Defend_P","Defend_P","Eruption+1","Vigilance","Master of Strategy","Prostrate","Halt","Worship","Vault"],"relics":["PureWater","InkBottle","Shovel"],"acts_visited":["Exordium"],"potions_floor_usage":[],"damage_taken":[{"damage":2.0,"enemies":"Jaw Worm","floor":1.0,"turns":3.0},{"damage":0.0,"enemies":"Cultist","floor":3.0,"turns":3.0},{"damage":0.0,"enemies":"Small Slimes","floor":4.0,"turns":3.0},{"damage":0.0,"enemies":"Blue Slaver","floor":5.0,"turns":7.0},{"damage":3.0,"enemies":"Lagavulin","floor":7.0,"turns":5.0},{"damage":23.0,"enemies":"Gremlin Gang","floor":8.0,"turns":12.0},{"damage":28,"enemies":"Gremlin Nob","floor":10,"turns":5}],"seed_played":"773669283418806579","potions_obtained":[{"floor":3.0,"key":"LiquidMemories"}],"is_trial":false,"path_per_floor":["M","?","M","M","M","R","E","M","T","E"],"character_chosen":"WATCHER","items_purchased":[],"campfire_rested":0,"item_purchase_floors":[],"current_hp_per_floor":[63,63,63,63,63,63,60,37,37,9,9],"gold":116,"neow_bonus":"RANDOM_COLORLESS_2","is_daily":false,"chose_seed":false,"campfire_upgraded":1,"win_rate":0.0,"timestamp":1610803903,"path_taken":["M","?","M","M","?","R","E","M","T","E"],"items_purchased_type":[],"build_version":"2020-12-22","purchased_purges":0,"victory":false,"max_hp_per_floor":[72,72,72,72,72,72,72,72,72,72,72],"card_choices":[{"not_picked":["Sadistic Nature","Secret Technique"],"picked":"Master of Strategy","floor":0.0},{"not_picked":["PathToVictory","EmptyFist"],"picked":"Prostrate","floor":1.0},{"not_picked":["Pray","Protect"],"picked":"Halt","floor":3.0},{"not_picked":["CarveReality","ThirdEye","FlyingSleeves"],"picked":"SKIP","floor":4.0},{"not_picked":["Consecrate","WaveOfTheHand"],"picked":"Worship","floor":5.0},{"not_picked":["Wallop","Worship"],"picked":"Vault","floor":7.0},{"not_picked":["FlyingSleeves","JustLucky","ThirdEye"],"picked":"SKIP","floor":8.0}],"player_experience":410063,"relics_obtained":[{"floor":7.0,"key":"InkBottle"},{"floor":9.0,"key":"Shovel"}],"event_choices":[{"cards_removed":["Strike_P"],"damage_healed":0.0,"max_hp_gain":0.0,"max_hp_loss":0.0,"gold_gain":0.0,"event_name":"Bonfire Elementals","player_choice":"Offered Basic","floor":2.0,"gold_loss":0.0,"damage_taken":0.0}],"is_beta":false,"boss_relics":[],"items_purged_floors":[],"is_endless":false,"potions_floor_spawned":[3],"killed_by":"Gremlin Nob","ascension_level":7}}