{"host":"56d873i5r3uhle0q","time":1610780295,"event":{"mods":["100% Spire Juice","Act Like it!","Aspiration","BaseMod","Block Reminder","Conspire","Gensokyo","Hermit","Jedi Mod","Marisa????????","Marked Mod","Minty Spire (QoL Compilation)","Replay The Spire","StSLib","The Animator","The Bug Knight","The Cursed","The Jungle","The Marked","The Servant 0.9.4","everything is the same but u backflip on backflip","vexMod","??????REMEMod"],"gold_per_floor":[112,112,131,131,131,131,149,165,165,165,189,205,205,158,169,180,180,180,180],"floor_reached":18,"language":"ENG","playtime":747,"items_purged":[],"score":104,"play_id":"bcb6c235-acf7-47ac-8e30-409254036c5c","local_time":"20210115235815","is_ascension_mode":false,"campfire_choices":[{"data":"FloweringNight","floor":6,"key":"SMITH"},{"data":"ReplayTheSpireMod:Speed Training","floor":13,"key":"SMITH"},{"floor":17,"key":"REST"}],"circlet_count":0,"master_deck":["Strike_G","Strike_G","Strike_G","Strike_G","Defend_G","Defend_G","Defend_G","Defend_G","Defend_G","Neutralize","conspire:DoublingDagger","Fluid Movement","ReplayTheSpireMod:Speed Training+1","FloweringNight+1","Caltrops","Flechettes"],"relics":["Ring of the Snake","REME_ComplimentaryCards","Gensokyo:Justice","Replay:Wax Seal","conspire:TopHat"],"acts_visited":["Gensokyo:Gensokyo"],"potions_floor_usage":[],"damage_taken":[{"damage":4.0,"enemies":"Gensokyo:3_Fairies","floor":1.0,"turns":4.0},{"damage":3.0,"enemies":"Gensokyo:2_Kodama","floor":3.0,"turns":4.0},{"damage":5,"enemies":"Gensokyo:Python","floor":7,"turns":4},{"damage":7,"enemies":"Gensokyo:LivingMonolith","floor":8,"turns":4},{"damage":8,"enemies":"Gensokyo:3_Kodama","floor":12,"turns":7},{"damage":8,"enemies":"Gensokyo:Gryphon_and_Rabbit","floor":15,"turns":7},{"damage":6,"enemies":"Gensokyo:2_Rabbits","floor":16,"turns":6},{"damage":91,"enemies":"Gensokyo:Kokoro","floor":18,"turns":14}],"seed_played":"7197316276424969566","potions_obtained":[{"floor":12,"key":"Poison Potion"},{"floor":15,"key":"FairyPotion"},{"floor":16,"key":"BlessingOfTheForge"}],"is_trial":false,"path_per_floor":["M","?","M","?","?","R","M","M","PTL","PTL","T","M","R","COS","M","M","R","B"],"character_chosen":"THE_SILENT","items_purchased":[],"campfire_rested":1,"item_purchase_floors":[],"current_hp_per_floor":[66,66,63,63,70,70,65,58,58,58,58,50,50,50,42,36,57,0,0],"gold":180,"neow_bonus":"TRANSFORM_CARD","is_daily":false,"chose_seed":false,"campfire_upgraded":2,"win_rate":0.0,"timestamp":1610780295,"path_taken":["M","?","?","?","?","R","M","?","PTL","PTL","T","M","R","COS","M","M","R","BOSS"],"items_purchased_type":[],"build_version":"2020-12-22","purchased_purges":0,"victory":false,"max_hp_per_floor":[70,70,70,70,70,70,70,70,70,70,70,70,70,70,70,70,70,70,70],"card_choices":[{"not_picked":["Deadly Poison","Flying Knee","Flechettes"],"picked":"SKIP","floor":1.0},{"not_picked":["Caltrops","Acrobatics"],"picked":"Fluid Movement","floor":3.0},{"not_picked":["jedi:poisonivy","jedi:pocketpoison"],"picked":"ReplayTheSpireMod:Speed Training","floor":4.0},{"not_picked":["Leg Sweep","Blur"],"picked":"Caltrops","floor":7},{"not_picked":["Hidden Blade","Heel Hook","Dagger Throw"],"picked":"SKIP","floor":8},{"not_picked":["Deadly Poison","jedi:collectorvenom"],"picked":"Flechettes","floor":12},{"not_picked":["Flying Knee","Bane","Sucker Punch"],"picked":"SKIP","floor":15},{"not_picked":["Well Laid Plans","Backflip","jedi:collectorvenom"],"picked":"SKIP","floor":16}],"player_experience":534365,"relics_obtained":[{"floor":11,"key":"Replay:Wax Seal"}],"event_choices":[],"is_beta":false,"boss_relics":[],"items_purged_floors":[],"is_endless":false,"potions_floor_spawned":[12,15,16],"killed_by":"Gensokyo:Kokoro","ascension_level":0}}