{"host":"utcbn1j9ebmpc40m","time":1610826689,"event":{"mods":["BaseMod","Better Altar","Better Match","GifTheSpireLib","Minty Spire (QoL Compilation)","Poor People Problems","StSLib","SuperFastMode","The IronCluck","The Servant 0.9.4"],"gold_per_floor":[118,40,40,52,69,102,102,136,136,136,136,136,13,13,13,108,108,128,140,14,31,31,31],"floor_reached":22,"language":"ENG","playtime":477,"items_purged":[],"score":250,"play_id":"745600e8-c3ca-468e-86e3-64d0066b6350","local_time":"20210116145129","is_ascension_mode":true,"campfire_choices":[{"floor":7,"key":"REST"},{"data":"Self Repair","floor":12,"key":"SMITH"},{"data":"Cold Snap","floor":15,"key":"SMITH"}],"circlet_count":0,"master_deck":["Strike_B","Strike_B","Strike_B","Strike_B","Defend_B","Defend_B+1","Defend_B","Zap","Dualcast+1","Coolheaded","Self Repair+1","Capacitor","Steam","Ball Lightning","Chill+1","Cold Snap+1","Seek+1","Sunder+1","Coolheaded+1","Defragment","Self Repair","Darkness+1"],"relics":["Cracked Core","NeowsBlessing","War Paint","Shuriken","Boot","Blue Candle","Toxic Egg 2","The Courier","Snecko Eye"],"acts_visited":["Exordium","TheCity"],"potions_floor_usage":[8,8],"damage_taken":[{"damage":0,"enemies":"Jaw Worm","floor":1,"turns":1},{"damage":0,"enemies":"Cultist","floor":4,"turns":1},{"damage":0,"enemies":"2 Louse","floor":5,"turns":1},{"damage":36,"enemies":"Gremlin Nob","floor":6,"turns":5},{"damage":4,"enemies":"Lagavulin","floor":8,"turns":5},{"damage":46,"enemies":"The Guardian","floor":16,"turns":13},{"damage":41,"enemies":"3 Byrds","floor":18,"turns":7},{"damage":19,"enemies":"Chosen","floor":19,"turns":5},{"damage":7,"enemies":"Sentry and Sphere","floor":21,"turns":4},{"damage":28,"enemies":"Snake Plant","floor":22,"turns":3}],"seed_played":"-6555948522603792266","potions_obtained":[{"floor":4,"key":"AttackPotion"},{"floor":6,"key":"EssenceOfSteel"},{"floor":18,"key":"Dexterity Potion"},{"floor":21,"key":"PotionOfCapacity"}],"is_trial":false,"path_per_floor":["M","$","?","M","M","E","R","E","T","?","T","R","$","?","R","B",null,"M","M","$","M","M"],"character_chosen":"DEFECT","items_purchased":["Self Repair","Chill+1","Cold Snap","Defragment","Self Repair"],"campfire_rested":1,"item_purchase_floors":[2,13,13,20,20],"current_hp_per_floor":[68,68,68,68,68,39,61,64,64,61,61,61,61,61,61,25,63,32,23,23,26,0,0],"gold":31,"neow_bonus":"THREE_ENEMY_KILL","is_daily":false,"chose_seed":false,"campfire_upgraded":2,"win_rate":0.0,"timestamp":1610826689,"path_taken":["M","$","?","M","?","E","R","E","T","?","?","R","$","?","R","BOSS","M","?","$","M","M"],"items_purchased_type":["Card","Card","Card","Card","Card"],"build_version":"2020-12-22","purchased_purges":0,"victory":false,"max_hp_per_floor":[75,75,75,75,75,75,75,75,75,75,75,75,75,75,75,75,75,75,75,75,75,75,75],"card_choices":[{"not_picked":["Gash","Go for the Eyes"],"picked":"Coolheaded","floor":1},{"not_picked":["Thunder Strike","Gash"],"picked":"Sweeping Beam","floor":4},{"not_picked":["Redo","Fusion"],"picked":"Capacitor","floor":5},{"not_picked":["Gash","Sweeping Beam"],"picked":"Steam","floor":6},{"not_picked":["Hologram","Compile Driver"],"picked":"Ball Lightning","floor":8},{"not_picked":["Core Surge","Biased Cognition"],"picked":"Seek+1","floor":16},{"not_picked":["Cold Snap+1","Undo+1"],"picked":"Sunder+1","floor":18},{"not_picked":["Beam Cell","Chill+1"],"picked":"Coolheaded+1","floor":19},{"not_picked":["Leap+1","Coolheaded+1"],"picked":"Darkness+1","floor":21}],"player_experience":497550,"relics_obtained":[{"floor":6,"key":"War Paint"},{"floor":8,"key":"Shuriken"},{"floor":9,"key":"Boot"},{"floor":11,"key":"Toxic Egg 2"}],"event_choices":[{"cards_removed":["Defend_B"],"damage_healed":0,"gold_gain":0,"player_choice":"Offered Basic","damage_taken":0,"max_hp_gain":0,"max_hp_loss":0,"event_name":"Bonfire Elementals","floor":3,"gold_loss":0},{"damage_healed":0,"gold_gain":0,"player_choice":"Success","damage_taken":3,"relics_obtained":["Blue Candle"],"max_hp_gain":0,"max_hp_loss":0,"event_name":"Scrap Ooze","floor":10,"gold_loss":0},{"cards_removed":["Sweeping Beam"],"damage_healed":0,"gold_gain":0,"player_choice":"Gave Card","damage_taken":0,"relics_obtained":["The Courier"],"max_hp_gain":0,"max_hp_loss":0,"event_name":"WeMeetAgain","floor":14,"gold_loss":0}],"is_beta":false,"boss_relics":[{"not_picked":["Cursed Key","Ectoplasm"],"picked":"Snecko Eye"}],"items_purged_floors":[],"is_endless":false,"potions_floor_spawned":[4,6,18,21],"killed_by":"Snake Plant","ascension_level":6}}