{"host":"gsscz6k9fq2x5v2h","time":1610823481,"event":{"mods":["100% Spire Juice","AchievementEnabler","BaseMod","Better Note","Better Skull","Better Synergies","Better Third Choice","Better Vampires","Block Reminder","Colored Map","Colored Powertips","Dark Map","Friendly Minions","Minty Spire (QoL Compilation)","Permanent Neow","Quick Restart","Replay The Spire","Retaliation","Shop Mod","Spicy Shops","Spikes Relics","StSLib","SuperFastMode","TestMod","vexMod","??????REMEMod","????"],"gold_per_floor":[114,114,129,129,54,54,93,93,118,157,196,205,229,268,346,455,555,579,603,603,428,28,67,106,106,156,156,1155,1130,669,669,669,778,778,802,826,841,1858,1867,1906,1956,822,822,903,942,942,165,0,9,9],"floor_reached":51,"language":"FRA","playtime":2335,"items_purged":["Strike_B","Doubt","Normality","Normality","Sickly"],"score":1211,"play_id":"ff47aad1-6e7b-4835-98d7-c8c277d7e88f","local_time":"20210116195801","daily_mods":["Allstar","Flight","Night Terrors"],"is_ascension_mode":false,"campfire_choices":[{"data":"Zap","floor":6,"key":"SMITH"},{"floor":27,"key":"REST"},{"data":"Coolheaded","floor":32,"key":"SMITH"}],"circlet_count":0,"master_deck":["Strike_B","Strike_B","Strike_B+1","Defend_B","Defend_B","Defend_B","Zap+1","Dualcast+1","Mirror Shield+1","testmod-DeathImprint","ReplayTheSpireMod:Private Reserves","testmod-Arrangement","testmod-SunMoon+1","Dramatic Entrance","Go for the Eyes","Amplify+1","Streamline","Compile Driver","Chill","Coolheaded+1","Zap","Gash","Barrage","ReplayRNGCard+1","Stack+1","Panic Button","Crystallizer","FIFO Queue","Rebound+1","Gash","Echo Form","Gash+1","Redo+1","FIFO Queue","Discovery","ReplayTheSpireMod:Splinters","testmod-Reproduce","DiskWipe+1","BasicCrystalCard+1","testmod-Dream","Panacea"],"relics":["Cracked Core","testmod-TestBox","REME_ComplimentaryCards","testmod-Fortitude","CeramicFish","testmod-OneHitWonder","REME_HourglassOfDeath","Ancient Tea Set","Oddly Smooth Stone","SpikesRelics:DaevaFist","Blue Candle","Anchor","Replay:Baseball","Bronze Scales","Cables","REME_LowDesire","Centennial Puzzle","vexMod:MemoryStick","Ring of Shattering","Ring of Misfortune","Thread and Needle","testmod-TurbochargingSystem","testmod-Register","Iron Hammer","ReplayTheSpireMod:Ninjato","MerchantsRug","Blood Vial","Shuriken","Singing Bowl","Incense Burner","Lantern","Dead Branch","Torii","Red Mask"],"acts_visited":["Exordium","TheCity","TheBeyond"],"potions_floor_usage":[16,16,33,37,50,50,50],"damage_taken":[{"damage":0,"enemies":"2 Louse","floor":1,"turns":2},{"damage":0,"enemies":"Small Slimes","floor":3,"turns":2},{"damage":12,"enemies":"Gremlin Nob","floor":7,"turns":3},{"damage":9,"enemies":"Lagavulin","floor":10,"turns":5},{"damage":9,"enemies":"Replay:BlueRogue","floor":11,"turns":3},{"damage":0,"enemies":"Jaw Worm","floor":13,"turns":1},{"damage":0,"enemies":"3 Sentries","floor":14,"turns":2},{"damage":3,"enemies":"Slime Boss","floor":16,"turns":6},{"damage":20,"enemies":"2 Thieves","floor":18,"turns":3},{"damage":0,"enemies":"3 Byrds","floor":19,"turns":2},{"damage":35,"enemies":"Book of Stabbing","floor":23,"turns":5},{"damage":25,"enemies":"Replay:Snechameleon","floor":24,"turns":6},{"damage":20,"enemies":"Pondfish","floor":33,"turns":6},{"damage":12,"enemies":"3 Darklings","floor":35,"turns":3},{"damage":0,"enemies":"Orb Walker","floor":36,"turns":2},{"damage":18,"enemies":"Spire Growth","floor":37,"turns":4},{"damage":0,"enemies":"Giant Head","floor":40,"turns":6},{"damage":0,"enemies":"R_Hoarder","floor":45,"turns":5},{"damage":26,"enemies":"Awakened One","floor":50,"turns":8}],"seed_played":"2700428786693623746","potions_obtained":[{"floor":3,"key":"BlessingOfTheForge"},{"floor":10,"key":"Reflective Coating"},{"floor":11,"key":"Venom Potion"},{"floor":16,"key":"DuplicationPotion"},{"floor":24,"key":"Toxic Potion"},{"floor":33,"key":"DistilledChaos"},{"floor":36,"key":"LifebloodPotion"},{"floor":37,"key":"Adrenaline Potion"}],"is_trial":false,"path_per_floor":["M","?","M","?","$","R","E","?","T","E","E","?","M","E","R_BF","B",null,"M","M","?","$","$","E","E","?","T","R","?","?","$","?","R","B",null,"M","M","M","?","?","E","T","$","T","?","E","T","$","?","R_BF","B",null],"character_chosen":"DEFECT","items_purchased":["MealTicket","Crystallizer","SpikesRelics:DaevaFist","Blue Candle","Bronze Scales","Guide Book","Gash","Cables","testmod-Register","Iron Hammer","ReplayTheSpireMod:Ninjato","Discovery","MerchantsRug","Blood Vial","Dead Branch","Torii","testmod-Dream"],"campfire_rested":1,"item_purchase_floors":[21,21,22,22,30,30,30,30,42,42,42,42,42,42,47,47,47],"current_hp_per_floor":[75,75,75,60,60,60,48,48,48,39,30,30,30,30,30,27,75,55,55,55,55,70,45,20,20,20,80,80,80,80,80,80,60,80,68,68,50,50,50,50,50,65,65,65,67,67,80,80,80,54],"gold":9,"neow_bonus":"","is_daily":true,"chose_seed":false,"campfire_upgraded":2,"win_rate":0.0,"timestamp":1610823481,"path_taken":["M","?","M","?","?","R","E","?","T","E","E","?","?","E","R_BF","BOSS","M","M","?","$","$","E","E","?","T","R","?","?","$","?","R","BOSS","M","M","?","?","?","E","?","$","T","?","E","?","$","?","R_BF","BOSS"],"items_purchased_type":["Relic","Card","Relic","Relic","Relic","Relic","Card","Relic","Relic","Relic","Relic","Card","Relic","Relic","Relic","Relic","Card"],"build_version":"2020-12-22","purchased_purges":5,"victory":true,"max_hp_per_floor":[75,75,75,75,75,75,75,75,75,75,75,75,75,75,75,75,75,75,75,75,75,75,85,85,85,85,80,80,80,80,80,80,80,80,80,80,80,80,80,80,80,80,80,80,80,80,80,80,80,80],"card_choices":[{"not_picked":["Leap","REME_Whirling"],"picked":"Go for the Eyes","floor":1},{"not_picked":["Go for the Eyes","Steam"],"picked":"Streamline","floor":3},{"not_picked":["Hyperbeam","Cold Snap"],"picked":"Compile Driver","floor":7},{"not_picked":["Compile Driver","DiskWipe"],"picked":"Chill","floor":10},{"not_picked":["Lockon","Static Discharge"],"picked":"Coolheaded","floor":11},{"not_picked":["Beam Cell","Compile Driver"],"picked":"Gash","floor":13},{"not_picked":["REME_Compress","Go for the Eyes"],"picked":"Barrage","floor":14},{"not_picked":["Thunder Strike","Amplify"],"picked":"ReplayRNGCard","floor":16},{"not_picked":["Redo","REME_Whirling"],"picked":"Stack+1","floor":18},{"not_picked":["Redo","REME_Whirling"],"picked":"Panic Button","floor":19},{"not_picked":["Compile Driver+1","ReplayRNGCard"],"picked":"FIFO Queue","floor":23},{"not_picked":["ReplaySolidLightProjector","Coolheaded"],"picked":"Rebound+1","floor":24},{"not_picked":["ReplayTheSpireMod:Fabricate Wheel","Buffer"],"picked":"Echo Form","floor":33},{"not_picked":["BasicCrystalCard+1","ReplayTheSpireMod:Reroute Power+1","Secret Weapon"],"picked":"Gash+1","floor":35},{"not_picked":["Force Field+1","Panic Button","testmod-Collector+1"],"picked":"Redo+1","floor":36},{"not_picked":["Rebound","Turbo+1","Steam","testmod-Mystery+1"],"picked":"SKIP","floor":37},{"not_picked":["Rip and Tear","Compile Driver","testmod-SelfRegulatingSystem"],"picked":"FIFO Queue","floor":40},{"not_picked":["Self Repair","Panic Button","Leap+1"],"picked":"testmod-Reproduce","floor":44},{"not_picked":["Self Repair","Leap","testmod-TradeIn"],"picked":"DiskWipe+1","floor":44},{"not_picked":["ReplayGash+1","Streamline","vexMod:StairwayStrike"],"picked":"BasicCrystalCard+1","floor":45},{"not_picked":["REME_HeartOfCthun","REME_MawOfCthun"],"picked":"Panacea","floor":49}],"player_experience":1546015,"relics_obtained":[{"floor":7,"key":"CeramicFish"},{"floor":9,"key":"testmod-OneHitWonder"},{"floor":10,"key":"REME_HourglassOfDeath"},{"floor":11,"key":"Ancient Tea Set"},{"floor":14,"key":"Oddly Smooth Stone"},{"floor":23,"key":"Pear"},{"floor":24,"key":"Anchor"},{"floor":26,"key":"Replay:Baseball"},{"floor":34,"key":"Centennial Puzzle"},{"floor":34,"key":"vexMod:MemoryStick"},{"floor":39,"key":"Ring of Shattering"},{"floor":39,"key":"Ring of Misfortune"},{"floor":40,"key":"Thread and Needle"},{"floor":41,"key":"testmod-TurbochargingSystem"},{"floor":43,"key":"Shuriken"},{"floor":44,"key":"Singing Bowl"},{"floor":45,"key":"Incense Burner"},{"floor":46,"key":"Lantern"}],"event_choices":[{"damage_healed":75,"gold_gain":0,"player_choice":"Upgrade","damage_taken":15,"max_hp_gain":0,"max_hp_loss":75,"event_name":"betterThird:BetterShining","floor":4,"gold_loss":0,"cards_upgraded":["Mirror Shield","Strike_B"]},{"damage_healed":0,"gold_gain":0,"player_choice":"Ignored","damage_taken":0,"max_hp_gain":0,"max_hp_loss":0,"event_name":"Box For Yourself","floor":8,"gold_loss":0},{"damage_healed":0,"gold_gain":0,"player_choice":"1 cards matched","damage_taken":0,"max_hp_gain":0,"max_hp_loss":0,"event_name":"Match and Keep!","floor":12,"gold_loss":0,"cards_obtained":["Zap"]},{"damage_healed":0,"gold_gain":0,"player_choice":"Adaptability","damage_taken":0,"max_hp_gain":0,"max_hp_loss":0,"event_name":"betterThird:BetterWriting","floor":20,"gold_loss":0},{"damage_healed":0,"gold_gain":999,"player_choice":"Sell","damage_taken":0,"max_hp_gain":0,"max_hp_loss":0,"event_name":"Plate Of N\u0027loth","floor":28,"relics_lost":["vexMod:MysteryBossChallenge"],"gold_loss":0},{"damage_healed":0,"gold_gain":0,"player_choice":"Upgraded","damage_taken":0,"max_hp_gain":0,"max_hp_loss":0,"event_name":"Upgrade Shrine","floor":31,"gold_loss":0,"cards_upgraded":["Dualcast"]},{"damage_healed":0,"gold_gain":999,"player_choice":"Gold","damage_taken":0,"max_hp_gain":0,"max_hp_loss":0,"event_name":"MindBloom","floor":38,"gold_loss":0,"cards_obtained":["Normality","Normality"]},{"damage_healed":0,"gold_gain":0,"player_choice":"Paid","damage_taken":0,"relics_obtained":["Red Mask"],"max_hp_gain":0,"max_hp_loss":0,"event_name":"Tomb of Lord Red Mask","floor":48,"gold_loss":165},{"damage_healed":0,"gold_gain":0,"player_choice":"Memory 1","damage_taken":0,"max_hp_gain":0,"max_hp_loss":0,"event_name":"SensoryStone","floor":49,"gold_loss":0}],"is_beta":false,"boss_relics":[{"not_picked":["ReplayTheSpireMod:DimensionalGlitch","vexMod:DeviousBotling"],"picked":"vexMod:MysteryBossChallenge"},{"not_picked":["testmod-StringDisintegrator","Sozu"],"picked":"REME_LowDesire"}],"items_purged_floors":[5,30,42,42,47],"is_endless":false,"potions_floor_spawned":[3,10,11,13,16,24,33,36,37,45],"ascension_level":0}}