{"host":"g868zphnms2wggi3","time":1610798097,"event":{"mods":["Act Like it!","BaseMod","Colored Map","Gensokyo","GifTheSpireLib","Good Game Mod","Infinite Spire","KinomotoSakuraMod(ƒæ÷Æ±æ”£)","Koishi","Minty Spire (QoL Compilation)","Reimu£®≤©¿ˆ¡È√Œ£©","Remilia£®¿Ÿ√◊¿Ú—«£©","Replay The Spire","StSLib","The Necromancer"],"gold_per_floor":[110,110,110,121,131,131,150,178,178,222,222,222,241,270,270,374,374,385,404,504,515,515,515,546,546,614,403,353,353,353,353],"floor_reached":30,"language":"ZHS","playtime":3302,"items_purged":[],"score":281,"play_id":"282d6b0a-844d-4242-9a45-6e78c3d105d7","local_time":"20210116195457","is_ascension_mode":false,"campfire_choices":[{"data":"Koishi:HauntingSlash","floor":6,"key":"SMITH"},{"data":"Koishi:CatchAndRose","floor":12,"key":"SMITH"},{"data":"Koishi:RacingHeart","floor":15,"key":"SMITH"},{"data":"Koishi:GhostParty","floor":23,"key":"SMITH"},{"data":"Koishi:Untouchable","floor":25,"key":"SMITH"},{"data":"Gensokyo:TurboGranny","floor":29,"key":"SMITH"}],"circlet_count":0,"master_deck":["Koishi:BasicStrike","Koishi:BasicStrike","Koishi:BasicStrike","Koishi:BasicDefend","Koishi:BasicDefend","Koishi:BasicDefend","Koishi:BasicDefend","Koishi:Provoke","Koishi:HauntingSlash+1","infinitespire:Neurotoxin","Koishi:Untouchable","Koishi:DreadfulBlow","Koishi:MindNumbingTerror","Koishi:GhostParty+1","Koishi:CatchAndRose+1","Koishi:FourthEye","Koishi:RacingHeart+1","Koishi:PerfectMindControl","Koishi:CatchAndRose+1","Koishi:VengefulSpirit","Koishi:Untouchable+1","Gensokyo:TurboGranny+1"],"relics":["Koishi:ImaginaryFriend","REME:ComplimentaryCards","Gensokyo:CelestialsFlawlessClothing","infinitespire:Eraser","Mirror","Kunai","Replay:Ringing Soul","Runic Pyramid","infinitespire:Lychee Nut","Incense Burner","Centennial Puzzle","AntiCross"],"acts_visited":["Gensokyo:Gensokyo","Gensokyo:Gensokyoer"],"potions_floor_usage":[21],"damage_taken":[{"damage":4.0,"enemies":"Gensokyo:Gryphon","floor":1.0,"turns":6.0},{"damage":4.0,"enemies":"Gensokyo:3_Fairies","floor":4.0,"turns":4.0},{"damage":0.0,"enemies":"Gensokyo:Python","floor":5.0,"turns":4.0},{"damage":0,"enemies":"Gensokyo:VengefulSpirit","floor":7,"turns":4},{"damage":27,"enemies":"Gensokyo:Cirno","floor":8,"turns":10},{"damage":11,"enemies":"Gensokyo:Python_and_Kodama","floor":13,"turns":6},{"damage":0,"enemies":"Gensokyo:Mamizou","floor":14,"turns":10},{"damage":24,"enemies":"Gensokyo:Yukari","floor":16,"turns":9},{"damage":13,"enemies":"Gensokyo:2_Gloops","floor":18,"turns":6},{"damage":25,"enemies":"Gensokyo:CosmicMonolith","floor":19,"turns":4},{"damage":0,"enemies":"Gensokyo:CosmicMonolith","floor":20,"turns":10},{"damage":89,"enemies":"Gensokyo:3_Gloops","floor":21,"turns":12},{"damage":25,"enemies":"Gensokyo:Koishi","floor":24,"turns":6},{"damage":25,"enemies":"Gensokyo:Reisen","floor":30,"turns":3}],"seed_played":"-6203464678594373448","potions_obtained":[{"floor":4.0,"key":"FearPotion"},{"floor":8,"key":"Explosive Potion"},{"floor":10,"key":"ColorlessPotion"},{"floor":13,"key":"GrandPatriotsElixir:ReiMu"},{"floor":24,"key":"ColorlessPotion"}],"is_trial":false,"path_per_floor":["M","?","?","M","M","R","M","E","T","?","?","R","M","E","R","B",null,"M","M","?","M","?","R","E","R","T","COS","?","R","E"],"character_chosen":"KOISHI","items_purchased":[],"campfire_rested":0,"item_purchase_floors":[],"current_hp_per_floor":[65,49,49,45,48,48,52,30,30,30,50,50,43,51,51,45,72,65,43,58,47,47,47,34,34,34,37,44,44,25,25],"gold":353,"neow_bonus":"TEN_PERCENT_HP_BONUS","is_daily":false,"chose_seed":false,"campfire_upgraded":6,"win_rate":0.0,"timestamp":1610798097,"path_taken":["M","?","?","M","M","R","M","E","T","?","?","R","M","E","R","BOSS","M","?","?","?","?","R","E","R","T","COS","?","R","E"],"items_purchased_type":[],"build_version":"2020-12-22","purchased_purges":0,"victory":false,"max_hp_per_floor":[66,66,66,66,66,66,66,66,66,66,66,66,66,69,69,72,72,75,75,59,59,59,59,62,62,62,65,72,72,72,72],"card_choices":[{"not_picked":["Koishi:SubterraneanRose","Koishi:DanmakuParanoia"],"picked":"Koishi:Untouchable","floor":1.0},{"not_picked":["Koishi:EmbryosDream","Koishi:StingingMind"],"picked":"Koishi:DreadfulBlow","floor":4.0},{"not_picked":["Koishi:SubterraneanRose","Koishi:ReflexRadar"],"picked":"Koishi:MindNumbingTerror","floor":5},{"not_picked":["Koishi:ParalyzingFear","Koishi:DreadfulBlow"],"picked":"Koishi:GhostParty","floor":7},{"not_picked":["Koishi:SubterraneanRose","Koishi:StrangeCloudFist","Koishi:HeartfeltFancy"],"picked":"SKIP","floor":8},{"not_picked":["Koishi:RacingHeart","Koishi:Catatonia"],"picked":"Koishi:CatchAndRose","floor":10},{"not_picked":["Koishi:UnconsciousUprising","Koishi:DreadfulBlow"],"picked":"Koishi:FourthEye","floor":13},{"not_picked":["Koishi:BloodcurdlingScream","Koishi:FourthEye"],"picked":"Koishi:RacingHeart","floor":14},{"not_picked":["Koishi:Heartbroken","Koishi:ConfinedInnocent"],"picked":"Koishi:PerfectMindControl","floor":16},{"not_picked":["Koishi:Possession","Koishi:ParalyzingFear"],"picked":"Koishi:CatchAndRose+1","floor":18},{"not_picked":["Koishi:PhilosophyOfTheDespised+1","Koishi:Prune","Koishi:ReflexRadar+1"],"picked":"SKIP","floor":19},{"not_picked":["Koishi:Whimsy+1","Koishi:PredatoryInstincts"],"picked":"Koishi:VengefulSpirit","floor":20},{"not_picked":["Koishi:HeartAttack+1","Koishi:JumpScare","Koishi:GhostParty"],"picked":"SKIP","floor":21},{"not_picked":["Koishi:DanmakuParanoia+1","Koishi:RacingHeart+1"],"picked":"Koishi:Untouchable","floor":24}],"player_experience":174100,"relics_obtained":[{"floor":8,"key":"infinitespire:Eraser"},{"floor":9,"key":"Mirror"},{"floor":10,"key":"Kunai"},{"floor":14,"key":"Replay:Ringing Soul"},{"floor":20,"key":"infinitespire:Lychee Nut"},{"floor":20,"key":"Incense Burner"},{"floor":24,"key":"Centennial Puzzle"},{"floor":26,"key":"AntiCross"}],"event_choices":[],"is_beta":false,"boss_relics":[{"not_picked":["Replay:Drink Me","Honey Jar"],"picked":"Runic Pyramid"}],"items_purged_floors":[],"is_endless":false,"potions_floor_spawned":[4,8,13,18,19,20,24],"killed_by":"Gensokyo:Reisen","ascension_level":0}}