{"host":"kq2g769nefmuyn7c","time":1610809923,"event":{"mods":["ATMod(∞¢Ë™Mod)","Act Like it!","BaseMod","Gensokyo","Koishi","Minty Spire (QoL Compilation)","Remilia£®¿Ÿ√◊¿Ú—«£©","Replay The Spire","StSLib","The Servant 0.9.4","Youmu£®ªÍ∆«—˝√Œ£©","Yuyuko"],"gold_per_floor":[112,112,112,133,8,47,47,87,87,87,131,131,149,163,163,294,294,310,326,344,360,384,428,368,402,453,453,478,478,98,117,117,248,248,271,271,271,295,134,134,167,182,182,182,182,51,67,67,67,67,67,67,19,54,54],"floor_reached":56,"language":"ZHS","playtime":2885,"items_purged":["Strike_S","Lust_TH","Writhe"],"score":1993,"play_id":"f00cbe76-4822-4c62-ac4b-1e8339f060e8","local_time":"20210116231202","is_ascension_mode":true,"campfire_choices":[{"data":"AT_Dispersion","floor":7.0,"key":"SMITH"},{"data":"Inflame","floor":10.0,"key":"SMITH"},{"data":"Advance","floor":15.0,"key":"SMITH"},{"floor":27.0,"key":"REST"},{"data":"AT_EmpoweredMortalDraw","floor":32.0,"key":"SMITH"},{"data":"Solidify","floor":40.0,"key":"SMITH"},{"data":"Hightail","floor":45,"key":"SMITH"},{"floor":49,"key":"RECALL"},{"data":"RealityMarble","floor":52,"key":"SMITH"}],"circlet_count":0,"master_deck":["Strike_S","Strike_S","Strike_S","Defend_S","Defend_S","Defend_S","Defend_S","KidneyShot","Exchange+1","AT_Dispersion+1","Rearm+1","Inflame+1","Sabotage","BottledTime+1","ShatteredReality","SpecialFormula","Dilation","Advance+1","PendulumOfEternity","AT_EmpoweredMortalDraw+1","Foresight","MoonPhase","TimeWarp+1","BottledTime","SurpressingFire","DancingSilver+1","Contraction+1","SilverBlades","Solidify+1","BottledTime+1","Apotheosis+1","Manipulate","WasteNot","BottledTime+1","Hightail+1","Decay","SpecialFormula+1","RealityMarble+1","Defy","ForgedInTime"],"relics":["AT_ATBox","NeowsBlessing","Golden Idol","m_ScarletBlood","StrikeDummy","Replay:Bottled Flurry","Bronze Scales","AT_MortalBlade","AT_SilvercatRing","Iron Hammer","Tiny Chest","Simple Rune","Red Skull","Cursed Key","AT_Manta","Mummified Hand","Replay:Mystery Machine"],"acts_visited":["Exordium","TheCity","TheBeyond","TheEnding"],"potions_floor_usage":[55],"damage_taken":[{"damage":0.0,"enemies":"Small Slimes","floor":1.0,"turns":2.0},{"damage":0.0,"enemies":"2 Louse","floor":4.0,"turns":1.0},{"damage":0.0,"enemies":"Lagavulin","floor":6.0,"turns":1.0},{"damage":16.0,"enemies":"Gremlin Nob","floor":8.0,"turns":3.0},{"damage":8.0,"enemies":"Replay:BlueRogue","floor":11.0,"turns":5.0},{"damage":0.0,"enemies":"Cultist","floor":13.0,"turns":3.0},{"damage":0.0,"enemies":"Lots of Slimes","floor":14.0,"turns":1.0},{"damage":2.0,"enemies":"The Guardian","floor":16.0,"turns":11.0},{"damage":0.0,"enemies":"Spheric Guardian","floor":18.0,"turns":1.0},{"damage":9.0,"enemies":"2 Thieves","floor":19.0,"turns":2.0},{"damage":15.0,"enemies":"Snake Plant","floor":20.0,"turns":5.0},{"damage":4.0,"enemies":"Snecko","floor":21.0,"turns":3.0},{"damage":25.0,"enemies":"Shelled Parasite and Fungi","floor":22.0,"turns":3.0},{"damage":17.0,"enemies":"Book of Stabbing","floor":23.0,"turns":5.0},{"damage":0.0,"enemies":"Slavers","floor":25.0,"turns":1.0},{"damage":3.0,"enemies":"Centurion and Healer","floor":31.0,"turns":4.0},{"damage":3.0,"enemies":"Automaton","floor":33.0,"turns":6.0},{"damage":0.0,"enemies":"3 Shapes","floor":35.0,"turns":2.0},{"damage":0.0,"enemies":"3 Darklings","floor":38.0,"turns":3.0},{"damage":0.0,"enemies":"Nemesis","floor":41.0,"turns":6.0},{"damage":0,"enemies":"Spire Growth","floor":42,"turns":1},{"damage":0,"enemies":"Transient","floor":47,"turns":5},{"damage":11,"enemies":"Awakened One","floor":50,"turns":5},{"damage":0,"enemies":"Shield and Spear","floor":54,"turns":1},{"damage":14,"enemies":"The Heart","floor":55,"turns":9}],"seed_played":"-5046133352492286605","potions_obtained":[{"floor":4.0,"key":"ColorlessPotion"},{"floor":8.0,"key":"SkillPotion"},{"floor":11.0,"key":"Swift Potion"},{"floor":13.0,"key":"Cursed Concoction"},{"floor":23.0,"key":"SkillPotion"},{"floor":25.0,"key":"Adrenaline Potion"},{"floor":33.0,"key":"Block Potion"},{"floor":35.0,"key":"Fire Potion"},{"floor":54,"key":"GamblersBrew"}],"is_trial":false,"path_per_floor":["M","?","?","M","$","E","R","E","T","R","E","?","M","M","R","B",null,"M","M","M","M","M","E","?","E","T","R","T","?","$","M","R","B",null,"M","?","T","M","$","R","E","M","T","?","R","$","M","$","R","B",null,"R","$","E","B",null],"character_chosen":"THE_SERVANT","items_purchased":["BottledTime","Red Skull","SilverBlades","Block Potion","WasteNot","SpecialFormula+1","RealityMarble","Defy"],"campfire_rested":1,"item_purchase_floors":[5,30,30,30,39,46,46,53],"current_hp_per_floor":[59,43,43,43,43,43,43,27,27,27,24,24,24,24,24,27,56,56,52,42,38,18,1,1,1,1,20,20,20,20,22,22,27,56,56,56,56,56,56,56,64,65,65,65,65,65,65,65,65,65,65,65,65,65,65],"gold":54,"neow_bonus":"THREE_ENEMY_KILL","is_daily":false,"chose_seed":false,"campfire_upgraded":7,"win_rate":0.0,"timestamp":1610809922,"path_taken":["M","?","?","M","$","E","R","E","T","R","E","?","M","M","R","BOSS","M","?","M","M","?","E","?","E","T","R","?","?","$","M","R","BOSS","M","?","?","M","?","R","E","M","T","?","R","?","M","$","R","BOSS","R","$","E","BOSS"],"items_purchased_type":["Card","Relic","Card","Potion","Card","Card","Card","Card"],"build_version":"2020-12-22","purchased_purges":3,"victory":true,"max_hp_per_floor":[65,65,65,65,65,65,65,65,65,65,65,65,65,65,65,65,65,65,65,65,65,65,65,65,65,65,65,65,65,65,65,65,65,65,65,65,65,65,65,65,65,65,65,65,65,65,65,65,65,65,65,65,65,65,65],"card_choices":[{"not_picked":["FastForward","Spin"],"picked":"Rearm","floor":1.0},{"not_picked":["Rearm","TimeWarp"],"picked":"Sabotage","floor":4.0},{"not_picked":["FastForward","Unruled"],"picked":"ShatteredReality","floor":6.0},{"not_picked":["Replace","Pummel"],"picked":"SpecialFormula","floor":8.0},{"not_picked":["Manipulate","ShatteredReality"],"picked":"Dilation","floor":11.0},{"not_picked":["Revamp","Potential"],"picked":"Advance","floor":13.0},{"not_picked":["Spin","DoubleEdge","Rewind"],"picked":"SKIP","floor":14.0},{"not_picked":["KillingDoll","Dilation"],"picked":"PendulumOfEternity","floor":16.0},{"not_picked":["FastForward","Gouge"],"picked":"Foresight","floor":18.0},{"not_picked":["Potential","Rewind+1"],"picked":"MoonPhase","floor":19.0},{"not_picked":["Rewind+1","FastForward"],"picked":"TimeWarp+1","floor":20.0},{"not_picked":["ShatteredReality","Ricochet"],"picked":"BottledTime","floor":21.0},{"not_picked":["DoubleEdge+1","Replace+1"],"picked":"SurpressingFire","floor":22.0},{"not_picked":["Collapse","FlawlessForm"],"picked":"DancingSilver+1","floor":23.0},{"not_picked":["DualDimension","TimeWarp"],"picked":"Contraction+1","floor":25.0},{"not_picked":["Spin","Unruled","Revamp+1"],"picked":"SKIP","floor":31.0},{"not_picked":["LightFlow","Double Tap"],"picked":"Solidify","floor":33.0},{"not_picked":["Comet+1","Ricochet"],"picked":"BottledTime+1","floor":35.0},{"not_picked":["Mind Blast","Dramatic Entrance"],"picked":"Apotheosis","floor":36.0},{"not_picked":["Foresight+1","Rearm+1"],"picked":"Manipulate","floor":38.0},{"not_picked":["TimeWarp","FastForward+1"],"picked":"BottledTime+1","floor":41},{"not_picked":["Spin+1","TimeWarp+1"],"picked":"Hightail","floor":42},{"not_picked":["Manipulate+1","Ricochet","SpecialFormula"],"picked":"SKIP","floor":47},{"not_picked":["Read","Contraction"],"picked":"ForgedInTime","floor":54}],"player_experience":293266,"relics_obtained":[{"floor":6.0,"key":"StrikeDummy"},{"floor":9.0,"key":"Replay:Bottled Flurry"},{"floor":11.0,"key":"Bronze Scales"},{"floor":23.0,"key":"AT_SilvercatRing"},{"floor":25.0,"key":"Iron Hammer"},{"floor":26.0,"key":"Tiny Chest"},{"floor":28.0,"key":"Simple Rune"},{"floor":41,"key":"AT_Manta"},{"floor":43,"key":"Mummified Hand"},{"floor":54,"key":"Replay:Mystery Machine"}],"event_choices":[{"damage_healed":0.0,"max_hp_gain":0.0,"max_hp_loss":0.0,"gold_gain":0.0,"event_name":"Golden Idol","player_choice":"Take Damage","floor":2.0,"gold_loss":0.0,"damage_taken":16.0,"relics_obtained":["Golden Idol"]},{"damage_healed":0.0,"max_hp_gain":0.0,"max_hp_loss":0.0,"gold_gain":0.0,"event_name":"Accursed Blacksmith","player_choice":"Forge","floor":12.0,"gold_loss":0.0,"damage_taken":0.0,"cards_upgraded":["BottledTime"]},{"damage_healed":0.0,"max_hp_gain":0.0,"max_hp_loss":0.0,"gold_gain":0.0,"event_name":"SensoryStone","player_choice":"Memory 1","floor":36.0,"gold_loss":0.0,"damage_taken":0.0},{"damage_healed":0,"gold_gain":0,"player_choice":"Ignored","damage_taken":0,"max_hp_gain":0,"max_hp_loss":0,"event_name":"Tomb of Lord Red Mask","floor":44,"gold_loss":0}],"is_beta":false,"boss_relics":[{"not_picked":["Calling Bell","Fusion Hammer"],"picked":"AT_MortalBlade"},{"not_picked":["Sozu","Replay:Drink Me"],"picked":"Cursed Key"}],"items_purged_floors":[5,30,39],"is_endless":false,"potions_floor_spawned":[4,8,11,13,19,23,25,33,35,54],"ascension_level":6}}