{"host":"kabf61oc9jgfwufg","time":1610781444,"event":{"mods":["AchievementEnabler","Aspiration","BaseMod","Conspire","Energized Spire","GifTheSpireLib","GungeonMod","Halation","HexUI Lib","Hubris","Infinite Spire","Minty Spire (QoL Compilation)","Quick Restart","Rare Cards Sparkle","Replay The Spire","Shop Mod","Small Relic Pack","StSLib"],"gold_per_floor":[215,229,229,229,242,267,267,302,328,339,357,27,42,42,42,139,139,159,159,173,193,193,225,225,225],"floor_reached":24,"language":"ENG","playtime":2114,"items_purged":[],"score":344,"play_id":"86afcd85-d031-4421-9e56-219440ac7869","local_time":"20210116071724","is_ascension_mode":true,"campfire_choices":[{"data":"Halt","floor":7,"key":"SMITH"},{"data":"FollowUp","floor":15,"key":"SMITH"}],"circlet_count":0,"master_deck":["Strike_P","Strike_P","Strike_P","Strike_P","Defend_P","Defend_P","Defend_P","Defend_P","Eruption+1","Vigilance+1","Halt+1","FollowUp+1","Injury","Replay:Cycle","SashWhip+1","FollowUp+1","TalkToTheHand+1","Ragnarok+1","Wish","Indignation","Halt","Halt+1"],"relics":["PureWater","Molten Egg 2","The Courier","Anchor","Pet Ghost","conspire:TreasureMap","DemoMod:WeirdEgg","DemoMod:GnawedKey","hubris:TerracottaHorce","DemoMod:VorpalBullet","MutagenicStrength","infinitespire:Golems Mask"],"acts_visited":["Exordium","TheCity"],"potions_floor_usage":[6,6,6,16],"damage_taken":[{"damage":3,"enemies":"Small Slimes","floor":1,"turns":3},{"damage":0,"enemies":"2 Louse","floor":2,"turns":2},{"damage":0,"enemies":"Cultist","floor":5,"turns":2},{"damage":0,"enemies":"Gremlin Nob","floor":6,"turns":3},{"damage":6,"enemies":"Lagavulin","floor":8,"turns":5},{"damage":0,"enemies":"Looter","floor":10,"turns":2},{"damage":0,"enemies":"Lots of Slimes","floor":11,"turns":4},{"damage":0,"enemies":"Blue Slaver","floor":13,"turns":2},{"damage":0,"enemies":"The Guardian","floor":16,"turns":10},{"damage":0,"enemies":"Chosen","floor":18,"turns":3},{"damage":15,"enemies":"Spheric Guardian","floor":20,"turns":4},{"damage":0,"enemies":"Snecko","floor":21,"turns":1},{"damage":45,"enemies":"Gremlin Leader","floor":23,"turns":3},{"damage":0,"enemies":"Shelled Parasite and Fungi","floor":24,"turns":2}],"seed_played":"3794418037295386341","potions_obtained":[{"floor":1,"key":"Block Potion"},{"floor":2,"key":"AttackPotion"},{"floor":5,"key":"EssenceOfSteel"},{"floor":11,"key":"DemoMod:LeadSkinPotion"},{"floor":21,"key":"Dexterity Potion"}],"is_trial":false,"path_per_floor":["M","M","?","?","M","E","R","E","T","M","M","$","M","?","R","B",null,"M","?","M","M","?","E","M"],"character_chosen":"WATCHER","items_purchased":["conspire:TreasureMap","DemoMod:WeirdEgg","DemoMod:GnawedKey"],"campfire_rested":0,"item_purchase_floors":[12,12,12],"current_hp_per_floor":[69,69,69,69,69,69,69,63,63,63,63,63,63,63,63,63,70,70,70,55,55,55,10,10,10],"gold":225,"neow_bonus":"HUNDRED_GOLD","is_daily":false,"chose_seed":false,"campfire_upgraded":2,"win_rate":0.0,"timestamp":1610781444,"path_taken":["M","M","?","?","M","E","R","E","T","M","M","$","?","?","R","BOSS","M","?","M","?","?","E","M"],"items_purchased_type":["Relic","Relic","Relic"],"build_version":"2020-12-22","purchased_purges":0,"victory":false,"max_hp_per_floor":[72,72,72,72,72,72,72,72,72,72,72,72,72,72,72,72,72,72,72,72,72,72,72,72,72],"card_choices":[{"not_picked":["ClearTheMind","EmptyBody"],"picked":"Halt","floor":1},{"not_picked":["Prostrate","ReachHeaven"],"picked":"FollowUp","floor":2},{"not_picked":["Sanctity","Replay:Anticipation"],"picked":"Replay:Cycle","floor":5},{"not_picked":["JustLucky+1","Replay:ManipulateFuture"],"picked":"CrushJoints+1","floor":6},{"not_picked":["Consecrate+1","Halt"],"picked":"SashWhip+1","floor":8},{"not_picked":["EmptyBody","EmptyFist+1"],"picked":"FollowUp+1","floor":10},{"not_picked":["Replay:ManipulateFuture","BowlingBash+1"],"picked":"TalkToTheHand+1","floor":11},{"not_picked":["ThirdEye","CutThroughFate+1"],"picked":"Ragnarok+1","floor":13},{"not_picked":["Omniscience","Ragnarok+1"],"picked":"Wish","floor":16},{"not_picked":["Replay:Battleflow","SashWhip+1"],"picked":"Indignation","floor":18},{"not_picked":["EmptyMind","Swivel"],"picked":"Halt","floor":20},{"not_picked":["Wallop+1","BowlingBash+1","ThirdEye+1"],"picked":"SKIP","floor":21},{"not_picked":["Wallop+1","Evaluate+1"],"picked":"Halt+1","floor":23}],"player_experience":109253,"relics_obtained":[{"floor":6,"key":"The Courier"},{"floor":8,"key":"Anchor"},{"floor":9,"key":"Pet Ghost"},{"floor":23,"key":"infinitespire:Golems Mask"}],"event_choices":[{"damage_healed":0,"gold_gain":0,"player_choice":"Forge","damage_taken":0,"max_hp_gain":0,"max_hp_loss":0,"event_name":"Accursed Blacksmith","floor":4,"gold_loss":0,"cards_upgraded":["Eruption"]},{"cards_removed":["CrushJoints"],"damage_healed":0,"gold_gain":0,"player_choice":"Gave Card","damage_taken":0,"relics_obtained":["DemoMod:VorpalBullet"],"max_hp_gain":0,"max_hp_loss":0,"event_name":"WeMeetAgain","floor":19,"gold_loss":0},{"damage_healed":0,"gold_gain":0,"player_choice":"Inject Mutagens","damage_taken":0,"relics_obtained":["MutagenicStrength"],"max_hp_gain":0,"max_hp_loss":0,"event_name":"Drug Dealer","floor":22,"gold_loss":0}],"is_beta":false,"boss_relics":[{"not_picked":["SacredBark","halation:CatFaceCupcake"],"picked":"hubris:TerracottaHorce"}],"items_purged_floors":[],"is_endless":false,"potions_floor_spawned":[1,2,5,11,21],"killed_by":"Shelled Parasite and Fungi","ascension_level":1}}