{"host":"56ghxnzsglgdq727","time":1610832587,"event":{"mods":["AchievementEnabler","BaseMod","Downfall","Duelist Mod","Minty Spire (QoL Compilation)","Rare Cards Sparkle","StSLib","The Bug Knight","The Exalted","The Senshi","The Wild Card"],"gold_per_floor":[349,366,49,59,76,92,116,116,116,216,231,245,245,245,245],"floor_reached":13,"language":"ENG","playtime":815,"items_purged":[],"score":81,"play_id":"4e24455d-2bfe-4741-8ec5-ebb9e8b7e4dd","local_time":"20210116162947","is_ascension_mode":true,"campfire_choices":[{"data":"champ:Taunt","floor":1,"key":"SMITH"},{"data":"champ:FocusedBerserking","floor":8,"key":"SMITH"}],"circlet_count":0,"master_deck":["champ:Strike","champ:Strike","champ:Strike","champ:Strike","champ:Defend","champ:Defend","champ:Defend","champ:Defend","champ:Execute","champ:Taunt+1","champ:ArenaPreparation","champ:Encircle","champ:ShieldWall","champ:FocusedBerserking+1","champ:ArenaPreparation","champ:Encircle"],"relics":["champ:ChampionCrown","Boot","Bromod:ArcaneMomentum","downfall:GremlinWheel"],"acts_visited":["Exordium"],"potions_floor_usage":[13,13,13],"damage_taken":[{"damage":10,"enemies":"Cultist","floor":2,"turns":4},{"damage":35,"enemies":"downfall:FleeingMerchant","floor":3,"turns":4},{"damage":5,"enemies":"Small Slimes","floor":4,"turns":3},{"damage":30,"enemies":"2 Louse","floor":5,"turns":1},{"damage":50,"enemies":"Exordium Thugs","floor":6,"turns":3},{"damage":81,"enemies":"Exordium Thugs","floor":10,"turns":4},{"damage":18,"enemies":"Exordium Wildlife","floor":11,"turns":3},{"damage":37,"enemies":"Large Slime","floor":12,"turns":3},{"damage":10,"enemies":"3 Sentries","floor":13,"turns":2}],"seed_played":"-4794858171174279419","potions_obtained":[{"floor":5,"key":"Weak Potion"},{"floor":10,"key":"EssenceOfSteel"},{"floor":12,"key":"Regen Potion"}],"is_trial":false,"path_per_floor":["R","M","$","M","M","M","T","R","?","?","M","M","E"],"character_chosen":"THE_CHAMP","items_purchased":["champ:Encircle","Boot","champ:ShieldWall"],"campfire_rested":0,"item_purchase_floors":[3,3,3],"current_hp_per_floor":[81,81,81,81,81,76,76,76,76,35,22,6,1,1,1],"gold":245,"neow_bonus":"TWO_FIFTY_GOLD","is_daily":false,"chose_seed":false,"campfire_upgraded":2,"win_rate":0.0,"timestamp":1610832587,"path_taken":["R","M","$","?","M","M","T","R","?","?","?","?","E"],"items_purchased_type":["Card","Relic","Card"],"build_version":"2020-12-22","purchased_purges":0,"victory":false,"max_hp_per_floor":[81,81,81,81,81,81,81,81,81,81,81,81,81,81,81],"card_choices":[{"not_picked":["champ:PreemptiveStrike","champ:DefensiveShout"],"picked":"champ:ArenaPreparation","floor":2},{"not_picked":["champ:IronFortress","champ:Backstep","champ:Circumvent"],"picked":"SKIP","floor":3},{"not_picked":["champ:Haymaker","champ:ShieldWall"],"picked":"champ:FocusedBerserking","floor":4},{"not_picked":["champ:Shatter","champ:PerfectedStrike"],"picked":"champ:ArenaPreparation","floor":5},{"not_picked":["champ:UltimateStance","champ:ShieldWall"],"picked":"champ:Encircle","floor":6},{"not_picked":["champ:Backstep","champ:IronFortress","champ:Parry"],"picked":"SKIP","floor":11},{"not_picked":["champ:IronFortress","champ:FlashCut","champ:EndlessRage"],"picked":"SKIP","floor":12}],"player_experience":270698,"relics_obtained":[{"floor":7,"key":"Bromod:ArcaneMomentum"},{"floor":10,"key":"downfall:GremlinWheel"}],"event_choices":[],"is_beta":false,"boss_relics":[],"items_purged_floors":[],"is_endless":false,"potions_floor_spawned":[5,10,12],"killed_by":"3 Sentries","ascension_level":1}}