{"host":"l60rmjjsfi0fipmi","time":1610820056,"event":{"mods":["BaseMod","Colored Map","DeckTracker","Highlight Path","Minty Spire (QoL Compilation)","StSLib","The Cursed","The Servant 0.9.4"],"gold_per_floor":[115,115,115,132,145,145,130,149,149,160,160,185,185,201,201,297,297,312,326,343,268,285,285,285,285],"floor_reached":24,"language":"ENG","playtime":1666,"items_purged":["Strike_R"],"score":282,"play_id":"b8a87877-487a-47fd-a3f8-d1d50fe20376","local_time":"20210116130056","is_ascension_mode":true,"campfire_choices":[{"data":"Heavy Blade","floor":6,"key":"SMITH"},{"data":"Bash","floor":13,"key":"SMITH"},{"floor":15,"key":"REST"},{"floor":23,"key":"REST"}],"circlet_count":0,"master_deck":["Strike_R","Strike_R","Defend_R","Defend_R","Defend_R","Defend_R","Bash+1","Feed+1","Flex","Metallicize","Heavy Blade+1","Inflame","Inflame","Twin Strike","Pommel Strike","Bludgeon","Headbutt","Cleave+1"],"relics":["Burning Blood","Bird Faced Urn","Bottled Flame","Runic Pyramid"],"acts_visited":["Exordium","TheCity"],"potions_floor_usage":[12,16,18,20,22],"damage_taken":[{"damage":7,"enemies":"Small Slimes","floor":1,"turns":4},{"damage":0,"enemies":"Cultist","floor":4,"turns":4},{"damage":5,"enemies":"2 Louse","floor":5,"turns":2},{"damage":32,"enemies":"Exordium Thugs","floor":7,"turns":6},{"damage":17,"enemies":"Exordium Wildlife","floor":8,"turns":5},{"damage":7,"enemies":"Red Slaver","floor":10,"turns":4},{"damage":20,"enemies":"Gremlin Nob","floor":12,"turns":4},{"damage":21,"enemies":"2 Fungi Beasts","floor":14,"turns":3},{"damage":51,"enemies":"Slime Boss","floor":16,"turns":11},{"damage":38,"enemies":"3 Byrds","floor":18,"turns":6},{"damage":38,"enemies":"Shell Parasite","floor":19,"turns":7},{"damage":72,"enemies":"Centurion and Healer","floor":20,"turns":8},{"damage":25,"enemies":"Sentry and Sphere","floor":22,"turns":5},{"damage":66,"enemies":"Book of Stabbing","floor":24,"turns":5}],"seed_played":"-7484568792680177601","potions_obtained":[{"floor":1,"key":"Block Potion"},{"floor":10,"key":"LiquidBronze"},{"floor":16,"key":"Energy Potion"},{"floor":19,"key":"BloodPotion"},{"floor":20,"key":"Block Potion"}],"is_trial":false,"path_per_floor":["M","?","?","M","M","R","M","M","T","M","?","E","R","M","R","B",null,"M","M","M","$","M","R","E"],"character_chosen":"IRONCLAD","items_purchased":[],"campfire_rested":2,"item_purchase_floors":[],"current_hp_per_floor":[82,82,82,87,91,91,69,62,62,67,58,46,46,39,69,34,107,85,63,30,30,21,57,0,0],"gold":285,"neow_bonus":"TRANSFORM_CARD","is_daily":false,"chose_seed":false,"campfire_upgraded":2,"win_rate":0.0,"timestamp":1610820056,"path_taken":["M","?","?","M","M","R","M","?","T","M","?","E","R","M","R","BOSS","M","?","M","$","M","R","E"],"items_purchased_type":[],"build_version":"2020-12-22","purchased_purges":1,"victory":false,"max_hp_per_floor":[83,83,83,87,91,91,95,99,99,99,99,99,99,103,103,107,107,111,115,119,119,123,123,123,123],"card_choices":[{"not_picked":["Seeing Red","Warcry"],"picked":"Flex","floor":1},{"not_picked":["Clash","True Grit"],"picked":"Metallicize","floor":4},{"not_picked":["Armaments","Seeing Red"],"picked":"Heavy Blade","floor":5},{"not_picked":["Heavy Blade","Sword Boomerang"],"picked":"Inflame","floor":7},{"not_picked":["Metallicize","Entrench"],"picked":"Inflame","floor":8},{"not_picked":["Power Through","Clash"],"picked":"Twin Strike","floor":10},{"not_picked":["Twin Strike","Clothesline"],"picked":"Pommel Strike","floor":12},{"not_picked":["Clothesline","True Grit","Demon Form"],"picked":"SKIP","floor":14},{"not_picked":["Feed","Corruption"],"picked":"Bludgeon","floor":16},{"not_picked":["Pommel Strike+1","Warcry"],"picked":"Headbutt","floor":18},{"not_picked":["Pummel","Clash+1","Pommel Strike"],"picked":"SKIP","floor":19},{"not_picked":["Sentinel","Clash"],"picked":"Cleave+1","floor":20},{"not_picked":["Heavy Blade","Twin Strike","Shrug It Off"],"picked":"SKIP","floor":22}],"player_experience":431905,"relics_obtained":[{"floor":9,"key":"Bird Faced Urn"},{"floor":12,"key":"Bottled Flame"}],"event_choices":[{"damage_healed":0,"gold_gain":0,"player_choice":"Grow","damage_taken":0,"max_hp_gain":0,"max_hp_loss":0,"event_name":"Living Wall","floor":2,"gold_loss":0,"cards_upgraded":["Feed"]},{"cards_removed":["Strike_R"],"damage_healed":0,"gold_gain":0,"player_choice":"Offered Basic","damage_taken":0,"max_hp_gain":0,"max_hp_loss":0,"event_name":"Bonfire Elementals","floor":3,"gold_loss":0},{"damage_healed":0,"gold_gain":0,"player_choice":"Damaged","damage_taken":9,"max_hp_gain":0,"max_hp_loss":0,"event_name":"Wheel of Change","floor":11,"gold_loss":0}],"is_beta":false,"boss_relics":[{"not_picked":["Philosopher\u0027s Stone","Sozu"],"picked":"Runic Pyramid"}],"items_purged_floors":[21],"is_endless":false,"potions_floor_spawned":[1,10,16,19,20],"killed_by":"Book of Stabbing","ascension_level":3}}