{"host":"94qggqh0xz0sp6ai","time":1610756385,"event":{"mods":["Abigail Mod","Act Like it!","BaseMod","CapriCore","Downfall","Friendly Minions","Gensokyo","Hermit","Jorbs\u0027s Wanderer Trilogy","Koishi","Marisa（霧雨　魔理沙）","Minty Spire (QoL Compilation)","Permanent Neow","Reimu（博??梦）","StSLib","The Alterego","The Construct","The Cursed","The Hierophant","The Immortal","The Marked","The Servant 0.9.4","TheBandit","Waifu the Spire"],"gold_per_floor":[115,115,65,65,81,81,106,116,116,147,184,196,230,212,224,343,355,387,399,127,149,149,193,193,222,294,320,320,354,57,77,77,183,192,221,243,252,252,280,280,96,116,116,116,53,81,159,169,169,169],"floor_reached":51,"language":"ENG","playtime":2089,"items_purged":["MokouMod:Strike","Wraith"],"score":1110,"play_id":"6b2caf4c-4880-4d60-a5f3-f9a1426a24df","local_time":"20210115181945","is_ascension_mode":true,"campfire_choices":[{"data":"MokouMod:RisingSunBarrier","floor":6,"key":"SMITH"},{"data":"MokouMod:RisingSunBarrier","floor":12,"key":"SMITH"},{"data":"MokouMod:ResonanceReactor","floor":15,"key":"SMITH"},{"floor":24,"key":"REST"},{"data":"MokouMod:PhoenixForm","floor":28,"key":"SMITH"},{"data":"MokouMod:RisingSunBarrier","floor":32,"key":"SMITH"},{"data":"MokouMod:Ventilation","floor":40,"key":"SMITH"},{"data":"MokouMod:RisingSunBarrier","floor":44,"key":"SMITH"},{"data":"MokouMod:Meltdown","floor":49,"key":"SMITH"}],"circlet_count":0,"master_deck":["MokouMod:Strike","MokouMod:Defend","MokouMod:Defend","MokouMod:Defend","MokouMod:Defend","MokouMod:HeatSpark","MokouMod:Ventilation+1","MokouMod:ResonanceReactor+1","MokouMod:RisingSunBarrier+1","MokouMod:FlickeringFlame","MokouMod:Sear","MokouMod:RisingSunBarrier+1","MokouMod:ResoluteFlare","MokouMod:PhoenixForm+1","MokouMod:BlazingComet+1","MokouMod:HeartofFire","MokouMod:Refresh","MokouMod:Ember","MokouMod:AdaptivePyromancy+1","MokouMod:Overheat+1","MokouMod:TemporalFireSeal+1","MokouMod:RisingSunBarrier+1","MokouMod:TemporalFireSeal","MokouMod:BurningDraft","MokouMod:FlareStarter","MokouMod:HouraiForge","CurseOfTheBell","MokouMod:FlickeringFlame+1","MokouMod:IndiscriminateIgnition+1","MokouMod:Overheat+1","MokouMod:RisingSunBarrier+1","MokouMod:InfernalWave","MokouMod:IllusoryBattlefield","MokouMod:Meltdown+1"],"relics":["MokouMod:PhoenixFeather","Gremlin Horn","Tiny Chest","CeramicFish","MawBank","Empty Cage","Guardian:PocketSentry","Torii","CaptainsWheel","Eternal Feather","Regal Pillow","Incense Burner","ClockworkSouvenir","Calling Bell","Nunchaku","CrazyTorch:ReiMu","construct:BoolHorns","FossilizedHelix","Bag of Marbles","StrikeDummy"],"acts_visited":["Exordium","TheCity","TheBeyond"],"potions_floor_usage":[7,8,18,21,23,50,50,50],"damage_taken":[{"damage":14,"enemies":"Jaw Worm","floor":1,"turns":4},{"damage":4,"enemies":"Small Slimes","floor":5,"turns":4},{"damage":18,"enemies":"Gremlin Nob","floor":7,"turns":5},{"damage":1,"enemies":"2 Louse","floor":8,"turns":2},{"damage":17,"enemies":"Lagavulin","floor":10,"turns":8},{"damage":20,"enemies":"Exordium Thugs","floor":11,"turns":6},{"damage":8,"enemies":"Blue Slaver","floor":13,"turns":4},{"damage":0,"enemies":"The Guardian","floor":16,"turns":10},{"damage":24,"enemies":"3 Byrds","floor":18,"turns":8},{"damage":16,"enemies":"2 Thieves","floor":21,"turns":3},{"damage":20,"enemies":"Gremlin Leader","floor":23,"turns":8},{"damage":6,"enemies":"Chosen and Byrds","floor":25,"turns":8},{"damage":16,"enemies":"Book of Stabbing","floor":29,"turns":7},{"damage":2,"enemies":"Snecko","floor":31,"turns":6},{"damage":22,"enemies":"Collector","floor":33,"turns":9},{"damage":12,"enemies":"3 Darklings","floor":35,"turns":5},{"damage":12,"enemies":"Orb Walker","floor":36,"turns":4},{"damage":9,"enemies":"3 Darklings","floor":39,"turns":6},{"damage":0,"enemies":"Maw","floor":42,"turns":8},{"damage":0,"enemies":"Giant Head","floor":46,"turns":8},{"damage":0,"enemies":"Transient","floor":48,"turns":5},{"damage":15,"enemies":"Donu and Deca","floor":50,"turns":11}],"seed_played":"-2746673966427668341","potions_obtained":[{"floor":1,"key":"GrandPatriotsElixir:ReiMu"},{"floor":7,"key":"SkillPotion"},{"floor":8,"key":"Ancient Potion"},{"floor":11,"key":"Fire Potion"},{"floor":13,"key":"MagicPotion:ReiMu"},{"floor":18,"key":"Swift Potion"},{"floor":25,"key":"bronze:BurnAndBuffPotion"},{"floor":42,"key":"BlessingOfTheForge"},{"floor":48,"key":"SkillPotion"}],"is_trial":false,"path_per_floor":["M","?","?","?","M","R","E","M","T","E","M","R","M","?","R","B",null,"M","?","$","M","T","E","R","M","T","T","R","E","$","M","R","B",null,"M","M","?","?","M","R","$","M","T","R","$","E","T","M","R","B",null],"character_chosen":"MKU","items_purchased":["Guardian:PocketSentry","MokouMod:HeartofFire","MokouMod:Refresh","MokouMod:Ember","ClockworkSouvenir","MokouMod:TemporalFireSeal","MokouMod:BurningDraft","MokouMod:RisingSunBarrier","MokouMod:InfernalWave","MokouMod:Meltdown"],"campfire_rested":1,"item_purchase_floors":[20,20,20,20,30,30,30,41,41,45],"current_hp_per_floor":[54,59,59,56,52,52,34,33,33,16,20,20,12,12,12,12,63,39,39,39,23,23,3,27,21,21,21,33,17,17,15,30,8,62,50,38,38,38,29,47,47,47,47,65,65,65,65,65,80,65],"gold":169,"neow_bonus":"ONE_RANDOM_RARE_CARD","is_daily":false,"chose_seed":false,"campfire_upgraded":8,"win_rate":0.0,"timestamp":1610756385,"path_taken":["M","?","?","?","M","R","E","M","T","E","M","R","M","?","R","BOSS","M","?","$","M","?","E","R","M","T","?","R","E","$","M","R","BOSS","M","M","?","?","M","R","?","M","T","R","$","E","?","M","R","BOSS"],"items_purchased_type":["Relic","Card","Card","Card","Relic","Card","Card","Card","Card","Card"],"build_version":"2020-12-22","purchased_purges":2,"victory":true,"max_hp_per_floor":[75,80,80,80,80,80,80,80,80,80,80,80,80,80,80,80,80,80,80,80,80,80,80,80,80,80,80,80,80,80,80,80,80,80,80,80,80,80,80,80,80,80,80,80,80,80,80,80,80,80],"card_choices":[{"not_picked":["MokouMod:BurningDraft","MokouMod:IgnitionBarrier"],"picked":"MokouMod:ResonanceReactor","floor":1},{"not_picked":["MokouMod:RoaringFlare","MokouMod:FujiyamaVolcano"],"picked":"MokouMod:RisingSunBarrier","floor":5},{"not_picked":["MokouMod:DanceofFlames","MokouMod:IgneousBlow"],"picked":"MokouMod:FlickeringFlame","floor":7},{"not_picked":["MokouMod:ThermalPressure","MokouMod:EnchantingBambooForest"],"picked":"MokouMod:Sear","floor":8},{"not_picked":["MokouMod:Cataclysm","MokouMod:IgnitionBlast","MokouMod:FujiyamaVolcano"],"picked":"SKIP","floor":10},{"not_picked":["MokouMod:Trailblazer","MokouMod:Wildfire"],"picked":"MokouMod:RisingSunBarrier","floor":11},{"not_picked":["MokouMod:SearingShot","MokouMod:IgnitionBarrier"],"picked":"MokouMod:ResoluteFlare","floor":13},{"not_picked":["MokouMod:RadiantBlade","MokouMod:ResonatingAura"],"picked":"MokouMod:PhoenixForm","floor":16},{"not_picked":["MokouMod:AdaptivePyromancy+1","MokouMod:FujiyamaVolcano"],"picked":"MokouMod:BlazingComet+1","floor":18},{"not_picked":["MokouMod:Sear","MokouMod:ResoluteFlare"],"picked":"MokouMod:AdaptivePyromancy+1","floor":21},{"not_picked":["MokouMod:IllusoryBattlefield+1","MokouMod:FujiyamaVolcano+1"],"picked":"MokouMod:Overheat+1","floor":23},{"not_picked":["MokouMod:ShiftIgnition","MokouMod:GuidingSmoke"],"picked":"MokouMod:TemporalFireSeal+1","floor":25},{"not_picked":["MokouMod:ResonanceReactor+1","MokouMod:Firecracker"],"picked":"MokouMod:RisingSunBarrier","floor":29},{"not_picked":["MokouMod:RoaringFlare+1","MokouMod:ControlledCombustion"],"picked":"MokouMod:FlareStarter","floor":31},{"not_picked":["MokouMod:RadiantBlade","MokouMod:SearingBlow"],"picked":"MokouMod:HouraiForge","floor":33},{"not_picked":["MokouMod:CrimsonArmoury+1","MokouMod:Singe+1"],"picked":"MokouMod:FlickeringFlame+1","floor":35},{"not_picked":["MokouMod:Sear","MokouMod:AdaptivePyromancy+1"],"picked":"MokouMod:IndiscriminateIgnition+1","floor":36},{"not_picked":["MokouMod:FlareStarter","MokouMod:UncontrollableSolarReaction"],"picked":"MokouMod:Overheat+1","floor":39},{"not_picked":["MokouMod:ShiftIgnition+1","MokouMod:ControlledCombustion"],"picked":"MokouMod:IllusoryBattlefield","floor":42},{"not_picked":["MokouMod:WarmUp","MokouMod:ResoluteFlare","MokouMod:Ember+1"],"picked":"SKIP","floor":46},{"not_picked":["MokouMod:Singe","MokouMod:ControlledCombustion","MokouMod:Trailblazer"],"picked":"SKIP","floor":48}],"player_experience":1386758,"relics_obtained":[{"floor":7,"key":"Tiny Chest"},{"floor":9,"key":"CeramicFish"},{"floor":10,"key":"MawBank"},{"floor":22,"key":"Torii"},{"floor":23,"key":"CaptainsWheel"},{"floor":26,"key":"Eternal Feather"},{"floor":27,"key":"Regal Pillow"},{"floor":29,"key":"Incense Burner"},{"floor":34,"key":"Nunchaku"},{"floor":34,"key":"CrazyTorch:ReiMu"},{"floor":34,"key":"construct:BoolHorns"},{"floor":43,"key":"FossilizedHelix"},{"floor":46,"key":"Bag of Marbles"},{"floor":47,"key":"StrikeDummy"}],"event_choices":[{"damage_healed":0,"gold_gain":0,"player_choice":"Donut","damage_taken":0,"max_hp_gain":5,"max_hp_loss":0,"event_name":"Big Fish","floor":2,"gold_loss":0},{"cards_removed":["MokouMod:Strike"],"damage_healed":0,"gold_gain":0,"player_choice":"Card Removal","damage_taken":0,"max_hp_gain":0,"max_hp_loss":0,"event_name":"The Cleric","floor":3,"gold_loss":50},{"damage_healed":0,"gold_gain":0,"player_choice":"Success","damage_taken":3,"relics_obtained":["Gremlin Horn"],"max_hp_gain":0,"max_hp_loss":0,"event_name":"Scrap Ooze","floor":4,"gold_loss":0},{"damage_healed":0,"gold_gain":0,"player_choice":"Left Gold","damage_taken":0,"max_hp_gain":0,"max_hp_loss":0,"event_name":"World of Goop","floor":14,"gold_loss":30},{"damage_healed":0,"gold_gain":0,"player_choice":"Ignored","damage_taken":0,"max_hp_gain":0,"max_hp_loss":0,"event_name":"OrinTheCat","floor":37,"gold_loss":0},{"damage_healed":0,"gold_gain":0,"player_choice":"Ignored","damage_taken":0,"max_hp_gain":0,"max_hp_loss":0,"event_name":"Tomb of Lord Red Mask","floor":38,"gold_loss":0}],"is_beta":false,"boss_relics":[{"not_picked":["Runic Dome","Velvet Choker"],"picked":"Empty Cage"},{"not_picked":["Sozu","Pandora\u0027s Box"],"picked":"Calling Bell"}],"items_purged_floors":[30,41],"is_endless":false,"potions_floor_spawned":[1,7,8,11,13,18,25,42,48],"ascension_level":7}}