{"host":"08t08ld674si40tv","time":1610777896,"event":{"mods":["AchievementEnabler","BaseMod","Colored Map","Minty Spire (QoL Compilation)","StSLib","SuperFastMode"],"gold_per_floor":[112,37,53,67,28,28,63,63,63,93,108,108,122,5,5,104,104,122,122,122,22,42,68,81,101,126,140,140,167,167,42,42,119,119,139,139,152,152,2,2,30,42,105,135,179,201,239,262,274,286,298,310,322,2,31,31],"floor_reached":57,"language":"KOR","playtime":1896,"items_purged":["Strike_R","Strike_R","Reckless Charge","Bash+1","Defend_R"],"score":3480,"play_id":"95d176dc-da0a-4d37-9a0b-30e049dc3d03","local_time":"20210116151816","is_ascension_mode":true,"campfire_choices":[{"data":"Dark Embrace","floor":6.0,"key":"SMITH"},{"data":"Rage","floor":8.0,"key":"SMITH"},{"data":"Bash","floor":15.0,"key":"SMITH"},{"data":"Offering","floor":28.0,"key":"SMITH"},{"data":"Burning Pact","floor":32,"key":"SMITH"},{"data":"Exhume","floor":40,"key":"SMITH"},{"data":"Shrug It Off","floor":42,"key":"SMITH"},{"data":"Dropkick","floor":49,"key":"SMITH"},{"data":"Dropkick","floor":53,"key":"SMITH"}],"circlet_count":0,"master_deck":["AscendersBane","Burning Pact+1","Dark Embrace+1","Rage+1","Dropkick+1","Dropkick+1","Offering+1","Shrug It Off+1","Exhume+1","Trip","Shockwave"],"relics":["Burning Blood","Black Blood","NeowsBlessing","Ornamental Fan","Toy Ornithopter","Blue Candle","Bloody Idol","Empty Cage","Oddly Smooth Stone","Centennial Puzzle","Strawberry","Runic Dome","Shuriken","MawBank","Bag of Preparation","Vajra","Anchor","Medical Kit","Ice Cream"],"acts_visited":["Exordium","TheCity","TheBeyond","TheEnding"],"potions_floor_usage":[29,41,56,56],"damage_taken":[{"damage":0.0,"enemies":"Jaw Worm","floor":1.0,"turns":1.0},{"damage":0.0,"enemies":"2 Louse","floor":3.0,"turns":1.0},{"damage":0.0,"enemies":"Cultist","floor":4.0,"turns":1.0},{"damage":37.0,"enemies":"Lagavulin","floor":7.0,"turns":6.0},{"damage":20.0,"enemies":"3 Sentries","floor":10.0,"turns":11.0},{"damage":45.0,"enemies":"Exordium Wildlife","floor":11.0,"turns":10.0},{"damage":7.0,"enemies":"Looter","floor":13.0,"turns":4.0},{"damage":0.0,"enemies":"Hexaghost","floor":16.0,"turns":2.0},{"damage":44.0,"enemies":"Spheric Guardian","floor":18.0,"turns":6.0},{"damage":7.0,"enemies":"3 Byrds","floor":22.0,"turns":4.0},{"damage":6.0,"enemies":"Book of Stabbing","floor":23.0,"turns":2.0},{"damage":10.0,"enemies":"Centurion and Healer","floor":24.0,"turns":3.0},{"damage":111.0,"enemies":"Sentry and Sphere","floor":25.0,"turns":10.0},{"damage":21.0,"enemies":"Cultist and Chosen","floor":27.0,"turns":4.0},{"damage":6,"enemies":"Gremlin Leader","floor":29,"turns":2},{"damage":6,"enemies":"Champ","floor":33,"turns":2},{"damage":6,"enemies":"3 Darklings","floor":35,"turns":5},{"damage":6,"enemies":"Orb Walker","floor":37,"turns":1},{"damage":6,"enemies":"Reptomancer","floor":41,"turns":1},{"damage":6,"enemies":"3 Darklings","floor":44,"turns":1},{"damage":6,"enemies":"Giant Head","floor":45,"turns":1},{"damage":6,"enemies":"Transient","floor":46,"turns":1},{"damage":6,"enemies":"Nemesis","floor":47,"turns":1},{"damage":6,"enemies":"Jaw Worm Horde","floor":48,"turns":1},{"damage":12,"enemies":"Donu and Deca","floor":50,"turns":1},{"damage":12,"enemies":"Time Eater","floor":51,"turns":5},{"damage":6,"enemies":"Shield and Spear","floor":55,"turns":1},{"damage":12,"enemies":"The Heart","floor":56,"turns":4}],"seed_played":"-7167473789413021246","potions_obtained":[{"floor":1.0,"key":"EntropicBrew"},{"floor":4.0,"key":"AttackPotion"},{"floor":10.0,"key":"LiquidMemories"},{"floor":18.0,"key":"BlessingOfTheForge"},{"floor":27.0,"key":"SkillPotion"},{"floor":33,"key":"Weak Potion"},{"floor":37,"key":"FearPotion"},{"floor":45,"key":"Swift Potion"}],"is_trial":false,"path_per_floor":["M","?","M","M","$","R","E","R","T","E","M","?","M","$","R","B",null,"M","?","?","$","M","E","M","M","T","M","R","E","?","$","R","B",null,"M","?","M","?","$","R","E","R","T","M","E","M","E","M","R","B","B",null,"R","$","E","B",null],"character_chosen":"IRONCLAD","items_purchased":["Rage","Dropkick","Medical Kit"],"campfire_rested":0,"item_purchase_floors":[5,14,54],"current_hp_per_floor":[75,75,75,75,75,75,56,56,56,59,32,32,43,43,43,66,68,42,42,42,42,58,68,68,45,50,52,52,75,75,75,75,75,75,75,65,75,75,75,75,75,75,75,75,75,75,75,75,75,75,75,75,75,75,75,75],"gold":31,"neow_bonus":"THREE_ENEMY_KILL","is_daily":false,"chose_seed":false,"campfire_upgraded":9,"win_rate":0.0,"timestamp":1610777896,"path_taken":["M","?","M","M","$","R","E","R","T","E","M","?","M","?","R","BOSS","M","?","?","$","M","E","M","M","T","M","R","E","?","$","R","BOSS","M","?","M","?","$","R","E","R","T","M","E","M","E","M","R","BOSS","BOSS","R","$","E","BOSS"],"items_purchased_type":["Card","Card","Relic"],"build_version":"2020-12-22","purchased_purges":5,"victory":true,"max_hp_per_floor":[75,75,75,75,75,75,75,75,75,75,75,68,68,68,68,68,68,68,68,68,68,68,68,68,68,68,68,68,75,75,75,75,75,75,75,75,75,75,75,75,75,75,75,75,75,75,75,75,75,75,75,75,75,75,75,75],"card_choices":[{"not_picked":["Combust","Clothesline"],"picked":"Burning Pact","floor":1.0},{"not_picked":["Rampage","Flame Barrier"],"picked":"Dark Embrace","floor":3.0},{"not_picked":["Wild Strike","Twin Strike","Pummel"],"picked":"SKIP","floor":4.0},{"not_picked":["Flex","Pummel","Searing Blow"],"picked":"SKIP","floor":7.0},{"not_picked":["Heavy Blade","Clothesline","Ghostly Armor"],"picked":"SKIP","floor":10.0},{"not_picked":["Clothesline","Burning Pact","Wild Strike"],"picked":"SKIP","floor":11.0},{"not_picked":["Perfected Strike","Shrug It Off"],"picked":"Dropkick","floor":13.0},{"not_picked":["Fiend Fire","Demon Form"],"picked":"Offering","floor":16.0},{"not_picked":["Heavy Blade","Flame Barrier","Sword Boomerang"],"picked":"SKIP","floor":18.0},{"not_picked":["Clash","Dropkick","Shrug It Off"],"picked":"SKIP","floor":22.0},{"not_picked":["Clash","Dropkick","Shrug It Off"],"picked":"SKIP","floor":22.0},{"not_picked":["Hemokinesis","Pummel","Body Slam"],"picked":"SKIP","floor":23.0},{"not_picked":["Heavy Blade","Carnage","Twin Strike"],"picked":"SKIP","floor":24.0},{"not_picked":["Sword Boomerang","Wild Strike"],"picked":"Shrug It Off","floor":25.0},{"not_picked":["Blood for Blood","Ghostly Armor","Flex"],"picked":"SKIP","floor":27.0},{"not_picked":["Clothesline","Rupture","Ghostly Armor"],"picked":"SKIP","floor":29},{"not_picked":["Perfected Strike","Infernal Blade","Rampage"],"picked":"SKIP","floor":35},{"not_picked":["Impatience","Blind"],"picked":"Trip","floor":36},{"not_picked":["Wild Strike+1","Anger"],"picked":"Shockwave","floor":37},{"not_picked":["Armaments+1","Combust","Wild Strike"],"picked":"SKIP","floor":41},{"not_picked":["Hemokinesis","Clothesline+1","Infernal Blade+1"],"picked":"SKIP","floor":44},{"not_picked":["Headbutt","Ghostly Armor","Demon Form"],"picked":"SKIP","floor":45},{"not_picked":["Iron Wave+1","Spot Weakness","Carnage"],"picked":"SKIP","floor":46},{"not_picked":["Flame Barrier","Spot Weakness","Clothesline"],"picked":"SKIP","floor":47},{"not_picked":["Rage+1","Burning Pact+1","Second Wind"],"picked":"SKIP","floor":48},{"not_picked":["Uppercut","Intimidate+1","Cleave"],"picked":"SKIP","floor":55}],"player_experience":230251,"relics_obtained":[{"floor":7.0,"key":"Ornamental Fan"},{"floor":9.0,"key":"Toy Ornithopter"},{"floor":10.0,"key":"Blue Candle"},{"floor":23.0,"key":"Oddly Smooth Stone"},{"floor":26.0,"key":"Centennial Puzzle"},{"floor":29,"key":"Strawberry"},{"floor":41,"key":"MawBank"},{"floor":43,"key":"Bag of Preparation"},{"floor":45,"key":"Anchor"},{"floor":47,"key":"Vajra"},{"floor":55,"key":"Ice Cream"}],"event_choices":[{"cards_removed":["Strike_R"],"damage_healed":0.0,"max_hp_gain":0.0,"max_hp_loss":0.0,"gold_gain":0.0,"event_name":"The Cleric","player_choice":"Card Removal","floor":2.0,"gold_loss":75.0,"damage_taken":0.0},{"damage_healed":0.0,"max_hp_gain":0.0,"max_hp_loss":7.0,"gold_gain":0.0,"event_name":"Golden Idol","player_choice":"Lose Max HP","floor":12.0,"gold_loss":0.0,"damage_taken":0.0,"relics_obtained":["Golden Idol"]},{"damage_healed":0.0,"max_hp_gain":0.0,"max_hp_loss":0.0,"gold_gain":0.0,"event_name":"Vampires","player_choice":"Ignored","floor":19.0,"gold_loss":0.0,"damage_taken":0.0},{"damage_healed":0.0,"max_hp_gain":0.0,"max_hp_loss":0.0,"gold_gain":0.0,"event_name":"Forgotten Altar","player_choice":"Gave Idol","floor":20.0,"relics_lost":["Golden Idol"],"gold_loss":0.0,"damage_taken":0.0,"relics_obtained":["Bloody Idol"]},{"damage_healed":0,"gold_gain":0,"cards_transformed":["Defend_R","Defend_R"],"player_choice":"Became Test Subject","damage_taken":0,"max_hp_gain":0,"max_hp_loss":0,"event_name":"Drug Dealer","floor":30,"gold_loss":0,"cards_obtained":["Exhume","Reckless Charge"]},{"damage_healed":0,"gold_gain":0,"player_choice":"Memory 3","damage_taken":10,"max_hp_gain":0,"max_hp_loss":0,"event_name":"SensoryStone","floor":36,"gold_loss":0},{"cards_removed":["Defend_R"],"damage_healed":0,"gold_gain":0,"player_choice":"Removed Skill","damage_taken":0,"max_hp_gain":0,"max_hp_loss":0,"event_name":"Falling","floor":38,"gold_loss":0}],"is_beta":false,"boss_relics":[{"not_picked":["SacredBark","Philosopher\u0027s Stone"],"picked":"Empty Cage"},{"not_picked":["Velvet Choker","Calling Bell"],"picked":"Runic Dome"}],"items_purged_floors":[14,21,31,39,54],"is_endless":false,"potions_floor_spawned":[1,4,10,18,27,33,37,45,48],"ascension_level":20}}