{"host":"fjaupvxe7fzqrf4j","time":1610763173,"event":{"mods":["ATMod(°¢èªMod)","BaseMod","Minty Spire (QoL Compilation)","StSLib"],"gold_per_floor":[111,186,22,22,22,56,81,108,134,167,196,221,64,94,94,173,173,189,216,216,141,141,167,196,229,229,262,262,290,319,354,354,425,425,436,454,354,400,109,136,462,489,489,489,519,553,553,587,587,587,587,587,587,189,218,218],"floor_reached":57,"language":"ZHS","playtime":1548,"items_purged":["AT_WindFlip","Underhanded Strike","Dagger Throw","Blade Dance+1"],"score":4841,"play_id":"9f937009-3c8f-470d-8cb8-b3c08988d9d2","local_time":"20210116101253","daily_mods":["SealedDeck","Heirloom","Time Dilation","Flight","Elite Swarm"],"is_ascension_mode":true,"campfire_choices":[{"data":"Tactician","floor":15.0,"key":"SMITH"},{"data":"Well Laid Plans","floor":28.0,"key":"SMITH"},{"data":"AT_DarkMatter","floor":32.0,"key":"SMITH"},{"data":"Adrenaline","floor":44.0,"key":"SMITH"},{"floor":49,"key":"RECALL"},{"data":"Expertise","floor":53,"key":"SMITH"}],"circlet_count":0,"master_deck":["AscendersBane","Well Laid Plans+1","Acrobatics+1","Backflip","Expertise+1","Calculated Gamble","Tactician+1","Escape Plan+1","AT_DarkMatter+1","Grand Finale+1","Adrenaline+1","Concentrate","After Image","Footwork"],"relics":["Ring of the Snake","AT_ATBox","The Specimen","War Paint","Juzu Bracelet","AT_EbonyIvory","Blood Vial","Happy Flower","Lantern","Bottled Tornado","AT_SeraphEmbrace","TheAbacus","Meat on the Bone","AT_TrinityForce","Red Mask","AT_Manta","Sundial","Pen Nib","Gambling Chip","Du-Vu Doll","Torii","MealTicket","AT_ForceNature","Coffee Dripper","Tingsha","Whetstone","AT_SilvercatRing","Old Coin","Oddly Smooth Stone","Incense Burner","Kunai","AT_RedTearstoneRing","Lee\u0027s Waffle","AT_GuinsooRageblade"],"acts_visited":["Exordium","TheCity","TheBeyond","TheEnding"],"potions_floor_usage":[56],"damage_taken":[{"damage":0.0,"enemies":"Small Slimes","floor":1.0,"turns":1.0},{"damage":0.0,"enemies":"Lagavulin","floor":6.0,"turns":2.0},{"damage":0.0,"enemies":"Gremlin Nob","floor":7.0,"turns":1.0},{"damage":10.0,"enemies":"3 Sentries","floor":8.0,"turns":3.0},{"damage":0.0,"enemies":"Lagavulin","floor":10.0,"turns":1.0},{"damage":0.0,"enemies":"Gremlin Nob","floor":11.0,"turns":1.0},{"damage":0.0,"enemies":"3 Sentries","floor":12.0,"turns":1.0},{"damage":0.0,"enemies":"Gremlin Nob","floor":14.0,"turns":1.0},{"damage":0.0,"enemies":"Slime Boss","floor":16.0,"turns":1.0},{"damage":0.0,"enemies":"Chosen","floor":18.0,"turns":1.0},{"damage":0.0,"enemies":"Masked Bandits","floor":19.0,"turns":1.0},{"damage":0.0,"enemies":"Book of Stabbing","floor":23.0,"turns":1.0},{"damage":0.0,"enemies":"Gremlin Leader","floor":24.0,"turns":1.0},{"damage":0.0,"enemies":"Book of Stabbing","floor":25.0,"turns":1.0},{"damage":0.0,"enemies":"Gremlin Leader","floor":27.0,"turns":1.0},{"damage":0.0,"enemies":"Book of Stabbing","floor":29.0,"turns":1.0},{"damage":0.0,"enemies":"Slavers","floor":30.0,"turns":1.0},{"damage":0.0,"enemies":"Gremlin Leader","floor":31.0,"turns":1.0},{"damage":0.0,"enemies":"Automaton","floor":33.0,"turns":1.0},{"damage":0.0,"enemies":"3 Darklings","floor":35.0,"turns":1.0},{"damage":0.0,"enemies":"Orb Walker","floor":36.0,"turns":1.0},{"damage":0.0,"enemies":"2 Orb Walkers","floor":38.0,"turns":1.0},{"damage":0.0,"enemies":"Reptomancer","floor":40.0,"turns":1.0},{"damage":0.0,"enemies":"Nemesis","floor":41.0,"turns":1.0},{"damage":0.0,"enemies":"Reptomancer","floor":42.0,"turns":1.0},{"damage":0.0,"enemies":"Giant Head","floor":45.0,"turns":1.0},{"damage":0.0,"enemies":"Nemesis","floor":46.0,"turns":1.0},{"damage":0,"enemies":"Reptomancer","floor":48,"turns":1},{"damage":0,"enemies":"Donu and Deca","floor":50,"turns":1},{"damage":0,"enemies":"Awakened One","floor":51,"turns":2},{"damage":0,"enemies":"Shield and Spear","floor":55,"turns":1},{"damage":0,"enemies":"The Heart","floor":56,"turns":4}],"seed_played":"-2080209994931716882","potions_obtained":[{"floor":8.0,"key":"PowerPotion"},{"floor":19.0,"key":"SkillPotion"},{"floor":33.0,"key":"Swift Potion"}],"is_trial":true,"path_per_floor":["M","?","$","?","?","E","E","E","T","E","E","E","$","E","R","B",null,"M","?","?","$","?","E","E","E","T","E","R","E","E","E","R","B",null,"M","M","$","?","$","E","E","E","T","R","E","E","?","E","R","B","B",null,"R","$","E","B",null],"character_chosen":"THE_SILENT","items_purchased":["War Paint","TheAbacus","Whetstone","Lee\u0027s Waffle","Footwork"],"campfire_rested":0,"item_purchase_floors":[3,13,39,54,54],"current_hp_per_floor":[59,48,48,48,53,53,53,43,43,45,47,49,49,51,51,53,67,69,71,71,71,71,71,71,71,71,71,71,71,71,71,71,71,71,71,71,71,71,71,71,71,71,71,71,71,71,71,71,71,71,71,71,71,78,78,78],"gold":218,"neow_bonus":"","is_daily":false,"chose_seed":false,"campfire_upgraded":5,"win_rate":0.0,"timestamp":1610763173,"path_taken":["M","?","$","?","?","E","E","E","T","E","E","E","?","E","R","BOSS","M","?","?","$","?","E","E","E","T","E","R","E","E","E","R","BOSS","M","M","$","?","$","E","E","E","T","R","E","E","?","E","R","BOSS","BOSS","R","$","E","BOSS"],"items_purchased_type":["Relic","Relic","Relic","Relic","Card"],"build_version":"2020-12-22","purchased_purges":4,"victory":true,"max_hp_per_floor":[66,66,66,66,71,71,71,71,71,71,71,71,71,71,71,71,71,71,71,71,71,71,71,71,71,71,71,71,71,71,71,71,71,71,71,71,71,71,71,71,71,71,71,71,71,71,71,71,71,71,71,71,71,78,78,78],"card_choices":[{"not_picked":["Dagger Throw","Deflect"],"picked":"Underhanded Strike","floor":1.0},{"not_picked":["Doppelganger","Glass Knife","Wraith Form v2"],"picked":"SKIP","floor":6.0},{"not_picked":["Doppelganger","Die Die Die","A Thousand Cuts"],"picked":"SKIP","floor":7.0},{"not_picked":["Die Die Die","Wraith Form v2"],"picked":"Grand Finale","floor":8.0},{"not_picked":["Storm of Steel","Envenom","Wraith Form v2"],"picked":"SKIP","floor":10.0},{"not_picked":["Glass Knife","Night Terror"],"picked":"Adrenaline","floor":11.0},{"not_picked":["Burst","Adrenaline","Storm of Steel"],"picked":"SKIP","floor":12.0},{"not_picked":["Corpse Explosion","Malaise","Adrenaline"],"picked":"SKIP","floor":14.0},{"not_picked":["Acrobatics","Sucker Punch","Underhanded Strike+1"],"picked":"SKIP","floor":18.0},{"not_picked":["Wraith Form v2","Venomology"],"picked":"After Image","floor":23.0},{"not_picked":["Glass Knife","Unload","Bullet Time"],"picked":"SKIP","floor":24.0},{"not_picked":["Phantasmal Killer","AT_MyraUnstableElement","Tools of the Trade"],"picked":"SKIP","floor":25.0},{"not_picked":["Venomology","AT_MyraUnstableElement","Wraith Form v2"],"picked":"SKIP","floor":27.0},{"not_picked":["Night Terror","Malaise","AT_EssenceShift"],"picked":"SKIP","floor":29.0},{"not_picked":["Glass Knife","AT_KingSlayer","AT_MyraUnstableElement"],"picked":"SKIP","floor":30.0},{"not_picked":["After Image","Grand Finale","Doppelganger"],"picked":"SKIP","floor":31.0},{"not_picked":["AT_FocusSwordFire","Blur","Dagger Throw"],"picked":"SKIP","floor":35.0},{"not_picked":["AT_FocusSwordFire","Blur","Dagger Throw"],"picked":"SKIP","floor":35.0},{"not_picked":["Flying Knee","Quick Slash+1","Cloak And Dagger"],"picked":"SKIP","floor":36.0},{"not_picked":["Grand Finale","A Thousand Cuts","AT_EssenceShift"],"picked":"SKIP","floor":40.0},{"not_picked":["Grand Finale","Unload","AT_MyraUnstableElement"],"picked":"SKIP","floor":41.0},{"not_picked":["Bullet Time","Wraith Form v2","Glass Knife"],"picked":"SKIP","floor":42.0},{"not_picked":["After Image","Envenom","AT_KingSlayer"],"picked":"SKIP","floor":45.0},{"not_picked":["Bullet Time","Unload","AT_KingSlayer"],"picked":"SKIP","floor":46.0},{"not_picked":["Unload","Burst","Corpse Explosion"],"picked":"SKIP","floor":48},{"not_picked":["Venomology","Tools of the Trade","AT_MyraUnstableElement"],"picked":"SKIP","floor":55}],"player_experience":454225,"relics_obtained":[{"floor":6.0,"key":"Juzu Bracelet"},{"floor":7.0,"key":"AT_EbonyIvory"},{"floor":8.0,"key":"Blood Vial"},{"floor":9.0,"key":"Happy Flower"},{"floor":10.0,"key":"Lantern"},{"floor":11.0,"key":"Bottled Tornado"},{"floor":12.0,"key":"AT_ArchangelStaff"},{"floor":14.0,"key":"Meat on the Bone"},{"floor":19.0,"key":"Red Mask"},{"floor":23.0,"key":"AT_Manta"},{"floor":24.0,"key":"Sundial"},{"floor":25.0,"key":"Pen Nib"},{"floor":26.0,"key":"Gambling Chip"},{"floor":27.0,"key":"Du-Vu Doll"},{"floor":29.0,"key":"Torii"},{"floor":30.0,"key":"MealTicket"},{"floor":31.0,"key":"AT_ForceNature"},{"floor":38.0,"key":"Tingsha"},{"floor":40.0,"key":"AT_SilvercatRing"},{"floor":41.0,"key":"Old Coin"},{"floor":42.0,"key":"Oddly Smooth Stone"},{"floor":45.0,"key":"Incense Burner"},{"floor":46.0,"key":"Kunai"},{"floor":48,"key":"AT_RedTearstoneRing"},{"floor":55,"key":"AT_GuinsooRageblade"}],"event_choices":[{"damage_healed":0.0,"max_hp_gain":0.0,"max_hp_loss":0.0,"gold_gain":75.0,"event_name":"World of Goop","player_choice":"Gather Gold","floor":2.0,"gold_loss":0.0,"damage_taken":11.0},{"damage_healed":0.0,"max_hp_gain":0.0,"max_hp_loss":0.0,"gold_gain":0.0,"event_name":"Liars Game","player_choice":"Ignored","floor":4.0,"gold_loss":0.0,"damage_taken":0.0},{"damage_healed":0.0,"max_hp_gain":5.0,"max_hp_loss":0.0,"gold_gain":0.0,"event_name":"Big Fish","player_choice":"Donut","floor":5.0,"gold_loss":0.0,"damage_taken":0.0},{"damage_healed":0.0,"max_hp_gain":0.0,"max_hp_loss":0.0,"gold_gain":0.0,"event_name":"Masked Bandits","player_choice":"Fought Bandits","floor":19.0,"gold_loss":0.0,"damage_taken":0.0},{"damage_healed":0.0,"max_hp_gain":0.0,"max_hp_loss":0.0,"gold_gain":0.0,"event_name":"The Library","player_choice":"Read","floor":20.0,"gold_loss":0.0,"damage_taken":0.0,"cards_obtained":["Concentrate"]},{"damage_healed":0.0,"max_hp_gain":0.0,"max_hp_loss":0.0,"gold_gain":0.0,"event_name":"Vampires","player_choice":"Ignored","floor":22.0,"gold_loss":0.0,"damage_taken":0.0},{"damage_healed":0.0,"max_hp_gain":0.0,"max_hp_loss":0.0,"gold_gain":0.0,"event_name":"Mysterious Sphere","player_choice":"Fight","floor":38.0,"gold_loss":0.0,"damage_taken":0.0},{"damage_healed":0,"gold_gain":0,"player_choice":"Memory 1","damage_taken":0,"max_hp_gain":0,"max_hp_loss":0,"event_name":"SensoryStone","floor":47,"gold_loss":0}],"is_beta":false,"boss_relics":[{"not_picked":["Fusion Hammer","Velvet Choker"],"picked":"AT_TrinityForce"},{"not_picked":["Philosopher\u0027s Stone","Busted Crown"],"picked":"Coffee Dripper"}],"items_purged_floors":[21,37,39,54],"is_endless":false,"potions_floor_spawned":[8,10,12,16,19,25,29,30,33,38,40,42,45,48,55],"ascension_level":20}}