{"host":"d85gwtocd8go8gx0","time":1610787795,"event":{"mods":["BaseMod","Highlight Path","Minty Spire (QoL Compilation)","Permanent Neow","Quick Restart","UnlockEverythingMod"],"gold_per_floor":[113,113,127,127,24,59,59,93,93,104,119,129,129,159,159,159,159],"floor_reached":16,"language":"ENG","playtime":518,"items_purged":[],"score":240,"play_id":"8b55e178-b192-4b09-bc69-c1a111c039ca","local_time":"20210116010315","is_ascension_mode":true,"campfire_choices":[{"floor":7,"key":"REST"},{"floor":15,"key":"REST"}],"circlet_count":0,"master_deck":["AscendersBane","Strike_R","Strike_R","Strike_R","Strike_R","Defend_R","Defend_R","Defend_R","Defend_R","Bash+1","Perfected Strike","Spot Weakness","Clothesline","Bash","Inflame","Flash of Steel","Ghostly Armor","Heavy Blade","Perfected Strike","Warcry","Spot Weakness","Inflame"],"relics":["Burning Blood","Ice Cream","Magic Flower","Mummified Hand","Calipers"],"acts_visited":["Exordium"],"potions_floor_usage":[6,14,14],"damage_taken":[{"damage":1.0,"enemies":"Cultist","floor":1.0,"turns":3.0},{"damage":10.0,"enemies":"Small Slimes","floor":3.0,"turns":4.0},{"damage":45,"enemies":"Lagavulin","floor":6,"turns":7},{"damage":29,"enemies":"Gremlin Nob","floor":8,"turns":4},{"damage":2,"enemies":"Jaw Worm","floor":10,"turns":4},{"damage":16,"enemies":"Blue Slaver","floor":11,"turns":3},{"damage":14,"enemies":"Exordium Wildlife","floor":12,"turns":3},{"damage":20,"enemies":"3 Sentries","floor":14,"turns":6},{"damage":36,"enemies":"Slime Boss","floor":16,"turns":6}],"seed_played":"-1408345018084532579","potions_obtained":[{"floor":1.0,"key":"Weak Potion"},{"floor":6,"key":"Explosive Potion"},{"floor":8,"key":"GamblersBrew"}],"is_trial":false,"path_per_floor":["M","$","M","?","$","E","R","E","T","M","M","M","?","E","R","B"],"character_chosen":"IRONCLAD","items_purchased":["Flash of Steel"],"campfire_rested":2,"item_purchase_floors":[5],"current_hp_per_floor":[73,73,69,69,69,30,52,29,29,36,29,24,24,13,35,0,0],"gold":159,"neow_bonus":"TRANSFORM_CARD","is_daily":false,"chose_seed":false,"campfire_upgraded":0,"win_rate":0.0,"timestamp":1610787795,"path_taken":["M","?","M","?","$","E","R","E","T","?","M","M","?","E","R","BOSS"],"items_purchased_type":["Card"],"build_version":"2020-12-22","purchased_purges":0,"victory":false,"max_hp_per_floor":[75,75,75,75,75,75,75,75,75,75,75,75,75,75,75,75,75],"card_choices":[{"not_picked":["Battle Trance","True Grit"],"picked":"Spot Weakness","floor":1.0},{"not_picked":["Second Wind","Rampage"],"picked":"Clothesline","floor":3.0},{"not_picked":["Battle Trance","Wild Strike"],"picked":"Ghostly Armor","floor":6},{"not_picked":["Wild Strike","Fiend Fire"],"picked":"Heavy Blade","floor":8},{"not_picked":["Twin Strike","Clash"],"picked":"Perfected Strike","floor":10},{"not_picked":["Carnage","Body Slam"],"picked":"Warcry","floor":11},{"not_picked":["Infernal Blade","Heavy Blade"],"picked":"Spot Weakness","floor":12},{"not_picked":["Sentinel","Anger"],"picked":"Inflame","floor":14}],"player_experience":14478,"relics_obtained":[{"floor":6,"key":"Ice Cream"},{"floor":8,"key":"Magic Flower"},{"floor":9,"key":"Mummified Hand"},{"floor":14,"key":"Calipers"}],"event_choices":[{"damage_healed":0,"gold_gain":0,"player_choice":"2 cards matched","damage_taken":0,"max_hp_gain":0,"max_hp_loss":0,"event_name":"Match and Keep!","floor":4,"gold_loss":0,"cards_obtained":["Bash","Inflame"]},{"damage_healed":0,"gold_gain":0,"player_choice":"Grow","damage_taken":0,"max_hp_gain":0,"max_hp_loss":0,"event_name":"Living Wall","floor":13,"gold_loss":0,"cards_upgraded":["Bash"]}],"is_beta":false,"boss_relics":[],"items_purged_floors":[],"is_endless":false,"potions_floor_spawned":[1,6,8,12],"killed_by":"Slime Boss","ascension_level":20}}