{"host":"2c1pg2m9wpz3w4c0","time":1610822700,"event":{"mods":["AchievementEnabler","Act Like it!","Aspiration","BaseMod","Better Note","BetterRewards","Curses Come First","Disable Question Mark Monsters","Halation","Hubris","Infinite Spire","Lotus Mark","Marisa????????","Minty Spire (QoL Compilation)","Replay The Spire","StSLib","SuperFastMode","The Clintock","The Jungle","The Marked","The Runesmith","Transform Curses"],"gold_per_floor":[114,125,125,136,136,136,103,116,143,143,153,166,166,180,180,283,283,296,296,296,316,316,316],"floor_reached":22,"language":"ENG","playtime":1209,"items_purged":[],"score":303,"play_id":"049f110f-b0c3-4a43-b48b-a8a5f624d0fc","local_time":"20210116114500","is_ascension_mode":false,"campfire_choices":[{"data":"Runesmith:Fortify","floor":6,"key":"SMITH"},{"floor":15,"key":"REST"}],"circlet_count":0,"master_deck":["Runesmith:Strike_RS","Runesmith:Strike_RS","Runesmith:Strike_RS","Runesmith:Defend_RS","Runesmith:Defend_RS","Runesmith:Defend_RS","Runesmith:Defend_RS","Runesmith:CraftFirestone","Runesmith:Fortify+1","Runesmith:LithiumIon","Runesmith:DoubleUp","Runesmith:ChiselStab","Bandage Up","Runesmith:EarthShield+1","Runesmith:PoweredAnvil","Runesmith:NanitesCloud+1","Runesmith:NanitesCloud","Runesmith:EarthShield","Runesmith:HammerThrow","Runesmith:Repurpose+1","Runesmith:Retool+1","Runesmith:HammerAndChisel+1","Runesmith:PerfectChisel","Runesmith:CraftProtectio+1","Runesmith:HammerThrow","Runesmith:CraftIndustria+1","Runesmith:CreatorForm","Runesmith:Accelerate+1","Runesmith:Malloc+1","Runesmith:Duplicate+1","Runesmith:ChiselStab","Exhume+1","Runesmith:HammerTime"],"relics":["Runesmith:BrokenRuby","Shovel","Unceasing Top","Toxic Egg 2","Dream Catcher","Astrolabe","Runesmith:AutoHammer"],"acts_visited":["Exordium","theJungle:Jungle"],"potions_floor_usage":[4,16,18],"damage_taken":[{"damage":0,"enemies":"2 Louse","floor":1,"turns":3},{"damage":0,"enemies":"Cultist","floor":2,"turns":5},{"damage":0,"enemies":"Small Slimes","floor":4,"turns":3},{"damage":2,"enemies":"Looter","floor":8,"turns":4},{"damage":4,"enemies":"Blue Slaver","floor":11,"turns":7},{"damage":9,"enemies":"2 Fungi Beasts","floor":12,"turns":3},{"damage":3,"enemies":"Exordium Thugs","floor":14,"turns":6},{"damage":18,"enemies":"The Guardian","floor":16,"turns":11},{"damage":5,"enemies":"theJungle:5_Spyders","floor":18,"turns":10},{"damage":18,"enemies":"theJungle:Flameango_and_Byrd","floor":21,"turns":9},{"damage":46,"enemies":"theJungle:2_Flameangoes","floor":22,"turns":8}],"seed_played":"-8534927025635660038","potions_obtained":[{"floor":2,"key":"Doom Potion"},{"floor":11,"key":"SneckoOil"},{"floor":16,"key":"Swift Potion"}],"is_trial":false,"path_per_floor":["M","M","?","M","?","R","$","M","T","?","M","M","?","M","R","B",null,"M","?","$","M","M"],"character_chosen":"RUNESMITH_CLASS","items_purchased":["Runesmith:LithiumIon","Runesmith:DoubleUp","Shovel","Runesmith:ChiselStab","Bandage Up","Runesmith:EarthShield","Runesmith:PoweredAnvil","Runesmith:NanitesCloud","Adrenaline Potion","Runesmith:Retool+1","Runesmith:AutoHammer"],"campfire_rested":1,"item_purchase_floors":[0,0,0,0,0,0,0,0,0,7,20],"current_hp_per_floor":[46,50,50,54,54,54,54,56,56,42,42,33,56,57,70,56,70,65,65,55,41,0,0],"gold":316,"neow_bonus":"","is_daily":false,"chose_seed":false,"campfire_upgraded":1,"win_rate":0.0,"timestamp":1610822700,"path_taken":["M","M","?","M","?","R","$","?","T","?","M","M","?","M","R","BOSS","M","?","?","M","?"],"items_purchased_type":["Card","Card","Relic","Card","Card","Card","Card","Card","Potion","Card","Relic"],"build_version":"2020-12-22","purchased_purges":0,"victory":false,"max_hp_per_floor":[70,70,70,70,70,70,70,70,70,70,70,70,70,70,70,70,70,70,70,70,70,70,70],"card_choices":[{"not_picked":["Runesmith:Overpower","Runesmith:Repurpose"],"picked":"Runesmith:EarthShield","floor":1},{"not_picked":["Runesmith:CraftProtectio","Runesmith:BackupBattery"],"picked":"Runesmith:HammerThrow","floor":2},{"not_picked":["Runesmith:ShiftingStrike","Runesmith:ElementalConversion+1"],"picked":"Runesmith:Repurpose+1","floor":4},{"not_picked":["Runesmith:Overpower","Runesmith:ShiftingStrike"],"picked":"Runesmith:HammerAndChisel+1","floor":8},{"not_picked":["Runesmith:FieryHammer","Runesmith:Grindstone+1"],"picked":"Runesmith:PerfectChisel","floor":11},{"not_picked":["Runesmith:Electrocute","Runesmith:ChiselStab"],"picked":"Runesmith:CraftProtectio+1","floor":12},{"not_picked":["Runesmith:NegativeSpace+1","Runesmith:PerfectChisel"],"picked":"Runesmith:HammerThrow","floor":14},{"not_picked":["Runesmith:UnstableHammer","Runesmith:HeatExchange"],"picked":"Runesmith:CraftIndustria+1","floor":15},{"not_picked":["Runesmith:ArcReactor","Runesmith:LightningRod+1"],"picked":"Runesmith:CreatorForm","floor":16},{"not_picked":["Runesmith:PerfectChisel","Runesmith:HammerAndChisel+1"],"picked":"Runesmith:ChiselStab","floor":18},{"not_picked":["Runesmith:Electrocute","Runesmith:UnstableHammer"],"picked":"Runesmith:HammerTime","floor":21}],"player_experience":1185603,"relics_obtained":[{"floor":9,"key":"Dream Catcher"}],"event_choices":[{"damage_healed":0,"gold_gain":0,"player_choice":"Cursed","damage_taken":0,"max_hp_gain":0,"max_hp_loss":0,"event_name":"Wheel of Change","floor":5,"gold_loss":0,"cards_obtained":["Decay"]},{"damage_healed":0,"gold_gain":0,"player_choice":"Entered Light","damage_taken":14,"max_hp_gain":0,"max_hp_loss":0,"event_name":"Shining Light","floor":10,"gold_loss":0,"cards_upgraded":["Runesmith:NanitesCloud","Runesmith:EarthShield"]},{"damage_healed":23,"gold_gain":0,"player_choice":"Banana","damage_taken":0,"max_hp_gain":0,"max_hp_loss":0,"event_name":"Big Fish","floor":13,"gold_loss":0},{"cards_removed":["Bandage Up"],"damage_healed":0,"gold_gain":0,"player_choice":"Take \u0026 Give","damage_taken":0,"max_hp_gain":0,"max_hp_loss":0,"event_name":"betterNote:BetterNote","floor":19,"gold_loss":0,"cards_obtained":["Exhume"]}],"is_beta":false,"boss_relics":[{"not_picked":["Cursed Key","aspiration:RunicSpoon"],"picked":"Astrolabe"}],"items_purged_floors":[],"is_endless":false,"potions_floor_spawned":[2,11,16],"killed_by":"theJungle:2_Flameangoes","ascension_level":0}}