{"host":"nuce7grnusr8lpe2","time":1610795203,"event":{"mods":["Act Like it!","BaseMod","Better Third Choice","Gensokyo","Marisa????????","Minty Spire (QoL Compilation)","Prisma Mod","Rare Cards Sparkle","StSLib","Td1madao Mod","The Animator","The Servant 0.9.4","The Wild Card"],"gold_per_floor":[119,119,7,7,34,61,61,61,61,87,112,112,125,144,144,245,270,287,287,317,217,256,256,335,354,379,379,395,395,395,411,411,411,411],"floor_reached":33,"language":"ENG","playtime":2082,"items_purged":["animator:Strike","Gensokyo:AllTheWorldsEvil"],"score":277,"play_id":"06cde5aa-66a3-4fa8-8f29-0747d62fb486","local_time":"20210116120643","is_ascension_mode":false,"campfire_choices":[{"floor":7,"key":"RECALL"},{"floor":12,"key":"REST"},{"floor":15,"key":"REST"},{"floor":23,"key":"REST"},{"floor":27,"key":"REST"},{"floor":30,"key":"REST"},{"floor":32,"key":"REST"}],"circlet_count":0,"master_deck":["animator:Strike_Fate","animator:Defend_Fate","animator:Strike","animator:Strike","animator:Defend+1","animator:Defend+1","animator:Defend","animator:Alexander","animator:Rider","animator:Shuna","animator:Assassin+1","animator:Lancer","animator:EmiyaShirou","animator:RinTohsaka","animator:Illya","animator:Benimaru","animator:RoyMustang","animator:Gilgamesh+4","animator:Lancer","animator:Melzalgald+1","animator:Berserker+1","animator:Alexander","animator:Archer","Dash"],"relics":["animator:LivingPicture","animator:TheMissingPiece","PreservedInsect","White Beast Statue","Gremlin Horn","Sozu","War Paint","Bronze Scales"],"acts_visited":["Gensokyo:Gensokyo","Gensokyo:Gensokyoer"],"potions_floor_usage":[10,16,16,16,22],"damage_taken":[{"damage":2,"enemies":"Gensokyo:Gryphon","floor":1,"turns":5},{"damage":4,"enemies":"Gensokyo:Python","floor":5,"turns":4},{"damage":20,"enemies":"Gensokyo:Cirno","floor":6,"turns":12},{"damage":9,"enemies":"Gensokyo:Aya","floor":10,"turns":4},{"damage":0,"enemies":"Gensokyo:3_Fairies","floor":11,"turns":3},{"damage":14,"enemies":"Gensokyo:Gryphon_and_Rabbit","floor":13,"turns":7},{"damage":0,"enemies":"Gensokyo:Kitsune","floor":14,"turns":3},{"damage":38,"enemies":"Gensokyo:Kokoro","floor":16,"turns":6},{"damage":16,"enemies":"Gensokyo:Chomper","floor":18,"turns":4},{"damage":1,"enemies":"Gensokyo:2_Gloops","floor":20,"turns":4},{"damage":30,"enemies":"Gensokyo:Slime_Group","floor":22,"turns":6},{"damage":11,"enemies":"Gensokyo:Koishi","floor":24,"turns":3},{"damage":17,"enemies":"Gensokyo:3_Gloops","floor":25,"turns":5},{"damage":20,"enemies":"Gensokyo:Swordslinger","floor":28,"turns":4},{"damage":22,"enemies":"Gensokyo:Mirror_and_Dog","floor":31,"turns":4},{"damage":57,"enemies":"Gensokyo:Eiki","floor":33,"turns":4}],"seed_played":"-2641739775383368684","potions_obtained":[{"floor":6,"key":"Fire Potion"},{"floor":10,"key":"FearPotion"},{"floor":11,"key":"Strength Potion"},{"floor":13,"key":"FearPotion"},{"floor":14,"key":"AttackPotion"},{"floor":16,"key":"LiquidBronze"}],"is_trial":false,"path_per_floor":["M","?","$","?","M","E","R","T","T","E","M","R","M","M","R","B",null,"M","?","M","$","M","R","E","M","T","R","M","?","R","M","R","B"],"character_chosen":"THE_ANIMATOR","items_purchased":["animator:Lancer"],"campfire_rested":6,"item_purchase_floors":[3],"current_hp_per_floor":[70,70,70,70,66,46,46,46,46,38,38,59,45,45,66,29,74,58,58,57,57,27,49,38,23,23,45,25,25,47,25,47,0,0],"gold":411,"neow_bonus":"TEN_PERCENT_HP_BONUS","is_daily":false,"chose_seed":false,"campfire_upgraded":0,"win_rate":0.0,"timestamp":1610795203,"path_taken":["M","?","$","?","M","E","R","?","T","E","?","R","M","M","R","BOSS","M","?","M","$","M","R","E","M","T","R","M","?","R","M","R","BOSS"],"items_purchased_type":["Card"],"build_version":"2020-12-22","purchased_purges":2,"victory":false,"max_hp_per_floor":[72,72,72,72,72,72,72,72,72,73,73,73,73,73,73,74,74,74,74,74,74,74,74,74,76,76,76,76,76,76,76,76,76,76],"card_choices":[{"not_picked":["animator:ShinjiMatou","animator:HighElfArcher"],"picked":"animator:Shuna","floor":1},{"not_picked":["animator:HighElfArcher","animator:Shuna"],"picked":"animator:EmiyaShirou","floor":5},{"not_picked":["animator:Raven","animator:HighElfArcher","animator:Yoichi"],"picked":"SKIP","floor":6},{"not_picked":["animator:Assassin","animator:Rider"],"picked":"animator:RinTohsaka","floor":10},{"not_picked":["animator:Melzalgald","animator:Witch"],"picked":"animator:Illya","floor":11},{"not_picked":["animator:Rena","animator:Laby"],"picked":"animator:Benimaru","floor":13},{"not_picked":["animator:EmiyaShirou","animator:Spearman"],"picked":"animator:RoyMustang","floor":14},{"not_picked":["animator:Eve","animator:FeridBathory"],"picked":"animator:Gilgamesh","floor":16},{"not_picked":["animator:RinTohsaka","animator:Alexander"],"picked":"animator:Lancer","floor":18},{"not_picked":["animator:Geryuganshoop","animator:Rena"],"picked":"animator:Melzalgald+1","floor":20},{"not_picked":["animator:Spearman","animator:RinTohsaka"],"picked":"animator:Berserker+1","floor":22},{"not_picked":["animator:Elsword","animator:Assassin"],"picked":"animator:Alexander","floor":24},{"not_picked":["animator:Illya","animator:Berserker"],"picked":"animator:Archer","floor":25},{"not_picked":["animator:MaesHughes+1","animator:Add+1","animator:Benimaru"],"picked":"SKIP","floor":28},{"not_picked":["animator:Berserker","animator:Hakurou","animator:ElricAlphonse+1"],"picked":"SKIP","floor":31}],"player_experience":448458,"relics_obtained":[{"floor":6,"key":"PreservedInsect"},{"floor":9,"key":"White Beast Statue"},{"floor":10,"key":"Gremlin Horn"},{"floor":24,"key":"War Paint"},{"floor":26,"key":"Bronze Scales"}],"event_choices":[],"is_beta":false,"boss_relics":[{"not_picked":["animator:CursedBlade","Calling Bell"],"picked":"Sozu"}],"items_purged_floors":[3,21],"is_endless":false,"potions_floor_spawned":[6,10,11,13,14,16,18,20,22,24,25,28,31],"killed_by":"Gensokyo:Eiki","ascension_level":0}}