{"host":"msa0wxqjs3jv1k3j","time":1610807764,"event":{"mods":["AchievementEnabler","BaseMod","BetterRewards","Colored Map","Highlight Path","KOR Keyword Fix","Keyboard Shortcuts","Minty Spire (QoL Compilation)","Quick Restart","SuperFastMode","everything is the same but u backflip on backflip"],"gold_per_floor":[115,126,301,181,181,216,233,233,233],"floor_reached":8,"language":"KOR","playtime":417,"items_purged":["Doubt"],"score":56,"play_id":"3cf7d1e6-67fe-4ffb-a064-a5fefafd52a0","local_time":"20210116233604","is_ascension_mode":false,"campfire_choices":[],"circlet_count":0,"master_deck":["Strike_G","Strike_G","Strike_G","Strike_G","Strike_G","Defend_G","Defend_G","Defend_G","Defend_G+1","Defend_G+1","Survivor","Neutralize","Outmaneuver","PiercingWail","Cloak And Dagger"],"relics":["Ring of the Snake","Molten Egg 2"],"acts_visited":["Exordium"],"potions_floor_usage":[8,8],"damage_taken":[{"damage":0,"enemies":"2 Louse","floor":1,"turns":3},{"damage":0,"enemies":"Small Slimes","floor":2,"turns":4},{"damage":25,"enemies":"3 Sentries","floor":6,"turns":17},{"damage":4,"enemies":"Cultist","floor":7,"turns":5},{"damage":38,"enemies":"Lagavulin","floor":8,"turns":11}],"seed_played":"-5056754968195733601","potions_obtained":[{"floor":1,"key":"Fire Potion"},{"floor":7,"key":"Block Potion"}],"is_trial":false,"path_per_floor":["M","M","?","$","?","E","M","E"],"character_chosen":"THE_SILENT","items_purchased":["PiercingWail"],"campfire_rested":0,"item_purchase_floors":[4],"current_hp_per_floor":[77,77,77,77,62,37,33,0,0],"gold":233,"neow_bonus":"TEN_PERCENT_HP_BONUS","is_daily":false,"chose_seed":false,"campfire_upgraded":0,"win_rate":0.0,"timestamp":1610807764,"path_taken":["M","M","?","$","?","E","M","E"],"items_purchased_type":["Card"],"build_version":"2020-12-22","purchased_purges":1,"victory":false,"max_hp_per_floor":[77,77,77,77,77,77,77,77,77],"card_choices":[{"not_picked":["Calculated Gamble","Blur","Dagger Throw"],"picked":"SKIP","floor":1},{"not_picked":["Flying Knee","Slice"],"picked":"Outmaneuver","floor":2},{"not_picked":["Expertise","Choke+1","PiercingWail"],"picked":"SKIP","floor":6},{"not_picked":["Well Laid Plans","Outmaneuver"],"picked":"Cloak And Dagger","floor":7}],"player_experience":120109,"relics_obtained":[{"floor":6,"key":"Molten Egg 2"}],"event_choices":[{"damage_healed":0,"gold_gain":175,"player_choice":"AGREE","damage_taken":0,"max_hp_gain":0,"max_hp_loss":0,"event_name":"Liars Game","floor":3,"gold_loss":0,"cards_obtained":["Doubt"]},{"damage_healed":0,"gold_gain":0,"player_choice":"Entered Light","damage_taken":15,"max_hp_gain":0,"max_hp_loss":0,"event_name":"Shining Light","floor":5,"gold_loss":0,"cards_upgraded":["Defend_G","Defend_G"]}],"is_beta":false,"boss_relics":[],"items_purged_floors":[4],"is_endless":false,"potions_floor_spawned":[1,7],"killed_by":"Lagavulin","ascension_level":0}}