{"host":"obbn5gje3893ci3z","time":1610807914,"event":{"mods":["BaseMod","Colored Powertips","Minty Spire (QoL Compilation)","Yakumo Yukari mod"],"gold_per_floor":[137,62,80,97,28,28,46,46,71,88,99,111,145,160,160,262,262,243,143,143,18,34,34,49,67,67,100,100,117,133,144,144,247,247,262,112,125,125,140,167,178,178,178,206,206,256,267,282,282,282],"floor_reached":51,"language":"ZHS","playtime":4386,"items_purged":["AT_purpleEX","Defend_purpleEX","AT_purpleEX","Defend_purpleEX"],"score":774,"play_id":"fcb08f9b-470c-4f48-a1a9-b1d59a2918da","local_time":"20210116223834","is_ascension_mode":true,"campfire_choices":[{"data":"Nest_LightFlightworm_purple","floor":6.0,"key":"SMITH"},{"data":"WangLiang_OokamiKakushi_purple","floor":8.0,"key":"SMITH"},{"floor":15.0,"key":"REST"},{"data":"CommonSense_AntiCommonSense_purple","floor":23,"key":"SMITH"},{"data":"Monsters_DoubleDeathButterfly_purple","floor":28,"key":"SMITH"},{"data":"Observe_purple_2","floor":32,"key":"SMITH"},{"data":"MagicEyes_LaplaceDemon_purple","floor":42,"key":"SMITH"},{"floor":49,"key":"DIG"}],"circlet_count":0,"master_deck":["AT_purpleEX","Defend_purpleEX+1","Defend_purpleEX","Observe_purple_1","Observe_purple_2+1","Boundary_of_Extermination_purpleEX","CommonSense_AntiCommonSense_purple+1","Nest_LightFlightworm_purple+1","WangLiang_OokamiKakushi_purple+1","WeekHit_purple","ButterflyHabitatTemple_purple+1","Computing_the_future_purpleEX","ContainerChange_purple","Boundary_ObjectiveBoundary_purple+1","Monsters_DoubleDeathButterfly_purple+1","MagicEyes_LaplaceDemon_purple+1","OmniscientAndOmnipotent_Monster_purple+1","Boundary_LightAndDark_purple+1","OmniscientAndOmnipotent_Monster_purple+1","Injury","Mirror_WaveAndshot_purple+1","Trip"],"relics":["Boundary_crack","Memoryfragments_purpleEX","Bag of Preparation","Runic Dome","Nloth\u0027s Gift","Kunai","Bottled Tornado","Cursed Key","Vajra","Ancient Tea Set","Mercury Hourglass","Shovel","War Paint"],"acts_visited":["Exordium","TheCity","TheBeyond"],"potions_floor_usage":[44],"damage_taken":[{"damage":0.0,"enemies":"Small Slimes","floor":1.0,"turns":5.0},{"damage":1.0,"enemies":"Cultist","floor":3.0,"turns":5.0},{"damage":7.0,"enemies":"Jaw Worm","floor":4.0,"turns":5.0},{"damage":21.0,"enemies":"Exordium Thugs","floor":7.0,"turns":7.0},{"damage":7.0,"enemies":"Blue Slaver","floor":10.0,"turns":4.0},{"damage":10.0,"enemies":"2 Fungi Beasts","floor":11.0,"turns":4.0},{"damage":10.0,"enemies":"Looter","floor":12.0,"turns":3.0},{"damage":23.0,"enemies":"Gremlin Nob","floor":13.0,"turns":4.0},{"damage":5.0,"enemies":"Blue Slaver","floor":14.0,"turns":5.0},{"damage":18.0,"enemies":"The Guardian","floor":16.0,"turns":5.0},{"damage":20.0,"enemies":"2 Thieves","floor":18.0,"turns":5.0},{"damage":9,"enemies":"3 Byrds","floor":22,"turns":6},{"damage":26,"enemies":"Sentry and Sphere","floor":24,"turns":7},{"damage":7,"enemies":"Centurion and Healer","floor":25,"turns":5},{"damage":16,"enemies":"Book of Stabbing","floor":27,"turns":6},{"damage":0,"enemies":"Snecko","floor":29,"turns":5},{"damage":9,"enemies":"Shelled Parasite and Fungi","floor":30,"turns":5},{"damage":0,"enemies":"Cultist and Chosen","floor":31,"turns":6},{"damage":4,"enemies":"Automaton","floor":33,"turns":4},{"damage":0,"enemies":"3 Shapes","floor":35,"turns":9},{"damage":1,"enemies":"Orb Walker","floor":37,"turns":5},{"damage":31,"enemies":"Spire Growth","floor":39,"turns":3},{"damage":15,"enemies":"Giant Head","floor":40,"turns":8},{"damage":18,"enemies":"3 Darklings","floor":41,"turns":4},{"damage":24,"enemies":"Reptomancer","floor":44,"turns":2},{"damage":0,"enemies":"Mind Bloom Boss Battle","floor":46,"turns":3},{"damage":0,"enemies":"Jaw Worm Horde","floor":47,"turns":3},{"damage":0,"enemies":"Sphere and 2 Shapes","floor":48,"turns":2},{"damage":25,"enemies":"Time Eater","floor":50,"turns":3}],"seed_played":"-8080305426964536778","potions_obtained":[{"floor":4.0,"key":"ColorlessPotion"},{"floor":7.0,"key":"PowerPotion"},{"floor":10.0,"key":"Ancient Potion"},{"floor":22,"key":"ColorlessPotion"},{"floor":29,"key":"LiquidMemories"},{"floor":44,"key":"DistilledChaos"},{"floor":48,"key":"EntropicBrew"}],"is_trial":false,"path_per_floor":["M","$","M","M","$","R","M","R","T","M","M","M","E","M","R","B",null,"M","$","?","$","M","R","M","M","T","E","R","M","M","M","R","B",null,"M","$","M","$","M","E","M","R","T","E","?","?","M","M","R","B",null],"character_chosen":"Youkari","items_purchased":["Nest_LightFlightworm_purple"],"campfire_rested":1,"item_purchase_floors":[5],"current_hp_per_floor":[70,70,70,65,65,65,49,49,49,45,40,32,11,11,32,19,70,55,55,55,55,48,48,26,24,24,13,13,19,20,30,30,36,70,70,70,70,70,47,42,34,34,34,18,18,25,35,45,45,27],"gold":282,"neow_bonus":"REMOVE_CARD","is_daily":false,"chose_seed":false,"campfire_upgraded":6,"win_rate":0.0,"timestamp":1610807914,"path_taken":["M","$","M","M","$","R","M","R","T","M","M","M","E","M","R","BOSS","M","$","?","$","M","R","M","M","T","E","R","M","M","M","R","BOSS","M","$","M","$","M","E","M","R","T","E","?","?","M","?","R","BOSS"],"items_purchased_type":["Card"],"build_version":"2020-12-22","purchased_purges":4,"victory":true,"max_hp_per_floor":[70,70,70,70,70,70,70,70,70,70,70,70,70,70,70,70,70,70,70,70,70,70,70,70,70,70,70,70,70,70,70,70,70,70,70,70,70,70,70,73,73,73,73,73,73,73,73,73,73,73],"card_choices":[{"not_picked":["DimensionStaggered_purple","Yakumo_Ran_purple"],"picked":"Boundary_of_Extermination_purpleEX","floor":1.0},{"not_picked":["Worldmountain_purple","MNeedle_purple","Line_surface_state_purple"],"picked":"SKIP","floor":3.0},{"not_picked":["Boundary_of_Extermination_purpleEX","SfantasyHide_purple"],"picked":"CommonSense_AntiCommonSense_purple","floor":4.0},{"not_picked":["Mirror_FormAndEmptin_purple","StateDuplicate_purple"],"picked":"WangLiang_OokamiKakushi_purple","floor":7.0},{"not_picked":["RuleDissolution_purple","Worldmountain_purple","PositiveMatter_Antimatter_Universe_purple"],"picked":"SKIP","floor":10.0},{"not_picked":["Shallow_ocean_purpleEX","Realm_recovery_purpleEX"],"picked":"WeekHit_purple","floor":11.0},{"not_picked":["Boundary_DreamRealityDamnation_purple","MetroBOOM_purple"],"picked":"ButterflyHabitatTemple_purple","floor":12.0},{"not_picked":["MeetDecomposer_purple","StateDuplicate_purple"],"picked":"Computing_the_future_purpleEX","floor":13.0},{"not_picked":["DimensionStaggered_purple","SfantasyHide_purple","Realm_recovery_purpleEX"],"picked":"SKIP","floor":14.0},{"not_picked":["WasteWire_Metro_purple","D_absorption_purple"],"picked":"ContainerChange_purple","floor":16.0},{"not_picked":["WeekHit_purple","Yakumo_Ran_purple","ExistenceContinue_purple"],"picked":"SKIP","floor":18.0},{"not_picked":["SharpContractionReality_purple","Nest_LightFlightworm_purple","EighthInstrument_OneDividesIntoTwo_purple"],"picked":"SKIP","floor":22},{"not_picked":["MeetDecomposer_purple","StateErode_purple","OpenedBox_purple"],"picked":"SKIP","floor":24},{"not_picked":["MNeedle_purple+1","OmniscientAndOmnipotent_Monster_purple"],"picked":"Boundary_ObjectiveBoundary_purple+1","floor":25},{"not_picked":["ExistenceContinue_purple+1","SfantasyHide_purple"],"picked":"Monsters_DoubleDeathButterfly_purple","floor":27},{"not_picked":["MeetDecomposer_purple","OpenedBox_purple","SfantasyHide_purple+1"],"picked":"SKIP","floor":29},{"not_picked":["MonsterNeedle_purple","StateErode_purple+1","Bait_HighSpeedFlying_purple"],"picked":"SKIP","floor":30},{"not_picked":["StateDuplicate_purple","ExistenceContinue_purple","Worldmountain_purple+1"],"picked":"SKIP","floor":31},{"not_picked":["GluttonyofRealm_purpleEX","Fancifulhole_purple"],"picked":"MagicEyes_LaplaceDemon_purple","floor":33},{"not_picked":["Shallow_ocean_purpleEX","Line_surface_state_purple"],"picked":"OmniscientAndOmnipotent_Monster_purple+1","floor":35},{"not_picked":["Boundary_ObjectiveBoundary_purple","StateDuplicate_purple+1"],"picked":"Boundary_LightAndDark_purple+1","floor":37},{"not_picked":["Shallow_ocean_purpleEX","Erosivefilter_purple"],"picked":"OmniscientAndOmnipotent_Monster_purple+1","floor":39},{"not_picked":["LoveAcrossDimensions_purple","Human_Monster_Realm_purple","Boundary_ObjectiveBoundary_purple+1"],"picked":"SKIP","floor":40},{"not_picked":["RuleDissolution_purple+1","Nest_LightFlightworm_purple+1","SfantasyHide_purple"],"picked":"SKIP","floor":41},{"not_picked":["SfantasyHide_purple+1","MeetDecomposer_purple"],"picked":"Mirror_WaveAndshot_purple+1","floor":44},{"not_picked":["Sadistic Nature","Swift Strike"],"picked":"Trip","floor":45},{"not_picked":["Worldmountain_purple","Bait_HighSpeedFlying_purple+1","Shallow_ocean_purpleEX"],"picked":"SKIP","floor":47},{"not_picked":["SfantasyHide_purple+1","Shallow_ocean_purpleEX","DimensionStaggered_purple+1"],"picked":"SKIP","floor":48}],"player_experience":35765,"relics_obtained":[{"floor":9.0,"key":"Bag of Preparation"},{"floor":13.0,"key":"Oddly Smooth Stone"},{"floor":26,"key":"Kunai"},{"floor":27,"key":"Bottled Tornado"},{"floor":40,"key":"Vajra"},{"floor":43,"key":"Ancient Tea Set"},{"floor":44,"key":"Mercury Hourglass"},{"floor":46,"key":"Shovel"},{"floor":49,"key":"War Paint"}],"event_choices":[{"damage_healed":0,"gold_gain":0,"player_choice":"Traded Relic","damage_taken":0,"relics_obtained":["Nloth\u0027s Gift"],"max_hp_gain":0,"max_hp_loss":0,"event_name":"N\u0027loth","floor":20,"relics_lost":["Oddly Smooth Stone"],"gold_loss":0},{"damage_healed":0,"gold_gain":0,"player_choice":"Memory 1","damage_taken":0,"max_hp_gain":0,"max_hp_loss":0,"event_name":"SensoryStone","floor":45,"gold_loss":0},{"damage_healed":0,"gold_gain":0,"player_choice":"Fight","damage_taken":0,"max_hp_gain":0,"max_hp_loss":0,"event_name":"MindBloom","floor":46,"gold_loss":0}],"is_beta":false,"boss_relics":[{"not_picked":["Velvet Choker","Fusion Hammer"],"picked":"Runic Dome"},{"not_picked":["Astrolabe","Black Star"],"picked":"Cursed Key"}],"items_purged_floors":[2,19,21,36],"is_endless":false,"potions_floor_spawned":[4,7,10,14,16,22,27,29,31,35,41,44,47,48],"ascension_level":1}}