{"host":"058erotkld4bsq33","time":1610785637,"event":{"mods":["BaseMod","Better Third Choice","Colored Powertips","Curses Come First","Dark Map","Minty Spire (QoL Compilation)","Quick Restart","Rare Cards Sparkle","Relic Stats","StSLib","UnlockEverythingMod"],"gold_per_floor":[114,35,50,125,125,125,28,28,53,53,83,83,83,83,83,83,83],"floor_reached":16,"language":"ENG","playtime":714,"items_purged":[],"score":94,"play_id":"5fbed630-64c8-4de2-8bfe-463c8d8f1e97","local_time":"20210116002717","daily_mods":["Allstar","Flight","Night Terrors"],"is_ascension_mode":false,"campfire_choices":[{"data":"Noxious Fumes","floor":6.0,"key":"SMITH"},{"data":"Flash of Steel","floor":8.0,"key":"SMITH"},{"data":"Endless Agony","floor":10.0,"key":"SMITH"},{"data":"Neutralize","floor":12.0,"key":"SMITH"},{"data":"Impatience","floor":13.0,"key":"SMITH"},{"data":"Outmaneuver","floor":15.0,"key":"SMITH"}],"circlet_count":0,"master_deck":["Strike_G+1","Strike_G","Strike_G","Strike_G","Strike_G","Defend_G+1","Defend_G","Defend_G","Defend_G","Defend_G","Survivor","Neutralize+1","Impatience+1","Dark Shackles","Panacea","Mayhem","PanicButton","Noxious Fumes+1","Endless Agony+1","Catalyst","Flash of Steel+1","Outmaneuver+1"],"relics":["Ring of the Snake","PreservedInsect","Orichalcum"],"acts_visited":["Exordium"],"potions_floor_usage":[],"damage_taken":[{"damage":1.0,"enemies":"2 Louse","floor":1.0,"turns":5.0},{"damage":0.0,"enemies":"Small Slimes","floor":3.0,"turns":3.0},{"damage":3.0,"enemies":"Gremlin Nob","floor":11.0,"turns":3.0},{"damage":35,"enemies":"Slime Boss","floor":16,"turns":8}],"seed_played":"2700428786693623746","potions_obtained":[{"floor":3.0,"key":"Strength Potion"}],"is_trial":false,"path_per_floor":["M","$","M","?","?","R","$","R","T","R","E","R","R","?","R","B"],"character_chosen":"THE_SILENT","items_purchased":["Endless Agony","Flash of Steel"],"campfire_rested":0,"item_purchase_floors":[2,7],"current_hp_per_floor":[69,69,69,58,63,63,63,63,63,63,60,60,60,45,45,10,10],"gold":83,"neow_bonus":"","is_daily":true,"chose_seed":false,"campfire_upgraded":6,"win_rate":0.0,"timestamp":1610785637,"path_taken":["M","$","M","?","?","R","?","R","T","R","E","R","R","?","R","BOSS"],"items_purchased_type":["Card","Card"],"build_version":"2020-12-22","purchased_purges":0,"victory":false,"max_hp_per_floor":[70,70,70,70,75,75,75,75,75,75,75,75,75,75,75,75,75],"relic_stats":{"counters":[4,19],"PreservedInsect":21,"Orichalcum":[12],"obtain_stats":[{"PreservedInsect":9,"Orichalcum":11,"Ring of the Snake":0},{"PreservedInsect":2,"Orichalcum":3,"Ring of the Snake":0},{"PreservedInsect":8,"Orichalcum":11,"Ring of the Snake":0}],"Ring of the Snake":[8]},"card_choices":[{"not_picked":["Deadly Poison","Blade Dance"],"picked":"Noxious Fumes","floor":1.0},{"not_picked":["Acrobatics","Deflect"],"picked":"Catalyst","floor":3.0},{"not_picked":["Dagger Spray","Backflip"],"picked":"Outmaneuver","floor":11.0}],"player_experience":119665,"relics_obtained":[{"floor":9.0,"key":"PreservedInsect"},{"floor":11.0,"key":"Orichalcum"}],"event_choices":[{"damage_healed":0.0,"max_hp_gain":0.0,"max_hp_loss":0.0,"gold_gain":75.0,"event_name":"betterThird:BetterGoop","player_choice":"Gold","floor":4.0,"gold_loss":0.0,"damage_taken":11.0},{"damage_healed":0.0,"max_hp_gain":5.0,"max_hp_loss":0.0,"gold_gain":0.0,"event_name":"Big Fish","player_choice":"Donut","floor":5.0,"gold_loss":0.0,"damage_taken":0.0},{"damage_healed":60.0,"max_hp_gain":0.0,"max_hp_loss":75.0,"gold_gain":0.0,"event_name":"betterThird:BetterShining","player_choice":"Upgrade","floor":14.0,"gold_loss":0.0,"damage_taken":15.0,"cards_upgraded":["Defend_G","Strike_G"]}],"is_beta":false,"boss_relics":[],"items_purged_floors":[],"is_endless":false,"potions_floor_spawned":[3],"killed_by":"Slime Boss","ascension_level":0}}