{"host":"2se5dq1do2gp0x9k","time":1610763873,"event":{"mods":["AchievementEnabler","BaseMod","Block Reminder","Colored Map","Colored Powertips","Minty Spire (QoL Compilation)","Relic Stats","StSLib","SuperFastMode"],"gold_per_floor":[11,11,11,32,51,51,51],"floor_reached":6,"language":"ENG","playtime":165,"items_purged":[],"score":68,"play_id":"a81e6611-37ff-4b9c-8603-cb3744b6b0dd","local_time":"20210115182433","is_ascension_mode":true,"campfire_choices":[],"circlet_count":0,"master_deck":["AscendersBane","Strike_P","Strike_P","Strike_P","Strike_P","Defend_P","Defend_P","Defend_P","Defend_P","Eruption+1","Vigilance","TalkToTheHand","BowlingBash","JustLucky"],"relics":["PureWater","WingedGreaves","Golden Idol"],"acts_visited":["Exordium"],"potions_floor_usage":[],"damage_taken":[{"damage":24,"enemies":"Small Slimes","floor":1,"turns":3},{"damage":6,"enemies":"2 Louse","floor":4,"turns":4},{"damage":0,"enemies":"Cultist","floor":5,"turns":3},{"damage":12,"enemies":"Lagavulin","floor":6,"turns":6}],"seed_played":"2009896537786714940","potions_obtained":[{"floor":5,"key":"Explosive Potion"}],"is_trial":false,"path_per_floor":["M","?","?","M","M","E"],"character_chosen":"WATCHER","items_purchased":[],"campfire_rested":0,"item_purchase_floors":[],"current_hp_per_floor":[37,37,37,31,31,19,19],"gold":51,"neow_bonus":"ONE_RARE_RELIC","is_daily":false,"chose_seed":false,"campfire_upgraded":0,"win_rate":0.0,"timestamp":1610763873,"path_taken":["M","?","?","?","M","E"],"items_purchased_type":[],"build_version":"2020-12-22","purchased_purges":0,"victory":false,"max_hp_per_floor":[68,62,62,62,62,62,62],"relic_stats":{"counters":[4,16],"Golden Idol":8,"obtain_stats":[{"Golden Idol":2,"WingedGreaves":0,"PureWater":0},{"Golden Idol":1,"WingedGreaves":0,"PureWater":0},{"Golden Idol":3,"WingedGreaves":0,"PureWater":0}]},"card_choices":[{"not_picked":["SashWhip","Evaluate"],"picked":"TalkToTheHand","floor":1},{"not_picked":["ClearTheMind","EmptyBody"],"picked":"BowlingBash","floor":4},{"not_picked":["Crescendo","Prostrate"],"picked":"JustLucky","floor":5}],"player_experience":3868172,"relics_obtained":[],"event_choices":[{"damage_healed":0,"gold_gain":0,"player_choice":"Lose Max HP","damage_taken":0,"relics_obtained":["Golden Idol"],"max_hp_gain":0,"max_hp_loss":6,"event_name":"Golden Idol","floor":2,"gold_loss":0},{"damage_healed":0,"gold_gain":0,"player_choice":"Upgraded","damage_taken":0,"max_hp_gain":0,"max_hp_loss":0,"event_name":"Upgrade Shrine","floor":3,"gold_loss":0,"cards_upgraded":["Eruption"]}],"is_beta":false,"boss_relics":[],"items_purged_floors":[],"is_endless":false,"potions_floor_spawned":[5],"killed_by":"Lagavulin","ascension_level":18}}