{"host":"9tdk3zzhmpo6o3dg","time":1610808758,"event":{"mods":["AchievementEnabler","BaseMod","Downfall","Marisa£®ÏF”Í°°ƒß¿Ì…≥£©","Minty Spire (QoL Compilation)","Shop Mod","StSLib","The Cursed","The Marked","The Servant 0.9.4"],"gold_per_floor":[111,121,196,196,211,238,238,238,261,281,291,291,291,40,40,136,136,147,165,182,4,15,15,15],"floor_reached":23,"language":"ZHS","playtime":1054,"items_purged":["Strike_B"],"score":232,"play_id":"ea13ece7-e302-4371-8aaa-a8739dc8f301","local_time":"20210116225238","is_ascension_mode":true,"campfire_choices":[{"data":"Zap","floor":8.0,"key":"SMITH"},{"data":"Dualcast","floor":13,"key":"SMITH"},{"floor":15,"key":"REST"}],"circlet_count":0,"master_deck":["Strike_B","Strike_B","Strike_B","Defend_B","Defend_B","Defend_B","Zap+1","Dualcast+1","Genetic Algorithm","Turbo","Steam Power","Undo","Meteor Strike","Decay","Ball Lightning","Recycle","Echo Form","Turbo","Compile Driver","Lockon","Ball Lightning","All For One","Glacier","Cold Snap+1","Core Surge","Coolheaded","Multi-Cast"],"relics":["FrozenCore","NeowsBlessing","Bag of Marbles","Smiling Mask","HornCleat","Orrery"],"acts_visited":["Exordium","TheCity"],"potions_floor_usage":[22],"damage_taken":[{"damage":0.0,"enemies":"2 Louse","floor":1.0,"turns":1.0},{"damage":0.0,"enemies":"Cultist","floor":2.0,"turns":1.0},{"damage":0.0,"enemies":"Jaw Worm","floor":5.0,"turns":1.0},{"damage":25.0,"enemies":"3 Sentries","floor":6.0,"turns":8.0},{"damage":5.0,"enemies":"Lots of Slimes","floor":10.0,"turns":3.0},{"damage":9,"enemies":"Exordium Wildlife","floor":11,"turns":4},{"damage":44,"enemies":"The Guardian","floor":16,"turns":9},{"damage":10,"enemies":"Spheric Guardian","floor":18,"turns":4},{"damage":21,"enemies":"Chosen","floor":19,"turns":7},{"damage":22,"enemies":"Snecko","floor":20,"turns":4},{"damage":8,"enemies":"Centurion and Healer","floor":22,"turns":7},{"damage":19,"enemies":"Slavers","floor":23,"turns":1}],"seed_played":"-4712787925943734602","potions_obtained":[{"floor":1.0,"key":"Fire Potion"},{"floor":5.0,"key":"AttackPotion"},{"floor":10.0,"key":"LiquidBronze"},{"floor":20,"key":"DistilledChaos"}],"is_trial":false,"path_per_floor":["M","M","?","?","M","E","?","R","T","M","M","T","R","$","R","B",null,"M","M","M","$","M","E"],"character_chosen":"DEFECT","items_purchased":["Orrery","Ball Lightning","Core Surge","Coolheaded"],"campfire_rested":1,"item_purchase_floors":[14,14,21,21],"current_hp_per_floor":[75,75,64,64,64,39,39,39,39,34,25,25,25,25,47,3,75,65,44,22,22,14,0,0],"gold":15,"neow_bonus":"THREE_ENEMY_KILL","is_daily":false,"chose_seed":false,"campfire_upgraded":2,"win_rate":0.0,"timestamp":1610808758,"path_taken":["M","M","?","?","?","E","?","R","T","M","?","?","R","$","R","BOSS","M","M","M","?","M","E"],"items_purchased_type":["Relic","Card","Card","Card"],"build_version":"2020-12-22","purchased_purges":1,"victory":false,"max_hp_per_floor":[75,75,75,75,75,75,75,75,75,75,75,75,75,75,75,75,75,75,75,75,75,75,75,75],"card_choices":[{"not_picked":["Coolheaded","Undo"],"picked":"Genetic Algorithm","floor":1.0},{"not_picked":["Conserve Battery","Go for the Eyes"],"picked":"Turbo","floor":2.0},{"not_picked":["Go for the Eyes","Stack"],"picked":"Undo","floor":5.0},{"not_picked":["Stack","Blizzard"],"picked":"Meteor Strike","floor":6.0},{"not_picked":["Gash","Compile Driver"],"picked":"Ball Lightning","floor":10.0},{"not_picked":["Ball Lightning","Glacier"],"picked":"Recycle","floor":11},{"not_picked":["Storm","Static Discharge"],"picked":"Echo Form","floor":14},{"not_picked":["Leap","Sunder"],"picked":"Turbo","floor":14},{"not_picked":["Undo","Ball Lightning"],"picked":"Compile Driver","floor":14},{"not_picked":["Melter","Ball Lightning"],"picked":"Lockon","floor":14},{"not_picked":["Reboot","Echo Form"],"picked":"All For One","floor":16},{"not_picked":["Conserve Battery","Reprogram"],"picked":"Glacier","floor":18},{"not_picked":["Genetic Algorithm","Reprogram+1"],"picked":"Cold Snap+1","floor":19},{"not_picked":["Sweeping Beam","Cold Snap","Streamline+1"],"picked":"SKIP","floor":20},{"not_picked":["Beam Cell","Streamline+1"],"picked":"Multi-Cast","floor":22}],"player_experience":139041,"relics_obtained":[{"floor":6.0,"key":"Bag of Marbles"},{"floor":9.0,"key":"Smiling Mask"},{"floor":12,"key":"HornCleat"}],"event_choices":[{"damage_healed":0.0,"max_hp_gain":0.0,"max_hp_loss":0.0,"gold_gain":75.0,"event_name":"World of Goop","player_choice":"Gather Gold","floor":3.0,"gold_loss":0.0,"damage_taken":11.0},{"damage_healed":0.0,"max_hp_gain":0.0,"max_hp_loss":0.0,"gold_gain":0.0,"cards_transformed":["Defend_B"],"event_name":"Transmorgrifier","player_choice":"Transformed","floor":4.0,"gold_loss":0.0,"damage_taken":0.0,"cards_obtained":["Steam Power"]},{"damage_healed":0.0,"max_hp_gain":0.0,"max_hp_loss":0.0,"gold_gain":0.0,"event_name":"Wheel of Change","player_choice":"Cursed","floor":7.0,"gold_loss":0.0,"damage_taken":0.0,"cards_obtained":["Decay"]}],"is_beta":false,"boss_relics":[{"not_picked":["Astrolabe","Snecko Eye"],"picked":"FrozenCore"}],"items_purged_floors":[14],"is_endless":false,"potions_floor_spawned":[1,5,10,20],"killed_by":"Slavers","ascension_level":4}}