{"host":"k0kjm4m87pwj4phr","time":1610834690,"event":{"mods":["BaseMod","Challenge The Spire","Colored Map","Colored Powertips","Minty Spire (QoL Compilation)","Permanent Neow","Quick Restart","Relic Stats","StSLib","vexMod","óô»ðÖ¸ÄÏ"],"gold_per_floor":[461,307,334,364,389,389,326,326,356,385,413,413,321,238,271,297,326,358],"floor_reached":19,"language":"ZHS","playtime":766,"items_purged":["Defend_P","Strike_P","Defend_P"],"score":495,"play_id":"e7fd11e2-ac9b-46e4-81e8-6863e49928ae","local_time":"20210117060450","daily_mods":["challengethespire:Bronze Difficulty","challengethespire:Elite Rush","Uncertain Future"],"is_ascension_mode":false,"campfire_choices":[{"data":"Enlightenment","floor":8.0,"key":"SMITH"}],"circlet_count":0,"master_deck":["Defend_P","Defend_P","Eruption","Vigilance","PathToVictory","Enlightenment+1","PathToVictory","PathToVictory","Scrawl","BowlingBash+1","JustLucky+1","Crescendo+1","PathToVictory","Mayhem","Mayhem","Defend_P","PathToVictory","Perseverance","Establishment"],"relics":["PureWater","Black Star","Sling","PreservedInsect","Membership Card","Bag of Preparation","Bird Faced Urn","Medical Kit","Mercury Hourglass","Blood Vial","Nunchaku","Art of War","Mango","Astrolabe","Ornamental Fan","vexMod:BarristanHead","Shovel","StrikeDummy","Gremlin Horn","Darkstone Periapt","vexMod:TanglingVine","Bag of Marbles","Oddly Smooth Stone","Akabeko","Pocketwatch","Strawberry","Toy Ornithopter","Sundial","Regal Pillow"],"acts_visited":["Exordium"],"potions_floor_usage":[16],"damage_taken":[{"damage":0.0,"enemies":"Gremlin Nob","floor":3.0,"turns":2.0},{"damage":0.0,"enemies":"3 Sentries","floor":4.0,"turns":3.0},{"damage":0.0,"enemies":"Lagavulin","floor":5.0,"turns":3.0},{"damage":7.0,"enemies":"Gremlin Leader","floor":9.0,"turns":3.0},{"damage":7.0,"enemies":"Slavers","floor":10.0,"turns":2.0},{"damage":9.0,"enemies":"Book of Stabbing","floor":11.0,"turns":3.0},{"damage":14.0,"enemies":"Giant Head","floor":15.0,"turns":4.0},{"damage":8,"enemies":"Nemesis","floor":16,"turns":3},{"damage":8,"enemies":"Giant Head","floor":17,"turns":4},{"damage":0,"enemies":"Shield and Spear","floor":18,"turns":1}],"seed_played":"-2104946494273842721","potions_obtained":[{"floor":4.0,"key":"Weak Potion"},{"floor":9.0,"key":"BlessingOfTheForge"},{"floor":10.0,"key":"Fire Potion"},{"floor":16,"key":"BlessingOfTheForge"}],"is_trial":true,"path_per_floor":["$","$","E","E","E","T","$","R","E","E","E","T","$","$","E","E","E","E",null],"character_chosen":"WATCHER","items_purchased":["Membership Card","Bag of Preparation","Bird Faced Urn","PathToVictory","Fruit Juice","Enlightenment","PathToVictory","Medical Kit","Mayhem","Mayhem"],"campfire_rested":0,"item_purchase_floors":[1,1,1,1,1,1,2,2,13,14],"current_hp_per_floor":[77,77,77,83,97,97,97,97,90,85,78,78,78,78,70,68,73,77],"gold":358,"neow_bonus":"","is_daily":false,"chose_seed":false,"campfire_upgraded":1,"win_rate":0.0,"timestamp":1610834690,"path_taken":["$","$","E","E","E","T","$","R","E","E","E","T","$","$","E","E","E","E"],"items_purchased_type":["Relic","Relic","Relic","Card","Potion","Card","Card","Relic","Card","Card"],"build_version":"2020-12-22","purchased_purges":3,"victory":true,"max_hp_per_floor":[77,77,77,83,97,97,97,97,97,97,97,97,97,97,97,97,104,104],"relic_stats":{"Darkstone Periapt":0,"Regal Pillow":0,"Gremlin Horn":[1,1],"counters":[10,28],"Astrolabe":["BowlingBash","JustLucky","Crescendo"],"PreservedInsect":572,"Bag of Preparation":[20],"Medical Kit":[0],"Mercury Hourglass":[106],"Blood Vial":12,"Nunchaku":[2],"Shovel":0,"Ornamental Fan":[4],"Sundial":[0],"Bird Faced Urn":[14],"Black Star":10,"Art of War":[3],"obtain_stats":[{"Darkstone Periapt":11,"Regal Pillow":18,"Gremlin Horn":11,"Mango":5,"Bag of Preparation":1,"vexMod:TanglingVine":12,"Sling":0,"Blood Vial":3,"Nunchaku":4,"Shovel":10,"Sundial":18,"Strawberry":17,"Astrolabe":6,"Oddly Smooth Stone":15,"vexMod:BerryBomb":4,"PreservedInsect":0,"Medical Kit":2,"Akabeko":16,"Mercury Hourglass":3,"vexMod:BarristanHead":9,"Ornamental Fan":9,"Bird Faced Urn":1,"Black Star":0,"Art of War":5,"Bag of Marbles":15,"Membership Card":1,"PureWater":0,"StrikeDummy":10,"Toy Ornithopter":17,"Pocketwatch":16},{"Darkstone Periapt":6,"Regal Pillow":10,"Gremlin Horn":6,"Mango":3,"Bag of Preparation":0,"vexMod:TanglingVine":6,"Sling":0,"Blood Vial":1,"Nunchaku":2,"Shovel":5,"Sundial":10,"Strawberry":9,"Astrolabe":3,"Oddly Smooth Stone":7,"vexMod:BerryBomb":2,"PreservedInsect":0,"Medical Kit":0,"Akabeko":8,"Mercury Hourglass":1,"vexMod:BarristanHead":4,"Ornamental Fan":4,"Bird Faced Urn":0,"Black Star":0,"Art of War":3,"Bag of Marbles":7,"Membership Card":0,"PureWater":0,"StrikeDummy":5,"Toy Ornithopter":9,"Pocketwatch":8},{"Darkstone Periapt":16,"Regal Pillow":28,"Gremlin Horn":16,"Mango":8,"Bag of Preparation":0,"vexMod:TanglingVine":16,"Sling":0,"Blood Vial":2,"Nunchaku":5,"Shovel":13,"Sundial":28,"Strawberry":27,"Astrolabe":8,"Oddly Smooth Stone":20,"vexMod:BerryBomb":5,"PreservedInsect":0,"Medical Kit":0,"Akabeko":23,"Mercury Hourglass":2,"vexMod:BarristanHead":11,"Ornamental Fan":11,"Bird Faced Urn":0,"Black Star":0,"Art of War":8,"Bag of Marbles":20,"Membership Card":0,"PureWater":0,"StrikeDummy":13,"Toy Ornithopter":27,"Pocketwatch":23}],"Toy Ornithopter":0,"Pocketwatch":[0]},"card_choices":[],"player_experience":440081,"relics_obtained":[{"floor":3.0,"key":"Mercury Hourglass"},{"floor":3.0,"key":"Blood Vial"},{"floor":4.0,"key":"vexMod:BerryBomb"},{"floor":4.0,"key":"Nunchaku"},{"floor":5.0,"key":"Art of War"},{"floor":5.0,"key":"Mango"},{"floor":9.0,"key":"Ornamental Fan"},{"floor":9.0,"key":"vexMod:BarristanHead"},{"floor":10.0,"key":"Shovel"},{"floor":10.0,"key":"StrikeDummy"},{"floor":11.0,"key":"Gremlin Horn"},{"floor":11.0,"key":"Darkstone Periapt"},{"floor":15.0,"key":"Bag of Marbles"},{"floor":15.0,"key":"Oddly Smooth Stone"},{"floor":16,"key":"Akabeko"},{"floor":16,"key":"Pocketwatch"},{"floor":17,"key":"Strawberry"},{"floor":17,"key":"Toy Ornithopter"},{"floor":18,"key":"Sundial"},{"floor":18,"key":"Regal Pillow"}],"event_choices":[],"is_beta":false,"boss_relics":[{"not_picked":["Snecko Eye","vexMod:MegatonBomb"],"picked":"Astrolabe"},{"not_picked":["vexMod:BigBerry","Velvet Choker"],"picked":"vexMod:TanglingVine"}],"items_purged_floors":[1,2,7],"is_endless":false,"potions_floor_spawned":[4,9,10,16],"ascension_level":0}}