{"host":"tkinv8gv6hgcc58b","time":1610780442,"event":{"mods":["BaseMod","Colored Map","Downfall","Googly Eyes","Hermit","Minty Spire (QoL Compilation)","READ ME - Guardian Mod","StSLib","The Cursed","The Disciple"],"gold_per_floor":[0,15,15,15,0,10,10,27,27,44,44,79,79,97,108,108,108],"floor_reached":16,"language":"ENG","playtime":935,"items_purged":[],"score":102,"play_id":"98be2c03-f640-4623-b949-9f4edd1da406","local_time":"20210116020042","is_ascension_mode":false,"campfire_choices":[{"data":"bronze:AlphaBuild","floor":1.0,"key":"SMITH"},{"floor":9,"key":"REST"},{"data":"bronze:BronzeOrb","floor":11,"key":"SMITH"},{"data":"bronze:Replicate","floor":13,"key":"SMITH"}],"circlet_count":0,"master_deck":["bronze:Strike","bronze:Strike","bronze:Strike","bronze:Strike","bronze:Defend","bronze:Defend","bronze:Defend","bronze:Defend","bronze:Replicate+1","bronze:Goto","bronze:AlphaBuild+1","bronze:WhirlingStrike","bronze:BronzeOrb+1","bronze:Optimize","bronze:Repulsor","bronze:Branch","bronze:ChosenStrike"],"relics":["bronze:BronzeCore","StrikeDummy","Shuriken"],"acts_visited":["Exordium"],"potions_floor_usage":[16],"damage_taken":[{"damage":6.0,"enemies":"Jaw Worm","floor":2.0,"turns":3.0},{"damage":14,"enemies":"downfall:FleeingMerchant","floor":5,"turns":4},{"damage":2,"enemies":"Cultist","floor":6,"turns":5},{"damage":4,"enemies":"Small Slimes","floor":8,"turns":3},{"damage":0,"enemies":"3 Louse","floor":10,"turns":2},{"damage":11,"enemies":"Gremlin Nob","floor":12,"turns":4},{"damage":0,"enemies":"2 Fungi Beasts","floor":14,"turns":2},{"damage":0,"enemies":"Blue Slaver","floor":15,"turns":2},{"damage":60,"enemies":"DF_ARCHETYPE_STREAMLINE","floor":16,"turns":6}],"seed_played":"2182189552619215381","potions_obtained":[{"floor":6,"key":"Guardian:BlockOnCardUsePotion"},{"floor":8,"key":"DuplicationPotion"},{"floor":10,"key":"Explosive Potion"}],"is_trial":false,"path_per_floor":["R","M","?","?","$","M","T","M","R","M","R","E","R","M","M","B"],"character_chosen":"THE_AUTOMATON","items_purchased":[],"campfire_rested":1,"item_purchase_floors":[],"current_hp_per_floor":[70,64,69,69,55,53,53,49,71,71,71,60,60,60,60,0,0],"gold":108,"neow_bonus":"THREE_RARE_CARDS","is_daily":false,"chose_seed":false,"campfire_upgraded":3,"win_rate":0.0,"timestamp":1610780442,"path_taken":["R","M","?","?","?","M","T","M","R","M","R","E","R","?","M","BOSS"],"items_purchased_type":[],"build_version":"2020-12-22","purchased_purges":0,"victory":false,"max_hp_per_floor":[70,70,75,75,75,75,75,75,75,75,75,75,75,75,75,75,75],"card_choices":[{"not_picked":["bronze:Break","bronze:ThunderWave"],"picked":"bronze:AlphaBuild","floor":0.0},{"not_picked":["bronze:Backtrace","bronze:DelayedGuard"],"picked":"bronze:WhirlingStrike","floor":2.0},{"not_picked":["bronze:Invalidate","bronze:Philosophize"],"picked":"bronze:BronzeOrb","floor":5},{"not_picked":["bronze:Return","bronze:Repair"],"picked":"bronze:Optimize","floor":6},{"not_picked":["bronze:BronzeArmor","bronze:DelayedSlice","bronze:BitShift"],"picked":"SKIP","floor":8},{"not_picked":["bronze:Deprecate","bronze:Invalidate"],"picked":"bronze:Repulsor","floor":10},{"not_picked":["bronze:NullPointer","bronze:HyperBeam"],"picked":"bronze:Branch","floor":12},{"not_picked":["bronze:FineTuning","bronze:CutThrough"],"picked":"bronze:ChosenStrike","floor":14},{"not_picked":["bronze:OilSpill","bronze:Overload","bronze:Iterate"],"picked":"SKIP","floor":15}],"player_experience":1008538,"relics_obtained":[{"floor":7,"key":"StrikeDummy"},{"floor":12,"key":"Shuriken"}],"event_choices":[{"damage_healed":0.0,"max_hp_gain":5.0,"max_hp_loss":0.0,"gold_gain":0.0,"event_name":"Big Fish","player_choice":"Donut","floor":3.0,"gold_loss":0.0,"damage_taken":0.0}],"is_beta":false,"boss_relics":[],"items_purged_floors":[],"is_endless":false,"potions_floor_spawned":[6,8,10,12],"killed_by":"DF_ARCHETYPE_STREAMLINE","ascension_level":0}}