{"host":"bf9sa99gaumonoeu","time":1610839962,"event":{"mods":["AchievementEnabler","Act Like it!","Aspiration","BaseMod","Better Sensory Stone","Colored Map","Colored Powertips","Fox Events","Friendly Minions","Gensokyo","GifTheSpireLib","Googly Eyes","Hallownest","Hermit","Highlight Path","Hubris","Jorbs\u0027s Wanderer Trilogy","KinomotoSakuraMod(????)","Koishi","Lobotomy","Marisa????????","Minty Spire (QoL Compilation)","Rare Cards Sparkle","Reimu??????","Relic Stats","Remilia??????","Replay The Spire","StSLib","The Administrix","The Animator","The Bug Knight","The Construct","The Cursed","The Disciple","The Hierophant","The Mystic","The Necromancer","The Poker Player","The Runesmith","The Senshi","The Servant 0.9.4"],"gold_per_floor":[128,150,164,178,192,192,224,224,224,237,136,136,161,1,1,73,73,84,96,96,96,116,116,466,517,529,541,541],"floor_reached":27,"language":"ENG","playtime":2386,"items_purged":[],"score":428,"play_id":"7465d5cc-ae88-43fb-afd7-2ed9749d9efa","local_time":"20210116213242","is_ascension_mode":true,"campfire_choices":[{"data":"animator:DolaStephanie","floor":6.0,"key":"SMITH"},{"floor":8.0,"key":"REST"},{"floor":12.0,"key":"REST"},{"data":"animator:NagisaMomoe","floor":15.0,"key":"SMITH"},{"floor":23,"key":"REST"}],"circlet_count":0,"master_deck":["AscendersBane","animator:Strike_MadokaMagica","animator:Defend_MadokaMagica","animator:Strike","animator:Strike","animator:Defend","animator:Defend","animator:Defend","animator:IrohaTamaki","animator:YuiTsuruno","animator:NagisaMomoe+1","animator:KyokoSakura","animator:Megumin+8","animator:Kazuma","animator:MamiTomoe","animator:DolaStephanie+1","animator:IzunaHatsuse","animator:NagisaMomoe","Gensokyo:LockedMedkit","animator:NagisaMomoe","Necronomicurse","animator:Rimuru","Abandon","Reinforced Body","Intimidate","animator:Curse_GriefSeed","hubris:Lust","animator:SuzuneAmano"],"relics":["animator:LivingPicture","animator:TheMissingPiece","animator:PurgingStone","Happy Flower","animator:OldCoffin","ReplayTheSpireMod:TigerMarble","Necronomicon","aspiration:IroncladSkillbook","hubris:Icosahedron","Ring of Hypnosis","Ring of Greed","MawBank","Old Coin","aspiration:Lifesprig","Mummified Hand"],"acts_visited":["Gensokyo:Gensokyo","Gensokyo:Gensokyoer"],"potions_floor_usage":[16,25],"damage_taken":[{"damage":5.0,"enemies":"Gensokyo:Gryphon","floor":1.0,"turns":3.0},{"damage":5.0,"enemies":"Gensokyo:2_Kodama","floor":2.0,"turns":3.0},{"damage":0.0,"enemies":"Gensokyo:3_Fairies","floor":3.0,"turns":3.0},{"damage":1.0,"enemies":"Gensokyo:Python_and_Kodama","floor":4.0,"turns":5.0},{"damage":0.0,"enemies":"Gensokyo:2_Rabbits","floor":5.0,"turns":3.0},{"damage":26.0,"enemies":"Gensokyo:Cirno","floor":7.0,"turns":7.0},{"damage":6.0,"enemies":"Gensokyo:Kitsune","floor":10.0,"turns":3.0},{"damage":3.0,"enemies":"Gensokyo:Mamizou","floor":13.0,"turns":8.0},{"damage":21,"enemies":"Gensokyo:Yukari","floor":16,"turns":5},{"damage":22,"enemies":"Gensokyo:CosmicMonolith","floor":18,"turns":3},{"damage":3,"enemies":"Gensokyo:AngelMirror","floor":19,"turns":2},{"damage":4,"enemies":"Gensokyo:Chomper_and_Gloop","floor":22,"turns":2},{"damage":44,"enemies":"Gensokyo:Reisen","floor":25,"turns":7},{"damage":21,"enemies":"Gensokyo:Slime_Group","floor":27,"turns":3}],"seed_played":"-4433893943321664788","potions_obtained":[{"floor":3.0,"key":"animator:FalseLifePotion"},{"floor":4.0,"key":"PowerPotion"},{"floor":5.0,"key":"Dexterity Potion"},{"floor":13.0,"key":"DuplicationPotion"},{"floor":18,"key":"SteroidPotion"},{"floor":22,"key":"PowerPotion"}],"is_trial":false,"path_per_floor":["M","M","M","M","M","R","E","R","T","M","COS","R","E","?","R","B",null,"M","M","?","?","M","R","?","E","T","M"],"character_chosen":"THE_ANIMATOR","items_purchased":[],"campfire_rested":3,"item_purchase_floors":[],"current_hp_per_floor":[49,44,45,45,45,45,19,37,37,31,31,49,46,46,46,25,53,35,36,36,36,36,54,54,17,17,0,0],"gold":541,"neow_bonus":"TRANSFORM_CARD","is_daily":false,"chose_seed":false,"campfire_upgraded":2,"win_rate":0.0,"timestamp":1610839962,"path_taken":["M","M","M","M","M","R","E","R","T","M","COS","R","E","?","R","BOSS","M","M","?","?","?","R","?","E","T","?"],"items_purchased_type":[],"build_version":"2020-12-22","purchased_purges":0,"victory":false,"max_hp_per_floor":[60,60,61,62,62,62,62,62,62,62,62,62,62,62,62,62,62,62,62,62,62,62,62,62,62,62,62,62],"relic_stats":{"Happy Flower":[11],"counters":[14,57],"Mummified Hand":[0],"Necronomicon":[10],"MawBank":36,"obtain_stats":[{"aspiration:Lifesprig":25,"Happy Flower":7,"Ring of Hypnosis":24,"animator:TheMissingPiece":0,"Ring of Greed":24,"MawBank":24,"aspiration:IroncladSkillbook":17,"Old Coin":24,"hubris:Icosahedron":21,"animator:PurgingStone":0,"Mummified Hand":26,"animator:LivingPicture":0,"ReplayTheSpireMod:TigerMarble":13,"Necronomicon":14,"animator:OldCoffin":9},{"aspiration:Lifesprig":13,"Happy Flower":6,"Ring of Hypnosis":12,"animator:TheMissingPiece":0,"Ring of Greed":12,"MawBank":12,"aspiration:IroncladSkillbook":9,"Old Coin":12,"hubris:Icosahedron":11,"animator:PurgingStone":0,"Mummified Hand":13,"animator:LivingPicture":0,"ReplayTheSpireMod:TigerMarble":8,"Necronomicon":8,"animator:OldCoffin":6},{"aspiration:Lifesprig":54,"Happy Flower":24,"Ring of Hypnosis":47,"animator:TheMissingPiece":0,"Ring of Greed":47,"MawBank":47,"aspiration:IroncladSkillbook":40,"Old Coin":47,"hubris:Icosahedron":45,"animator:PurgingStone":0,"Mummified Hand":54,"animator:LivingPicture":0,"ReplayTheSpireMod:TigerMarble":35,"Necronomicon":35,"animator:OldCoffin":24}]},"card_choices":[{"not_picked":["animator:SuzuneAmano","animator:FielNirvalen"],"picked":"animator:KyokoSakura","floor":1.0},{"not_picked":["animator:Mitsurugi","animator:YachiyoNanami"],"picked":"animator:Megumin","floor":2.0},{"not_picked":["animator:PandorasActor","animator:Entoma"],"picked":"animator:Kazuma","floor":3.0},{"not_picked":["animator:OrikoMikuni","animator:KyokoSakura"],"picked":"animator:MamiTomoe","floor":4.0},{"not_picked":["animator:DolaCouronne","animator:Sloth"],"picked":"animator:DolaStephanie","floor":5.0},{"not_picked":["animator:Witch","animator:Pride"],"picked":"animator:IzunaHatsuse","floor":7.0},{"not_picked":["animator:UneriGinkaku","animator:SakuraMatou"],"picked":"animator:NagisaMomoe","floor":10.0},{"not_picked":["animator:YuiTsuruno","animator:IrohaTamaki"],"picked":"animator:NagisaMomoe","floor":13.0},{"not_picked":["animator:Albedo","animator:Saber"],"picked":"animator:Rimuru","floor":16},{"not_picked":["animator:CowGirl","Pommel Strike","animator:Demiurge"],"picked":"Abandon","floor":18},{"not_picked":["animator:Jibril","animator:YunYun","animator:Caster","Havoc"],"picked":"SKIP","floor":19},{"not_picked":["animator:IzunaHatsuse+1","animator:Mitsurugi","True Grit"],"picked":"Intimidate","floor":22},{"not_picked":["animator:SayakaMiki","animator:IrohaTamaki","animator:YachiyoNanami"],"picked":"animator:SuzuneAmano","floor":25}],"player_experience":942062,"relics_obtained":[{"floor":7.0,"key":"Happy Flower"},{"floor":9.0,"key":"animator:OldCoffin"},{"floor":13.0,"key":"ReplayTheSpireMod:TigerMarble"},{"floor":24,"key":"Ring of Hypnosis"},{"floor":24,"key":"Ring of Greed"},{"floor":24,"key":"MawBank"},{"floor":24,"key":"Old Coin"},{"floor":25,"key":"aspiration:Lifesprig"},{"floor":26,"key":"Mummified Hand"}],"event_choices":[],"is_beta":false,"boss_relics":[{"not_picked":["Empty Cage","hubris:HollowSoul"],"picked":"aspiration:IroncladSkillbook"}],"items_purged_floors":[],"is_endless":false,"potions_floor_spawned":[3,4,5,13,18,22],"killed_by":"Gensokyo:Slime_Group","ascension_level":14}}