{"host":"t6r1isv2bex5ovch","time":1610800486,"event":{"mods":["AchievementEnabler","Act Like it!","Aspiration","BaseMod","Better Altar","Better Match","Better Note","Better Sensory Stone","Better Skull","Better Third Choice","Better Vampires","Colored Powertips","Displayed Cursed Tome","Downfall","Energized Spire","Evolution","Fox Events","Hubris","Minty Spire (QoL Compilation)","StSLib","The Bug Knight","The Disciple","The Factory","The Jungle","The Runesmith"],"gold_per_floor":[110,110,110,123,123,153,153,3,49,49,49],"floor_reached":10,"language":"ENG","playtime":600,"items_purged":[],"score":70,"play_id":"37dfeb96-70ad-473b-aefb-d0b3cda15b1e","local_time":"20210116223446","is_ascension_mode":true,"campfire_choices":[{"floor":7,"key":"RECALL"}],"circlet_count":0,"master_deck":["HollowMod:NailStrikeStart","HollowMod:NailStrikeStart","HollowMod:NailStrikeStart","HollowMod:QuickDashStart","HollowMod:QuickDashStart+1","HollowMod:QuickDashStart","HollowMod:QuickDashStart+1","HollowMod:FocusHealStart","HollowMod:PogoStrike"],"relics":["HollowMod:VesselMask","EVO:Axolotl","hubris:Icosahedron","Frozen Egg 2","HollowMod:StagPassRelic"],"acts_visited":["Exordium"],"potions_floor_usage":[10],"damage_taken":[{"damage":0,"enemies":"2 Louse","floor":1,"turns":3},{"damage":0,"enemies":"Small Slimes","floor":4,"turns":3},{"damage":68,"enemies":"Lagavulin","floor":6,"turns":10},{"damage":22,"enemies":"Gremlin Nob","floor":10,"turns":4}],"seed_played":"-7182848571283993799","potions_obtained":[{"floor":1,"key":"SmokeBomb"},{"floor":6,"key":"hexamod:SoulburnPotion"}],"is_trial":false,"path_per_floor":["M","?","?","M","?","E","R","?","T","E"],"character_chosen":"THE_BUGKNIGHT","items_purchased":[],"campfire_rested":0,"item_purchase_floors":[],"current_hp_per_floor":[82,66,66,76,76,20,20,20,20,0,0],"gold":49,"neow_bonus":"TEN_PERCENT_HP_BONUS","is_daily":false,"chose_seed":false,"campfire_upgraded":0,"win_rate":0.0,"timestamp":1610800486,"path_taken":["M","?","?","M","?","E","R","?","T","E"],"items_purchased_type":[],"build_version":"2020-12-22","purchased_purges":0,"victory":false,"max_hp_per_floor":[82,82,82,82,82,82,82,82,82,82,82],"card_choices":[{"not_picked":["HollowMod:SoulSplash","HollowMod:ShadowDash","HollowMod:MawleksShell"],"picked":"SKIP","floor":1},{"not_picked":["HollowMod:SiblingsSouls","HollowMod:HeavyBlow","HollowMod:SoulVessel"],"picked":"SKIP","floor":4},{"not_picked":["HollowMod:ZotesMagnificence","HollowMod:GreatSlash","HollowMod:BlackTendrils"],"picked":"SKIP","floor":6}],"player_experience":474606,"relics_obtained":[{"floor":6,"key":"Frozen Egg 2"}],"event_choices":[{"damage_healed":82,"gold_gain":0,"player_choice":"Upgrade","damage_taken":16,"max_hp_gain":0,"max_hp_loss":82,"event_name":"betterThird:BetterShining","floor":2,"gold_loss":0,"cards_upgraded":["HollowMod:QuickDashStart","HollowMod:QuickDashStart"]}],"is_beta":false,"boss_relics":[],"items_purged_floors":[],"is_endless":false,"potions_floor_spawned":[1,6],"killed_by":"Gremlin Nob","ascension_level":2}}