{"host":"u1dfzl6o6mfmauc3","time":1610775280,"event":{"mods":["100% Spire Juice","2.2 Compatiblity","AchievementEnabler","BaseMod","Block Reminder","Challenge The Spire","Dark Map","Hermit","Minty Spire (QoL Compilation)","Relic Stats","Robot Space Explorer","StSLib","The Disciple","The Marked"],"gold_per_floor":[110,110,29,42,5,5,39,53,53,73,108,141,141,166,166,267,267,278,203,203,203,223,237,262,38,38,67,67,101,101,25,25,126,126,142,142,159,159,177,32,49,49,126,26,26,43,43,0,0,0],"floor_reached":51,"language":"ENG","playtime":2833,"items_purged":["Strike_P","Defend_P"],"score":790,"play_id":"a11efe55-d474-420b-9114-74fe329907a7","local_time":"20210116003440","is_ascension_mode":true,"campfire_choices":[{"data":"TalkToTheHand","floor":6,"key":"SMITH"},{"data":"LikeWater","floor":13,"key":"SMITH"},{"data":"Tantrum","floor":15,"key":"SMITH"},{"floor":28,"key":"REST"},{"floor":30,"key":"REST"},{"data":"Eruption","floor":32,"key":"SMITH"},{"floor":42,"key":"REST"},{"data":"TalkToTheHand","floor":45,"key":"SMITH"},{"floor":47,"key":"RECALL"},{"floor":49,"key":"REST"}],"circlet_count":0,"master_deck":["Defend_P","Eruption+1","Vigilance","CutThroughFate","Tantrum+1","TalkToTheHand+1","ThirdEye","Perseverance","FlurryOfBlows","LikeWater+1","EmptyBody","DeusExMachina","ClearTheMind","CrushJoints","Halt","Adaptation","SashWhip","CutThroughFate+1","EmptyMind","FearNoEvil","DevaForm","MentalFortress+1","ConjureBlade+1","TalkToTheHand+1","TalkToTheHand+1","Wallop","Vault"],"relics":["PureWater","NeowsBlessing","WingedGreaves","Shuriken","MealTicket","Ornamental Fan","StoneCalendar","Potion Belt","Ancient Tea Set","SacredBark","Blood Vial","Dream Catcher","Omamori","Toy Ornithopter","Astrolabe","PreservedInsect","Bottled Tornado","Red Mask"],"acts_visited":["Exordium","TheCity","TheBeyond"],"potions_floor_usage":[12,24,24,27,29,29,46,50],"damage_taken":[{"damage":0,"enemies":"Cultist","floor":1,"turns":1},{"damage":0,"enemies":"2 Louse","floor":4,"turns":1},{"damage":0,"enemies":"Gremlin Nob","floor":7,"turns":1},{"damage":0,"enemies":"Jaw Worm","floor":8,"turns":3},{"damage":0,"enemies":"Large Slime","floor":10,"turns":3},{"damage":21,"enemies":"Lagavulin","floor":11,"turns":4},{"damage":9,"enemies":"3 Sentries","floor":12,"turns":7},{"damage":0,"enemies":"Lagavulin","floor":14,"turns":2},{"damage":33,"enemies":"The Guardian","floor":16,"turns":13},{"damage":0,"enemies":"Chosen","floor":18,"turns":4},{"damage":0,"enemies":"Shell Parasite","floor":22,"turns":4},{"damage":10,"enemies":"Sentry and Sphere","floor":23,"turns":7},{"damage":19,"enemies":"Slavers","floor":24,"turns":6},{"damage":43,"enemies":"Gremlin Leader","floor":27,"turns":6},{"damage":20,"enemies":"Slavers","floor":29,"turns":5},{"damage":4,"enemies":"Collector","floor":33,"turns":7},{"damage":49,"enemies":"3 Darklings","floor":35,"turns":6},{"damage":6,"enemies":"3 Shapes","floor":37,"turns":7},{"damage":16,"enemies":"Spire Growth","floor":39,"turns":6},{"damage":6,"enemies":"3 Darklings","floor":41,"turns":6},{"damage":15,"enemies":"Jaw Worm Horde","floor":46,"turns":3},{"damage":41,"enemies":"Awakened One","floor":50,"turns":8}],"seed_played":"8646348854917347532","potions_obtained":[{"floor":7,"key":"Strength Potion"},{"floor":8,"key":"Dexterity Potion"},{"floor":11,"key":"ColorlessPotion"},{"floor":14,"key":"FairyPotion"},{"floor":16,"key":"SneckoOil"},{"floor":22,"key":"Fire Potion"},{"floor":23,"key":"StancePotion"},{"floor":24,"key":"BlessingOfTheForge"},{"floor":27,"key":"BlessingOfTheForge"},{"floor":35,"key":"Energy Potion"}],"is_trial":false,"path_per_floor":["M","T","?","M","$","R","E","M","T","M","E","E","R","E","R","B",null,"M","?","?","?","M","M","E","$","T","E","R","E","R","$","R","B",null,"M","?","M","?","M","$","M","R","T","$","R","M","R","?","R","B",null],"character_chosen":"WATCHER","items_purchased":["TalkToTheHand","Halt","Adaptation","SashWhip","FearNoEvil","PreservedInsect"],"campfire_rested":4,"item_purchase_floors":[5,25,25,25,31,40],"current_hp_per_floor":[72,72,72,72,72,72,72,72,72,72,51,42,42,42,42,9,72,72,72,72,72,72,62,43,58,58,17,38,20,41,56,56,54,72,23,23,19,19,5,20,16,37,37,52,52,44,44,44,65,31],"gold":0,"neow_bonus":"THREE_ENEMY_KILL","is_daily":false,"chose_seed":false,"campfire_upgraded":5,"win_rate":0.0,"timestamp":1610775280,"path_taken":["M","?","?","M","$","R","E","M","T","M","E","E","R","E","R","BOSS","M","?","?","?","?","?","E","$","T","E","R","E","R","$","R","BOSS","M","?","M","?","?","?","M","R","T","$","R","?","R","?","R","BOSS"],"items_purchased_type":["Card","Card","Card","Card","Card","Relic"],"build_version":"2020-12-22","purchased_purges":2,"victory":true,"max_hp_per_floor":[72,72,72,72,72,72,72,72,72,72,72,72,72,72,72,72,72,72,72,72,72,72,72,72,72,72,72,72,72,72,72,72,72,72,72,72,72,72,72,72,72,72,72,72,72,72,72,72,72,72],"relic_stats":{"Blood Vial":16,"Dream Catcher":4,"counters":[22,110],"Shuriken":[54],"Ornamental Fan":[212],"Astrolabe":["MentalFortress","ConjureBlade","TalkToTheHand"],"MealTicket":60,"StoneCalendar":[219],"PreservedInsect":0,"obtain_stats":[{"Potion Belt":12,"NeowsBlessing":0,"SacredBark":17,"Astrolabe":34,"StoneCalendar":11,"PreservedInsect":40,"Omamori":27,"Bottled Tornado":43,"Ancient Tea Set":14,"Blood Vial":24,"Dream Catcher":26,"Shuriken":3,"Ornamental Fan":9,"MealTicket":7,"WingedGreaves":2,"Red Mask":48,"PureWater":0,"Toy Ornithopter":29},{"Potion Belt":7,"NeowsBlessing":0,"SacredBark":9,"Astrolabe":16,"StoneCalendar":6,"PreservedInsect":19,"Omamori":14,"Bottled Tornado":20,"Ancient Tea Set":8,"Blood Vial":13,"Dream Catcher":13,"Shuriken":1,"Ornamental Fan":4,"MealTicket":3,"WingedGreaves":1,"Red Mask":21,"PureWater":0,"Toy Ornithopter":15},{"Potion Belt":20,"NeowsBlessing":0,"SacredBark":35,"Astrolabe":74,"StoneCalendar":13,"PreservedInsect":93,"Omamori":62,"Bottled Tornado":99,"Ancient Tea Set":22,"Blood Vial":56,"Dream Catcher":56,"Shuriken":1,"Ornamental Fan":6,"MealTicket":3,"WingedGreaves":1,"Red Mask":102,"PureWater":0,"Toy Ornithopter":67}],"Toy Ornithopter":10},"card_choices":[{"not_picked":["EmptyFist","PathToVictory"],"picked":"CutThroughFate","floor":1},{"not_picked":["Conclude","EmptyFist"],"picked":"Tantrum","floor":4},{"not_picked":["Vengeance","SandsOfTime"],"picked":"ThirdEye","floor":7},{"not_picked":["FollowUp","ClearTheMind"],"picked":"Perseverance","floor":8},{"not_picked":["SignatureMove","FollowUp","Protect"],"picked":"SKIP","floor":10},{"not_picked":["DeusExMachina","Perseverance"],"picked":"FlurryOfBlows","floor":11},{"not_picked":["Brilliance","ThirdEye"],"picked":"LikeWater","floor":12},{"not_picked":["DeceiveReality","BowlingBash"],"picked":"EmptyBody","floor":14},{"not_picked":["Brilliance","Judgement"],"picked":"DeusExMachina","floor":16},{"not_picked":["Consecrate+1","SignatureMove+1","Tantrum"],"picked":"SKIP","floor":18},{"not_picked":["SandsOfTime","ThirdEye","Weave"],"picked":"SKIP","floor":22},{"not_picked":["EmptyFist","FlyingSleeves"],"picked":"ClearTheMind","floor":23},{"not_picked":["CarveReality","Swivel+1"],"picked":"CrushJoints","floor":24},{"not_picked":["EmptyFist","DeusExMachina"],"picked":"CutThroughFate+1","floor":27},{"not_picked":["FlyingSleeves","Prostrate"],"picked":"EmptyMind","floor":28},{"not_picked":["Worship","Prostrate+1","ForeignInfluence"],"picked":"SKIP","floor":29},{"not_picked":["Brilliance","MasterReality"],"picked":"DevaForm","floor":33},{"not_picked":["FlurryOfBlows","Study"],"picked":"TalkToTheHand","floor":35},{"not_picked":["Halt+1","Protect+1","SashWhip+1"],"picked":"SKIP","floor":37},{"not_picked":["Evaluate","CrushJoints"],"picked":"Wallop","floor":39},{"not_picked":["ClearTheMind+1","BattleHymn+1"],"picked":"Vault","floor":41},{"not_picked":["CutThroughFate","Crescendo+1","DevaForm"],"picked":"SKIP","floor":46}],"player_experience":83616,"relics_obtained":[{"floor":2,"key":"WingedGreaves"},{"floor":7,"key":"MealTicket"},{"floor":9,"key":"Ornamental Fan"},{"floor":11,"key":"StoneCalendar"},{"floor":12,"key":"Potion Belt"},{"floor":14,"key":"Ancient Tea Set"},{"floor":24,"key":"Blood Vial"},{"floor":26,"key":"Dream Catcher"},{"floor":27,"key":"Omamori"},{"floor":29,"key":"Toy Ornithopter"},{"floor":43,"key":"Bottled Tornado"}],"event_choices":[{"damage_healed":0,"gold_gain":0,"player_choice":"Paid Gold","damage_taken":0,"relics_obtained":["Shuriken"],"max_hp_gain":0,"max_hp_loss":0,"event_name":"WeMeetAgain","floor":3,"gold_loss":81},{"cards_removed":["Strike_P"],"damage_healed":0,"gold_gain":0,"player_choice":"Gave Gold","damage_taken":0,"max_hp_gain":0,"max_hp_loss":0,"event_name":"Beggar","floor":19,"gold_loss":75},{"damage_healed":0,"gold_gain":0,"player_choice":"Smashed Altar","damage_taken":0,"max_hp_gain":0,"max_hp_loss":0,"event_name":"Forgotten Altar","floor":20,"gold_loss":0,"cards_obtained":["Decay"]},{"cards_removed":["Decay"],"damage_healed":0,"gold_gain":0,"player_choice":"Purged","damage_taken":0,"max_hp_gain":0,"max_hp_loss":0,"event_name":"Purifier","floor":21,"gold_loss":0},{"damage_healed":0,"gold_gain":0,"player_choice":"Ignored","damage_taken":0,"max_hp_gain":0,"max_hp_loss":0,"event_name":"Mysterious Sphere","floor":36,"gold_loss":0},{"cards_removed":["Defend_P"],"damage_healed":0,"gold_gain":0,"player_choice":"Purged","damage_taken":0,"max_hp_gain":0,"max_hp_loss":0,"event_name":"Purifier","floor":38,"gold_loss":0},{"damage_healed":0,"gold_gain":0,"player_choice":"Paid","damage_taken":0,"relics_obtained":["Red Mask"],"max_hp_gain":0,"max_hp_loss":0,"event_name":"Tomb of Lord Red Mask","floor":48,"gold_loss":43}],"is_beta":false,"boss_relics":[{"not_picked":["Ectoplasm","Snecko Eye"],"picked":"SacredBark"},{"not_picked":["Busted Crown","Runic Pyramid"],"picked":"Astrolabe"}],"items_purged_floors":[25,44],"is_endless":false,"potions_floor_spawned":[7,8,11,14,16,22,23,24,27,35],"ascension_level":1}}