{"host":"6p0attdrtjqaih7v","time":1610782534,"event":{"mods":["2.2 Compatiblity","AchievementEnabler","Bard","BaseMod","Better Skull","Better Third Choice","Colored Powertips","Hermit","Highlight Path","Jorbs\u0027s Wanderer Trilogy","Key Reminder","Minty Spire (QoL Compilation)","Permanent Neow","Quick Restart","Random Character Button","Relic Stats","Replay The Spire","Robot Space Explorer","StSLib"],"gold_per_floor":[363,41,41,59,75,105,105,121,121,152,163,163,182,196,196,294,294,308,308,162,177,194,221,221,253,253,264,264,280,280,280],"floor_reached":30,"language":"ENG","playtime":1501,"items_purged":["RobotSpaceExplorer:Strike"],"score":383,"play_id":"8e1c12c0-60f1-45ee-ace0-ff3105931943","local_time":"20210116023534","is_ascension_mode":true,"campfire_choices":[{"data":"RobotSpaceExplorer:ShovelStrike","floor":7,"key":"SMITH"},{"data":"RobotSpaceExplorer:MiniLasers","floor":12,"key":"SMITH"},{"data":"RobotSpaceExplorer:ToxicBomb","floor":15,"key":"SMITH"},{"data":"RobotSpaceExplorer:DualCore","floor":24,"key":"SMITH"}],"circlet_count":0,"master_deck":["RobotSpaceExplorer:Strike","RobotSpaceExplorer:Strike","RobotSpaceExplorer:Strike","RobotSpaceExplorer:Defend","RobotSpaceExplorer:Defend","RobotSpaceExplorer:Defend","RobotSpaceExplorer:Defend","RobotSpaceExplorer:Scan","RobotSpaceExplorer:MiniLasers+1","RobotSpaceExplorer:ShovelStrike+1","RobotSpaceExplorer:ScrapToss","RobotSpaceExplorer:StunGrenade","RobotSpaceExplorer:MiniDrones","RobotSpaceExplorer:HighVoltage","RobotSpaceExplorer:Probe","RobotSpaceExplorer:StunGrenade","RobotSpaceExplorer:MiniDrones","RobotSpaceExplorer:ToxicBomb+1","RobotSpaceExplorer:Multitool","RobotSpaceExplorer:DualCore+1","RobotSpaceExplorer:Discharger+1","RobotSpaceExplorer:ExhaustFan","RobotSpaceExplorer:Accelerator"],"relics":["RobotSpaceExplorer:RoboCore","Shuriken","Pear","RobotSpaceExplorer:BottledGravity","Sundial","RobotSpaceExplorer:Reprocessor","MutagenicStrength","Dead Branch","Replay:Kaleidoscope","Potion Belt"],"acts_visited":["Exordium","TheCity"],"potions_floor_usage":[10,16,29,30,30],"damage_taken":[{"damage":0,"enemies":"Cultist","floor":1,"turns":4},{"damage":0,"enemies":"Small Slimes","floor":4,"turns":2},{"damage":0,"enemies":"2 Louse","floor":5,"turns":3},{"damage":12,"enemies":"Lagavulin","floor":6,"turns":4},{"damage":1,"enemies":"Blue Slaver","floor":8,"turns":3},{"damage":8,"enemies":"Replay:BlueRogue","floor":10,"turns":3},{"damage":0,"enemies":"3 Louse","floor":11,"turns":1},{"damage":11,"enemies":"Large Slime","floor":13,"turns":3},{"damage":0,"enemies":"Gremlin Gang","floor":14,"turns":2},{"damage":6,"enemies":"Hexaghost","floor":16,"turns":6},{"damage":3,"enemies":"Chosen","floor":18,"turns":4},{"damage":3,"enemies":"Shell Parasite","floor":21,"turns":3},{"damage":1,"enemies":"Sentry and Sphere","floor":22,"turns":3},{"damage":10,"enemies":"Replay:Snechameleon","floor":23,"turns":4},{"damage":13,"enemies":"Gremlin Leader","floor":25,"turns":5},{"damage":9,"enemies":"Centurion and Healer","floor":27,"turns":5},{"damage":16,"enemies":"3 Cultists","floor":29,"turns":4},{"damage":47,"enemies":"Slavers","floor":30,"turns":5}],"seed_played":"42478988340560946","potions_obtained":[{"floor":4,"key":"PowerPotion"},{"floor":6,"key":"Explosive Potion"},{"floor":10,"key":"FairyPotion"},{"floor":11,"key":"SmokeBomb"},{"floor":13,"key":"Dexterity Potion"},{"floor":18,"key":"Venom Potion"},{"floor":27,"key":"SneckoOil"}],"is_trial":false,"path_per_floor":["M","$","$","M","M","E","R","M","T","E","M","R","M","M","R","B",null,"M","?","$","M","M","E","R","E","T","M","?","M","E"],"character_chosen":"RobotSpaceExplorer","items_purchased":["RobotSpaceExplorer:ScrapToss","Shuriken","RobotSpaceExplorer:DualCore"],"campfire_rested":0,"item_purchase_floors":[2,2,20],"current_hp_per_floor":[50,50,50,50,50,48,48,47,47,39,39,39,28,28,28,22,69,66,66,66,63,62,52,52,39,39,30,30,14,0,0],"gold":280,"neow_bonus":"TWO_FIFTY_GOLD","is_daily":false,"chose_seed":false,"campfire_upgraded":4,"win_rate":0.0,"timestamp":1610782534,"path_taken":["M","?","$","M","M","E","R","M","T","E","M","R","M","M","R","BOSS","M","?","$","M","M","E","R","E","T","M","?","M","E"],"items_purchased_type":["Card","Relic","Card"],"build_version":"2020-12-22","purchased_purges":1,"victory":false,"max_hp_per_floor":[75,75,75,75,75,85,85,85,85,85,85,85,85,85,85,85,85,85,85,85,85,85,85,85,85,85,85,85,85,85,85],"relic_stats":{"counters":[18,64],"Shuriken":[55],"Sundial":[2],"Dead Branch":[6],"obtain_stats":[{"Potion Belt":26,"Pear":6,"Shuriken":2,"RobotSpaceExplorer:BottledGravity":9,"Sundial":10,"MutagenicStrength":19,"Dead Branch":23,"RobotSpaceExplorer:RoboCore":0,"RobotSpaceExplorer:Reprocessor":17,"Replay:Kaleidoscope":25},{"Potion Belt":15,"Pear":4,"Shuriken":1,"RobotSpaceExplorer:BottledGravity":5,"Sundial":6,"MutagenicStrength":11,"Dead Branch":14,"RobotSpaceExplorer:RoboCore":0,"RobotSpaceExplorer:Reprocessor":10,"Replay:Kaleidoscope":15},{"Potion Belt":50,"Pear":13,"Shuriken":4,"RobotSpaceExplorer:BottledGravity":16,"Sundial":19,"MutagenicStrength":35,"Dead Branch":45,"RobotSpaceExplorer:RoboCore":0,"RobotSpaceExplorer:Reprocessor":31,"Replay:Kaleidoscope":50}]},"card_choices":[{"not_picked":["RobotSpaceExplorer:Smokescreen","RobotSpaceExplorer:ImprovisedAttack"],"picked":"RobotSpaceExplorer:ShovelStrike","floor":1},{"not_picked":["RobotSpaceExplorer:MetalStrike","RobotSpaceExplorer:FreezeRay"],"picked":"RobotSpaceExplorer:StunGrenade","floor":4},{"not_picked":["RobotSpaceExplorer:SwiftStep","RobotSpaceExplorer:SelfCleaning"],"picked":"RobotSpaceExplorer:MiniDrones","floor":5},{"not_picked":["RobotSpaceExplorer:Pulsar","RobotSpaceExplorer:FranticSearch"],"picked":"RobotSpaceExplorer:HighVoltage","floor":6},{"not_picked":["RobotSpaceExplorer:SwiftStep","RobotSpaceExplorer:ShovelStrike"],"picked":"RobotSpaceExplorer:Probe","floor":8},{"not_picked":["RobotSpaceExplorer:FrostMissile","RobotSpaceExplorer:ShovelStrike","RobotSpaceExplorer:Electroshield"],"picked":"SKIP","floor":10},{"not_picked":["RobotSpaceExplorer:ImprovisedAttack","RobotSpaceExplorer:GlueShot"],"picked":"RobotSpaceExplorer:StunGrenade","floor":11},{"not_picked":["RobotSpaceExplorer:GearShield","RobotSpaceExplorer:ScrapShield"],"picked":"RobotSpaceExplorer:MiniDrones","floor":13},{"not_picked":["RobotSpaceExplorer:StarDust","RobotSpaceExplorer:Probe"],"picked":"RobotSpaceExplorer:ToxicBomb","floor":14},{"not_picked":["RobotSpaceExplorer:Exploration","RobotSpaceExplorer:ShockMissile"],"picked":"RobotSpaceExplorer:Multitool","floor":16},{"not_picked":["RobotSpaceExplorer:SlimeMissile","RobotSpaceExplorer:Counterblock","RobotSpaceExplorer:PowerGlove"],"picked":"SKIP","floor":18},{"not_picked":["RobotSpaceExplorer:ShovelStrike","RobotSpaceExplorer:ScrapShield+1"],"picked":"RobotSpaceExplorer:Discharger+1","floor":21},{"not_picked":["RobotSpaceExplorer:PlasmaMissile","RobotSpaceExplorer:SwiftStep","RobotSpaceExplorer:SurgingShield"],"picked":"SKIP","floor":22},{"not_picked":["RobotSpaceExplorer:Blitz","RobotSpaceExplorer:RigExplosive","RobotSpaceExplorer:DoubleFind"],"picked":"SKIP","floor":23},{"not_picked":["RobotSpaceExplorer:SurgingStrike","RobotSpaceExplorer:Counterblock","RobotSpaceExplorer:SlimeMissile+1"],"picked":"SKIP","floor":25},{"not_picked":["RobotSpaceExplorer:SurgingShield+1","RobotSpaceExplorer:LuckyStrike"],"picked":"RobotSpaceExplorer:ExhaustFan","floor":27},{"not_picked":["RobotSpaceExplorer:SurgingStrike","RobotSpaceExplorer:DoubleBlock+1"],"picked":"RobotSpaceExplorer:Accelerator","floor":29}],"player_experience":848610,"relics_obtained":[{"floor":6,"key":"Pear"},{"floor":9,"key":"RobotSpaceExplorer:BottledGravity"},{"floor":10,"key":"Sundial"},{"floor":23,"key":"Dead Branch"},{"floor":25,"key":"Replay:Kaleidoscope"},{"floor":26,"key":"Potion Belt"}],"event_choices":[{"damage_healed":0,"gold_gain":0,"player_choice":"Inject Mutagens","damage_taken":0,"relics_obtained":["MutagenicStrength"],"max_hp_gain":0,"max_hp_loss":0,"event_name":"Drug Dealer","floor":19,"gold_loss":0},{"damage_healed":0,"gold_gain":0,"player_choice":"Ignored","damage_taken":0,"max_hp_gain":0,"max_hp_loss":0,"event_name":"Vampires","floor":28,"gold_loss":0}],"is_beta":false,"boss_relics":[{"not_picked":["ReplayTheSpireMod:DimensionalGlitch","Ectoplasm"],"picked":"RobotSpaceExplorer:Reprocessor"}],"items_purged_floors":[20],"is_endless":false,"potions_floor_spawned":[4,6,10,11,13,18,22,27],"killed_by":"Slavers","ascension_level":7}}