{"host":"r9v0g0iwbsx9dzwu","time":1610798696,"event":{"mods":["ATMod(阿瑾Mod)","Aspiration","BaseMod","Minty Spire (QoL Compilation)","MostiFishMod","Replay The Spire","RumiaBox-露米娅的神秘盒子","StSLib","TestMod","[IsaacMod]以撒尖塔","vexMod","【功能Mod】聪明的最终Boss","【遗物卡牌】REMEMod"],"gold_per_floor":[111,122,122,133,58,87,87,103,103,133,133,143,143,169,169,247,247,266,266,266,266,266,292,310,345,395,421,438,438,451,468,468,468,468],"floor_reached":33,"language":"ZHS","playtime":1283,"items_purged":["Strike_G"],"score":1008,"play_id":"d32b291b-5e0b-42a5-bb8b-8e936189e76c","local_time":"20210116200456","is_ascension_mode":true,"campfire_choices":[{"data":"Neutralize","floor":13.0,"key":"SMITH"},{"data":"Well Laid Plans","floor":15.0,"key":"SMITH"},{"data":"BloodyBrimstone","floor":22,"key":"SMITH"},{"data":"Acrobatics","floor":29,"key":"SMITH"},{"floor":32,"key":"DIG"}],"circlet_count":0,"master_deck":["AscendersBane","Strike_G","Strike_G","Strike_G","Defend_G","Defend_G","Defend_G","Defend_G","Defend_G","Survivor","Neutralize+1","BloodyBrimstone+1","Backflip","Sneak Up","Well Laid Plans+1","AT_KingSlayer","vexMod:EmailVexCard","Acrobatics+1"],"relics":["Ring of the Snake","HushsDoor","Void","testmod-Prudence","TimeKeys","testmod-Justice","Snake Skull","NightmareShop","GuppysCollar","BelialBook","AT_SunfireAegis","Replay:WaspNest","ReplayTheSpireMod:TigerMarble","vexMod:MemoryStick","FossilizedHelix"],"acts_visited":["Exordium","TheCity"],"potions_floor_usage":[18,33,33],"damage_taken":[{"damage":0.0,"enemies":"Cultist","floor":1.0,"turns":2.0},{"damage":2.0,"enemies":"Jaw Worm","floor":2.0,"turns":3.0},{"damage":9.0,"enemies":"Small Slimes","floor":3.0,"turns":3.0},{"damage":4.0,"enemies":"Red Slaver","floor":4.0,"turns":3.0},{"damage":10.0,"enemies":"3 Sentries","floor":6.0,"turns":3.0},{"damage":0.0,"enemies":"2 Fungi Beasts","floor":8.0,"turns":2.0},{"damage":0.0,"enemies":"Lagavulin","floor":10.0,"turns":3.0},{"damage":0.0,"enemies":"Lots of Slimes","floor":12.0,"turns":1.0},{"damage":0.0,"enemies":"Gremlin Nob","floor":14.0,"turns":4.0},{"damage":0.0,"enemies":"Fading Forest","floor":16.0,"turns":16.0},{"damage":0,"enemies":"2 Thieves","floor":18,"turns":4},{"damage":0,"enemies":"Chosen","floor":21,"turns":2},{"damage":0,"enemies":"Book of Stabbing","floor":23,"turns":2},{"damage":0,"enemies":"Centurion and Healer","floor":24,"turns":2},{"damage":0,"enemies":"REME_1_Revenger","floor":25,"turns":5},{"damage":4,"enemies":"Replay:Snechameleon","floor":27,"turns":2},{"damage":0,"enemies":"Cultist and Chosen","floor":28,"turns":3},{"damage":19,"enemies":"Shelled Parasite and Fungi","floor":30,"turns":4},{"damage":0,"enemies":"Centurion and Healer","floor":31,"turns":4},{"damage":62,"enemies":"Automaton","floor":33,"turns":8}],"seed_played":"8101430676199783116","potions_obtained":[{"floor":3.0,"key":"Block Potion"},{"floor":4.0,"key":"Flashbang"},{"floor":18,"key":"LifebloodPotion"}],"is_trial":false,"path_per_floor":["M","M","M","M","$","E","T","M","T","E","?","M","R","E","R","B",null,"M","?","?","M","R","E","M","E","T","E","M","R","M","M","R","B"],"character_chosen":"THE_SILENT","items_purchased":["GuppysCollar","BelialBook","vexMod:EmailVexCard"],"campfire_rested":0,"item_purchase_floors":[17,17,17],"current_hp_per_floor":[65,66,63,65,65,61,61,66,66,63,63,63,63,63,63,60,35,35,20,20,26,26,32,29,26,26,23,20,20,1,1,1,0,0],"gold":468,"neow_bonus":"NOSTALGIA","is_daily":false,"chose_seed":false,"campfire_upgraded":4,"win_rate":0.0,"timestamp":1610798696,"path_taken":["M","M","M","M","$","E","?","M","T","E","?","?","R","E","R","BOSS","M","?","?","M","M","E","?","E","T","E","M","R","?","M","R","BOSS"],"items_purchased_type":["Relic","Relic","Card"],"build_version":"2020-12-22","purchased_purges":1,"victory":false,"max_hp_per_floor":[66,66,66,66,66,66,66,66,66,63,63,63,63,63,63,60,35,35,35,35,35,35,32,29,26,26,23,20,20,20,20,20,17,17],"card_choices":[{"not_picked":[],"picked":"BloodyBrimstone","floor":0.0},{"not_picked":["Dagger Spray","Poisoned Stab","AT_KneejerkReflex"],"picked":"SKIP","floor":1.0},{"not_picked":["Replay:Poison Smokescreen","Flying Knee","Prepared"],"picked":"SKIP","floor":2.0},{"not_picked":["Slice","Bouncing Flask","Dodge and Roll"],"picked":"SKIP","floor":3.0},{"not_picked":["Prepared","Acrobatics"],"picked":"Bomb","floor":4.0},{"not_picked":["Bane","Flying Knee"],"picked":"Backflip","floor":6.0},{"not_picked":["Blade Dance","ReplayTheSpireMod:Scrap Shanks","MostiFishMod:Listen"],"picked":"SKIP","floor":8.0},{"not_picked":["AT_WomanClash","Prepared","Outmaneuver"],"picked":"SKIP","floor":10.0},{"not_picked":["Dodge and Roll","Cloak And Dagger","Noxious Fumes"],"picked":"SKIP","floor":12.0},{"not_picked":["Backflip","MostiFishMod:Confrontation"],"picked":"Well Laid Plans","floor":14.0},{"not_picked":["MostiFishMod:HiddenBlade","Night Terror"],"picked":"AT_KingSlayer","floor":16.0},{"not_picked":["Slice","Prepared+1","Predator"],"picked":"SKIP","floor":18},{"not_picked":["Quick Slash","Deflect"],"picked":"Acrobatics","floor":23},{"not_picked":["Cloak And Dagger","MostiFishMod:PerfectParry","AT_KneejerkReflex"],"picked":"SKIP","floor":24},{"not_picked":["Expertise","Tools of the Trade","MostiFishMod:PerfectParry"],"picked":"SKIP","floor":25},{"not_picked":["Dagger Spray+1","Bane","REME_GreenPollution"],"picked":"SKIP","floor":27},{"not_picked":["Slice","Flechettes","Sucker Punch"],"picked":"SKIP","floor":28},{"not_picked":["Bane+1","Sucker Punch+1","Fluid Movement+1"],"picked":"SKIP","floor":30},{"not_picked":["MostiFishMod:PerfectParry","Expertise","Backstab"],"picked":"SKIP","floor":31}],"player_experience":19143,"relics_obtained":[{"floor":1.0,"key":"Baka"},{"floor":6.0,"key":"DoctorsRemote"},{"floor":9.0,"key":"Divine Protection"},{"floor":10.0,"key":"testmod-Justice"},{"floor":14.0,"key":"Snake Skull"},{"floor":23,"key":"AT_SunfireAegis"},{"floor":25,"key":"Replay:WaspNest"},{"floor":26,"key":"ReplayTheSpireMod:TigerMarble"},{"floor":27,"key":"vexMod:MemoryStick"},{"floor":32,"key":"FossilizedHelix"}],"event_choices":[{"damage_healed":0.0,"max_hp_gain":0.0,"max_hp_loss":0.0,"gold_gain":0.0,"cards_transformed":["Strike_G"],"event_name":"Living Wall","player_choice":"Change","floor":11.0,"gold_loss":0.0,"damage_taken":0.0,"cards_obtained":["Sneak Up"]}],"is_beta":false,"boss_relics":[{"not_picked":["BloodWine","testmod-Nine"],"picked":"NightmareShop"},{"not_picked":[]}],"items_purged_floors":[5],"is_endless":false,"potions_floor_spawned":[3,4,8,14,18,24,28],"killed_by":"Automaton","ascension_level":20}}