{"host":"ga4s3hj9m6nkn6gp","time":1610799508,"event":{"mods":["AchievementEnabler","BaseMod","Bestiary","Colored Powertips","Highlight Path","Minty Spire (QoL Compilation)","Relic Stats","everything is the same but u backflip on backflip"],"gold_per_floor":[115,133,133,133,133,133,168,168,195,230,245,245,245,264,264,264,264],"floor_reached":16,"language":"ENG","playtime":356,"items_purged":[],"score":266,"play_id":"28298d6a-585f-424d-8cb8-6b1fd1ba2403","local_time":"20210116131828","is_ascension_mode":true,"campfire_choices":[{"data":"Dash","floor":6,"key":"SMITH"},{"data":"Dagger Spray","floor":8,"key":"SMITH"},{"floor":12,"key":"REST"},{"data":"Cloak And Dagger","floor":15,"key":"SMITH"}],"circlet_count":0,"master_deck":["AscendersBane","Strike_G+1","Strike_G","Strike_G","Strike_G","Defend_G","Defend_G","Defend_G","Defend_G","Defend_G+1","Survivor","Neutralize","Dagger Spray+1","Dash+1","Terror","Flying Knee","Cloak And Dagger+1","Blade Dance"],"relics":["Ring of the Snake","NeowsBlessing","Potion Belt","Anchor","TungstenRod","Golden Idol"],"acts_visited":["Exordium"],"potions_floor_usage":[16,16],"damage_taken":[{"damage":0,"enemies":"Small Slimes","floor":1,"turns":1},{"damage":0,"enemies":"2 Louse","floor":2,"turns":1},{"damage":0,"enemies":"3 Sentries","floor":7,"turns":1},{"damage":39,"enemies":"Gremlin Nob","floor":10,"turns":4},{"damage":0,"enemies":"Jaw Worm","floor":11,"turns":3},{"damage":0,"enemies":"Exordium Thugs","floor":14,"turns":4},{"damage":33,"enemies":"Slime Boss","floor":16,"turns":6}],"seed_played":"5433874200531854134","potions_obtained":[{"floor":2,"key":"Fruit Juice"},{"floor":7,"key":"Energy Potion"},{"floor":11,"key":"Explosive Potion"}],"is_trial":false,"path_per_floor":["M","M","?","?","?","R","E","R","T","E","M","R","?","M","R","B"],"character_chosen":"THE_SILENT","items_purchased":[],"campfire_rested":1,"item_purchase_floors":[],"current_hp_per_floor":[59,59,59,64,43,43,43,43,43,4,4,25,25,25,25,0,0],"gold":264,"neow_bonus":"THREE_ENEMY_KILL","is_daily":false,"chose_seed":false,"campfire_upgraded":3,"win_rate":0.0,"timestamp":1610799508,"path_taken":["M","M","?","?","?","R","E","R","T","E","M","R","?","M","R","BOSS"],"items_purchased_type":[],"build_version":"2020-12-22","purchased_purges":0,"victory":false,"max_hp_per_floor":[66,66,66,71,71,71,71,71,71,71,71,71,64,64,64,69,69],"relic_stats":{"counters":[7,20],"Golden Idol":4,"obtain_stats":[{"Potion Belt":7,"Anchor":9,"NeowsBlessing":0,"Golden Idol":13,"TungstenRod":10,"Ring of the Snake":0},{"Potion Belt":3,"Anchor":3,"NeowsBlessing":0,"Golden Idol":5,"TungstenRod":4,"Ring of the Snake":0},{"Potion Belt":3,"Anchor":3,"NeowsBlessing":0,"Golden Idol":10,"TungstenRod":7,"Ring of the Snake":0}],"TungstenRod":2,"Ring of the Snake":[14]},"card_choices":[{"not_picked":["Sucker Punch","Escape Plan"],"picked":"Dagger Spray","floor":1},{"not_picked":["Accuracy","Leg Sweep"],"picked":"Dash","floor":2},{"not_picked":["Sucker Punch","Well Laid Plans"],"picked":"Flying Knee","floor":7},{"not_picked":["Doppelganger","Quick Slash","PiercingWail"],"picked":"SKIP","floor":10},{"not_picked":["Quick Slash","PiercingWail"],"picked":"Cloak And Dagger","floor":11},{"not_picked":["Expertise","Endless Agony"],"picked":"Blade Dance","floor":14}],"player_experience":638082,"relics_obtained":[{"floor":7,"key":"Potion Belt"},{"floor":9,"key":"Anchor"},{"floor":10,"key":"TungstenRod"}],"event_choices":[{"damage_healed":0,"gold_gain":0,"cards_transformed":["Strike_G"],"player_choice":"Change","damage_taken":0,"max_hp_gain":0,"max_hp_loss":0,"event_name":"Living Wall","floor":3,"gold_loss":0,"cards_obtained":["Terror"]},{"damage_healed":0,"gold_gain":0,"player_choice":"Donut","damage_taken":0,"max_hp_gain":5,"max_hp_loss":0,"event_name":"Big Fish","floor":4,"gold_loss":0},{"damage_healed":0,"gold_gain":0,"player_choice":"Entered Light","damage_taken":21,"max_hp_gain":0,"max_hp_loss":0,"event_name":"Shining Light","floor":5,"gold_loss":0,"cards_upgraded":["Strike_G","Defend_G"]},{"damage_healed":0,"gold_gain":0,"player_choice":"Lose Max HP","damage_taken":0,"relics_obtained":["Golden Idol"],"max_hp_gain":0,"max_hp_loss":7,"event_name":"Golden Idol","floor":13,"gold_loss":0}],"is_beta":false,"boss_relics":[],"items_purged_floors":[],"is_endless":false,"potions_floor_spawned":[2,7,11],"killed_by":"Slime Boss","ascension_level":20}}