{"host":"2tgyrzvaa7l04o2e","time":1610827971,"event":{"mods":["BaseMod","Highlight Path","Minty Spire (QoL Compilation)","Permanent Neow","Relic Stats"],"gold_per_floor":[11,30,30,40,40,40,73,73,73,108,125,154,166,166,166,271,271,287,320,320,339,109,136,136,136,136],"floor_reached":25,"language":"ENG","playtime":1460,"items_purged":["Strike_R"],"score":409,"play_id":"440d9874-c2a8-4c67-b9a5-7d525be9c3f3","local_time":"20210116211251","is_ascension_mode":true,"campfire_choices":[{"data":"Fiend Fire","floor":6,"key":"SMITH"},{"data":"Clothesline","floor":8,"key":"SMITH"},{"data":"Disarm","floor":15,"key":"SMITH"},{"data":"Warcry","floor":24,"key":"SMITH"}],"circlet_count":0,"master_deck":["AscendersBane","Strike_R","Strike_R","Strike_R","Defend_R+1","Defend_R+1","Defend_R","Defend_R","Bash","Fiend Fire+1","Shrug It Off","Shrug It Off","Clothesline+1","Rage","Disarm+1","Seeing Red","Uppercut+1","Reaper","Cleave","Reaper","Warcry+1","Disarm+1"],"relics":["Burning Blood","Kunai","White Beast Statue","Vajra","Boot","Philosopher\u0027s Stone","Red Mask","PreservedInsect","MealTicket"],"acts_visited":["Exordium","TheCity"],"potions_floor_usage":[7,7,12,13,16,16,18,19,21,23,25],"damage_taken":[{"damage":7,"enemies":"Jaw Worm","floor":1,"turns":3},{"damage":7,"enemies":"2 Louse","floor":2,"turns":4},{"damage":0,"enemies":"Cultist","floor":4,"turns":4},{"damage":0,"enemies":"Gremlin Nob","floor":7,"turns":4},{"damage":23,"enemies":"Lagavulin","floor":10,"turns":8},{"damage":8,"enemies":"3 Louse","floor":11,"turns":3},{"damage":8,"enemies":"3 Sentries","floor":12,"turns":13},{"damage":15,"enemies":"Lots of Slimes","floor":13,"turns":5},{"damage":51,"enemies":"Slime Boss","floor":16,"turns":10},{"damage":24,"enemies":"3 Byrds","floor":18,"turns":7},{"damage":36,"enemies":"Masked Bandits","floor":19,"turns":6},{"damage":7,"enemies":"Shell Parasite","floor":21,"turns":6},{"damage":16,"enemies":"Slavers","floor":23,"turns":7},{"damage":89,"enemies":"Gremlin Leader","floor":25,"turns":9}],"seed_played":"6545335977109486225","potions_obtained":[{"floor":1,"key":"Fire Potion"},{"floor":4,"key":"Block Potion"},{"floor":10,"key":"Block Potion"},{"floor":11,"key":"BloodPotion"},{"floor":12,"key":"FearPotion"},{"floor":13,"key":"AttackPotion"},{"floor":16,"key":"Weak Potion"},{"floor":18,"key":"GamblersBrew"},{"floor":19,"key":"Regen Potion"},{"floor":21,"key":"DuplicationPotion"},{"floor":23,"key":"FearPotion"}],"is_trial":false,"path_per_floor":["M","M","?","M","?","R","E","R","T","E","M","E","M","?","R","B",null,"M","?","?","M","$","E","R","E"],"character_chosen":"IRONCLAD","items_purchased":["PreservedInsect"],"campfire_rested":0,"item_purchase_floors":[22],"current_hp_per_floor":[71,70,70,76,60,60,66,66,66,49,47,45,52,52,52,7,62,59,34,34,55,55,75,75,0,0],"gold":136,"neow_bonus":"THREE_RARE_CARDS","is_daily":false,"chose_seed":false,"campfire_upgraded":4,"win_rate":0.0,"timestamp":1610827971,"path_taken":["M","M","?","M","?","R","E","R","T","E","M","E","M","?","R","BOSS","M","?","?","M","$","E","R","E"],"items_purchased_type":["Relic"],"build_version":"2020-12-22","purchased_purges":1,"victory":false,"max_hp_per_floor":[80,80,80,80,80,80,80,80,80,80,80,80,80,80,80,80,80,80,80,80,80,80,80,80,80,80],"relic_stats":{"counters":[14,89],"MealTicket":0,"PreservedInsect":91,"Kunai":[2],"Boot":[11],"obtain_stats":[{"Vajra":10,"Philosopher\u0027s Stone":17,"MealTicket":23,"PreservedInsect":22,"Red Mask":19,"Kunai":7,"Boot":12,"Burning Blood":0,"White Beast Statue":9},{"Vajra":5,"Philosopher\u0027s Stone":9,"MealTicket":13,"PreservedInsect":12,"Red Mask":11,"Kunai":4,"Boot":7,"Burning Blood":0,"White Beast Statue":4},{"Vajra":23,"Philosopher\u0027s Stone":54,"MealTicket":80,"PreservedInsect":73,"Red Mask":67,"Kunai":15,"Boot":39,"Burning Blood":0,"White Beast Statue":15}],"Burning Blood":78},"card_choices":[{"not_picked":["Impervious","Demon Form"],"picked":"Fiend Fire","floor":0},{"not_picked":["Sever Soul","Sword Boomerang"],"picked":"Shrug It Off","floor":1},{"not_picked":["Uppercut","Evolve"],"picked":"Shrug It Off","floor":2},{"not_picked":["Headbutt","Armaments"],"picked":"Clothesline","floor":4},{"not_picked":["Double Tap","Seeing Red"],"picked":"Rage","floor":7},{"not_picked":["Pummel","Berserk"],"picked":"Disarm","floor":10},{"not_picked":["Metallicize","Pommel Strike"],"picked":"Seeing Red","floor":11},{"not_picked":["Juggernaut","Iron Wave","Rage"],"picked":"SKIP","floor":12},{"not_picked":["Warcry","Reckless Charge"],"picked":"Uppercut","floor":13},{"not_picked":["Juggernaut","Berserk"],"picked":"Reaper","floor":16},{"not_picked":["Rage","Heavy Blade+1"],"picked":"Cleave","floor":18},{"not_picked":["Limit Break","Wild Strike"],"picked":"Warcry","floor":21},{"not_picked":["Havoc","Burning Pact"],"picked":"Disarm+1","floor":23}],"player_experience":616879,"relics_obtained":[{"floor":7,"key":"Kunai"},{"floor":9,"key":"White Beast Statue"},{"floor":10,"key":"Vajra"},{"floor":12,"key":"Boot"},{"floor":19,"key":"Red Mask"},{"floor":23,"key":"MealTicket"}],"event_choices":[{"cards_removed":["Strike_R"],"damage_healed":0,"gold_gain":0,"player_choice":"Forget","damage_taken":0,"max_hp_gain":0,"max_hp_loss":0,"event_name":"Living Wall","floor":3,"gold_loss":0},{"damage_healed":0,"gold_gain":0,"player_choice":"Entered Light","damage_taken":16,"max_hp_gain":0,"max_hp_loss":0,"event_name":"Shining Light","floor":5,"gold_loss":0,"cards_upgraded":["Defend_R","Defend_R"]},{"damage_healed":0,"gold_gain":0,"player_choice":"Forge","damage_taken":0,"max_hp_gain":0,"max_hp_loss":0,"event_name":"Accursed Blacksmith","floor":14,"gold_loss":0,"cards_upgraded":["Uppercut"]},{"damage_healed":0,"gold_gain":0,"player_choice":"Fought Bandits","damage_taken":0,"max_hp_gain":0,"max_hp_loss":0,"event_name":"Masked Bandits","floor":19,"gold_loss":0},{"damage_healed":0,"gold_gain":0,"player_choice":"Copied","damage_taken":0,"max_hp_gain":0,"max_hp_loss":0,"event_name":"Duplicator","floor":20,"gold_loss":0,"cards_obtained":["Reaper"]}],"is_beta":false,"boss_relics":[{"not_picked":["Empty Cage","Ectoplasm"],"picked":"Philosopher\u0027s Stone"}],"items_purged_floors":[22],"is_endless":false,"potions_floor_spawned":[1,4,10,11,12,13,16,18,19,21,23],"killed_by":"Gremlin Leader","ascension_level":11}}