{"host":"jfdrqiydeufe5vnu","time":1610804041,"event":{"mods":["ATMod(阿瑾Mod)","Arknights The Spire","BaseMod","BetterRewards","Downfall","Energized Spire","LagranYue(拉格朗・月)","Minty Spire (QoL Compilation)","Spicy Shops","StSLib","UnlockEverythingMod","【遗物卡牌】REMEMod","篝火指南"],"gold_per_floor":[112,137,137,148,29,61,61,61,61,61,81,81,93,105,105,201,201,214,237,285,42,42,68,68,96,96,116,116,116,142,162,162,258,258,277,1276,645,665,665,108,37,56,109,143,153,171,198,198,198,198],"floor_reached":51,"language":"ZHS","playtime":1506,"items_purged":["Searing Blow","Normality","Normality"],"score":1086,"play_id":"9bde2621-af69-4aa4-a084-4e0ba65bb49d","local_time":"20210116213401","is_ascension_mode":false,"campfire_choices":[{"data":"AT_EmpoweredMortalDraw","floor":7,"key":"SMITH"},{"data":"Flame Barrier","floor":12,"key":"SMITH"},{"floor":15,"key":"REST"},{"data":"AT_FamilyPortrait","floor":29,"key":"SMITH"},{"floor":32,"key":"REST"},{"floor":49,"key":"REST"}],"circlet_count":0,"master_deck":["Strike_R","Strike_R","Strike_R","Strike_R","Strike_R","Defend_R","Defend_R","Defend_R","Defend_R","Bash","AT_FamilyPortrait+1","AT_EmpoweredMortalDraw+1","Shrug It Off","Power Through","Forethought","Inflame","Flame Barrier+1","Normality","Perfected Strike","Limit Break","Iron Wave+1","Seeing Red","Bloodletting","Havoc+1","Normality","Pain","AT_FamilyPortrait+1","Battle Trance+1","Mind Blast","Discovery","Flex","Iron Wave+1","Flex+1","Ghostly Armor+1"],"relics":["Burning Blood","REME_ComplimentaryCards","AT_ATBox","LagranYue:RandomDrawCardRelic","AT_DeathDance","OrangePellets","Centennial Puzzle","Tiny Chest","Self Forming Clay","Busted Crown","Nunchaku","AT_RedTearstoneRing","PreservedInsect","Nilry\u0027s Codex","REME_HandOfSuture","MutagenicStrength","Pocketwatch","Question Card","Toy Ornithopter","energizedSpire:RedRose","Vajra","Oddly Smooth Stone","ClockworkSouvenir","DollysMirror","Medical Kit","StrikeDummy","AT_SunfireAegis","Bag of Preparation","Gambling Chip","REME_PuzzleBoxRelic","Pantograph"],"acts_visited":["Exordium","TheCity","TheBeyond"],"potions_floor_usage":[16,16,33,33,33,44],"damage_taken":[{"damage":3,"enemies":"Cultist","floor":1,"turns":3},{"damage":0,"enemies":"Small Slimes","floor":4,"turns":1},{"damage":27,"enemies":"3 Sentries","floor":6,"turns":6},{"damage":3,"enemies":"Jaw Worm","floor":11,"turns":2},{"damage":0,"enemies":"Exordium Wildlife","floor":13,"turns":2},{"damage":12,"enemies":"Red Slaver","floor":14,"turns":4},{"damage":37,"enemies":"Hexaghost","floor":16,"turns":7},{"damage":10,"enemies":"Shell Parasite","floor":18,"turns":5},{"damage":0,"enemies":"Slavers","floor":23,"turns":1},{"damage":54,"enemies":"Gremlin Leader","floor":25,"turns":5},{"damage":0,"enemies":"2 Thieves","floor":27,"turns":1},{"damage":14,"enemies":"Slavers","floor":30,"turns":3},{"damage":2,"enemies":"Snake Plant","floor":31,"turns":2},{"damage":28,"enemies":"Champ","floor":33,"turns":13},{"damage":9,"enemies":"3 Darklings","floor":35,"turns":5},{"damage":12,"enemies":"Orb Walker","floor":38,"turns":3},{"damage":18,"enemies":"Maw","floor":42,"turns":4},{"damage":41,"enemies":"Reptomancer","floor":44,"turns":4},{"damage":8,"enemies":"3 Darklings","floor":45,"turns":2},{"damage":4,"enemies":"Sphere and 2 Shapes","floor":46,"turns":3},{"damage":4,"enemies":"Nemesis","floor":47,"turns":1},{"damage":21,"enemies":"Donu and Deca","floor":50,"turns":4}],"seed_played":"548870424450906098","potions_obtained":[{"floor":6,"key":"Strength Potion"},{"floor":13,"key":"SteroidPotion"},{"floor":14,"key":"DistilledChaos"},{"floor":27,"key":"Energy Potion"},{"floor":31,"key":"SteroidPotion"},{"floor":33,"key":"Block Potion"},{"floor":38,"key":"Fire Potion"},{"floor":45,"key":"ElixirPotion"}],"is_trial":false,"path_per_floor":["M","T","?","M","$","E","R","?","T","$","M","R","M","M","R","B",null,"M","T","T","$","?","E","?","E","T","M","T","R","E","M","R","B",null,"M","?","$","M","?","R","?","M","T","E","M","M","E","T","R","B",null],"character_chosen":"IRONCLAD","items_purchased":["AT_EmpoweredMortalDraw","AT_DeathDance","OrangePellets","Flame Barrier","Explosive Potion","PreservedInsect","Vajra","Oddly Smooth Stone","ClockworkSouvenir","DollysMirror","Medical Kit","Fire Potion","StrikeDummy","Flex"],"campfire_rested":3,"item_purchase_floors":[0,0,0,5,5,21,37,37,37,37,40,40,40,40],"current_hp_per_floor":[60,60,60,66,66,45,45,45,45,45,48,48,54,48,72,41,80,76,76,76,76,60,66,66,18,18,24,24,24,16,20,44,37,80,77,77,77,71,61,61,61,49,49,19,17,19,21,21,45,55],"gold":198,"neow_bonus":"","is_daily":false,"chose_seed":false,"campfire_upgraded":3,"win_rate":0.0,"timestamp":1610804041,"path_taken":["M","?","?","?","$","E","R","?","T","?","M","R","M","M","R","BOSS","M","?","?","$","?","E","?","E","T","?","?","R","E","M","R","BOSS","M","?","$","M","?","R","?","M","T","E","M","M","E","?","R","BOSS"],"items_purchased_type":["Card","Relic","Relic","Card","Potion","Relic","Relic","Relic","Relic","Relic","Relic","Potion","Relic","Card"],"build_version":"2020-12-22","purchased_purges":3,"victory":true,"max_hp_per_floor":[80,80,80,80,80,80,80,80,80,80,80,80,80,80,80,80,80,80,80,80,80,80,80,80,80,80,80,80,80,80,80,80,80,80,80,80,80,80,80,80,80,80,80,80,80,80,80,80,80,80],"card_choices":[{"not_picked":["Havoc","Iron Wave"],"picked":"Shrug It Off","floor":1},{"not_picked":["Burning Pact","AT_BodySlamDance"],"picked":"Inflame","floor":4},{"not_picked":["Havoc","Headbutt","Infernal Blade"],"picked":"SKIP","floor":6},{"not_picked":["Shrug It Off","AT_ShrugMaster"],"picked":"Perfected Strike","floor":11},{"not_picked":["Dual Wield","Wild Strike","Exhume"],"picked":"SKIP","floor":13},{"not_picked":["Whirlwind","Second Wind","Warcry"],"picked":"SKIP","floor":14},{"not_picked":["Demon Form","Juggernaut"],"picked":"Limit Break","floor":16},{"not_picked":["Sword Boomerang"],"picked":"SKIP","floor":18},{"not_picked":["Second Wind"],"picked":"SKIP","floor":23},{"not_picked":[],"picked":"Iron Wave+1","floor":25},{"not_picked":[],"picked":"Seeing Red","floor":27},{"not_picked":["Armaments"],"picked":"Bloodletting","floor":30},{"not_picked":["Twin Strike","Body Slam+1"],"picked":"SKIP","floor":31},{"not_picked":["Twin Strike"],"picked":"Havoc+1","floor":35},{"not_picked":["AT_BodySlamDance"],"picked":"Battle Trance+1","floor":38},{"not_picked":["REME_TwoStrings"],"picked":"Mind Blast","floor":39},{"not_picked":["Good Instincts"],"picked":"Discovery","floor":39},{"not_picked":["Thunderclap+1"],"picked":"Iron Wave+1","floor":42},{"not_picked":["Wild Strike"],"picked":"Flex+1","floor":44},{"not_picked":["AT_GerminateFire","Clash"],"picked":"SKIP","floor":45},{"not_picked":["Body Slam"],"picked":"Ghostly Armor+1","floor":46},{"not_picked":["Reckless Charge","Sword Boomerang"],"picked":"SKIP","floor":47}],"player_experience":60185,"relics_obtained":[{"floor":2,"key":"Centennial Puzzle"},{"floor":6,"key":"Tiny Chest"},{"floor":9,"key":"Self Forming Clay"},{"floor":19,"key":"Nunchaku"},{"floor":20,"key":"AT_RedTearstoneRing"},{"floor":22,"key":"Nilry\u0027s Codex"},{"floor":23,"key":"REME_HandOfSuture"},{"floor":25,"key":"Pocketwatch"},{"floor":28,"key":"Question Card"},{"floor":30,"key":"Toy Ornithopter"},{"floor":43,"key":"Bag of Preparation"},{"floor":44,"key":"Gambling Chip"},{"floor":47,"key":"REME_PuzzleBoxRelic"},{"floor":48,"key":"Pantograph"}],"event_choices":[{"damage_healed":0,"gold_gain":0,"player_choice":"2 cards matched","damage_taken":0,"max_hp_gain":0,"max_hp_loss":0,"event_name":"Match and Keep!","floor":3,"gold_loss":0,"cards_obtained":["Power Through","Forethought"]},{"damage_healed":0,"gold_gain":0,"player_choice":"Obtained Book","damage_taken":16,"max_hp_gain":0,"max_hp_loss":0,"event_name":"Cursed Tome","floor":22,"gold_loss":0},{"damage_healed":0,"gold_gain":0,"player_choice":"Inject Mutagens","damage_taken":0,"relics_obtained":["MutagenicStrength"],"max_hp_gain":0,"max_hp_loss":0,"event_name":"Drug Dealer","floor":24,"gold_loss":0},{"damage_healed":0,"gold_gain":999,"player_choice":"Gold","damage_taken":0,"max_hp_gain":0,"max_hp_loss":0,"event_name":"MindBloom","floor":36,"gold_loss":0,"cards_obtained":["Normality","Normality"]},{"damage_healed":0,"gold_gain":0,"player_choice":"Memory 3","damage_taken":10,"max_hp_gain":0,"max_hp_loss":0,"event_name":"SensoryStone","floor":39,"gold_loss":0},{"damage_healed":0,"gold_gain":0,"player_choice":"Paid Gold","damage_taken":0,"relics_obtained":["AT_SunfireAegis"],"max_hp_gain":0,"max_hp_loss":0,"event_name":"WeMeetAgain","floor":41,"gold_loss":71}],"is_beta":false,"boss_relics":[{"not_picked":["Black Blood","Black Star"],"picked":"Busted Crown"},{"not_picked":["Sozu","energizedSpire:HugeHouse"],"picked":"energizedSpire:RedRose"}],"items_purged_floors":[0,21,37],"is_endless":false,"potions_floor_spawned":[6,13,14,27,31,33,38,42,45],"ascension_level":0}}