{"host":"qk2y4749gcwu4ddj","time":1610808982,"event":{"mods":["Arknights The Spire","BaseMod","Hunter ¡‘»À","Minty Spire (QoL Compilation)","Replay The Spire","Spicy Shops","StSLib","The Cursed","The Runesmith","[GremlinLeader]The Maniac","°æ“≈ŒÔø®≈∆°øREMEMod"],"gold_per_floor":[115,115,215,231,231,264,275,275,275,300,300,316,316,171,171,171,171],"floor_reached":16,"language":"ZHS","playtime":1033,"items_purged":["Runesmith:Strike_RS"],"score":133,"play_id":"832e6763-d8b7-4528-9a87-8066c60577c1","local_time":"20210116225622","is_ascension_mode":false,"campfire_choices":[{"data":"Runesmith:BackupBattery","floor":11,"key":"SMITH"},{"data":"1","floor":13,"key":"LIFT"},{"floor":15,"key":"REST"}],"circlet_count":0,"master_deck":["Runesmith:Strike_RS","Runesmith:Strike_RS","Runesmith:Defend_RS","Runesmith:Defend_RS","Runesmith:Defend_RS","Runesmith:CraftFirestone","Runesmith:Fortify","Runesmith:CraftMagma","Runesmith:RuneHurl","Runesmith:MakeshiftArmor","Runesmith:CraftProtectio","Runesmith:BackupBattery+1","Runesmith:CraftPrismatica","Runesmith:HeatExchange"],"relics":["Runesmith:BrokenRuby","REME_ComplimentaryCards","NeowsBlessing","Mirror","Boot","Girya","Membership Card"],"acts_visited":["Exordium"],"potions_floor_usage":[],"damage_taken":[{"damage":0,"enemies":"Jaw Worm","floor":1,"turns":1},{"damage":0,"enemies":"Cultist","floor":4,"turns":1},{"damage":0,"enemies":"3 Sentries","floor":6,"turns":2},{"damage":0,"enemies":"Small Slimes","floor":7,"turns":4},{"damage":19,"enemies":"Lagavulin","floor":10,"turns":8},{"damage":5,"enemies":"Blue Slaver","floor":12,"turns":4},{"damage":77,"enemies":"Fading Forest","floor":16,"turns":10}],"seed_played":"-5918551771620754210","potions_obtained":[{"floor":1,"key":"EssenceOfSteel"},{"floor":12,"key":"Doom Potion"}],"is_trial":false,"path_per_floor":["M","?","?","M","?","E","M","?","T","E","R","M","R","$","R","B"],"character_chosen":"RUNESMITH_CLASS","items_purchased":["Membership Card","Runesmith:HeatExchange"],"campfire_rested":1,"item_purchase_floors":[14,14],"current_hp_per_floor":[70,70,70,70,70,70,70,70,70,51,51,46,46,46,67,0,0],"gold":171,"neow_bonus":"THREE_ENEMY_KILL","is_daily":false,"chose_seed":false,"campfire_upgraded":1,"win_rate":0.0,"timestamp":1610808982,"path_taken":["M","?","?","?","?","E","M","?","T","E","R","M","R","$","R","BOSS"],"items_purchased_type":["Relic","Card"],"build_version":"2020-12-22","purchased_purges":1,"victory":false,"max_hp_per_floor":[70,70,70,70,70,70,70,70,70,70,70,70,70,70,70,70,70],"card_choices":[{"not_picked":["Runesmith:HammerAndChisel","Runesmith:PerfectChisel"],"picked":"Runesmith:CraftMagma","floor":1},{"not_picked":["Runesmith:Repurpose","Runesmith:CraftMagma"],"picked":"Runesmith:RuneHurl","floor":4},{"not_picked":["Runesmith:HeatExchange","Runesmith:Reinforce"],"picked":"Runesmith:MakeshiftArmor","floor":6},{"not_picked":["Runesmith:Repurpose","Runesmith:Grindstone"],"picked":"Runesmith:CraftProtectio","floor":7},{"not_picked":["Runesmith:PerfectChisel","Runesmith:HeatExchange"],"picked":"Runesmith:BackupBattery","floor":10},{"not_picked":["Runesmith:HeatExchange","Runesmith:MakeshiftArmor"],"picked":"Runesmith:CraftPrismatica","floor":12}],"player_experience":164765,"relics_obtained":[{"floor":6,"key":"Mirror"},{"floor":9,"key":"Boot"},{"floor":10,"key":"Girya"}],"event_choices":[{"damage_healed":0,"gold_gain":100,"player_choice":"Pray","damage_taken":0,"max_hp_gain":0,"max_hp_loss":0,"event_name":"Golden Shrine","floor":3,"gold_loss":0},{"cards_removed":["Runesmith:Defend_RS"],"damage_healed":0,"gold_gain":0,"player_choice":"Forget","damage_taken":0,"max_hp_gain":0,"max_hp_loss":0,"event_name":"Living Wall","floor":5,"gold_loss":0},{"damage_healed":0,"gold_gain":0,"player_choice":"Ignored","damage_taken":0,"max_hp_gain":0,"max_hp_loss":0,"event_name":"Golden Idol","floor":8,"gold_loss":0}],"is_beta":false,"boss_relics":[],"items_purged_floors":[14],"is_endless":false,"potions_floor_spawned":[1,12],"killed_by":"Fading Forest","ascension_level":0}}