{"host":"1a3cjta80tad0aqj","time":1610799365,"event":{"mods":["2.2 Compatiblity","AchievementEnabler","BaseMod","Colored Map","DeckTracker","KOR Keyword Fix","Keyboard Shortcuts","Minty Spire (QoL Compilation)","Permanent Neow","Quick Restart","Random Character Button","StSLib","SuperFastMode","everything is the same but u backflip on backflip"],"gold_per_floor":[118,118,129,144,1,1,27,44,97,111,121,151,165,177,177,277,277,295,50,64,84,95,114,145,145,145,32,32,75,75,75,75,188,188,213,274,283,342,362,362,397,397,397,397,397,421,421,123,132,132,132,132,5,5,5],"floor_reached":54,"language":"KOR","playtime":3309,"items_purged":["Strike_B","Strike_B","Defend_B"],"score":742,"play_id":"eab99096-9b71-45bb-9548-19adf142a7f2","local_time":"20210116211605","is_ascension_mode":false,"campfire_choices":[{"data":"Electrodynamics","floor":6.0,"key":"SMITH"},{"floor":15.0,"key":"REST"},{"floor":25.0,"key":"REST"},{"floor":28.0,"key":"RECALL"},{"data":"Chill","floor":32.0,"key":"SMITH"},{"data":"Reinforced Body","floor":40.0,"key":"SMITH"},{"data":"Creative AI","floor":42.0,"key":"SMITH"},{"data":"Defragment","floor":47.0,"key":"SMITH"},{"floor":49.0,"key":"REST"},{"data":"Reboot","floor":52.0,"key":"SMITH"}],"circlet_count":0,"master_deck":["Strike_B","Defend_B","Defend_B","Zap","Dualcast","Self Repair","Capacitor","Electrodynamics+1","Leap","Conserve Battery","Chill+1","Consume","Coolheaded","Hologram","Sunder","Reboot+1","Defragment+1","Barrage+1","Ball Lightning","Stack","Reinforced Body+1","Compile Driver","Glacier+1","Thunder Strike","Stack+1","Coolheaded+1","Finesse+1","White Noise+1","Coolheaded+1","Creative AI+1","Coolheaded+1","Conserve Battery+1","Defragment","Conserve Battery+1"],"relics":["Cracked Core","NeowsBlessing","Matryoshka","Pantograph","PreservedInsect","Juzu Bracelet","Velvet Choker","Medical Kit","DataDisk","MawBank","Toxic Egg 2","CeramicFish","Dream Catcher","FaceOfCleric","Inserter","Girya","Gambling Chip","Centennial Puzzle","Mercury Hourglass"],"acts_visited":["Exordium","TheCity","TheBeyond","TheEnding"],"potions_floor_usage":[],"damage_taken":[{"damage":0.0,"enemies":"Jaw Worm","floor":1.0,"turns":1.0},{"damage":0.0,"enemies":"Cultist","floor":3.0,"turns":1.0},{"damage":0.0,"enemies":"2 Louse","floor":4.0,"turns":1.0},{"damage":30.0,"enemies":"Gremlin Nob","floor":7.0,"turns":4.0},{"damage":17.0,"enemies":"Exordium Wildlife","floor":8.0,"turns":4.0},{"damage":1.0,"enemies":"Gremlin Gang","floor":10.0,"turns":2.0},{"damage":4.0,"enemies":"2 Fungi Beasts","floor":11.0,"turns":3.0},{"damage":10.0,"enemies":"3 Sentries","floor":12.0,"turns":3.0},{"damage":12.0,"enemies":"3 Louse","floor":13.0,"turns":2.0},{"damage":3.0,"enemies":"Looter","floor":14.0,"turns":3.0},{"damage":30.0,"enemies":"Slime Boss","floor":16.0,"turns":14.0},{"damage":10.0,"enemies":"Shell Parasite","floor":18.0,"turns":5.0},{"damage":31.0,"enemies":"3 Byrds","floor":20.0,"turns":3.0},{"damage":2.0,"enemies":"Centurion and Healer","floor":21.0,"turns":6.0},{"damage":0.0,"enemies":"Snecko","floor":22.0,"turns":3.0},{"damage":12.0,"enemies":"Sentry and Sphere","floor":23.0,"turns":4.0},{"damage":19.0,"enemies":"Book of Stabbing","floor":24.0,"turns":5.0},{"damage":7.0,"enemies":"Slavers","floor":29.0,"turns":3.0},{"damage":47.0,"enemies":"Champ","floor":33.0,"turns":11.0},{"damage":27.0,"enemies":"3 Shapes","floor":35.0,"turns":5.0},{"damage":48.0,"enemies":"2 Orb Walkers","floor":36.0,"turns":6.0},{"damage":11.0,"enemies":"Mind Bloom Boss Battle","floor":38.0,"turns":9.0},{"damage":0.0,"enemies":"3 Darklings","floor":39.0,"turns":5.0},{"damage":0.0,"enemies":"Reptomancer","floor":41.0,"turns":6.0},{"damage":5.0,"enemies":"Jaw Worm Horde","floor":46.0,"turns":3.0},{"damage":14.0,"enemies":"Donu and Deca","floor":50.0,"turns":9.0},{"damage":82,"enemies":"Shield and Spear","floor":54,"turns":6}],"seed_played":"4326861324410718888","potions_obtained":[{"floor":3.0,"key":"AttackPotion"},{"floor":7.0,"key":"PotionOfCapacity"},{"floor":13.0,"key":"Dexterity Potion"},{"floor":18.0,"key":"LiquidMemories"},{"floor":21.0,"key":"Ancient Potion"},{"floor":22.0,"key":"Ancient Potion"},{"floor":24.0,"key":"PotionOfCapacity"},{"floor":38.0,"key":"PotionOfCapacity"},{"floor":39.0,"key":"BlessingOfTheForge"}],"is_trial":false,"path_per_floor":["M","?","M","M","$","R","E","M","T","M","M","E","M","M","R","B",null,"M","$","M","M","M","M","E","R","T","$","R","E","?","?","R","B",null,"M","?","?","?","M","R","E","R","T","?","?","M","R","$","R","B",null,"R","$","E"],"character_chosen":"DEFECT","items_purchased":["Electrodynamics","Medical Kit","FocusPotion","Mercury Hourglass","Defragment","Conserve Battery+1","ColorlessPotion"],"campfire_rested":3,"item_purchase_floors":[5,19,48,48,53,53,53],"current_hp_per_floor":[75,75,75,75,75,75,52,42,42,48,44,34,22,19,41,36,75,72,72,48,53,60,55,36,58,58,58,58,58,58,58,58,36,76,57,17,17,39,47,47,55,55,55,55,55,51,51,51,74,65,79,79,79,0,0],"gold":5,"neow_bonus":"THREE_ENEMY_KILL","is_daily":false,"chose_seed":true,"campfire_upgraded":6,"win_rate":0.0,"timestamp":1610799365,"path_taken":["M","?","M","M","$","R","E","?","T","M","M","E","M","M","R","BOSS","M","$","M","M","M","M","E","R","T","$","R","E","?","?","R","BOSS","M","?","?","?","M","R","E","R","T","?","?","M","R","$","R","BOSS","R","$","E"],"items_purchased_type":["Card","Relic","Potion","Relic","Card","Card","Potion"],"build_version":"2020-12-22","purchased_purges":3,"victory":false,"max_hp_per_floor":[75,75,75,75,75,75,75,75,75,75,75,75,75,75,75,75,75,75,75,75,75,75,75,75,75,75,75,75,75,75,75,75,76,76,77,78,78,79,80,80,81,81,81,81,77,78,78,78,78,79,79,79,79,79,79],"card_choices":[{"not_picked":["Sweeping Beam","Streamline"],"picked":"Self Repair","floor":1.0},{"not_picked":["Tempest","Rebound"],"picked":"Capacitor","floor":3.0},{"not_picked":["Recycle","Gash","Coolheaded"],"picked":"SKIP","floor":4.0},{"not_picked":["Sweeping Beam","Compile Driver"],"picked":"Leap","floor":7.0},{"not_picked":["Barrage","Self Repair"],"picked":"Conserve Battery","floor":8.0},{"not_picked":["Beam Cell","Conserve Battery"],"picked":"Chill","floor":10.0},{"not_picked":["Stack","Sweeping Beam"],"picked":"Consume","floor":11.0},{"not_picked":["Darkness","Hello World"],"picked":"Coolheaded","floor":12.0},{"not_picked":["Leap","BootSequence"],"picked":"Hologram","floor":13.0},{"not_picked":["All For One","Leap"],"picked":"Sunder","floor":14.0},{"not_picked":["Echo Form","All For One"],"picked":"Reboot","floor":16.0},{"not_picked":["Gash","Coolheaded"],"picked":"Defragment","floor":18.0},{"not_picked":["Chill+1","Glacier"],"picked":"Barrage+1","floor":20.0},{"not_picked":["Static Discharge","Leap"],"picked":"Ball Lightning","floor":21.0},{"not_picked":["FTL+1","Hologram"],"picked":"Stack","floor":22.0},{"not_picked":["Streamline+1","Go for the Eyes"],"picked":"Reinforced Body","floor":23.0},{"not_picked":["Capacitor","Hello World"],"picked":"Compile Driver","floor":24.0},{"not_picked":["Ball Lightning+1","Reboot+1"],"picked":"Glacier+1","floor":29.0},{"not_picked":["Multi-Cast+1","All For One"],"picked":"Thunder Strike","floor":33.0},{"not_picked":["Self Repair","Fusion+1"],"picked":"Stack+1","floor":35.0},{"not_picked":["Redo+1","Streamline+1"],"picked":"Coolheaded+1","floor":36.0},{"not_picked":["Impatience+1","Madness+1"],"picked":"Finesse+1","floor":37.0},{"not_picked":["Compile Driver","FTL+1"],"picked":"White Noise+1","floor":38.0},{"not_picked":["Steam+1","FTL+1"],"picked":"Coolheaded+1","floor":39.0},{"not_picked":["Reprogram+1","Rip and Tear"],"picked":"Creative AI","floor":41.0},{"not_picked":["Rebound+1","Auto Shields+1"],"picked":"Coolheaded+1","floor":46.0},{"not_picked":["Compile Driver+1","Gash"],"picked":"Conserve Battery+1","floor":49.0}],"player_experience":665139,"relics_obtained":[{"floor":7.0,"key":"Matryoshka"},{"floor":9.0,"key":"Pantograph"},{"floor":9.0,"key":"PreservedInsect"},{"floor":12.0,"key":"Juzu Bracelet"},{"floor":24.0,"key":"DataDisk"},{"floor":26.0,"key":"MawBank"},{"floor":26.0,"key":"Toxic Egg 2"},{"floor":29.0,"key":"CeramicFish"},{"floor":36.0,"key":"Girya"},{"floor":38.0,"key":"Gambling Chip"},{"floor":41.0,"key":"Centennial Puzzle"}],"event_choices":[{"cards_removed":["Defend_B"],"damage_healed":0.0,"max_hp_gain":0.0,"max_hp_loss":0.0,"gold_gain":0.0,"event_name":"Bonfire Elementals","player_choice":"Offered Basic","floor":2.0,"gold_loss":0.0,"damage_taken":0.0},{"damage_healed":0.0,"max_hp_gain":0.0,"max_hp_loss":0.0,"gold_gain":0.0,"event_name":"The Mausoleum","player_choice":"Opened","floor":30.0,"gold_loss":0.0,"damage_taken":0.0,"relics_obtained":["Dream Catcher"]},{"damage_healed":0.0,"max_hp_gain":0.0,"max_hp_loss":0.0,"gold_gain":0.0,"event_name":"FaceTrader","player_choice":"Trade","floor":31.0,"gold_loss":0.0,"damage_taken":0.0,"relics_obtained":["FaceOfCleric"]},{"damage_healed":0.0,"max_hp_gain":0.0,"max_hp_loss":0.0,"gold_gain":0.0,"event_name":"Mysterious Sphere","player_choice":"Fight","floor":36.0,"gold_loss":0.0,"damage_taken":0.0},{"damage_healed":0.0,"max_hp_gain":0.0,"max_hp_loss":0.0,"gold_gain":0.0,"event_name":"SensoryStone","player_choice":"Memory 1","floor":37.0,"gold_loss":0.0,"damage_taken":0.0},{"damage_healed":0.0,"max_hp_gain":0.0,"max_hp_loss":0.0,"gold_gain":0.0,"event_name":"MindBloom","player_choice":"Fight","floor":38.0,"gold_loss":0.0,"damage_taken":0.0},{"cards_removed":["Strike_B"],"damage_healed":0.0,"max_hp_gain":0.0,"max_hp_loss":0.0,"gold_gain":0.0,"event_name":"Falling","player_choice":"Removed Attack","floor":44.0,"gold_loss":0.0,"damage_taken":0.0},{"damage_healed":0.0,"max_hp_gain":0.0,"max_hp_loss":4.0,"gold_gain":0.0,"event_name":"Winding Halls","player_choice":"Max HP","floor":45.0,"gold_loss":0.0,"damage_taken":0.0}],"is_beta":false,"boss_relics":[{"not_picked":["Astrolabe","SlaversCollar"],"picked":"Velvet Choker"},{"not_picked":["Calling Bell","Empty Cage"],"picked":"Inserter"}],"items_purged_floors":[5,19,27],"is_endless":false,"potions_floor_spawned":[3,7,13,14,18,21,22,24,38,39],"killed_by":"Shield and Spear","ascension_level":0}}