{"host":"r9uivonio18rfam2","time":1610837284,"event":{"mods":["2.2 Compatiblity","AchievementEnabler","Act Like it!","Aspiration","BaseMod","Better Altar","Better Match","Better Note","Better Sensory Stone","Better Skull","Better Third Choice","BetterRewards","Colored Map","Colored Powertips","Conspire","Energized Spire","Infinite Spire","Minty Spire (QoL Compilation)","Permanent Neow","Quick Restart","Replay The Spire","Shop Mod","Spikes Relics","StSLib","The Blue Laboratory","The Jungle","Wandering Minibosses","vexMod"],"gold_per_floor":[109,157,7,7,7,37,37,67,67,18,18,18,50,61,61,157,157,171,171,5,18,29,29,49,76,102,134,147,147,173,45,45,150,150,165,165,182,182,196,196,223,235,235,235,269,279,299,328,328,328,328,328,190,222,222],"floor_reached":56,"language":"ENG","playtime":3133,"items_purged":["Strike_R","Defend_R","Strike_R","ReplayTheSpireMod:Restless Dread"],"score":2075,"play_id":"72cb98b0-6cb9-4f7a-8cd9-2c3b485fa9c3","local_time":"20210116174804","is_ascension_mode":true,"campfire_choices":[{"data":"Uppercut","floor":12.0,"key":"SMITH"},{"data":"infinitespire:TheBestDefense","floor":15.0,"key":"SMITH"},{"data":"Bash","floor":23.0,"key":"SMITH"},{"data":"ReplayTheSpireMod:Fabricate Wheel","floor":29.0,"key":"SMITH"},{"data":"Mirror Shield","floor":32.0,"key":"SMITH"},{"floor":40,"key":"RECALL"},{"data":"DeceiveReality","floor":49,"key":"SMITH"},{"data":"Barricade","floor":52,"key":"SMITH"}],"circlet_count":0,"master_deck":["Strike_R+1","Defend_R+1","Defend_R+1","Bash+1","Uppercut+1","DeceiveReality+1","Cleave+1","Cold Snap+1","ReplayTheSpireMod:Omega Cannon+1","infinitespire:SevenWalls+1","Exhume","Barricade+1","Double Energy","Tools of the Trade","Mirror Shield+1","Bludgeon+1","LessonLearned+1","ReplayTheSpireMod:LeadingStrike+1","Dual Wield+1","infinitespire:Menacing+1","Delirium","ReplayTheSpireMod:GoodbyeWorld+1","Pommel Strike+1","True Grit+1","Offering+1","conspire:Banana+1","Panache"],"relics":["Snecko Eye","PrismaticShard","Darkstone Periapt","Molten Egg 2","Eternal Feather","Happy Flower","aspiration:FrozenJewel","Replay:Bronze Core","Membership Card","Membership Card","Bag of Marbles","Lantern","vexMod:FocusSash","Replay:Mystery Machine","Prayer Wheel","conspire:TopHat","Medical Kit","Astrolabe","Ring of Peace","wanderingMiniBosses:CarrionFlame","infinitespire:PuzzleCube","conspire:Flyswatter","Prayer Wheel","conspire:GlowingRock","ReplayTheSpireMod:CursedCoin","Replay:Bottled Flurry","Bottled Lightning"],"acts_visited":["Exordium","TheCity","TheBeyond","TheEnding"],"potions_floor_usage":[41,55,55],"damage_taken":[{"damage":0.0,"enemies":"Small Slimes","floor":1.0,"turns":3.0},{"damage":2.0,"enemies":"3 Sentries","floor":6.0,"turns":9.0},{"damage":1.0,"enemies":"Gremlin Nob","floor":8.0,"turns":3.0},{"damage":1.0,"enemies":"Lagavulin","floor":13.0,"turns":6.0},{"damage":5.0,"enemies":"Jaw Worm","floor":14.0,"turns":2.0},{"damage":13.0,"enemies":"The Guardian","floor":16.0,"turns":7.0},{"damage":0.0,"enemies":"3 Byrds","floor":18.0,"turns":4.0},{"damage":0.0,"enemies":"Chosen","floor":21.0,"turns":3.0},{"damage":3.0,"enemies":"Shelled Parasite and Fungi","floor":22.0,"turns":2.0},{"damage":0.0,"enemies":"Centurion and Healer","floor":24.0,"turns":5.0},{"damage":0.0,"enemies":"Slavers","floor":25.0,"turns":3.0},{"damage":0.0,"enemies":"conspire:SneckoGhost","floor":27.0,"turns":5.0},{"damage":0.0,"enemies":"Cultist and Chosen","floor":28.0,"turns":4.0},{"damage":0.0,"enemies":"Gremlin Leader","floor":30.0,"turns":3.0},{"damage":0.0,"enemies":"Automaton","floor":33.0,"turns":7.0},{"damage":0,"enemies":"Orb Walker","floor":35,"turns":1},{"damage":0,"enemies":"3 Darklings","floor":37,"turns":5},{"damage":0,"enemies":"Transient","floor":39,"turns":5},{"damage":0,"enemies":"R_Hoarder","floor":41,"turns":6},{"damage":0,"enemies":"Jaw Worm Horde","floor":42,"turns":1},{"damage":5,"enemies":"Nemesis","floor":45,"turns":5},{"damage":0,"enemies":"3 Darklings","floor":46,"turns":3},{"damage":0,"enemies":"4 Shapes","floor":47,"turns":2},{"damage":0,"enemies":"Giant Head","floor":48,"turns":6},{"damage":49,"enemies":"infinitespire:MassOfShapes","floor":50,"turns":9},{"damage":45,"enemies":"Shield and Spear","floor":54,"turns":5},{"damage":25,"enemies":"The Heart","floor":55,"turns":8}],"seed_played":"-5990540130293993140","potions_obtained":[{"floor":6.0,"key":"Swift Potion"},{"floor":14.0,"key":"blueLaboratory:BottleOfVodka"},{"floor":21.0,"key":"blueLaboratory:FrostheartPotion"},{"floor":24.0,"key":"Dexterity Potion"},{"floor":25.0,"key":"blueLaboratory:EnragingPotion"},{"floor":28.0,"key":"FearPotion"},{"floor":30.0,"key":"EssenceOfSteel"},{"floor":38,"key":"LiquidMemories"},{"floor":42,"key":"blueLaboratory:BottleOfRum"}],"is_trial":false,"path_per_floor":["M","?","$","?","?","E","$","E","T","$","?","R","E","M","R","B",null,"M","AVR","$","M","M","R","M","E","T","E","M","R","E","$","R","B",null,"M","?","M","?","M","R","E","M","T","?","E","M","M","E","R","B",null,"R","$","E","B",null],"character_chosen":"IRONCLAD","items_purchased":["DuplicationPotion","blueLaboratory:HorrorPotion","Membership Card","Bag of Marbles","Exhume","Barricade","Medical Kit","ReplayTheSpireMod:CursedCoin","Replay:Bottled Flurry","Panache"],"campfire_rested":0,"item_purchase_floors":[3,10,20,20,20,20,31,53,53,53],"current_hp_per_floor":[72,52,52,36,16,14,14,13,13,13,13,19,18,13,19,6,62,62,62,62,62,59,68,68,68,68,68,68,77,77,77,80,80,80,80,86,86,86,86,86,86,86,86,82,77,79,81,83,88,41,78,90,96,53,30],"gold":222,"neow_bonus":"BOSS_RELIC","is_daily":false,"chose_seed":false,"campfire_upgraded":7,"win_rate":0.0,"timestamp":1610837284,"path_taken":["M","?","$","?","?","E","$","E","T","?","?","R","E","M","R","BOSS","M","AVR","?","M","M","R","?","E","T","E","M","R","E","$","R","BOSS","M","?","M","?","?","R","E","M","T","?","E","M","M","E","R","BOSS","R","$","E","BOSS"],"items_purchased_type":["Potion","Potion","Relic","Relic","Card","Card","Relic","Relic","Relic","Card"],"build_version":"2020-12-22","purchased_purges":4,"victory":true,"max_hp_per_floor":[80,80,80,80,80,80,80,80,80,80,80,80,80,80,80,80,80,80,80,80,80,80,80,80,80,80,80,80,80,80,80,80,80,80,80,86,86,86,86,86,86,86,86,82,82,84,86,88,88,90,90,90,96,98,100],"card_choices":[{"not_picked":["Flash of Steel","Turbo"],"picked":"Uppercut","floor":1.0},{"not_picked":["infinitespire:NeuralNetwork","infinitespire:UltimateForm"],"picked":"infinitespire:TheBestDefense","floor":5.0},{"not_picked":["Reprogram","Aggregate","Expertise"],"picked":"SKIP","floor":6.0},{"not_picked":["ShadowRift+1","Replay:AtTheReady"],"picked":"DeceiveReality","floor":8.0},{"not_picked":["Compile Driver+1","Gash+1"],"picked":"Cleave+1","floor":13.0},{"not_picked":["Dagger Throw+1","Twin Strike+1"],"picked":"Cold Snap+1","floor":14.0},{"not_picked":["Panache","Vault"],"picked":"ReplayTheSpireMod:Omega Cannon+1","floor":16.0},{"not_picked":["Backflip","Headbutt+1","Clash+1"],"picked":"SKIP","floor":18.0},{"not_picked":["Flex+1","Stack","CrushJoints+1"],"picked":"SKIP","floor":21.0},{"not_picked":["LikeWater","Capacitor","CutThroughFate+1"],"picked":"SKIP","floor":22.0},{"not_picked":["SashWhip+1","ReplayTheSpireMod:Corrosion Curse+1"],"picked":"Double Energy","floor":24.0},{"not_picked":["Flying Knee+1","Sucker Punch+1"],"picked":"Tools of the Trade","floor":25.0},{"not_picked":["ReplaySolidLightProjector+1","Go for the Eyes+1","BowlingBash+1"],"picked":"SKIP","floor":27.0},{"not_picked":["Compile Driver+1","Dagger Spray+1"],"picked":"ReplayTheSpireMod:Fabricate Wheel","floor":28.0},{"not_picked":["Havoc+1","All For One+1"],"picked":"Bludgeon+1","floor":30.0},{"not_picked":["Crow Ritual","DeusExMachina"],"picked":"LessonLearned+1","floor":33.0},{"not_picked":["Dagger Spray+1","ReplayTheSpireMod:Uncanny Aura","ReplayGash+1"],"picked":"SKIP","floor":35},{"not_picked":["Sword Boomerang+1","PathToVictory","Compile Driver+1"],"picked":"SKIP","floor":35},{"not_picked":["Entrench","Havoc+1"],"picked":"ReplayTheSpireMod:GoodbyeWorld","floor":37},{"not_picked":["Compile Driver+1","Rebound+1","Shrug It Off"],"picked":"SKIP","floor":37},{"not_picked":["Perfected Strike+1","Survey Options+1"],"picked":"Pommel Strike+1","floor":39},{"not_picked":["Rupture","Cleave+1","Accuracy+1"],"picked":"SKIP","floor":39},{"not_picked":["Skim","Reckless Charge+1"],"picked":"True Grit+1","floor":41},{"not_picked":["ThirdEye","Ball Lightning+1"],"picked":"Offering","floor":42},{"not_picked":["Bane+1","Prostrate+1","Warcry"],"picked":"SKIP","floor":42},{"not_picked":["Envenom","Hologram"],"picked":"conspire:Banana+1","floor":45},{"not_picked":["Leg Sweep","Perseverance+1","ReplayTheSpireMod:Corrosion Curse"],"picked":"SKIP","floor":46},{"not_picked":["Slice+1","Tactician+1","Evaluate"],"picked":"SKIP","floor":46},{"not_picked":["Leg Sweep","Perseverance+1","ReplayTheSpireMod:Corrosion Curse"],"picked":"SKIP","floor":46},{"not_picked":["Slice+1","Tactician+1","Evaluate"],"picked":"SKIP","floor":46},{"not_picked":["True Grit","Armaments+1"],"picked":"ReplayTheSpireMod:Fabricate Wheel","floor":47},{"not_picked":["JustLucky+1","ClearTheMind+1","Purity+1"],"picked":"SKIP","floor":47},{"not_picked":["BowlingBash+1","Survey Options","Bludgeon+1"],"picked":"SKIP","floor":48},{"not_picked":["Replay:ManipulateFuture","Cold Snap+1","Dagger Throw+1"],"picked":"SKIP","floor":54}],"player_experience":364001,"relics_obtained":[{"floor":2.0,"key":"Darkstone Periapt"},{"floor":6.0,"key":"Molten Egg 2"},{"floor":8.0,"key":"Eternal Feather"},{"floor":9.0,"key":"Happy Flower"},{"floor":13.0,"key":"aspiration:FrozenJewel"},{"floor":25.0,"key":"Lantern"},{"floor":26.0,"key":"vexMod:FocusSash"},{"floor":27.0,"key":"Replay:Mystery Machine"},{"floor":30.0,"key":"conspire:TopHat"},{"floor":36,"key":"Ring of Peace"},{"floor":37,"key":"wanderingMiniBosses:CarrionFlame"},{"floor":41,"key":"infinitespire:PuzzleCube"},{"floor":45,"key":"conspire:Flyswatter"},{"floor":48,"key":"conspire:GlowingRock"},{"floor":54,"key":"Bottled Lightning"}],"event_choices":[{"damage_healed":52.0,"max_hp_gain":0.0,"max_hp_loss":80.0,"gold_gain":0.0,"event_name":"betterThird:BetterShining","player_choice":"Upgrade","floor":4.0,"gold_loss":0.0,"damage_taken":16.0,"cards_upgraded":["Defend_R","Strike_R"]},{"cards_removed":["Strike_R"],"damage_healed":0.0,"max_hp_gain":0.0,"max_hp_loss":0.0,"gold_gain":0.0,"event_name":"Wheel of Change","player_choice":"Card Removal","floor":11.0,"gold_loss":0.0,"damage_taken":0.0},{"damage_healed":0,"gold_gain":0,"player_choice":"Got Potions","damage_taken":0,"max_hp_gain":0,"max_hp_loss":0,"event_name":"Lab","floor":38,"gold_loss":0},{"damage_healed":0,"gold_gain":0,"player_choice":"Max HP","damage_taken":0,"max_hp_gain":0,"max_hp_loss":4,"event_name":"Winding Halls","floor":44,"gold_loss":0}],"is_beta":false,"boss_relics":[{"not_picked":["energizedSpire:NeverEndingSparkler","aspiration:PoetsPen_weak"],"picked":"Replay:Bronze Core"},{"not_picked":["Ooze Armor","energizedSpire:SpiderWeb"],"picked":"Astrolabe"}],"items_purged_floors":[3,19,31,53],"is_endless":false,"potions_floor_spawned":[6,14,21,24,25,28,30,33,37,42,45],"ascension_level":8}}