{"host":"yv7ijgyl7mqt7c0r","time":1610759667,"event":{"mods":["2.2 Compatiblity","Act Like it!","Aspiration","BaseMod","Bestiary","Better Note","Better Skull","Conspire","DeckTracker","Elementarium","Energized Spire","Friendly Minions","Gensokyo","GifTheSpireLib","Hallownest","Mari Mod (Legacy)","Mari\u0027s V1 Patch","Marisa????????","Menagerie","Minty Spire (QoL Compilation)","Prisma Mod","Random Character Button","Reimu??????","Remilia_Scarlet Moed?????·?????3.3.5","StSLib","Stuff the Spire","The Bug Knight","The Factory","The Jungle","The Senshi","The Servant 0.9.4","Wandering Minibosses"],"gold_per_floor":[112,12,45,45,55,55,90,90,117,150,150,177,190,224,224,326,326,346,346,359,37,48,48,82,82,108,108,166,200,150,150,150,256,256,290,304,304,304,314,314,334,334,361,379,85,100,21,21,21,21],"floor_reached":51,"language":"ENG","playtime":7071,"items_purged":[],"score":721,"play_id":"51d9ff7f-acf4-44fa-8107-ae0059e52181","local_time":"20210115191427","is_ascension_mode":false,"campfire_choices":[{"data":"HollowMod:FocusHealStart","floor":6,"key":"SMITH"},{"data":"HollowMod:VengefulVoid","floor":8,"key":"SMITH"},{"data":"HollowMod:SharpenedShadows","floor":11,"key":"SMITH"},{"data":"HollowMod:VengefulVoid","floor":15,"key":"SMITH"},{"data":"HollowMod:Weaversong","floor":27,"key":"SMITH"},{"data":"HollowMod:LifebloodCore","floor":32,"key":"SMITH"},{"data":"HollowMod:RecoilStrike","floor":40,"key":"SMITH"},{"floor":42,"key":"REST"},{"data":"wanderingMiniBosses:FinaleOfPromise","floor":49,"key":"SMITH"}],"circlet_count":0,"master_deck":["HollowMod:NailStrikeStart","HollowMod:NailStrikeStart","HollowMod:NailStrikeStart","HollowMod:NailStrikeStart","HollowMod:QuickDashStart","HollowMod:QuickDashStart","HollowMod:QuickDashStart","HollowMod:QuickDashStart","HollowMod:FocusHealStart+1","HollowMod:PogoStrike+1","HollowMod:DoubleDash","HollowMod:BlackTendrils","HollowMod:VengefulVoid+1","HollowMod:BlackTendrils","HollowMod:SoulStrike","HollowMod:SharpenedShadows+1","HollowMod:SiblingsSouls","HollowMod:VengefulVoid+1","HollowMod:LifebloodCore+1","HollowMod:Weaversong+1","HollowMod:HeavyBlow","HollowMod:RecoilStrike+1","HollowMod:DoubleDash","HollowMod:RecoilStrike+1","HollowMod:ShapeofUnn+1","HollowMod:LifebloodCocoon","HollowMod:DashSlash","HollowMod:CycloneSlash","HollowMod:MothsMistake+1","conspire:SpireCoStock","HollowMod:VoidDash","Dark Embrace","HollowMod:SiblingsSouls","HollowMod:SiblingsSouls","Sword Boomerang+1","wanderingMiniBosses:FinaleOfPromise+1","Bloodletting+1","HollowMod:GoodIntentions+1","Body Slam","StuffTheSpire:Resist","StuffTheSpire:Incineration","Twin Strike","Fire Breathing"],"relics":["HollowMod:VesselMask","aspiration:Nostalgia","PrismaMod:PrismaTraceOn","Tea:ReiMu","Mastiff:ReiMu","StuffTheSpire:EmeraldSignet","StuffTheSpire:Experiment12","Gambling Chip","Pantograph","Ornamental Fan","energizedSpire:SpiderWeb","aspiration:ArtOfWarUpgrade","Boot","StuffTheSpire:Mouthbags","Omamori","Meat on the Bone","aspiration:IroncladSkillbook","aspiration:Lifesprig","wanderingMiniBosses:Blackblade","Pen Nib","ClockworkSouvenir"],"acts_visited":["Hallownest:Greenpath","Hallownest:CityofTears","Hallownest:KingdomsEdge"],"potions_floor_usage":[7,12,16,22,24,35,36,41,41,41,50],"damage_taken":[{"damage":3,"enemies":"Hallownest:monsterHuskWarrior","floor":1,"turns":3},{"damage":8,"enemies":"Hallownest:eliteMossKnight","floor":3,"turns":11},{"damage":1,"enemies":"Hallownest:2_Tiktiks_and_1_Crawlid","floor":5,"turns":5},{"damage":35,"enemies":"Hallownest:eliteMossKnight","floor":7,"turns":8},{"damage":4,"enemies":"Hallownest:eliteVengeflyKing","floor":10,"turns":11},{"damage":2,"enemies":"Hallownest:eliteCrystalGuardian","floor":12,"turns":5},{"damage":3,"enemies":"Hallownest:2_Baldur","floor":13,"turns":3},{"damage":34,"enemies":"Hallownest:eliteMossKnight","floor":14,"turns":9},{"damage":85,"enemies":"Hallownest:BossHornet","floor":16,"turns":12},{"damage":0,"enemies":"Hallownest:2_Mistakes","floor":18,"turns":5},{"damage":19,"enemies":"Hallownest:Guard_and_Sentry","floor":20,"turns":5},{"damage":29,"enemies":"Hallownest:2_Flukemon","floor":22,"turns":6},{"damage":29,"enemies":"Hallownest:eliteWatcherKnight","floor":24,"turns":10},{"damage":19,"enemies":"Hallownest:Glutton_and_Coward","floor":28,"turns":3},{"damage":0,"enemies":"Hallownest:Nosk","floor":29,"turns":6},{"damage":48,"enemies":"Hallownest:BossMantisLord","floor":33,"turns":6},{"damage":36,"enemies":"Hallownest:3_Siblings","floor":35,"turns":7},{"damage":0,"enemies":"Hallownest:Shield_Heavy","floor":36,"turns":5},{"damage":8,"enemies":"Hallownest:monsterPrimalAspid","floor":39,"turns":4},{"damage":54,"enemies":"Hallownest:Xero_Hu_Marmu","floor":41,"turns":7},{"damage":27,"enemies":"Hallownest:Shield_Sturdy","floor":44,"turns":3},{"damage":27,"enemies":"Hallownest:Slobbering_and_Violent","floor":46,"turns":5},{"damage":34,"enemies":"Hallownest:BossHollowKnight","floor":50,"turns":8}],"seed_played":"1898519850100880271","potions_obtained":[{"floor":3,"key":"SkillPotion"},{"floor":5,"key":"Energy Potion"},{"floor":10,"key":"Strength Potion"},{"floor":12,"key":"Ancient Potion"},{"floor":18,"key":"AttackPotion"},{"floor":22,"key":"Block Potion"},{"floor":35,"key":"GamblersBrew"},{"floor":39,"key":"PowerPotion"}],"is_trial":false,"path_per_floor":["M","$","?","?","M","R","E","R","T","E","R","E","M","E","R","B",null,"M","?","M","$","M","R","E","R","T","R","M","E","?","T","R","B",null,"M","M","?","?","M","R","M","R","T","M","$","M","$","?","R","B",null],"character_chosen":"THE_BUGKNIGHT","items_purchased":["HollowMod:BlackTendrils","HollowMod:VengefulVoid","HollowMod:SharpenedShadows","Art of War","HollowMod:DoubleDash","HollowMod:RecoilStrike","Body Slam","StuffTheSpire:Resist","StuffTheSpire:Incineration","ClockworkSouvenir","Fire Breathing"],"campfire_rested":1,"item_purchase_floors":[2,2,21,21,21,21,45,45,45,45,47],"current_hp_per_floor":[75,75,71,46,53,53,35,35,35,54,54,69,73,57,57,12,75,75,75,65,65,51,73,61,61,61,61,54,64,64,64,64,48,75,52,59,59,43,43,43,20,42,42,46,46,45,45,45,67,64],"gold":21,"neow_bonus":"NOSTALGIA","is_daily":false,"chose_seed":false,"campfire_upgraded":8,"win_rate":0.0,"timestamp":1610759667,"path_taken":["M","$","?","?","M","R","E","R","T","E","R","E","?","E","R","BOSS","M","?","M","$","M","R","E","R","T","R","M","E","?","?","R","BOSS","M","M","?","?","M","R","?","R","T","M","?","M","$","?","R","BOSS"],"items_purchased_type":["Card","Card","Card","Relic","Card","Card","Card","Card","Card","Relic","Card"],"build_version":"2020-12-22","purchased_purges":0,"victory":true,"max_hp_per_floor":[75,75,75,75,75,75,75,75,75,75,75,75,75,75,75,75,75,75,75,75,75,75,75,75,75,75,75,75,75,75,75,75,75,75,75,75,75,75,75,75,75,75,75,75,75,75,75,75,75,75],"card_choices":[{"not_picked":["HollowMod:BaldurShell","HollowMod:SharpenedShadows"],"picked":"HollowMod:DoubleDash","floor":1},{"not_picked":["HollowMod:SoulStrike","HollowMod:NewJinnsSoul"],"picked":"HollowMod:BlackTendrils","floor":3},{"not_picked":["HollowMod:GrimmsGift","HollowMod:BaldurShell"],"picked":"HollowMod:SoulStrike","floor":5},{"not_picked":["HollowMod:NewInfectedGuardian","HollowMod:DungDefenderAura"],"picked":"HollowMod:SharpenedShadows","floor":7},{"not_picked":["HollowMod:TaintedHusks","HollowMod:ShadowDash"],"picked":"HollowMod:DashSlash","floor":10},{"not_picked":["HollowMod:ChannelNail","HollowMod:InfectedAttack"],"picked":"HollowMod:SiblingsSouls","floor":12},{"not_picked":["HollowMod:TaintedHusks","HollowMod:CloakDash"],"picked":"HollowMod:VengefulVoid","floor":13},{"not_picked":["HollowMod:NewLittleFool","HollowMod:MonomonsArchive"],"picked":"HollowMod:LifebloodCore","floor":14},{"not_picked":["HollowMod:ZotesMagnificence","HollowMod:WhiteLadysBlessing"],"picked":"HollowMod:Weaversong","floor":16},{"not_picked":["HollowMod:HowlingWraiths","HollowMod:SoulSplash"],"picked":"HollowMod:HeavyBlow","floor":18},{"not_picked":["HollowMod:InfectedCysts+1","HollowMod:DashSlash"],"picked":"HollowMod:RecoilStrike+1","floor":20},{"not_picked":["HollowMod:GoodIntentions","HollowMod:InfectedAttack+1"],"picked":"HollowMod:ShapeofUnn+1","floor":22},{"not_picked":["HollowMod:DungDefenderAura","HollowMod:CoiledNail"],"picked":"HollowMod:LifebloodCocoon","floor":24},{"not_picked":["HollowMod:CornifersMapStart","HollowMod:SoulShaman+1"],"picked":"HollowMod:CycloneSlash","floor":28},{"not_picked":["HollowMod:InfectionAssault","HollowMod:VengefulSpirit"],"picked":"HollowMod:MothsMistake+1","floor":29},{"not_picked":["HollowMod:HerrahsAnger","HollowMod:SoulMaster"],"picked":"HollowMod:VoidDash","floor":33},{"not_picked":["HollowMod:GoodIntentions+1","HollowMod:ChannelNail+1","Blood for Blood"],"picked":"HollowMod:AbyssShriek+1","floor":35},{"not_picked":["HollowMod:GoodIntentions","HollowMod:NewJinnsSoul","HollowMod:ChannelNail+1"],"picked":"Dark Embrace","floor":36},{"not_picked":["Thunderclap","HollowMod:NewJinnsSoul","HollowMod:SoulSplash"],"picked":"Sword Boomerang+1","floor":39},{"not_picked":[],"picked":"wanderingMiniBosses:FinaleOfPromise","floor":41},{"not_picked":["Spot Weakness","conspire:Purge","StuffTheSpire:Slingshot+1"],"picked":"Bloodletting+1","floor":41},{"not_picked":["Heavy Blade+1","HollowMod:BrokenVessel","Searing Blow+1"],"picked":"HollowMod:GoodIntentions+1","floor":44},{"not_picked":["HollowMod:SoulStrike+1","Shrug It Off+1","Intimidate"],"picked":"Twin Strike","floor":46}],"player_experience":501213,"relics_obtained":[{"floor":3,"key":"Tea:ReiMu"},{"floor":7,"key":"StuffTheSpire:EmeraldSignet"},{"floor":9,"key":"StuffTheSpire:Experiment12"},{"floor":10,"key":"Gambling Chip"},{"floor":12,"key":"Pantograph"},{"floor":14,"key":"Ornamental Fan"},{"floor":24,"key":"Boot"},{"floor":26,"key":"StuffTheSpire:Mouthbags"},{"floor":29,"key":"Omamori"},{"floor":31,"key":"Meat on the Bone"},{"floor":41,"key":"wanderingMiniBosses:Blackblade"},{"floor":43,"key":"Pen Nib"}],"event_choices":[{"damage_healed":0,"gold_gain":0,"player_choice":"RE UP ","damage_taken":29,"relics_obtained":["Mastiff:ReiMu"],"max_hp_gain":0,"max_hp_loss":0,"event_name":"betterSkull:BetterSkull","floor":4,"gold_loss":0,"cards_upgraded":["HollowMod:PogoStrike"]},{"damage_healed":0,"gold_gain":0,"player_choice":"Invest 1","damage_taken":0,"max_hp_gain":0,"max_hp_loss":0,"event_name":"conspire:Investor","floor":30,"gold_loss":0},{"damage_healed":0,"gold_gain":0,"player_choice":"RE ","damage_taken":18,"relics_obtained":["aspiration:Lifesprig"],"max_hp_gain":0,"max_hp_loss":0,"event_name":"betterSkull:BetterSkull","floor":38,"gold_loss":0,"cards_upgraded":[]}],"is_beta":false,"boss_relics":[{"not_picked":["energizedSpire:RedRose","Cursed Key"],"picked":"energizedSpire:SpiderWeb"},{"not_picked":["SacredBark","Sozu"],"picked":"aspiration:IroncladSkillbook"}],"items_purged_floors":[],"is_endless":false,"potions_floor_spawned":[3,5,10,12,18,22,35,39],"ascension_level":0}}