{"host":"qm4rv4rkpk76sbxu","time":1610836511,"event":{"mods":["BaseMod","Bestiary","Block Reminder","DeckTracker","Filter the Spire","Keyboard Shortcuts","Minty Spire (QoL Compilation)","MonsterHotkey","Quick Restart","Relic Stats","Slay-I","StSLib","ojb\u0027s Better Paths Mod","ojb\u0027s Info Mod"],"gold_per_floor":[366,381,381,381,393,393,426,426,426,426,23,54,76,76,76,207,207,230,268,268,268,288,288,313,313,313,333,374,374,0,14,14,142,142,161,177,1176,1176,1176],"floor_reached":38,"language":"ENG","playtime":1271,"items_purged":["Strike_P"],"score":445,"play_id":"3f3b6709-4a86-4d1b-b7f9-73f1cf02a67c","local_time":"20210116233511","is_ascension_mode":true,"campfire_choices":[{"data":"Eruption","floor":6.0,"key":"SMITH"},{"data":"PathToVictory","floor":8.0,"key":"SMITH"},{"data":"CutThroughFate","floor":10.0,"key":"SMITH"},{"data":"WheelKick","floor":15.0,"key":"SMITH"},{"data":"Scrawl","floor":23.0,"key":"SMITH"},{"data":"PathToVictory","floor":25.0,"key":"SMITH"},{"data":"Scrawl","floor":29.0,"key":"SMITH"},{"data":"DevaForm","floor":32.0,"key":"SMITH"}],"circlet_count":0,"master_deck":["Strike_P","Strike_P","Strike_P+1","Defend_P","Defend_P+1","Defend_P+1","Defend_P","Eruption+1","Vigilance+1","PathToVictory+1","CutThroughFate+1","WheelKick+1","Scrawl+1","ThirdEye+1","TalkToTheHand+1","PathToVictory+1","WheelKick+1","PathToVictory+1","Scrawl+1","DevaForm+1","LessonLearned","ThirdEye","Scrawl+1","ThirdEye+1","Wireheading","Normality","Normality"],"relics":["HolyWater","Turnip","Question Card","Eternal Feather","Happy Flower","PreservedInsect","Odd Mushroom","Golden Idol","SlaversCollar","Red Mask","Nilry\u0027s Codex","StrikeDummy","Akabeko"],"acts_visited":["Exordium","TheCity","TheBeyond"],"potions_floor_usage":[38],"damage_taken":[{"damage":5.0,"enemies":"Small Slimes","floor":1.0,"turns":3.0},{"damage":4.0,"enemies":"2 Louse","floor":2.0,"turns":4.0},{"damage":0.0,"enemies":"Jaw Worm","floor":5.0,"turns":4.0},{"damage":28.0,"enemies":"Gremlin Nob","floor":7.0,"turns":3.0},{"damage":12.0,"enemies":"3 Sentries","floor":12.0,"turns":7.0},{"damage":0.0,"enemies":"The Mushroom Lair","floor":13.0,"turns":2.0},{"damage":10.0,"enemies":"Hexaghost","floor":16.0,"turns":9.0},{"damage":26.0,"enemies":"Shell Parasite","floor":18.0,"turns":5.0},{"damage":4.0,"enemies":"Masked Bandits","floor":19.0,"turns":3.0},{"damage":0.0,"enemies":"Chosen","floor":22.0,"turns":3.0},{"damage":0.0,"enemies":"Shelled Parasite and Fungi","floor":24.0,"turns":2.0},{"damage":5.0,"enemies":"Centurion and Healer","floor":27.0,"turns":3.0},{"damage":2.0,"enemies":"Slavers","floor":28.0,"turns":3.0},{"damage":14.0,"enemies":"Chosen and Byrds","floor":31.0,"turns":5.0},{"damage":36.0,"enemies":"Collector","floor":33.0,"turns":7.0},{"damage":15.0,"enemies":"3 Darklings","floor":35.0,"turns":4.0},{"damage":0.0,"enemies":"3 Shapes","floor":36.0,"turns":4.0},{"damage":60,"enemies":"2 Orb Walkers","floor":38,"turns":4}],"seed_played":"125542228840347775","potions_obtained":[{"floor":5.0,"key":"Strength Potion"},{"floor":7.0,"key":"Swift Potion"},{"floor":18.0,"key":"DistilledChaos"},{"floor":19.0,"key":"SteroidPotion"},{"floor":27.0,"key":"Swift Potion"},{"floor":33.0,"key":"StancePotion"},{"floor":35.0,"key":"SneckoOil"},{"floor":36.0,"key":"Block Potion"}],"is_trial":false,"path_per_floor":["M","M","?","?","M","R","E","R","T","R","$","E","?","?","R","B",null,"M","?","?","?","M","R","M","R","T","M","E","R","$","M","R","B",null,"M","M","?","?"],"character_chosen":"WATCHER","items_purchased":["Eternal Feather","Happy Flower","DevaForm","LessonLearned"],"campfire_rested":0,"item_purchase_floors":[11,11,30,30],"current_hp_per_floor":[46,42,66,52,52,52,24,24,24,24,24,12,12,12,18,8,67,41,37,37,21,21,30,30,39,39,34,32,44,44,30,42,6,67,52,52,52,0,0],"gold":1176,"neow_bonus":"TWO_FIFTY_GOLD","is_daily":false,"chose_seed":false,"campfire_upgraded":8,"win_rate":0.0,"timestamp":1610836511,"path_taken":["M","M","?","?","M","R","E","R","T","R","$","E","?","?","R","BOSS","M","?","?","?","M","R","?","R","T","M","E","R","$","M","R","BOSS","M","M","?","?"],"items_purchased_type":["Relic","Relic","Card","Card"],"build_version":"2020-12-22","purchased_purges":1,"victory":false,"max_hp_per_floor":[72,72,72,72,72,72,72,72,72,72,72,72,72,67,67,67,67,67,67,67,67,67,67,67,67,67,67,67,67,67,67,67,67,67,67,67,67,67,67],"relic_stats":{"Happy Flower":[20],"counters":[18,75],"Golden Idol":108,"Eternal Feather":48,"Turnip":[5],"PreservedInsect":40,"Question Card":13,"obtain_stats":[{"Happy Flower":11,"Golden Idol":14,"Nilry\u0027s Codex":21,"Eternal Feather":11,"PreservedInsect":12,"Odd Mushroom":13,"Question Card":9,"Akabeko":28,"SlaversCollar":17,"HolyWater":34,"Turnip":7,"Red Mask":19,"PureWater":0,"StrikeDummy":26},{"Happy Flower":4,"Golden Idol":6,"Nilry\u0027s Codex":9,"Eternal Feather":4,"PreservedInsect":5,"Odd Mushroom":6,"Question Card":4,"Akabeko":13,"SlaversCollar":7,"HolyWater":15,"Turnip":4,"Red Mask":9,"PureWater":0,"StrikeDummy":11},{"Happy Flower":14,"Golden Idol":23,"Nilry\u0027s Codex":40,"Eternal Feather":14,"PreservedInsect":21,"Odd Mushroom":23,"Question Card":14,"Akabeko":51,"SlaversCollar":32,"HolyWater":63,"Turnip":14,"Red Mask":40,"PureWater":0,"StrikeDummy":45}]},"card_choices":[{"not_picked":["FollowUp","ForeignInfluence"],"picked":"PathToVictory","floor":1.0},{"not_picked":["ForeignInfluence","Evaluate","ThirdEye"],"picked":"SKIP","floor":2.0},{"not_picked":["FlurryOfBlows","FollowUp"],"picked":"CutThroughFate","floor":5.0},{"not_picked":["EmptyFist","Wireheading","ForeignInfluence"],"picked":"SKIP","floor":7.0},{"not_picked":["FearNoEvil","Wish","DeceiveReality"],"picked":"WheelKick","floor":12.0},{"not_picked":["DeusExMachina","Brilliance","Establishment"],"picked":"Scrawl","floor":16.0},{"not_picked":["CutThroughFate+1","Adaptation","EmptyFist"],"picked":"ThirdEye+1","floor":18.0},{"not_picked":["FlurryOfBlows+1","CutThroughFate","BowlingBash"],"picked":"TalkToTheHand","floor":19.0},{"not_picked":["BattleHymn","CutThroughFate","JustLucky","Weave"],"picked":"SKIP","floor":22.0},{"not_picked":["BattleHymn","Halt","FlurryOfBlows"],"picked":"WheelKick+1","floor":24.0},{"not_picked":["Pray","CutThroughFate","SandsOfTime"],"picked":"PathToVictory+1","floor":27.0},{"not_picked":["Evaluate","Prostrate+1","PathToVictory"],"picked":"Scrawl","floor":28.0},{"not_picked":["EmptyBody","ClearTheMind+1","SashWhip"],"picked":"ThirdEye","floor":31.0},{"not_picked":["Judgement","Brilliance","LessonLearned"],"picked":"Scrawl","floor":33.0},{"not_picked":["Conclude+1","Consecrate","Halt+1"],"picked":"ThirdEye+1","floor":35.0},{"not_picked":["Evaluate","Prostrate","Weave+1"],"picked":"Wireheading","floor":36.0}],"player_experience":1350786,"relics_obtained":[{"floor":7.0,"key":"Turnip"},{"floor":9.0,"key":"Question Card"},{"floor":12.0,"key":"PreservedInsect"},{"floor":13.0,"key":"Odd Mushroom"},{"floor":19.0,"key":"Red Mask"},{"floor":21.0,"key":"Nilry\u0027s Codex"},{"floor":26.0,"key":"StrikeDummy"},{"floor":28.0,"key":"Akabeko"}],"event_choices":[{"damage_healed":24.0,"max_hp_gain":0.0,"max_hp_loss":0.0,"gold_gain":0.0,"event_name":"Big Fish","player_choice":"Banana","floor":3.0,"gold_loss":0.0,"damage_taken":0.0},{"damage_healed":0.0,"max_hp_gain":0.0,"max_hp_loss":0.0,"gold_gain":0.0,"event_name":"Shining Light","player_choice":"Entered Light","floor":4.0,"gold_loss":0.0,"damage_taken":14.0,"cards_upgraded":["Defend_P","Defend_P"]},{"damage_healed":0.0,"max_hp_gain":0.0,"max_hp_loss":0.0,"gold_gain":0.0,"event_name":"Mushrooms","player_choice":"Fought Mushrooms","floor":13.0,"gold_loss":0.0,"damage_taken":0.0},{"damage_healed":0.0,"max_hp_gain":0.0,"max_hp_loss":5.0,"gold_gain":0.0,"event_name":"Golden Idol","player_choice":"Lose Max HP","floor":14.0,"gold_loss":0.0,"damage_taken":0.0,"relics_obtained":["Golden Idol"]},{"damage_healed":0.0,"max_hp_gain":0.0,"max_hp_loss":0.0,"gold_gain":0.0,"event_name":"Masked Bandits","player_choice":"Fought Bandits","floor":19.0,"gold_loss":0.0,"damage_taken":0.0},{"damage_healed":0.0,"max_hp_gain":0.0,"max_hp_loss":0.0,"gold_gain":0.0,"event_name":"The Library","player_choice":"Read","floor":20.0,"gold_loss":0.0,"damage_taken":0.0,"cards_obtained":["PathToVictory"]},{"damage_healed":0.0,"max_hp_gain":0.0,"max_hp_loss":0.0,"gold_gain":0.0,"event_name":"Cursed Tome","player_choice":"Obtained Book","floor":21.0,"gold_loss":0.0,"damage_taken":16.0},{"damage_healed":0.0,"max_hp_gain":0.0,"max_hp_loss":0.0,"gold_gain":999.0,"event_name":"MindBloom","player_choice":"Gold","floor":37.0,"gold_loss":0.0,"damage_taken":0.0,"cards_obtained":["Normality","Normality"]},{"damage_healed":0,"gold_gain":0,"player_choice":"Fight","damage_taken":0,"max_hp_gain":0,"max_hp_loss":0,"event_name":"Mysterious Sphere","floor":38,"gold_loss":0}],"is_beta":false,"boss_relics":[{"not_picked":["Snecko Eye","SacredBark"],"picked":"SlaversCollar"},{"not_picked":["Tiny House","VioletLotus"],"picked":"HolyWater"}],"items_purged_floors":[30],"is_endless":false,"potions_floor_spawned":[5,7,18,19,27,33,35,36],"killed_by":"2 Orb Walkers","ascension_level":1}}