{"host":"4gr5irrdjh39ysed","time":1610814141,"event":{"mods":["AchievementEnabler","BaseMod","Colored Map","Downfall","Hermit","Minty Spire (QoL Compilation)","Random Character Button","StSLib","The Construct","The Cursed","The Disciple","The Hierophant","The Mystic","The Necromancer","The Runesmith"],"gold_per_floor":[117,127,48,65,77,102,102,102,102,114,39,39,54,67,67,139,139,156,156,156,171,32,66,66,81,81,123,163,194,206,238,250,339,351,380,438,450,486,24,24,24,42,42,60,76,76,92,102,102,102,102,102,2,29,29],"floor_reached":56,"language":"ENG","playtime":2678,"items_purged":["Defend_R","Strike_R","Bloodletting+1"],"score":1945,"play_id":"ad4e7829-b9b8-4d4d-b1d3-805d80acdf59","local_time":"20210116092221","is_ascension_mode":true,"campfire_choices":[{"floor":8,"key":"RECALL"},{"data":"Inflame","floor":15,"key":"SMITH"},{"data":"Limit Break","floor":24,"key":"SMITH"},{"data":"Double Tap","floor":30,"key":"SMITH"},{"data":"Inflame","floor":32,"key":"SMITH"},{"data":"Corruption","floor":40,"key":"SMITH"},{"data":"Heavy Blade","floor":49,"key":"SMITH"},{"data":"Flex","floor":52,"key":"SMITH"}],"circlet_count":0,"master_deck":["AscendersBane","Strike_R","Strike_R","Strike_R","Strike_R","Bash","Pummel","Whirlwind","Fiend Fire","Clash","Flex+1","Anger","Clothesline","Inflame+1","Uppercut","Offering","Thunderclap+1","Necronomicurse","Inflame+1","Limit Break+1","Double Tap+1","Intimidate+1","Thunderclap","Corruption+1","Heavy Blade+1","Dropkick","Madness+1","Madness+1","Thinking Ahead+1","Infernal Blade+1","Flex+1","Forethought+1","Writhe","Normality","downfall:Icky","Regret","Normality","Double Tap+1","Spot Weakness+1","Normality","Pummel","Seeing Red+1","Clumsy","Twin Strike+1","Rampage"],"relics":["Burning Blood","NeowsBlessing","Gremlin Horn","SlaversCollar","Necronomicon","Pen Nib","MawBank","Toxic Egg 2","Red Mask","Sozu","WingedGreaves","Anchor","Cursed Key","The Courier","Red Skull","Kunai"],"acts_visited":["Exordium","TheCity","TheBeyond","TheEnding"],"potions_floor_usage":[6,14,16,16,28,33,55],"damage_taken":[{"damage":0,"enemies":"Jaw Worm","floor":1,"turns":1},{"damage":0,"enemies":"Small Slimes","floor":2,"turns":1},{"damage":0,"enemies":"Cultist","floor":4,"turns":1},{"damage":18,"enemies":"Exordium Thugs","floor":5,"turns":4},{"damage":44,"enemies":"Lagavulin","floor":6,"turns":5},{"damage":14,"enemies":"3 Louse","floor":10,"turns":3},{"damage":22,"enemies":"Lots of Slimes","floor":13,"turns":2},{"damage":14,"enemies":"Red Slaver","floor":14,"turns":2},{"damage":1040,"enemies":"Hexaghost","floor":16,"turns":9},{"damage":50,"enemies":"Shell Parasite","floor":18,"turns":4},{"damage":18,"enemies":"Chosen","floor":21,"turns":3},{"damage":82,"enemies":"Gremlin Leader","floor":23,"turns":4},{"damage":17,"enemies":"Sentry and Sphere","floor":25,"turns":3},{"damage":34,"enemies":"Book of Stabbing","floor":27,"turns":3},{"damage":12,"enemies":"Masked Bandits","floor":28,"turns":3},{"damage":20,"enemies":"Shelled Parasite and Fungi","floor":29,"turns":2},{"damage":42,"enemies":"Snake Plant","floor":31,"turns":3},{"damage":49,"enemies":"Champ","floor":33,"turns":6},{"damage":27,"enemies":"Orb Walker","floor":35,"turns":3},{"damage":98,"enemies":"2 Orb Walkers","floor":36,"turns":5},{"damage":30,"enemies":"3 Shapes","floor":42,"turns":1},{"damage":69,"enemies":"Maw","floor":44,"turns":8},{"damage":118,"enemies":"Transient","floor":45,"turns":5},{"damage":44,"enemies":"3 Darklings","floor":47,"turns":4},{"damage":60,"enemies":"4 Shapes","floor":48,"turns":2},{"damage":172,"enemies":"Awakened One","floor":50,"turns":9},{"damage":100,"enemies":"Shield and Spear","floor":54,"turns":5},{"damage":347,"enemies":"The Heart","floor":55,"turns":10}],"seed_played":"-9145234780415686342","potions_obtained":[{"floor":4,"key":"BloodPotion"},{"floor":5,"key":"PowerPotion"},{"floor":10,"key":"Swift Potion"},{"floor":14,"key":"Dexterity Potion"},{"floor":18,"key":"LiquidBronze"},{"floor":21,"key":"SteroidPotion"},{"floor":31,"key":"FearPotion"}],"is_trial":false,"path_per_floor":["M","M","$","M","M","E","?","R","T","M","$","?","M","M","R","B",null,"M","?","?","M","$","E","R","M","T","E","?","M","R","M","R","B",null,"M","?","?","T","$","R","?","M","T","M","M","T","M","M","R","B",null,"R","$","E","B",null],"character_chosen":"IRONCLAD","items_purchased":["Fiend Fire","Limit Break","Thinking Ahead+1","Infernal Blade+1","Flex+1","Forethought+1"],"campfire_rested":0,"item_purchase_floors":[3,22,39,39,39,39],"current_hp_per_floor":[2078,2080,2080,2080,2068,2030,2030,2030,2030,2022,2022,2022,2006,1998,1998,1380,1905,1861,1845,1845,1833,1833,1757,1757,1746,1746,1718,1712,1698,1698,1662,1662,1619,1965,1944,1852,1592,1592,1592,1592,1592,1568,1568,1505,1393,1393,1355,1301,1301,1135,1844,1844,1844,1750,1409],"gold":29,"neow_bonus":"THREE_ENEMY_KILL","is_daily":false,"chose_seed":false,"campfire_upgraded":7,"win_rate":0.0,"timestamp":1610814141,"path_taken":["M","M","$","M","M","E","?","R","T","M","$","?","?","M","R","BOSS","M","?","?","?","?","E","R","M","T","E","?","?","R","M","R","BOSS","M","?","?","?","$","R","?","M","T","M","M","?","M","M","R","BOSS","R","$","E","BOSS"],"items_purchased_type":["Card","Card","Card","Card","Card","Card"],"build_version":"2020-12-22","purchased_purges":3,"victory":true,"max_hp_per_floor":[2080,2080,2080,2080,2080,2080,2080,2080,2080,2080,2080,2080,2080,2080,2080,2080,2080,2080,2080,2080,2080,2080,2080,2080,2080,2080,2080,2080,2080,2080,2080,2080,2080,2080,2080,2080,2080,2080,2080,2080,2080,2080,2080,2080,2080,2080,2080,2080,2080,2080,2080,2080,2080,2080,2080],"card_choices":[{"not_picked":["Clash","Carnage"],"picked":"Pummel","floor":1},{"not_picked":["Intimidate","Headbutt"],"picked":"Whirlwind","floor":2},{"not_picked":["Evolve","Uppercut"],"picked":"Clash","floor":4},{"not_picked":["Disarm","Warcry"],"picked":"Flex","floor":5},{"not_picked":["Wild Strike","Warcry"],"picked":"Anger","floor":6},{"not_picked":["Armaments","Sever Soul","Warcry"],"picked":"SKIP","floor":10},{"not_picked":["Burning Pact","Headbutt"],"picked":"Inflame","floor":13},{"not_picked":["Sentinel","Cleave"],"picked":"Uppercut","floor":14},{"not_picked":["Berserk","Feed"],"picked":"Offering","floor":16},{"not_picked":["Ghostly Armor","Shrug It Off"],"picked":"Thunderclap+1","floor":18},{"not_picked":["True Grit","Body Slam"],"picked":"Inflame","floor":21},{"not_picked":["Armaments","True Grit"],"picked":"Double Tap","floor":23},{"not_picked":["Shrug It Off","Armaments","Thunderclap"],"picked":"SKIP","floor":25},{"not_picked":["Cleave","Anger","Reckless Charge"],"picked":"SKIP","floor":27},{"not_picked":["Thunderclap","Armaments+1"],"picked":"Intimidate+1","floor":28},{"not_picked":["Wild Strike","True Grit+1"],"picked":"Thunderclap","floor":29},{"not_picked":["Heavy Blade","Havoc+1"],"picked":"Bloodletting+1","floor":31},{"not_picked":["Feed","Limit Break+1"],"picked":"Corruption","floor":33},{"not_picked":["Flame Barrier+1","Thunderclap"],"picked":"Heavy Blade","floor":35},{"not_picked":["Warcry+1","Shrug It Off+1"],"picked":"Dropkick","floor":36},{"not_picked":["Rage+1","Battle Trance+1"],"picked":"Spot Weakness+1","floor":42},{"not_picked":["Thunderclap","Blood for Blood"],"picked":"Pummel","floor":44},{"not_picked":["Wild Strike+1","Intimidate+1"],"picked":"Seeing Red+1","floor":45},{"not_picked":["Entrench+1","Dark Embrace"],"picked":"Twin Strike+1","floor":47},{"not_picked":["Seeing Red+1","Blood for Blood","Twin Strike"],"picked":"SKIP","floor":48},{"not_picked":["Armaments+1","Fiend Fire"],"picked":"Rampage","floor":54}],"player_experience":201133,"relics_obtained":[{"floor":6,"key":"Gremlin Horn"},{"floor":19,"key":"Necronomicon"},{"floor":23,"key":"Pen Nib"},{"floor":26,"key":"MawBank"},{"floor":27,"key":"Toxic Egg 2"},{"floor":28,"key":"Red Mask"},{"floor":36,"key":"WingedGreaves"},{"floor":38,"key":"Anchor"},{"floor":43,"key":"The Courier"},{"floor":46,"key":"Red Skull"},{"floor":54,"key":"Kunai"}],"event_choices":[{"cards_removed":["Defend_R"],"damage_healed":0,"gold_gain":0,"player_choice":"Forget","damage_taken":0,"max_hp_gain":0,"max_hp_loss":0,"event_name":"Living Wall","floor":7,"gold_loss":0},{"damage_healed":0,"gold_gain":0,"cards_transformed":["Defend_R"],"player_choice":"Transformed","damage_taken":0,"max_hp_gain":0,"max_hp_loss":0,"event_name":"Transmorgrifier","floor":12,"gold_loss":0,"cards_obtained":["Clothesline"]},{"damage_healed":0,"gold_gain":0,"player_choice":"Obtained Book","damage_taken":16,"max_hp_gain":0,"max_hp_loss":0,"event_name":"Cursed Tome","floor":19,"gold_loss":0},{"cards_removed":["Defend_R"],"damage_healed":0,"gold_gain":0,"player_choice":"Card Removal","damage_taken":0,"max_hp_gain":0,"max_hp_loss":0,"event_name":"Wheel of Change","floor":20,"gold_loss":0},{"damage_healed":0,"gold_gain":0,"player_choice":"Fought Bandits","damage_taken":0,"max_hp_gain":0,"max_hp_loss":0,"event_name":"Masked Bandits","floor":28,"gold_loss":0},{"damage_healed":0,"gold_gain":0,"player_choice":"Fight","damage_taken":0,"max_hp_gain":0,"max_hp_loss":0,"event_name":"Mysterious Sphere","floor":36,"gold_loss":0},{"damage_healed":0,"gold_gain":0,"player_choice":"Embrace Madness","damage_taken":260,"max_hp_gain":0,"max_hp_loss":0,"event_name":"Winding Halls","floor":37,"gold_loss":0,"cards_obtained":["Madness","Madness"]}],"is_beta":false,"boss_relics":[{"not_picked":["Runesmith:UraniumAnvil","Ectoplasm"],"picked":"SlaversCollar"},{"not_picked":["Cursed Key","construct:ClawGrip"],"picked":"Sozu"}],"items_purged_floors":[11,39,53],"is_endless":false,"potions_floor_spawned":[4,5,10,13,14,18,21,31,35,42,45,47],"ascension_level":13}}