{"host":"0iey8v53xvwqxh5z","time":1610836108,"event":{"mods":["BaseMod","BetterRewards","Hermit","Hubris","Minty Spire (QoL Compilation)","Relic Stats","Replay The Spire","Shop Mod","StSLib","The Cursed"],"gold_per_floor":[113,113,113,137,137,137,208,51,102,136,136,172,57,75,75,166,166,180,253,303,321,336,369,369,400,400,435,601,620,670,747,747,832,832,866,884,915,943,970,970,1005,1055,1055,1105,1208,1108,1134,1169,1169,1179,1183,1183,1183,1491,1535,1539],"floor_reached":57,"language":"ENG","playtime":7677,"items_purged":[],"score":4189,"play_id":"5d469752-e822-434e-be04-60bfcba51ac2","local_time":"20210116172828","is_ascension_mode":true,"campfire_choices":[{"data":"TheCursedMod:LuckyCharm","floor":11,"key":"SMITH"},{"floor":15,"key":"DIG"},{"data":"TheCursedMod:CollectTribute","floor":24,"key":"SMITH"},{"data":"TheCursedMod:HellsGateOpen","floor":32,"key":"SMITH"},{"floor":40,"key":"RECALL"},{"floor":49,"key":"DIG"},{"data":"ReplayTheSpireMod:Brewmster","floor":53,"key":"SMITH"}],"circlet_count":0,"master_deck":["AscendersBane","TheCursedMod:Strike_TheCursed","TheCursedMod:Strike_TheCursed+1","TheCursedMod:Strike_TheCursed","TheCursedMod:Strike_TheCursed","TheCursedMod:Defend_TheCursed","TheCursedMod:Defend_TheCursed","TheCursedMod:Defend_TheCursed","TheCursedMod:Defend_TheCursed","TheCursedMod:CursedWand","TheCursedMod:CleanUpWorkshop","TheCursedMod:Dregs","TheCursedMod:HellsGateOpen+1","TheCursedMod:SpitefulPlan","TheCursedMod:RapidMovement","Secret Technique","ReplayTheSpireMod:Brewmster+1","Injury","TheCursedMod:BloodBarrier","TheCursedMod:SurpriseAttack","TheCursedMod:LuckyCharm+1","TheCursedMod:FleshFromBone+1","TheCursedMod:CollectTribute+1","TheCursedMod:LuckyCharm+1","TheCursedMod:Grudge+1","TheCursedMod:Wield+1","TheCursedMod:SpitefulPlan+1","TheCursedMod:SmokeScreen","TheCursedMod:SmokeScreen+1","TheCursedMod:AntiAging","Parasite","TheCursedMod:CursedSpellbook","Amnesia","TheCursedMod:AshesToAshes+1","TheCursedMod:AntiAging","Pot Of Greed","Pot Of Greed","Pot Of Greed","TheCursedMod:Torture","Pot Of Greed","TheCursedMod:LuckyCharm","TheCursedMod:CursedAmulet"],"relics":["TheCursedMod:BlackMagic101","Counterbalance","Strange Spoon","Replay:Multitool","ReplayTheSpireMod:TigerMarble","Ornamental Fan","Pondfish Scales","Replay:Kaleidoscope","ClockworkSouvenir","Pantograph","ReplayTheSpireMod:ShopPack","Frozen Eye","Orichalcum","Bloody Idol","SsserpentHead","Lee\u0027s Waffle","ReplayFunnel","Anchor","Bag of Marbles","OrangePellets","hubris:OldNail","Runic Dome","hubris:TenFootPole","Replay:Bandana","TungstenRod","Unceasing Top","Lizard Tail","Letter Opener","Nloth\u0027s Gift","Ring of Chaos","Nunchaku","hubris:Towel","ReplayTheSpireMod:Ring of Addiction","Potion Belt","White Beast Statue","Gambling Chip","hubris:CrystalStatue","Grinning Jar","hubris:NiceRug","Replay:Wax Seal","Whetstone","Cauldron","War Paint"],"acts_visited":["Exordium","TheCity","TheBeyond","TheEnding"],"potions_floor_usage":[10,10,10,12,12,16,16,16,16,19,21,22,22,22,22,22,22,22,23,23,25,27,27,28,31,33,33,35,35,36,36,37,37,37,41,41,41,45,45,47,47,47,47,48,48,50,50,50,50,50,50,51,51,51,54,55,55,56,56,56,56],"damage_taken":[{"damage":0,"enemies":"Jaw Worm","floor":1,"turns":3},{"damage":0,"enemies":"2 Louse","floor":4,"turns":2},{"damage":0,"enemies":"Cultist","floor":7,"turns":4},{"damage":12,"enemies":"3 Sentries","floor":10,"turns":10},{"damage":16,"enemies":"Replay:BlueRogue","floor":12,"turns":8},{"damage":0,"enemies":"Exordium Thugs","floor":14,"turns":5},{"damage":38,"enemies":"Fading Forest","floor":16,"turns":11},{"damage":0,"enemies":"2 Thieves","floor":18,"turns":4},{"damage":0,"enemies":"Chosen","floor":19,"turns":5},{"damage":0,"enemies":"Centurion and Healer","floor":21,"turns":7},{"damage":13,"enemies":"Shelled Parasite and Fungi","floor":22,"turns":7},{"damage":0,"enemies":"Gremlin Leader","floor":23,"turns":10},{"damage":13,"enemies":"Book of Stabbing","floor":25,"turns":5},{"damage":0,"enemies":"Gremlin Leader","floor":27,"turns":6},{"damage":0,"enemies":"Colosseum Slavers","floor":28,"turns":6},{"damage":0,"enemies":"Colosseum Nobs","floor":28,"turns":6},{"damage":0,"enemies":"Cultist and Chosen","floor":29,"turns":5},{"damage":0,"enemies":"Snecko","floor":31,"turns":5},{"damage":6,"enemies":"Automaton","floor":33,"turns":12},{"damage":5,"enemies":"3 Darklings","floor":35,"turns":14},{"damage":0,"enemies":"Orb Walker","floor":36,"turns":6},{"damage":4,"enemies":"3 Darklings","floor":37,"turns":12},{"damage":0,"enemies":"Writhing Mass","floor":38,"turns":5},{"damage":8,"enemies":"Jaw Worm Horde","floor":39,"turns":7},{"damage":7,"enemies":"R_Hoarder","floor":41,"turns":10},{"damage":0,"enemies":"2 Orb Walkers","floor":45,"turns":5},{"damage":0,"enemies":"4 Shapes","floor":47,"turns":7},{"damage":0,"enemies":"Giant Head","floor":48,"turns":6},{"damage":0,"enemies":"hubris:GrandSnecko","floor":50,"turns":15},{"damage":0,"enemies":"Time Eater","floor":51,"turns":10},{"damage":5,"enemies":"hubris:Merchant","floor":54,"turns":9},{"damage":0,"enemies":"Shield and Spear","floor":55,"turns":8},{"damage":0,"enemies":"The Heart","floor":56,"turns":8}],"seed_played":"8988160414317058347","potions_obtained":[{"floor":1,"key":"FearPotion"},{"floor":7,"key":"Fire Potion"},{"floor":23,"key":"Languid Potion"},{"floor":27,"key":"SkillPotion"},{"floor":28,"key":"DistilledChaos"},{"floor":29,"key":"AttackPotion"},{"floor":38,"key":"Swift Potion"},{"floor":44,"key":"Elixir"},{"floor":44,"key":"Energy Potion"},{"floor":45,"key":"Strength Potion"},{"floor":47,"key":"PowerPotion"},{"floor":54,"key":"Doom Potion"},{"floor":54,"key":"LifebloodPotion"},{"floor":54,"key":"Flashbang"}],"is_trial":false,"path_per_floor":["M","?","?","M","?","$","M","$","T","E","R","E","$","M","R","B",null,"M","M","?","M","M","E","R","E","T","E","?","M","?","M","R","B",null,"M","M","M","M","M","R","E","?","T","?","?","NS","M","E","R","B","B",null,"R","$","E","B",null],"character_chosen":"THE_CURSED","items_purchased":["TheCursedMod:HellsGateOpen","Strange Spoon","TheCursedMod:SpitefulPlan","ReplayTheSpireMod:TigerMarble","Ornamental Fan","TheCursedMod:RapidMovement","Replay:Kaleidoscope","ClockworkSouvenir","Pantograph","ReplayTheSpireMod:ShopPack","Frozen Eye","Lee\u0027s Waffle","OrangePellets"],"campfire_rested":0,"item_purchase_floors":[0,0,0,0,0,0,0,0,0,0,0,8,13],"current_hp_per_floor":[22,11,11,11,11,11,11,78,78,72,72,67,67,71,71,50,74,74,74,74,82,74,82,82,74,74,79,82,82,82,82,82,81,82,90,92,94,94,93,93,97,102,102,102,104,104,106,108,108,116,122,122,122,128,132,136],"gold":1539,"neow_bonus":"","is_daily":false,"chose_seed":false,"campfire_upgraded":4,"win_rate":0.0,"timestamp":1610836108,"path_taken":["M","?","?","M","?","$","?","$","T","E","R","E","?","M","R","BOSS","M","?","?","M","M","E","R","E","T","E","?","M","?","?","R","BOSS","M","M","M","M","M","R","E","?","T","?","?","NS","M","E","R","BOSS","BOSS","R","$","E","BOSS"],"items_purchased_type":["Card","Relic","Card","Relic","Relic","Card","Relic","Relic","Relic","Relic","Relic","Relic","Relic"],"build_version":"2020-12-22","purchased_purges":0,"victory":true,"max_hp_per_floor":[71,71,71,71,71,71,71,78,78,78,78,78,78,82,82,82,82,82,82,82,82,82,82,82,82,82,82,82,82,82,82,82,82,82,90,92,94,94,96,96,102,102,102,102,104,104,106,108,108,116,122,122,122,128,132,136],"relic_stats":{"Lee\u0027s Waffle":179,"counters":[507,2605],"Letter Opener":[530],"Whetstone":["TheCursedMod:Strike_TheCursed","TheCursedMod:Wield"],"Orichalcum":[12],"War Paint":["TheCursedMod:RapidMovement","TheCursedMod:Defend_TheCursed","TheCursedMod:FleshFromBone","TheCursedMod:Grudge"],"Strange Spoon":[207],"SsserpentHead":500,"OrangePellets":[22],"Lizard Tail":0,"Nunchaku":[11],"Ornamental Fan":[252],"Pantograph":11,"Bloody Idol":48,"Gambling Chip":[52],"Nloth\u0027s Gift":8,"obtain_stats":[{"Replay:Accelerometer":42,"hubris:MysteriousPyramids":42,"Sling":53,"Ring of Searing":46,"Blood Vial":25,"Replay:Wanted Poster":38,"hubris:HerbalPaste":53,"hubris:AstralHammer":44,"Fusion Hammer":17,"HandDrill":57,"Replay:Bottled Steam":36,"TheCursedMod:BlackMagic101":0,"MerchantsRug":19,"Eternal Feather":23,"Pen Nib":31,"Bird Faced Urn":14,"ReplayTheSpireMod:Ring of Collecting":2,"Unceasing Top":0,"hubris:Reverence":54,"Regal Pillow":6,"Torii":0,"GremlinMask":29,"hubris:EmptyBottle":0,"Ancient Tea Set":44,"Pet Ghost":10,"hubris:Backtick":17,"Toolbox":3,"hubris:CuriousFeather":0,"Chemical X":0,"Replay:Bottled Eggs":28,"InkBottle":40,"Potion Belt":45,"Lee\u0027s Waffle":0,"Golden Idol":3,"hubris:64BitClover":28,"PreservedInsect":26,"Ring of Greed":5,"hubris:Towel":37,"Replay:Arrowhead":0,"hubris:Spice":0,"Ornamental Fan":0,"Ring of Misfortune":20,"Garlic":26,"Durian":9,"hubris:BottledRain":9,"Ice Cream":39,"Calipers":0,"Gremlin Horn":20,"Nilry\u0027s Codex":19,"hubris:VirtuousBlindfold":34,"hubris:TerracottaHorce":19,"Centennial Puzzle":8,"Honey Jar":0,"Philosopher\u0027s Stone":17,"Iron Hammer":0,"Girya":26,"hubris:Teleporter":13,"hubris:DuctTape":57,"ReplayTheSpireMod:CursedCoin":0,"Ring of Chaos":34,"WarpedTongs":2,"hubris:Zylophone":0,"OrangePellets":0,"hubris:PeanutButter":9,"Onion Ring":54,"Mirror":38,"Pocketwatch":0,"Juzu Bracelet":42,"Empty Cage":34,"Dream Catcher":6,"Nunchaku":53,"hubris:Icosahedron":9,"Chameleon Ring":11,"Red Mask":21,"Replay:Bottled Snecko":28,"hubris:MedicalManual":42,"Replay:WaspNest":53,"Odd Mushroom":10,"Medical Kit":0,"Mercury Hourglass":0,"Strange Spoon":0,"Cauldron":53,"Pondfish Scales":14,"hubris:BundleOfHerbs":0,"Bag of Marbles":31,"Membership Card":0,"FossilizedHelix":6,"hubris:OldNail":0,"ReplayTheSpireMod:ShopPack":45,"Golden Egg":20,"Whetstone":44,"Ginger":0,"Boot":40,"Old Coin":5,"Replay:Ringing Soul":53,"TheCursedMod:CrystalBall":7,"hubris:DeckOfHolding":40,"MealTicket":28,"Kunai":29,"Replay:Wax Seal":0,"hubris:TinFlute":28,"Pear":58,"Counterbalance":0,"ReplayTheSpireMod:Ring of Addiction":26,"hubris:SphereOfDissonance":40,"Replay:Ancient Bell":17,"SlaversCollar":34,"Runic Dome":34,"hubris:TenFootPole":0,"Kintsugi":17,"Abe\u0027s Treasure":17,"TheCursedMod:SoulVessel":46,"TheCursedMod:FourLeafCloverCharm":17,"Lantern":53,"Blue Doll":27,"StoneCalendar":53,"Bag of Preparation":46,"Replay:Multitool":40,"Cursed Key":17,"hubris:EvacipatedBox":41,"Replay:Rubber Ducky":0,"Matryoshka":6,"Ring of Peace":11,"WingedGreaves":0,"hubris:FunFungus":43,"Ring of Panic":5,"hubris:GlazedTorus":0,"TheCursedMod:BlackMagicAdvanced":34,"Thread and Needle":0,"Frozen Egg 2":0,"MawBank":13,"Bloody Idol":27,"Orrery":0,"Bottled Lightning":54,"ReplayTheSpireMod:Ring of Challenge":20,"ReplayTheSpireMod:Lightbulb":54,"Toy Ornithopter":9,"Mark of the Bloom":49,"hubris:CrystalStatue":34,"TheCursedMod:Tack":54,"Vajra":0,"Lizard Tail":25,"HornCleat":0,"DollysMirror":28,"Strawberry":46,"Toxic Egg 2":0,"Happy Flower":53,"Ring of Hypnosis":5,"Oddly Smooth Stone":0,"Replay:Kaleidoscope":47,"Letter Opener":53,"War Paint":0,"Replay:Baseball":21,"Bottled Flame":9,"ReplayTheSpireMod:Shallot":9,"Shuriken":9,"Bronze Scales":27,"Simple Rune":23,"Molten Egg 2":21,"Black Star":34,"ReplayTheSpireMod:TigerMarble":39,"hubris:ToyBattleship":26,"Nloth\u0027s Gift":30,"Grinning Jar":11,"Meat on the Bone":15,"ReplayFunnel":21,"Darkstone Periapt":30,"TheCursedMod:BloodyHarpoon":54,"ReplayTheSpireMod:Ring of Exchange":5,"Replay:PocketPolymizer":0,"Snecko Heart":24,"Mango":0,"Incense Burner":0,"hubris:SlimyHat":28,"ClockworkSouvenir":22,"Frozen Eye":38,"SsserpentHead":5,"Replay:Bandana":7,"Mummified Hand":53,"Pantograph":22,"Gambling Chip":0,"Gremlin Food":28,"hubris:DisguiseKit":14,"BargainBundle":0,"Replay:Towering Pillar of Hats":0,"Quantum Egg":0,"TheCursedMod:MagicCandle":0,"Orichalcum":0,"White Beast Statue":0,"Peace Pipe":12,"CaptainsWheel":19,"Anchor":10,"TheCursedMod:OminousMark":34,"ChewingGum":53,"Ring of Fury":2,"Snack Pack":54,"Coffee Dripper":17,"hubris:GrandSneckoEye":17,"TungstenRod":44,"hubris:NiceRug":53},{"Replay:Accelerometer":327,"hubris:MysteriousPyramids":107,"Sling":221,"Ring of Searing":385,"Blood Vial":12,"Replay:Wanted Poster":75,"hubris:HerbalPaste":144,"hubris:AstralHammer":50,"Fusion Hammer":397,"HandDrill":84,"Replay:Bottled Steam":324,"TheCursedMod:BlackMagic101":0,"MerchantsRug":398,"Eternal Feather":11,"Pen Nib":13,"Bird Faced Urn":342,"ReplayTheSpireMod:Ring of Collecting":445,"Unceasing Top":146,"hubris:Reverence":197,"Regal Pillow":309,"Torii":198,"GremlinMask":292,"hubris:EmptyBottle":25,"Ancient Tea Set":79,"Pet Ghost":61,"hubris:Backtick":370,"Toolbox":1,"hubris:CuriousFeather":171,"Chemical X":25,"Replay:Bottled Eggs":348,"InkBottle":326,"Potion Belt":20,"Lee\u0027s Waffle":115,"Golden Idol":59,"hubris:64BitClover":129,"PreservedInsect":41,"Ring of Greed":279,"hubris:Towel":47,"Replay:Arrowhead":25,"hubris:Spice":25,"Ornamental Fan":171,"Ring of Misfortune":424,"Garlic":12,"Durian":175,"hubris:BottledRain":200,"Ice Cream":105,"Calipers":57,"Gremlin Horn":37,"Nilry\u0027s Codex":180,"hubris:VirtuousBlindfold":351,"hubris:TerracottaHorce":65,"Centennial Puzzle":30,"Honey Jar":0,"Philosopher\u0027s Stone":7,"Iron Hammer":57,"Girya":69,"hubris:Teleporter":33,"hubris:DuctTape":83,"ReplayTheSpireMod:CursedCoin":246,"Ring of Chaos":493,"WarpedTongs":87,"hubris:Zylophone":25,"OrangePellets":25,"hubris:PeanutButter":4,"Onion Ring":114,"Mirror":47,"Pocketwatch":416,"Juzu Bracelet":270,"Empty Cage":213,"Dream Catcher":3,"Nunchaku":169,"hubris:Icosahedron":60,"Chameleon Ring":366,"Red Mask":97,"Replay:Bottled Snecko":129,"hubris:MedicalManual":138,"Replay:WaspNest":415,"Odd Mushroom":448,"Medical Kit":277,"Mercury Hourglass":25,"Strange Spoon":86,"Cauldron":196,"Pondfish Scales":63,"hubris:BundleOfHerbs":86,"Bag of Marbles":45,"Membership Card":25,"FossilizedHelix":29,"hubris:OldNail":57,"ReplayTheSpireMod:ShopPack":243,"Golden Egg":207,"Whetstone":20,"Ginger":86,"Boot":269,"Old Coin":279,"Replay:Ringing Soul":144,"TheCursedMod:CrystalBall":90,"hubris:DeckOfHolding":106,"MealTicket":233,"Kunai":70,"Replay:Wax Seal":25,"hubris:TinFlute":183,"Pear":85,"Counterbalance":25,"ReplayTheSpireMod:Ring of Addiction":457,"hubris:SphereOfDissonance":19,"Replay:Ancient Bell":343,"SlaversCollar":14,"Runic Dome":236,"hubris:TenFootPole":334,"Kintsugi":229,"Abe\u0027s Treasure":154,"TheCursedMod:SoulVessel":52,"TheCursedMod:FourLeafCloverCharm":122,"Lantern":196,"Blue Doll":127,"StoneCalendar":169,"Bag of Preparation":21,"Replay:Multitool":48,"Cursed Key":35,"hubris:EvacipatedBox":465,"Replay:Rubber Ducky":25,"Matryoshka":419,"Ring of Peace":152,"WingedGreaves":115,"hubris:FunFungus":242,"Ring of Panic":279,"hubris:GlazedTorus":86,"TheCursedMod:BlackMagicAdvanced":431,"Thread and Needle":198,"Frozen Egg 2":198,"MawBank":94,"Bloody Idol":182,"Orrery":25,"Bottled Lightning":389,"ReplayTheSpireMod:Ring of Challenge":424,"ReplayTheSpireMod:Lightbulb":222,"Toy Ornithopter":251,"Mark of the Bloom":80,"hubris:CrystalStatue":73,"TheCursedMod:Tack":170,"Vajra":361,"Lizard Tail":126,"HornCleat":115,"DollysMirror":12,"Strawberry":166,"Toxic Egg 2":86,"Happy Flower":196,"Ring of Hypnosis":392,"Oddly Smooth Stone":25,"Replay:Kaleidoscope":141,"Letter Opener":275,"War Paint":25,"Replay:Baseball":9,"Bottled Flame":151,"ReplayTheSpireMod:Shallot":119,"Shuriken":30,"Bronze Scales":291,"Simple Rune":98,"Molten Egg 2":124,"Black Star":46,"ReplayTheSpireMod:TigerMarble":105,"hubris:ToyBattleship":232,"Nloth\u0027s Gift":491,"Grinning Jar":5,"Meat on the Bone":63,"ReplayFunnel":258,"Darkstone Periapt":264,"TheCursedMod:BloodyHarpoon":276,"ReplayTheSpireMod:Ring of Exchange":392,"Replay:PocketPolymizer":223,"Snecko Heart":401,"Mango":25,"Incense Burner":25,"hubris:SlimyHat":69,"ClockworkSouvenir":180,"Frozen Eye":134,"SsserpentHead":476,"Replay:Bandana":119,"Mummified Hand":220,"Pantograph":97,"Gambling Chip":146,"Gremlin Food":43,"hubris:DisguiseKit":94,"BargainBundle":361,"Replay:Towering Pillar of Hats":115,"Quantum Egg":223,"TheCursedMod:MagicCandle":25,"Orichalcum":334,"White Beast Statue":25,"Peace Pipe":62,"CaptainsWheel":123,"Anchor":176,"TheCursedMod:OminousMark":161,"ChewingGum":415,"Ring of Fury":445,"Snack Pack":24,"Coffee Dripper":95,"hubris:GrandSneckoEye":315,"TungstenRod":243,"hubris:NiceRug":55},{"Replay:Accelerometer":1603,"hubris:MysteriousPyramids":566,"Sling":1169,"Ring of Searing":1948,"Blood Vial":62,"Replay:Wanted Poster":406,"hubris:HerbalPaste":727,"hubris:AstralHammer":280,"Fusion Hammer":2023,"HandDrill":443,"Replay:Bottled Steam":1591,"TheCursedMod:BlackMagic101":0,"MerchantsRug":2026,"Eternal Feather":58,"Pen Nib":66,"Bird Faced Urn":1675,"ReplayTheSpireMod:Ring of Collecting":2215,"Unceasing Top":738,"hubris:Reverence":1023,"Regal Pillow":1511,"Torii":1030,"GremlinMask":1440,"hubris:EmptyBottle":130,"Ancient Tea Set":424,"Pet Ghost":338,"hubris:Backtick":1866,"Toolbox":3,"hubris:CuriousFeather":879,"Chemical X":130,"Replay:Bottled Eggs":1710,"InkBottle":1600,"Potion Belt":102,"Lee\u0027s Waffle":616,"Golden Idol":330,"hubris:64BitClover":664,"PreservedInsect":213,"Ring of Greed":1396,"hubris:Towel":252,"Replay:Arrowhead":130,"hubris:Spice":130,"Ornamental Fan":879,"Ring of Misfortune":2139,"Garlic":62,"Durian":896,"hubris:BottledRain":1037,"Ice Cream":557,"Calipers":327,"Gremlin Horn":188,"Nilry\u0027s Codex":930,"hubris:VirtuousBlindfold":1732,"hubris:TerracottaHorce":357,"Centennial Puzzle":151,"Honey Jar":0,"Philosopher\u0027s Stone":32,"Iron Hammer":327,"Girya":378,"hubris:Teleporter":163,"hubris:DuctTape":439,"ReplayTheSpireMod:CursedCoin":1253,"Ring of Chaos":2483,"WarpedTongs":459,"hubris:Zylophone":130,"OrangePellets":130,"hubris:PeanutButter":14,"Onion Ring":607,"Mirror":252,"Pocketwatch":2099,"Juzu Bracelet":1356,"Empty Cage":1127,"Dream Catcher":13,"Nunchaku":853,"hubris:Icosahedron":331,"Chameleon Ring":1834,"Red Mask":507,"Replay:Bottled Snecko":664,"hubris:MedicalManual":700,"Replay:WaspNest":2096,"Odd Mushroom":2235,"Medical Kit":1392,"Mercury Hourglass":130,"Strange Spoon":455,"Cauldron":1017,"Pondfish Scales":347,"hubris:BundleOfHerbs":455,"Bag of Marbles":237,"Membership Card":130,"FossilizedHelix":143,"hubris:OldNail":327,"ReplayTheSpireMod:ShopPack":1239,"Golden Egg":1076,"Whetstone":102,"Ginger":455,"Boot":1351,"Old Coin":1396,"Replay:Ringing Soul":727,"TheCursedMod:CrystalBall":470,"hubris:DeckOfHolding":562,"MealTicket":1209,"Kunai":384,"Replay:Wax Seal":130,"hubris:TinFlute":946,"Pear":448,"Counterbalance":130,"ReplayTheSpireMod:Ring of Addiction":2275,"hubris:SphereOfDissonance":95,"Replay:Ancient Bell":1685,"SlaversCollar":79,"Runic Dome":1218,"hubris:TenFootPole":1640,"Kintsugi":1197,"Abe\u0027s Treasure":773,"TheCursedMod:SoulVessel":289,"TheCursedMod:FourLeafCloverCharm":637,"Lantern":1017,"Blue Doll":659,"StoneCalendar":853,"Bag of Preparation":107,"Replay:Multitool":266,"Cursed Key":180,"hubris:EvacipatedBox":2310,"Replay:Rubber Ducky":130,"Matryoshka":2113,"Ring of Peace":758,"WingedGreaves":616,"hubris:FunFungus":1235,"Ring of Panic":1396,"hubris:GlazedTorus":455,"TheCursedMod:BlackMagicAdvanced":2162,"Thread and Needle":1030,"Frozen Egg 2":1030,"MawBank":487,"Bloody Idol":943,"Orrery":130,"Bottled Lightning":1968,"ReplayTheSpireMod:Ring of Challenge":2139,"ReplayTheSpireMod:Lightbulb":1173,"Toy Ornithopter":1275,"Mark of the Bloom":427,"hubris:CrystalStatue":397,"TheCursedMod:Tack":863,"Vajra":1798,"Lizard Tail":654,"HornCleat":616,"DollysMirror":62,"Strawberry":832,"Toxic Egg 2":455,"Happy Flower":1017,"Ring of Hypnosis":1982,"Oddly Smooth Stone":130,"Replay:Kaleidoscope":712,"Letter Opener":1379,"War Paint":130,"Replay:Baseball":45,"Bottled Flame":753,"ReplayTheSpireMod:Shallot":625,"Shuriken":151,"Bronze Scales":1437,"Simple Rune":510,"Molten Egg 2":644,"Black Star":245,"ReplayTheSpireMod:TigerMarble":557,"hubris:ToyBattleship":1206,"Nloth\u0027s Gift":2466,"Grinning Jar":21,"Meat on the Bone":347,"ReplayFunnel":1308,"Darkstone Periapt":1332,"TheCursedMod:BloodyHarpoon":1384,"ReplayTheSpireMod:Ring of Exchange":1982,"Replay:PocketPolymizer":1179,"Snecko Heart":2037,"Mango":130,"Incense Burner":130,"hubris:SlimyHat":378,"ClockworkSouvenir":930,"Frozen Eye":679,"SsserpentHead":2367,"Replay:Bandana":625,"Mummified Hand":1161,"Pantograph":507,"Gambling Chip":738,"Gremlin Food":227,"hubris:DisguiseKit":487,"BargainBundle":1798,"Replay:Towering Pillar of Hats":616,"Quantum Egg":1179,"TheCursedMod:MagicCandle":130,"Orichalcum":1640,"White Beast Statue":130,"Peace Pipe":342,"CaptainsWheel":643,"Anchor":902,"TheCursedMod:OminousMark":811,"ChewingGum":2096,"Ring of Fury":2215,"Snack Pack":121,"Coffee Dripper":498,"hubris:GrandSneckoEye":1546,"TungstenRod":1239,"hubris:NiceRug":311}],"TungstenRod":10,"Unceasing Top":[6]},"card_choices":[{"not_picked":["Violence","Poisoned Strike"],"picked":"Secret Technique","floor":0},{"not_picked":["Replay:Sssssssssshield","Bandage Up"],"picked":"ReplayTheSpireMod:Brewmster","floor":0},{"not_picked":["TheCursedMod:WearCloak","TheCursedMod:Wield","TheCursedMod:HellfireBreathing"],"picked":"SKIP","floor":1},{"not_picked":["TheCursedMod:CircleOfFlame","TheCursedMod:CursedMace"],"picked":"TheCursedMod:BloodBarrier","floor":4},{"not_picked":["TheCursedMod:CursedMace","TheCursedMod:CircleOfCorruption"],"picked":"TheCursedMod:SurpriseAttack","floor":7},{"not_picked":["TheCursedMod:ManaCirculation","TheCursedMod:AshesToAshes"],"picked":"TheCursedMod:LuckyCharm","floor":10},{"not_picked":["TheCursedMod:TacticalStrike","TheCursedMod:Torture"],"picked":"TheCursedMod:FleshFromBone","floor":12},{"not_picked":["TheCursedMod:CursedAmulet","TheCursedMod:RavingStaff","TheCursedMod:TacticalStrike"],"picked":"SKIP","floor":14},{"not_picked":["TheCursedMod:ParallelWorld","TheCursedMod:Neurasthenia"],"picked":"TheCursedMod:CollectTribute","floor":16},{"not_picked":["TheCursedMod:CircleOfAmplification","TheCursedMod:StingEye"],"picked":"TheCursedMod:LuckyCharm+1","floor":18},{"not_picked":["TheCursedMod:CursedMace","TheCursedMod:HellfireBreathing","TheCursedMod:CursedArmor+1"],"picked":"SKIP","floor":19},{"not_picked":["TheCursedMod:BloodBarrier","TheCursedMod:CursedSpellbook"],"picked":"TheCursedMod:Grudge","floor":21},{"not_picked":["TheCursedMod:CursedMace","TheCursedMod:FleshFromBone"],"picked":"TheCursedMod:Wield","floor":22},{"not_picked":["TheCursedMod:CursedAmulet","TheCursedMod:Stigma"],"picked":"TheCursedMod:SpitefulPlan+1","floor":23},{"not_picked":["TheCursedMod:BloodBarrier+1","TheCursedMod:Wield","TheCursedMod:CursedStaff"],"picked":"SKIP","floor":25},{"not_picked":["TheCursedMod:CursedAmulet","TheCursedMod:TacticalStrike"],"picked":"TheCursedMod:SmokeScreen","floor":27},{"not_picked":["TheCursedMod:Wield+1","TheCursedMod:SoulCrush"],"picked":"TheCursedMod:SmokeScreen+1","floor":28},{"not_picked":["TheCursedMod:CursedBlade","TheCursedMod:Mangle","TheCursedMod:PrepareRite"],"picked":"SKIP","floor":29},{"not_picked":["TheCursedMod:Obscuration","TheCursedMod:Stigma","TheCursedMod:ParallelWorld"],"picked":"SKIP","floor":31},{"not_picked":["TheCursedMod:DemonicPact","TheCursedMod:Neurasthenia"],"picked":"TheCursedMod:AntiAging","floor":33},{"not_picked":["TheCursedMod:Torture","TheCursedMod:HellfireBreathing+1","TheCursedMod:SmokeScreen"],"picked":"SKIP","floor":35},{"not_picked":["TheCursedMod:DarkBarrier","TheCursedMod:Obscuration+1","TheCursedMod:CursedMace"],"picked":"SKIP","floor":36},{"not_picked":["TheCursedMod:DarkBarrier","TheCursedMod:CursedMace"],"picked":"TheCursedMod:Obscuration+1","floor":36},{"not_picked":["TheCursedMod:RavingStaff","TheCursedMod:SpitefulPlan+1","TheCursedMod:CircleOfBlood"],"picked":"SKIP","floor":37},{"not_picked":["TheCursedMod:RavingStaff","TheCursedMod:CircleOfBlood"],"picked":"TheCursedMod:SpitefulPlan+1","floor":37},{"not_picked":["TheCursedMod:FuryStrike+1","TheCursedMod:CursedAmulet"],"picked":"TheCursedMod:CursedSpellbook","floor":38},{"not_picked":["TheCursedMod:TroublousMinions","TheCursedMod:DemonSword","TheCursedMod:StingEye"],"picked":"SKIP","floor":39},{"not_picked":["TheCursedMod:OutForBlood","TheCursedMod:CursedBlade+1","TheCursedMod:CircleOfFocus"],"picked":"SKIP","floor":41},{"not_picked":["TheCursedMod:SpreadPlague+1","TheCursedMod:RapidMovement"],"picked":"TheCursedMod:AshesToAshes+1","floor":47},{"not_picked":["TheCursedMod:SpitefulPray","TheCursedMod:TacticalStrike"],"picked":"TheCursedMod:AntiAging","floor":48},{"not_picked":[],"picked":"TheCursedMod:Torture","floor":54},{"not_picked":[],"picked":"TheCursedMod:LuckyCharm","floor":54},{"not_picked":["TheCursedMod:SmokeScreen+1","TheCursedMod:CircleOfFlame"],"picked":"TheCursedMod:CursedAmulet","floor":55}],"player_experience":236750,"relics_obtained":[{"floor":9,"key":"ReplayFunnel"},{"floor":10,"key":"Anchor"},{"floor":12,"key":"Bag of Marbles"},{"floor":15,"key":"hubris:OldNail"},{"floor":23,"key":"hubris:TenFootPole"},{"floor":25,"key":"Replay:Bandana"},{"floor":26,"key":"TungstenRod"},{"floor":27,"key":"Unceasing Top"},{"floor":28,"key":"Lizard Tail"},{"floor":28,"key":"Letter Opener"},{"floor":41,"key":"Nunchaku"},{"floor":44,"key":"ReplayTheSpireMod:Ring of Addiction"},{"floor":44,"key":"Potion Belt"},{"floor":44,"key":"White Beast Statue"},{"floor":45,"key":"Gambling Chip"},{"floor":48,"key":"hubris:CrystalStatue"},{"floor":49,"key":"Grinning Jar"},{"floor":54,"key":"Replay:Wax Seal"},{"floor":54,"key":"Whetstone"},{"floor":54,"key":"Cauldron"},{"floor":55,"key":"War Paint"}],"event_choices":[{"damage_healed":0,"gold_gain":0,"player_choice":"Success","damage_taken":11,"relics_obtained":["Orichalcum"],"max_hp_gain":0,"max_hp_loss":0,"event_name":"Scrap Ooze","floor":2,"gold_loss":0},{"damage_healed":0,"gold_gain":0,"player_choice":"Take Wound","damage_taken":0,"relics_obtained":["Golden Idol"],"max_hp_gain":0,"max_hp_loss":0,"event_name":"Golden Idol","floor":3,"gold_loss":0,"cards_obtained":["Injury"]},{"damage_healed":0,"gold_gain":0,"player_choice":"Trade","damage_taken":0,"relics_obtained":["SsserpentHead"],"max_hp_gain":0,"max_hp_loss":0,"event_name":"FaceTrader","floor":5,"gold_loss":0},{"damage_healed":0,"gold_gain":0,"player_choice":"Gave Idol","damage_taken":0,"relics_obtained":["Bloody Idol"],"max_hp_gain":0,"max_hp_loss":0,"event_name":"Forgotten Altar","floor":20,"relics_lost":["Golden Idol"],"gold_loss":0},{"damage_healed":0,"gold_gain":0,"player_choice":"Fight","damage_taken":0,"max_hp_gain":0,"max_hp_loss":0,"event_name":"Colosseum","floor":28,"gold_loss":0},{"damage_healed":0,"gold_gain":0,"player_choice":"Fought Nobs","damage_taken":0,"max_hp_gain":0,"max_hp_loss":0,"event_name":"Colosseum","floor":28,"gold_loss":0},{"damage_healed":0,"gold_gain":0,"player_choice":"Traded Relic","damage_taken":0,"relics_obtained":["Nloth\u0027s Gift"],"max_hp_gain":0,"max_hp_loss":0,"event_name":"N\u0027loth","floor":30,"relics_lost":["hubris:BundleOfHerbs"],"gold_loss":0},{"damage_healed":0,"gold_gain":0,"player_choice":"Fight","damage_taken":0,"max_hp_gain":0,"max_hp_loss":0,"event_name":"Mysterious Sphere","floor":45,"gold_loss":0}],"is_beta":false,"boss_relics":[{"not_picked":["Calling Bell","Replay:Wanted Poster"],"picked":"Runic Dome"},{"not_picked":["Painkiller Herb","Replay:Bronze Core"],"picked":"Ring of Chaos"}],"items_purged_floors":[],"is_endless":false,"potions_floor_spawned":[1,7,14,22,23,27,28,29,35,38,39,45,47,48,54,55],"ascension_level":20}}