{"host":"d66n7ln59ex8canu","time":1610827956,"event":{"mods":["AchievementEnabler","BaseMod","Colored Map","Minty Spire (QoL Compilation)","Quick Restart","StSLib"],"gold_per_floor":[111,32,50,50,125,157,173,173,173,193,221,232,246,246,246,341,341,341,144,144,144,144,144,144,59,59,59,59,59,59,59,59,59,59],"floor_reached":33,"language":"ENG","playtime":996,"items_purged":[],"score":458,"play_id":"d726e557-b2a6-4095-b313-711e36ef8586","local_time":"20210116151236","is_ascension_mode":true,"campfire_choices":[{"data":"Corpse Explosion","floor":8,"key":"SMITH"},{"floor":15,"key":"REST"},{"data":"Blade Dance","floor":24,"key":"SMITH"},{"data":"Catalyst","floor":28,"key":"SMITH"},{"floor":32,"key":"RECALL"}],"circlet_count":0,"master_deck":["Defend_G","Defend_G","Defend_G","Defend_G","Defend_G","Survivor","Neutralize","Cloak And Dagger","Masterful Stab","Deflect","Corpse Explosion+1","Bane+1","After Image+1","Backflip","Cloak And Dagger","Adrenaline","Tactician+1","Cloak And Dagger","Blade Dance","Bite","Bite+1","Bite","Bite","Bite","Blade Dance+1","Catalyst+1","Wraith Form v2","Finisher","Cloak And Dagger+1"],"relics":["Ring of the Snake","NeowsBlessing","Matryoshka","Bronze Scales","Singing Bowl","Gremlin Horn","Strawberry","Ectoplasm","Boot","Anchor","Pen Nib","Centennial Puzzle","Whetstone","Regal Pillow","Bag of Marbles","Ancient Tea Set"],"acts_visited":["Exordium","TheCity"],"potions_floor_usage":[16,16,23,33,33,33],"damage_taken":[{"damage":0,"enemies":"Jaw Worm","floor":1,"turns":1},{"damage":0,"enemies":"Small Slimes","floor":3,"turns":1},{"damage":0,"enemies":"Lagavulin","floor":6,"turns":1},{"damage":0,"enemies":"2 Louse","floor":7,"turns":1},{"damage":10,"enemies":"Large Slime","floor":10,"turns":4},{"damage":25,"enemies":"Gremlin Nob","floor":11,"turns":4},{"damage":4,"enemies":"2 Fungi Beasts","floor":12,"turns":2},{"damage":0,"enemies":"Looter","floor":13,"turns":3},{"damage":10,"enemies":"Hexaghost","floor":16,"turns":10},{"damage":6,"enemies":"Shell Parasite","floor":18,"turns":5},{"damage":0,"enemies":"Chosen","floor":20,"turns":4},{"damage":22,"enemies":"Slavers","floor":23,"turns":3},{"damage":0,"enemies":"Snake Plant","floor":27,"turns":3},{"damage":23,"enemies":"Gremlin Leader","floor":29,"turns":5},{"damage":7,"enemies":"Centurion and Healer","floor":30,"turns":3},{"damage":8,"enemies":"Slavers","floor":31,"turns":2},{"damage":62,"enemies":"Automaton","floor":33,"turns":8}],"seed_played":"-3046637799705802474","potions_obtained":[{"floor":3,"key":"Swift Potion"},{"floor":7,"key":"Energy Potion"},{"floor":10,"key":"EssenceOfSteel"},{"floor":13,"key":"Explosive Potion"},{"floor":20,"key":"Regen Potion"},{"floor":27,"key":"FearPotion"},{"floor":30,"key":"GamblersBrew"}],"is_trial":false,"path_per_floor":["M","$","M","?","?","E","M","R","T","M","E","M","M","?","R","B",null,"M","$","M","?","?","E","R","?","T","M","R","E","M","E","R","B"],"character_chosen":"THE_SILENT","items_purchased":["Masterful Stab","Boot","Cloak And Dagger"],"campfire_rested":1,"item_purchase_floors":[2,19,19],"current_hp_per_floor":[70,70,70,63,52,52,52,52,52,44,26,22,22,22,45,35,79,73,73,73,73,55,39,39,39,39,41,41,35,37,34,34,0,0],"gold":59,"neow_bonus":"THREE_ENEMY_KILL","is_daily":false,"chose_seed":false,"campfire_upgraded":3,"win_rate":0.0,"timestamp":1610827956,"path_taken":["M","$","M","?","?","E","M","R","T","M","E","M","M","?","R","BOSS","M","$","M","?","?","E","R","?","T","M","R","E","M","E","R","BOSS"],"items_purchased_type":["Card","Relic","Card"],"build_version":"2020-12-22","purchased_purges":0,"victory":false,"max_hp_per_floor":[70,70,70,70,70,70,70,70,70,72,79,79,79,79,79,79,79,79,79,79,79,55,55,55,55,55,55,55,55,55,55,55,55,55],"card_choices":[{"not_picked":["Backflip","Underhanded Strike"],"picked":"Cloak And Dagger","floor":1},{"not_picked":["Acrobatics","PiercingWail"],"picked":"Deflect","floor":3},{"not_picked":["Riddle With Holes","Slice"],"picked":"Corpse Explosion","floor":6},{"not_picked":["Acrobatics","Dagger Throw"],"picked":"Bane","floor":7},{"not_picked":["Skewer","Slice","Quick Slash"],"picked":"Singing Bowl","floor":10},{"not_picked":["PiercingWail","Tactician"],"picked":"After Image","floor":11},{"not_picked":["Dagger Throw","PiercingWail"],"picked":"Backflip","floor":12},{"not_picked":["Well Laid Plans","Underhanded Strike"],"picked":"Cloak And Dagger","floor":13},{"not_picked":["Burst","Bullet Time"],"picked":"Adrenaline","floor":16},{"not_picked":["Deflect","Quick Slash"],"picked":"Tactician+1","floor":18},{"not_picked":["Bane","Dodge and Roll"],"picked":"Blade Dance","floor":20},{"not_picked":["Flying Knee","Dagger Throw"],"picked":"Blade Dance","floor":23},{"not_picked":["Endless Agony","Flying Knee"],"picked":"Catalyst","floor":27},{"not_picked":["Outmaneuver","Glass Knife"],"picked":"Wraith Form v2","floor":29},{"not_picked":["Deadly Poison","Concentrate"],"picked":"Finisher","floor":30},{"not_picked":["Dagger Throw","Bouncing Flask"],"picked":"Cloak And Dagger+1","floor":31}],"player_experience":320731,"relics_obtained":[{"floor":6,"key":"Bronze Scales"},{"floor":9,"key":"Singing Bowl"},{"floor":9,"key":"Gremlin Horn"},{"floor":11,"key":"Strawberry"},{"floor":23,"key":"Pen Nib"},{"floor":26,"key":"Whetstone"},{"floor":26,"key":"Regal Pillow"},{"floor":29,"key":"Bag of Marbles"},{"floor":31,"key":"Ancient Tea Set"}],"event_choices":[{"damage_healed":0,"gold_gain":0,"player_choice":"Success","damage_taken":7,"relics_obtained":["Matryoshka"],"max_hp_gain":0,"max_hp_loss":0,"event_name":"Scrap Ooze","floor":4,"gold_loss":0},{"damage_healed":0,"gold_gain":75,"player_choice":"Gather Gold","damage_taken":11,"max_hp_gain":0,"max_hp_loss":0,"event_name":"World of Goop","floor":5,"gold_loss":0},{"damage_healed":0,"gold_gain":0,"player_choice":"Grow","damage_taken":0,"max_hp_gain":0,"max_hp_loss":0,"event_name":"Living Wall","floor":14,"gold_loss":0,"cards_upgraded":["After Image"]},{"damage_healed":0,"gold_gain":0,"player_choice":"Opened","damage_taken":0,"relics_obtained":["Anchor"],"max_hp_gain":0,"max_hp_loss":0,"event_name":"The Mausoleum","floor":21,"gold_loss":0},{"damage_healed":0,"gold_gain":0,"player_choice":"Became a vampire","damage_taken":0,"max_hp_gain":0,"max_hp_loss":24,"event_name":"Vampires","floor":22,"gold_loss":0,"cards_obtained":["Bite","Bite","Bite","Bite","Bite"]},{"damage_healed":0,"gold_gain":0,"player_choice":"Obtained Relic","damage_taken":0,"relics_obtained":["Centennial Puzzle"],"max_hp_gain":0,"max_hp_loss":0,"event_name":"Addict","floor":25,"gold_loss":85}],"is_beta":false,"boss_relics":[{"not_picked":["Empty Cage","Astrolabe"],"picked":"Ectoplasm"}],"items_purged_floors":[],"is_endless":false,"potions_floor_spawned":[3,7,10,13,20,27,30],"killed_by":"Automaton","ascension_level":4}}