{"host":"qxfsqqkvz99y95yf","time":1610816962,"event":{"mods":["BaseMod","Infinite Spire","Minty Spire (QoL Compilation)","Replay The Spire","StSLib"],"gold_per_floor":[117,132,16,16,26,61,61,61,61,61,86,96,111,11,11,28,28,130,130,146,164,164,164,180,180,195,195,195],"floor_reached":27,"language":"ENG","playtime":2353,"items_purged":["Strike_P","Defend_P"],"score":215,"play_id":"477ecf57-3fd5-44ea-bfd0-ac9e81cc8865","local_time":"20210116120922","is_ascension_mode":false,"campfire_choices":[{"data":"Eruption","floor":7,"key":"SMITH"},{"data":"ClearTheMind","floor":10,"key":"SMITH"},{"data":"Replay:ManipulateFuture","floor":15,"key":"SMITH"},{"floor":25,"key":"REST"}],"circlet_count":0,"master_deck":["Strike_P","Strike_P","Strike_P","Defend_P","Defend_P","Defend_P","Eruption+1","Vigilance","BattleHymn","CutThroughFate","Study+1","ClearTheMind+1","JustLucky","Replay:ManipulateFuture+1","Replay:LoomingThreat+1","FollowUp","Devotion","FollowUp","Prostrate","Overencumbered","Spreading Infection","infinitespire:Collect","Nirvana+1","DeceiveReality"],"relics":["PureWater","Pen Nib","infinitespire:Beetle Shell","Happy Flower","Cursed Key"],"acts_visited":["Exordium","TheCity"],"potions_floor_usage":[6,12,18,20,24,27],"damage_taken":[{"damage":0,"enemies":"Small Slimes","floor":1,"turns":2},{"damage":0,"enemies":"Cultist","floor":2,"turns":4},{"damage":0,"enemies":"2 Louse","floor":5,"turns":4},{"damage":11,"enemies":"Gremlin Nob","floor":6,"turns":3},{"damage":6,"enemies":"Gremlin Gang","floor":12,"turns":5},{"damage":16,"enemies":"Looter","floor":13,"turns":3},{"damage":22,"enemies":"Large Slime","floor":16,"turns":4},{"damage":35,"enemies":"Fading Forest","floor":18,"turns":11},{"damage":51,"enemies":"3 Byrds","floor":20,"turns":5},{"damage":2,"enemies":"Chosen","floor":21,"turns":4},{"damage":0,"enemies":"Centurion and Healer","floor":24,"turns":5},{"damage":30,"enemies":"3 Cultists","floor":26,"turns":5},{"damage":20,"enemies":"Nightmare","floor":27,"turns":2}],"seed_played":"-3837337904294501027","potions_obtained":[{"floor":1,"key":"BottledMiracle"},{"floor":2,"key":"BlessingOfTheForge"},{"floor":16,"key":"LifebloodPotion"},{"floor":18,"key":"Fire Potion"},{"floor":21,"key":"Swift Potion"},{"floor":26,"key":"AttackPotion"}],"is_trial":false,"path_per_floor":["M","M","$","?","M","E","R","PTL","PTL","R","T","M","M","$","R","M","R","B",null,"M","M","?","?","M","R","M","NM"],"character_chosen":"WATCHER","items_purchased":["Study"],"campfire_rested":1,"item_purchase_floors":[3],"current_hp_per_floor":[72,72,72,72,72,61,61,61,61,61,61,55,39,39,39,17,38,13,72,21,19,19,19,19,40,10,0,0],"gold":195,"neow_bonus":"RANDOM_COMMON_RELIC","is_daily":false,"chose_seed":false,"campfire_upgraded":3,"win_rate":0.0,"timestamp":1610816962,"path_taken":["M","M","$","?","M","E","R","PTL","PTL","R","T","M","M","$","R","M","R","BOSS","M","M","?","?","M","R","M","NM"],"items_purchased_type":["Card"],"build_version":"2020-12-22","purchased_purges":2,"victory":false,"max_hp_per_floor":[72,72,72,72,72,72,72,72,72,72,72,72,72,72,72,72,72,72,72,72,72,72,72,72,72,72,72,72],"card_choices":[{"not_picked":["Replay:AtTheReady","Crescendo"],"picked":"BattleHymn","floor":1},{"not_picked":["WaveOfTheHand","ThirdEye"],"picked":"CutThroughFate","floor":2},{"not_picked":["Protect","Nirvana"],"picked":"ClearTheMind","floor":5},{"not_picked":["ClearTheMind","Crescendo"],"picked":"JustLucky","floor":6},{"not_picked":["Halt","Evaluate"],"picked":"Replay:ManipulateFuture","floor":12},{"not_picked":["WreathOfFlame","Tantrum"],"picked":"Replay:LoomingThreat","floor":13},{"not_picked":["Replay:Hum","FlurryOfBlows"],"picked":"FollowUp","floor":16},{"not_picked":["Replay:AllIn","ConjureBlade"],"picked":"Devotion","floor":18},{"not_picked":["Replay:BluntJabs","Consecrate"],"picked":"FollowUp","floor":20},{"not_picked":["Meditate","Replay:BluntJabs"],"picked":"Prostrate","floor":21},{"not_picked":["infinitespire:DeathsTouch","infinitespire:NeuralNetwork"],"picked":"infinitespire:Collect","floor":22},{"not_picked":["EmptyMind+1","Replay:Battleflow"],"picked":"Nirvana+1","floor":24},{"not_picked":["Pray","Replay:AtTheReady"],"picked":"DeceiveReality","floor":26}],"player_experience":195895,"relics_obtained":[{"floor":6,"key":"infinitespire:Beetle Shell"},{"floor":11,"key":"Happy Flower"}],"event_choices":[{"damage_healed":0,"gold_gain":0,"player_choice":"Forge","damage_taken":0,"max_hp_gain":0,"max_hp_loss":0,"event_name":"Accursed Blacksmith","floor":4,"gold_loss":0,"cards_upgraded":["Study"]},{"damage_healed":0,"gold_gain":0,"player_choice":"Ignored","damage_taken":0,"max_hp_gain":0,"max_hp_loss":0,"event_name":"NoteForYourself","floor":23,"gold_loss":0}],"is_beta":false,"boss_relics":[{"not_picked":["Ectoplasm","ReplayTheSpireMod:DimensionalGlitch"],"picked":"Cursed Key"}],"items_purged_floors":[3,14],"is_endless":false,"potions_floor_spawned":[1,2,16,18,21,26],"killed_by":"Nightmare","ascension_level":0}}