{"host":"1c17lcvl7acx821p","time":1610811026,"event":{"mods":["AchievementEnabler","BaseMod","Colored Map","Minty Spire (QoL Compilation)","StSLib"],"gold_per_floor":[361,64,14,14,26,52,70,95,164,180,190,190,190,215,215,316,316,332,232,35,38,52,52,0,30,30,40,66,78,109,121,121,226,226,242,253,269,281,1,31,31,84,84,113,163,188,188,188,188,188,188,188,16,51,51],"floor_reached":56,"language":"ENG","playtime":5221,"items_purged":["Strike_P","Defend_P","Eruption"],"score":1606,"play_id":"a2a06098-43c0-4527-8120-c509d27a6a47","local_time":"20210116173026","is_ascension_mode":true,"campfire_choices":[{"floor":12.0,"key":"REST"},{"data":"PathToVictory","floor":15.0,"key":"SMITH"},{"data":"ThirdEye","floor":23.0,"key":"SMITH"},{"floor":32.0,"key":"REST"},{"data":"Perseverance","floor":41.0,"key":"SMITH"},{"data":"Impatience","floor":47.0,"key":"SMITH"},{"floor":49,"key":"RECALL"},{"data":"Evaluate","floor":52,"key":"SMITH"}],"circlet_count":0,"master_deck":["Strike_P+1","Strike_P+1","Defend_P","Defend_P","Defend_P","Vigilance","PathToVictory+1","DeceiveReality","ThirdEye+1","Perseverance+1","Protect","DeusExMachina","DevaForm","MasterReality","ThirdEye","Impatience+1","Wireheading","PathToVictory","InnerPeace","Omniscience","PathToVictory+1","Evaluate+1","PathToVictory+1","Evaluate","Wireheading","Protect+1"],"relics":["PureWater","PreservedInsect","GremlinMask","Turnip","Boot","Singing Bowl","Mango","Vajra","Busted Crown","Pantograph","White Beast Statue","Bag of Marbles","SlaversCollar","DollysMirror","Toy Ornithopter","Torii","Yang","Whetstone","Pocketwatch","Question Card","Lantern"],"acts_visited":["TheCity","TheBeyond","TheEnding"],"potions_floor_usage":[48,55,55,55],"damage_taken":[{"damage":1.0,"enemies":"Jaw Worm","floor":1.0,"turns":6.0},{"damage":1.0,"enemies":"2 Louse","floor":5.0,"turns":3.0},{"damage":17.0,"enemies":"Gremlin Nob","floor":6.0,"turns":4.0},{"damage":0.0,"enemies":"Cultist","floor":7.0,"turns":4.0},{"damage":26.0,"enemies":"3 Sentries","floor":8.0,"turns":25.0},{"damage":2.0,"enemies":"Exordium Wildlife","floor":10.0,"turns":7.0},{"damage":0.0,"enemies":"Lots of Slimes","floor":11.0,"turns":1.0},{"damage":0.0,"enemies":"Lagavulin","floor":14.0,"turns":7.0},{"damage":40.0,"enemies":"Hexaghost","floor":16.0,"turns":14.0},{"damage":4.0,"enemies":"3 Byrds","floor":18.0,"turns":8.0},{"damage":5.0,"enemies":"2 Thieves","floor":21.0,"turns":4.0},{"damage":1.0,"enemies":"Snecko","floor":22.0,"turns":9.0},{"damage":0.0,"enemies":"Gremlin Leader","floor":25.0,"turns":10.0},{"damage":8.0,"enemies":"Shelled Parasite and Fungi","floor":27.0,"turns":6.0},{"damage":13.0,"enemies":"Book of Stabbing","floor":28.0,"turns":5.0},{"damage":24.0,"enemies":"Cultist and Chosen","floor":29.0,"turns":6.0},{"damage":19.0,"enemies":"Gremlin Leader","floor":30.0,"turns":9.0},{"damage":1.0,"enemies":"Centurion and Healer","floor":31.0,"turns":6.0},{"damage":13.0,"enemies":"Champ","floor":33.0,"turns":11.0},{"damage":16.0,"enemies":"3 Darklings","floor":35.0,"turns":8.0},{"damage":23.0,"enemies":"3 Shapes","floor":36.0,"turns":5.0},{"damage":11.0,"enemies":"Writhing Mass","floor":37.0,"turns":5.0},{"damage":19.0,"enemies":"Jaw Worm Horde","floor":38.0,"turns":8.0},{"damage":13.0,"enemies":"Giant Head","floor":40.0,"turns":6.0},{"damage":19.0,"enemies":"2 Orb Walkers","floor":42.0,"turns":5.0},{"damage":1.0,"enemies":"Nemesis","floor":44.0,"turns":5.0},{"damage":0.0,"enemies":"Mind Bloom Boss Battle","floor":45.0,"turns":7.0},{"damage":0.0,"enemies":"Giant Head","floor":46.0,"turns":6.0},{"damage":0,"enemies":"Transient","floor":48,"turns":1},{"damage":40,"enemies":"Time Eater","floor":50,"turns":5},{"damage":45,"enemies":"Shield and Spear","floor":54,"turns":5},{"damage":38,"enemies":"The Heart","floor":55,"turns":8}],"seed_played":"-8297054211354775058","potions_obtained":[{"floor":5.0,"key":"GamblersBrew"},{"floor":6.0,"key":"Energy Potion"},{"floor":10.0,"key":"Explosive Potion"},{"floor":18.0,"key":"SteroidPotion"},{"floor":22.0,"key":"DistilledChaos"},{"floor":27.0,"key":"AttackPotion"},{"floor":29.0,"key":"Regen Potion"},{"floor":30.0,"key":"SpeedPotion"},{"floor":31.0,"key":"BlessingOfTheForge"},{"floor":35.0,"key":"SmokeBomb"},{"floor":37.0,"key":"SkillPotion"},{"floor":38.0,"key":"Weak Potion"},{"floor":42.0,"key":"Swift Potion"},{"floor":44.0,"key":"Dexterity Potion"},{"floor":45.0,"key":"Weak Potion"}],"is_trial":false,"path_per_floor":["M","$","?","?","M","E","M","E","T","M","M","R","?","E","R","B",null,"M","$","$","M","M","R","$","E","T","M","E","M","E","M","R","B",null,"M","M","M","M","$","E","R","?","T","E","?","E","R","M","R","B",null,"R","$","E","B",null],"character_chosen":"WATCHER","items_purchased":["PreservedInsect","DeceiveReality","ThirdEye","Impatience","Wireheading","ColorlessPotion","DollysMirror","Evaluate","Wireheading","BottledMiracle"],"campfire_rested":2,"item_purchase_floors":[2,2,20,20,20,24,39,53,53,53],"current_hp_per_floor":[64,64,64,64,63,46,46,20,20,18,20,40,54,54,54,14,81,79,79,79,76,77,77,77,77,77,71,58,36,19,20,48,60,95,81,60,65,48,48,37,37,30,30,34,61,61,61,66,66,51,109,109,109,64,66],"gold":51,"neow_bonus":"TWO_FIFTY_GOLD","is_daily":false,"chose_seed":false,"campfire_upgraded":5,"win_rate":0.0,"timestamp":1610811026,"path_taken":["M","$","?","?","?","E","M","E","T","M","M","R","?","E","R","BOSS","M","?","$","M","?","R","?","E","T","M","E","M","E","M","R","BOSS","M","?","M","M","$","E","R","?","T","E","?","E","R","M","R","BOSS","R","$","E","BOSS"],"items_purchased_type":["Relic","Card","Card","Card","Card","Potion","Relic","Card","Card","Potion"],"build_version":"2020-12-22","purchased_purges":3,"victory":true,"max_hp_per_floor":[65,65,65,65,65,65,65,65,65,65,67,67,81,81,81,81,81,83,83,83,85,87,87,87,87,87,89,89,91,93,95,95,95,95,97,99,101,103,103,105,105,107,107,107,109,109,109,109,109,109,109,109,109,109,109],"card_choices":[{"not_picked":["CrushJoints","FollowUp"],"picked":"PathToVictory","floor":1.0},{"not_picked":["ClearTheMind","Sanctity"],"picked":"ThirdEye","floor":5.0},{"not_picked":["BowlingBash","FlyingSleeves"],"picked":"Perseverance","floor":6.0},{"not_picked":["InnerPeace","Meditate"],"picked":"Protect","floor":7.0},{"not_picked":["EmptyFist","Halt","Vengeance"],"picked":"SKIP","floor":8.0},{"not_picked":["Crescendo","BowlingBash"],"picked":"DeusExMachina","floor":10.0},{"not_picked":["FlurryOfBlows","Wallop","JustLucky"],"picked":"Singing Bowl","floor":11.0},{"not_picked":["ClearTheMind","Vengeance"],"picked":"DevaForm","floor":14.0},{"not_picked":["Blasphemy","DevaForm"],"picked":"MasterReality","floor":16.0},{"not_picked":["FlyingSleeves+1"],"picked":"Singing Bowl","floor":18.0},{"not_picked":["FlyingSleeves+1"],"picked":"Singing Bowl","floor":21.0},{"not_picked":["Prostrate"],"picked":"Singing Bowl","floor":22.0},{"not_picked":[],"picked":"PathToVictory","floor":25.0},{"not_picked":["JustLucky"],"picked":"Singing Bowl","floor":27.0},{"not_picked":[],"picked":"InnerPeace","floor":28.0},{"not_picked":["Crescendo"],"picked":"Singing Bowl","floor":29.0},{"not_picked":["FlurryOfBlows+1"],"picked":"Singing Bowl","floor":30.0},{"not_picked":["Consecrate"],"picked":"Singing Bowl","floor":31.0},{"not_picked":[],"picked":"Omniscience","floor":33.0},{"not_picked":["SignatureMove+1"],"picked":"Singing Bowl","floor":35.0},{"not_picked":["Evaluate"],"picked":"Singing Bowl","floor":36.0},{"not_picked":["EmptyFist+1"],"picked":"Singing Bowl","floor":37.0},{"not_picked":["Protect"],"picked":"Singing Bowl","floor":38.0},{"not_picked":["BattleHymn"],"picked":"Singing Bowl","floor":40.0},{"not_picked":["Vengeance"],"picked":"Singing Bowl","floor":42.0},{"not_picked":[],"picked":"Evaluate","floor":44.0},{"not_picked":["FollowUp+1"],"picked":"Singing Bowl","floor":45.0},{"not_picked":[],"picked":"PathToVictory+1","floor":46.0},{"not_picked":["SashWhip+1"],"picked":"Protect+1","floor":54}],"player_experience":92138,"relics_obtained":[{"floor":6.0,"key":"Turnip"},{"floor":8.0,"key":"Boot"},{"floor":9.0,"key":"Singing Bowl"},{"floor":13.0,"key":"Mango"},{"floor":14.0,"key":"Vajra"},{"floor":25.0,"key":"Pantograph"},{"floor":28.0,"key":"White Beast Statue"},{"floor":30.0,"key":"Bag of Marbles"},{"floor":40.0,"key":"Toy Ornithopter"},{"floor":42.0,"key":"Torii"},{"floor":43.0,"key":"Yang"},{"floor":44.0,"key":"Whetstone"},{"floor":45.0,"key":"Pocketwatch"},{"floor":46.0,"key":"Question Card"},{"floor":54,"key":"Lantern"}],"event_choices":[{"cards_removed":["Strike_P"],"damage_healed":0.0,"max_hp_gain":0.0,"max_hp_loss":0.0,"gold_gain":0.0,"event_name":"The Cleric","player_choice":"Card Removal","floor":3.0,"gold_loss":50.0,"damage_taken":0.0},{"damage_healed":0.0,"max_hp_gain":0.0,"max_hp_loss":0.0,"gold_gain":0.0,"event_name":"FaceTrader","player_choice":"Trade","floor":4.0,"gold_loss":0.0,"damage_taken":0.0,"relics_obtained":["GremlinMask"]},{"damage_healed":0.0,"max_hp_gain":0.0,"max_hp_loss":0.0,"gold_gain":0.0,"event_name":"Wheel of Change","player_choice":"Relic","floor":13.0,"gold_loss":0.0,"damage_taken":0.0},{"damage_healed":0.0,"max_hp_gain":0.0,"max_hp_loss":0.0,"gold_gain":0.0,"event_name":"Mysterious Sphere","player_choice":"Fight","floor":42.0,"gold_loss":0.0,"damage_taken":0.0},{"damage_healed":0.0,"max_hp_gain":0.0,"max_hp_loss":0.0,"gold_gain":0.0,"event_name":"MindBloom","player_choice":"Fight","floor":45.0,"gold_loss":0.0,"damage_taken":0.0}],"is_beta":false,"boss_relics":[{"not_picked":["Coffee Dripper","Snecko Eye"],"picked":"Busted Crown"},{"not_picked":["Velvet Choker","Sozu"],"picked":"SlaversCollar"}],"items_purged_floors":[2,19,39],"is_endless":false,"potions_floor_spawned":[5,6,10,18,22,27,29,30,31,33,35,36,37,38,40,42,44,45,46,48,54],"ascension_level":3}}