{"host":"obbn5gje3893ci3z","time":1610781465,"event":{"mods":["BaseMod","CapriCore","Colored Powertips","Minty Spire (QoL Compilation)","StSLib","The Immortal"],"gold_per_floor":[119,130,150,170,95,95,95,109,133,144,144,144,144,176,176,176,176,176],"floor_reached":16,"language":"ZHS","playtime":1092,"items_purged":["MokouMod:Strike"],"score":107,"play_id":"3f8d26f3-8b51-47ff-a319-6dbbd326b7e9","local_time":"20210116151745","is_ascension_mode":true,"campfire_choices":[{"data":"MokouMod:ScorchedEarth","floor":6.0,"key":"SMITH"},{"data":"MokouMod:HeatTransfer","floor":11,"key":"SMITH"},{"data":"MokouMod:ScorchingColumn","floor":13,"key":"SMITH"},{"data":"MokouMod:BurningDraft","floor":15,"key":"SMITH"}],"circlet_count":0,"master_deck":["MokouMod:Strike","MokouMod:Strike","MokouMod:Strike","MokouMod:Defend","MokouMod:Defend","MokouMod:Defend","MokouMod:Defend","MokouMod:HeatSpark","MokouMod:ScorchingColumn+1","MokouMod:Ember+1","MokouMod:ScorchedEarth+1","MokouMod:HeatTransfer+1","MokouMod:BurningDraft+1"],"relics":["MokouMod:PhoenixFeather","MealTicket","Potion Belt"],"acts_visited":["Exordium"],"potions_floor_usage":[10,16],"damage_taken":[{"damage":0.0,"enemies":"Small Slimes","floor":1.0,"turns":3.0},{"damage":1.0,"enemies":"Cultist","floor":2.0,"turns":3.0},{"damage":1.0,"enemies":"Jaw Worm","floor":3.0,"turns":3.0},{"damage":19.0,"enemies":"Exordium Thugs","floor":4.0,"turns":6.0},{"damage":4.0,"enemies":"Blue Slaver","floor":8.0,"turns":4.0},{"damage":10,"enemies":"Looter","floor":10,"turns":3},{"damage":22,"enemies":"3 Sentries","floor":14,"turns":7},{"damage":16,"enemies":"Hexaghost","floor":16,"turns":9}],"seed_played":"3910672699141876512","potions_obtained":[{"floor":2.0,"key":"Weak Potion"},{"floor":3.0,"key":"Fire Potion"},{"floor":4.0,"key":"LiquidBronze"},{"floor":7.0,"key":"Explosive Potion"},{"floor":14,"key":"Regen Potion"}],"is_trial":false,"path_per_floor":["M","M","M","M","$","R","?","M","T","M","R","?","R","E","R","B"],"character_chosen":"MKU","items_purchased":[],"campfire_rested":0,"item_purchase_floors":[],"current_hp_per_floor":[75,74,73,54,54,54,54,50,50,40,40,40,40,18,18,2,2,2],"gold":176,"neow_bonus":"TRANSFORM_CARD","is_daily":false,"chose_seed":false,"campfire_upgraded":4,"win_rate":0.0,"timestamp":1610781465,"path_taken":["M","M","M","M","$","R","?","M","T","?","R","?","R","E","R","BOSS"],"items_purchased_type":[],"build_version":"2020-12-22","purchased_purges":1,"victory":false,"max_hp_per_floor":[75,75,75,75,75,75,75,75,75,75,75,75,75,75,75,75,75,75],"card_choices":[{"not_picked":["MokouMod:SearingShot","MokouMod:WarmUp"],"picked":"MokouMod:Ember","floor":1.0},{"not_picked":["MokouMod:TemporalFireSeal","MokouMod:Firecracker"],"picked":"MokouMod:ScorchedEarth","floor":2.0},{"not_picked":["MokouMod:Singe","MokouMod:SubterraneanCore","MokouMod:RoaringFlare"],"picked":"SKIP","floor":3.0},{"not_picked":["MokouMod:IndiscriminateIgnition","MokouMod:BurningDraft","MokouMod:FlickeringFlame"],"picked":"SKIP","floor":4.0},{"not_picked":["MokouMod:Extinguish","MokouMod:IgnitionBarrier"],"picked":"MokouMod:HeatTransfer","floor":8.0},{"not_picked":["MokouMod:Stoke","MokouMod:FujiyamaVolcano","MokouMod:Singe"],"picked":"SKIP","floor":10},{"not_picked":["MokouMod:HeatCyclone","MokouMod:SearingShot"],"picked":"MokouMod:BurningDraft","floor":14}],"player_experience":38503,"relics_obtained":[{"floor":9.0,"key":"MealTicket"},{"floor":14,"key":"Potion Belt"}],"event_choices":[{"damage_healed":0.0,"max_hp_gain":0.0,"max_hp_loss":0.0,"gold_gain":0.0,"event_name":"Lab","player_choice":"Got Potions","floor":7.0,"gold_loss":0.0,"damage_taken":0.0},{"damage_healed":0,"gold_gain":0,"player_choice":"Upgraded","damage_taken":0,"max_hp_gain":0,"max_hp_loss":0,"event_name":"Upgrade Shrine","floor":12,"gold_loss":0,"cards_upgraded":["MokouMod:Ember"]}],"is_beta":false,"boss_relics":[],"items_purged_floors":[5],"is_endless":false,"potions_floor_spawned":[2,3,4,14],"killed_by":"Hexaghost","ascension_level":1}}