{"host":"jexbkylv34f8xu3o","time":1610801626,"event":{"mods":["AchievementEnabler","BaseMod","Colored Map","Colored Powertips","GifTheSpireLib","Highlight Path","Minty Spire (QoL Compilation)","Quick Restart","StSLib"],"gold_per_floor":[362,372,337,337,63,75,75,93,93,93,93,109,139,214,214,214,214],"floor_reached":16,"language":"ENG","playtime":381,"items_purged":[],"score":150,"play_id":"bc9f01c0-d759-4d39-85f7-e3886fa9b26a","local_time":"20210116095346","is_ascension_mode":true,"campfire_choices":[{"data":"Rage","floor":7,"key":"SMITH"},{"data":"Wild Strike","floor":11,"key":"SMITH"},{"floor":15,"key":"REST"}],"circlet_count":0,"master_deck":["AscendersBane","Strike_R","Strike_R","Strike_R","Strike_R+1","Strike_R","Defend_R","Defend_R+1","Defend_R","Defend_R","Bash+1","Doubt","Twin Strike","Wild Strike+1","Pummel","Rage+1","Thunderclap","Sword Boomerang","Whirlwind"],"relics":["Burning Blood","Gremlin Horn","Question Card","Frozen Egg 2"],"acts_visited":["Exordium"],"potions_floor_usage":[13,16],"damage_taken":[{"damage":15,"enemies":"Jaw Worm","floor":1,"turns":5},{"damage":10,"enemies":"Small Slimes","floor":2,"turns":3},{"damage":0,"enemies":"Cultist","floor":6,"turns":2},{"damage":3,"enemies":"3 Louse","floor":8,"turns":4},{"damage":16,"enemies":"Blue Slaver","floor":12,"turns":4},{"damage":28,"enemies":"3 Sentries","floor":13,"turns":7},{"damage":46,"enemies":"Slime Boss","floor":16,"turns":9}],"seed_played":"5701517909530526074","potions_obtained":[{"floor":12,"key":"SkillPotion"},{"floor":13,"key":"SteroidPotion"}],"is_trial":false,"path_per_floor":["M","M","?","?","$","M","R","M","T","?","R","M","E","?","R","B"],"character_chosen":"IRONCLAD","items_purchased":["Gremlin Horn","Pummel"],"campfire_rested":1,"item_purchase_floors":[5,5],"current_hp_per_floor":[63,59,79,79,79,80,80,80,80,64,64,54,32,21,45,0,0],"gold":214,"neow_bonus":"TWO_FIFTY_GOLD","is_daily":false,"chose_seed":false,"campfire_upgraded":2,"win_rate":0.0,"timestamp":1610801626,"path_taken":["M","M","?","?","$","M","R","M","T","?","R","M","E","?","R","BOSS"],"items_purchased_type":["Relic","Card"],"build_version":"2020-12-22","purchased_purges":0,"victory":false,"max_hp_per_floor":[80,80,80,80,80,80,80,80,80,80,80,80,80,80,80,80,80],"card_choices":[{"not_picked":["Perfected Strike","Thunderclap"],"picked":"Twin Strike","floor":1},{"not_picked":["Clash","Anger"],"picked":"Wild Strike","floor":2},{"not_picked":["Thunderclap","Uppercut"],"picked":"Rage","floor":6},{"not_picked":["Reaper","Burning Pact"],"picked":"Thunderclap","floor":8},{"not_picked":["Clash","Whirlwind","Intimidate"],"picked":"Sword Boomerang","floor":12},{"not_picked":["Blood for Blood","Twin Strike","Dark Embrace+1"],"picked":"Whirlwind","floor":13}],"player_experience":558908,"relics_obtained":[{"floor":9,"key":"Question Card"},{"floor":13,"key":"Frozen Egg 2"}],"event_choices":[{"damage_healed":20,"gold_gain":0,"player_choice":"Healed","damage_taken":0,"max_hp_gain":0,"max_hp_loss":0,"event_name":"The Cleric","floor":3,"gold_loss":35},{"damage_healed":0,"gold_gain":0,"player_choice":"Grow","damage_taken":0,"max_hp_gain":0,"max_hp_loss":0,"event_name":"Living Wall","floor":4,"gold_loss":0,"cards_upgraded":["Bash"]},{"damage_healed":0,"gold_gain":0,"player_choice":"Entered Light","damage_taken":16,"max_hp_gain":0,"max_hp_loss":0,"event_name":"Shining Light","floor":10,"gold_loss":0,"cards_upgraded":["Defend_R","Strike_R"]},{"damage_healed":0,"gold_gain":75,"player_choice":"Gather Gold","damage_taken":11,"max_hp_gain":0,"max_hp_loss":0,"event_name":"World of Goop","floor":14,"gold_loss":0}],"is_beta":false,"boss_relics":[],"items_purged_floors":[],"is_endless":false,"potions_floor_spawned":[12,13],"killed_by":"Slime Boss","ascension_level":10}}