{"host":"9l1knhxfturzliqa","time":1610760649,"event":{"mods":["BaseMod","Colored Map","Colored Powertips","DeckTracker","Highlight Path","Keyboard Shortcuts","Minty Spire (QoL Compilation)","Random Character Button"],"gold_per_floor":[114,131,141,157,167,197,197,222,248,248,259,259,276,288,288,288,288],"floor_reached":16,"language":"KOR","playtime":745,"items_purged":[],"score":268,"play_id":"4c242291-f08d-45c1-8be8-d19afb5137df","local_time":"20210116103049","is_ascension_mode":true,"campfire_choices":[{"data":"A Thousand Cuts","floor":7.0,"key":"SMITH"},{"data":"Noxious Fumes","floor":10.0,"key":"SMITH"},{"data":"Glass Knife","floor":15.0,"key":"SMITH"}],"circlet_count":0,"master_deck":["AscendersBane","Strike_G","Strike_G","Strike_G","Strike_G","Strike_G","Defend_G","Defend_G","Defend_G","Defend_G","Defend_G","Survivor","Neutralize","Dagger Throw","Deadly Poison","Dagger Spray","Poisoned Stab","Glass Knife+1","A Thousand Cuts+1","Noxious Fumes+1","Deflect"],"relics":["Ring of the Snake","WingedGreaves","Anchor","Tiny Chest","Potion Belt"],"acts_visited":["Exordium"],"potions_floor_usage":[],"damage_taken":[{"damage":9.0,"enemies":"Small Slimes","floor":1.0,"turns":6.0},{"damage":3.0,"enemies":"Cultist","floor":2.0,"turns":4.0},{"damage":0.0,"enemies":"2 Louse","floor":3.0,"turns":3.0},{"damage":3.0,"enemies":"Looter","floor":4.0,"turns":4.0},{"damage":9.0,"enemies":"3 Louse","floor":5.0,"turns":4.0},{"damage":0.0,"enemies":"Gremlin Nob","floor":6.0,"turns":2.0},{"damage":10.0,"enemies":"3 Sentries","floor":8.0,"turns":4.0},{"damage":1.0,"enemies":"Large Slime","floor":11.0,"turns":5.0},{"damage":4.0,"enemies":"Lots of Slimes","floor":13.0,"turns":3.0},{"damage":0.0,"enemies":"Red Slaver","floor":14.0,"turns":3.0},{"damage":36,"enemies":"Slime Boss","floor":16,"turns":5}],"seed_played":"-8560030441694880620","potions_obtained":[{"floor":1.0,"key":"GamblersBrew"},{"floor":3.0,"key":"FearPotion"},{"floor":5.0,"key":"AttackPotion"},{"floor":6.0,"key":"PowerPotion"},{"floor":14.0,"key":"SmokeBomb"}],"is_trial":false,"path_per_floor":["M","M","M","M","M","E","R","E","T","R","M","?","M","M","R","B"],"character_chosen":"THE_SILENT","items_purchased":[],"campfire_rested":0,"item_purchase_floors":[],"current_hp_per_floor":[50,47,47,44,35,35,35,25,25,25,24,24,20,20,20,0,0],"gold":288,"neow_bonus":"ONE_RARE_RELIC","is_daily":false,"chose_seed":false,"campfire_upgraded":3,"win_rate":0.0,"timestamp":1610760649,"path_taken":["M","M","M","M","M","E","R","E","T","R","M","?","?","M","R","BOSS"],"items_purchased_type":[],"build_version":"2020-12-22","purchased_purges":0,"victory":false,"max_hp_per_floor":[66,66,66,66,66,66,66,66,66,66,66,66,66,66,66,66,66],"card_choices":[{"not_picked":["Sucker Punch","Underhanded Strike"],"picked":"Dagger Throw","floor":1.0},{"not_picked":["Finisher","Sucker Punch"],"picked":"Deadly Poison","floor":2.0},{"not_picked":["All Out Attack","Blade Dance"],"picked":"Dagger Spray","floor":3.0},{"not_picked":["Dash","Prepared"],"picked":"Poisoned Stab","floor":4.0},{"not_picked":["Masterful Stab","Prepared"],"picked":"Glass Knife","floor":5.0},{"not_picked":["Backflip","Choke"],"picked":"A Thousand Cuts","floor":6.0},{"not_picked":["Dagger Spray","Outmaneuver"],"picked":"Noxious Fumes","floor":8.0},{"not_picked":["Finisher","Quick Slash","Deadly Poison"],"picked":"SKIP","floor":11.0},{"not_picked":["Predator","Acrobatics"],"picked":"Deflect","floor":13.0},{"not_picked":["Quick Slash","Poisoned Stab","Dash"],"picked":"SKIP","floor":14.0}],"player_experience":461695,"relics_obtained":[{"floor":6.0,"key":"Anchor"},{"floor":8.0,"key":"Tiny Chest"},{"floor":9.0,"key":"Potion Belt"}],"event_choices":[{"cards_removed":["Clumsy"],"damage_healed":0.0,"max_hp_gain":0.0,"max_hp_loss":0.0,"gold_gain":0.0,"event_name":"Purifier","player_choice":"Purged","floor":12.0,"gold_loss":0.0,"damage_taken":0.0}],"is_beta":false,"boss_relics":[],"items_purged_floors":[],"is_endless":false,"potions_floor_spawned":[1,3,5,6,14],"killed_by":"Slime Boss","ascension_level":18}}