{"host":"Krakhan","time":1610816094,"event":{"mods":["AchievementEnabler","BaseMod","Colored Map","Colored Powertips","Faster Ascension Climbing","Highlight Path","Minty Spire (QoL Compilation)","Rare Cards Sparkle","Relic Stats","StSLib"],"gold_per_floor":[119,69,87,87,10,10,37,57,82,98,128,141,141,156,156,257,257,274,292,320,320,334,334,364,364,364,5,25,25,69,69,69,177,177,193,220,65,88,88,88,117,140,167,167,192,192,231,19,19,19],"floor_reached":51,"language":"ENG","playtime":2581,"items_purged":["Strike_B"],"score":916,"play_id":"cec2dae1-9772-4dc8-ab64-aeb7e07146df","local_time":"20210116115454","is_ascension_mode":true,"campfire_choices":[{"data":"Genetic Algorithm","floor":15,"key":"SMITH"},{"data":"Loop","floor":23,"key":"SMITH"},{"floor":29,"key":"REST"},{"data":"Rainbow","floor":32,"key":"SMITH"},{"data":"Rainbow","floor":40,"key":"SMITH"},{"floor":44,"key":"REST"},{"data":"Capacitor","floor":49,"key":"SMITH"}],"circlet_count":0,"master_deck":["Strike_B","Strike_B","Defend_B","Defend_B","Defend_B","Zap","Dualcast","Chaos","Doom and Gloom","Genetic Algorithm+1","Ball Lightning","Defragment+1","Ball Lightning","Compile Driver+1","Cold Snap+1","Echo Form","CurseOfTheBell","Compile Driver+1","Hologram+1","Loop+1","Darkness+1","Force Field","Rainbow+1","Capacitor+1","Rainbow+1","Barrage+1","Electrodynamics","Buffer+1","Finesse","Impatience","Blind","Coolheaded+1","Hologram+1","Coolheaded+1","Defragment+1","The Bomb"],"relics":["Runic Dome","Toy Ornithopter","Lantern","Molten Egg 2","Calling Bell","MealTicket","Letter Opener","Mango","Red Mask","Art of War","HornCleat","CeramicFish","Snecko Eye","ClockworkSouvenir","Gambling Chip","Kunai","Blood Vial","Sundial"],"acts_visited":["Exordium","TheCity","TheBeyond"],"potions_floor_usage":[7,20,22,30,33],"damage_taken":[{"damage":6,"enemies":"2 Louse","floor":1,"turns":3},{"damage":6,"enemies":"Jaw Worm","floor":3,"turns":3},{"damage":17,"enemies":"Gremlin Nob","floor":7,"turns":5},{"damage":0,"enemies":"Cultist","floor":8,"turns":3},{"damage":9,"enemies":"Gremlin Gang","floor":10,"turns":2},{"damage":9,"enemies":"3 Sentries","floor":11,"turns":5},{"damage":1,"enemies":"Looter","floor":12,"turns":2},{"damage":7,"enemies":"Blue Slaver","floor":14,"turns":2},{"damage":6,"enemies":"The Guardian","floor":16,"turns":8},{"damage":10,"enemies":"Shell Parasite","floor":18,"turns":4},{"damage":0,"enemies":"Spheric Guardian","floor":19,"turns":3},{"damage":10,"enemies":"Masked Bandits","floor":20,"turns":3},{"damage":22,"enemies":"Shelled Parasite and Fungi","floor":22,"turns":6},{"damage":49,"enemies":"Gremlin Leader","floor":24,"turns":5},{"damage":8,"enemies":"Centurion and Healer","floor":28,"turns":9},{"damage":0,"enemies":"Book of Stabbing","floor":30,"turns":5},{"damage":20,"enemies":"Collector","floor":33,"turns":8},{"damage":0,"enemies":"Orb Walker","floor":35,"turns":3},{"damage":0,"enemies":"3 Darklings","floor":38,"turns":5},{"damage":61,"enemies":"Reptomancer","floor":41,"turns":6},{"damage":2,"enemies":"Jaw Worm Horde","floor":42,"turns":2},{"damage":0,"enemies":"Writhing Mass","floor":45,"turns":4},{"damage":6,"enemies":"Giant Head","floor":47,"turns":8},{"damage":8,"enemies":"Time Eater","floor":50,"turns":9}],"seed_played":"-704079440960144938","potions_obtained":[{"floor":1,"key":"SkillPotion"},{"floor":7,"key":"FairyPotion"},{"floor":10,"key":"ColorlessPotion"},{"floor":11,"key":"SpeedPotion"},{"floor":14,"key":"Fire Potion"},{"floor":16,"key":"EssenceOfDarkness"},{"floor":22,"key":"SteroidPotion"},{"floor":30,"key":"DistilledChaos"},{"floor":35,"key":"BlessingOfTheForge"},{"floor":42,"key":"SteroidPotion"}],"is_trial":false,"path_per_floor":["M","?","M","?","$","?","E","M","T","M","E","M","?","M","R","B",null,"M","M","?","?","M","R","E","?","T","$","M","R","E","?","R","B",null,"M","?","$","M","?","R","E","M","T","R","M","?","E","$","R","B",null],"character_chosen":"DEFECT","items_purchased":["Genetic Algorithm","Capacitor","Block Potion","GamblersBrew","Rainbow","ClockworkSouvenir","The Bomb","SkillPotion"],"campfire_rested":2,"item_purchase_floors":[5,27,27,27,27,37,48,48],"current_hp_per_floor":[69,69,63,56,56,56,39,39,39,30,21,20,20,13,13,7,89,79,79,74,57,40,40,20,20,20,35,27,55,60,60,60,45,94,94,84,94,94,94,94,33,31,31,59,61,61,57,72,72,66],"gold":19,"neow_bonus":"BOSS_RELIC","is_daily":false,"chose_seed":false,"campfire_upgraded":5,"win_rate":0.0,"timestamp":1610816094,"path_taken":["M","?","M","?","?","?","E","?","T","M","E","?","?","M","R","BOSS","M","M","?","?","M","R","E","?","T","?","?","R","E","?","R","BOSS","M","?","$","M","?","R","E","M","T","R","?","?","E","?","R","BOSS"],"items_purchased_type":["Card","Card","Potion","Potion","Card","Relic","Card","Potion"],"build_version":"2020-12-18","purchased_purges":1,"victory":true,"max_hp_per_floor":[75,75,75,75,75,75,75,75,75,75,75,75,75,75,75,75,89,89,89,89,94,94,94,94,94,94,94,94,94,94,94,94,94,94,94,94,94,94,94,94,94,94,94,94,94,94,94,94,94,94],"relic_stats":{"Blood Vial":6,"counters":[24,113],"Sundial":[0],"CeramicFish":90,"Gambling Chip":[22],"Snecko Eye":[73,68,83,74],"MealTicket":40,"Art of War":[19],"Letter Opener":[179],"Kunai":[1],"obtain_stats":[{"Lantern":9,"CeramicFish":30,"Mango":17,"Letter Opener":17,"ClockworkSouvenir":37,"Calling Bell":17,"Blood Vial":43,"Runic Dome":0,"HornCleat":26,"Sundial":47,"Gambling Chip":39,"Snecko Eye":34,"Molten Egg 2":11,"MealTicket":17,"Red Mask":20,"Art of War":24,"Kunai":41,"Cracked Core":0,"Toy Ornithopter":7},{"Lantern":4,"CeramicFish":16,"Mango":9,"Letter Opener":9,"ClockworkSouvenir":18,"Calling Bell":9,"Blood Vial":21,"Runic Dome":0,"HornCleat":14,"Sundial":23,"Gambling Chip":19,"Snecko Eye":17,"Molten Egg 2":6,"MealTicket":9,"Red Mask":12,"Art of War":14,"Kunai":20,"Cracked Core":0,"Toy Ornithopter":3},{"Lantern":14,"CeramicFish":68,"Mango":33,"Letter Opener":33,"ClockworkSouvenir":79,"Calling Bell":33,"Blood Vial":92,"Runic Dome":0,"HornCleat":54,"Sundial":104,"Gambling Chip":84,"Snecko Eye":76,"Molten Egg 2":21,"MealTicket":33,"Red Mask":43,"Art of War":54,"Kunai":90,"Cracked Core":0,"Toy Ornithopter":11}],"Toy Ornithopter":20},"card_choices":[{"not_picked":["Consume","Tempest"],"picked":"Chaos","floor":1},{"not_picked":["Gash","Hologram"],"picked":"Doom and Gloom","floor":3},{"not_picked":["Doom and Gloom","Self Repair"],"picked":"Ball Lightning","floor":7},{"not_picked":["Capacitor","Steam Power"],"picked":"Defragment","floor":8},{"not_picked":["Heatsinks","Hello World"],"picked":"Ball Lightning","floor":10},{"not_picked":["Go for the Eyes+1","Reboot"],"picked":"Compile Driver+1","floor":11},{"not_picked":["BootSequence","Stack"],"picked":"Cold Snap+1","floor":12},{"not_picked":["Gash+1","Consume","Turbo"],"picked":"SKIP","floor":14},{"not_picked":["Core Surge+1","Creative AI"],"picked":"Echo Form","floor":16},{"not_picked":["Go for the Eyes+1","Darkness"],"picked":"Compile Driver+1","floor":18},{"not_picked":["Consume","Sunder+1"],"picked":"Hologram+1","floor":19},{"not_picked":["Fission","Rebound+1"],"picked":"Loop","floor":20},{"not_picked":["Gash+1","Ball Lightning+1"],"picked":"Darkness+1","floor":22},{"not_picked":["Ball Lightning+1","Stack"],"picked":"Force Field","floor":24},{"not_picked":["Go for the Eyes+1","Beam Cell+1"],"picked":"Barrage+1","floor":28},{"not_picked":["Amplify","Lockon+1"],"picked":"Electrodynamics","floor":30},{"not_picked":["Amplify","Hyperbeam+1"],"picked":"Buffer","floor":33},{"not_picked":["Leap","Cold Snap+1","Gash+1"],"picked":"SKIP","floor":35},{"not_picked":["Bandage Up","Swift Strike+1"],"picked":"Finesse","floor":36},{"not_picked":["Deep Breath","Dramatic Entrance+1"],"picked":"Impatience","floor":36},{"not_picked":["Dramatic Entrance+1","Jack Of All Trades"],"picked":"Blind","floor":36},{"not_picked":["Storm","Go for the Eyes+1"],"picked":"Coolheaded+1","floor":38},{"not_picked":["Beam Cell+1","Go for the Eyes+1","Steam+1"],"picked":"SKIP","floor":41},{"not_picked":["Chill","Reprogram+1"],"picked":"Hologram+1","floor":42},{"not_picked":["Leap","Doom and Gloom+1"],"picked":"Coolheaded+1","floor":45},{"not_picked":["Hyperbeam+1","Steam Power"],"picked":"Defragment+1","floor":47}],"player_experience":1324410,"relics_obtained":[{"floor":7,"key":"Toy Ornithopter"},{"floor":9,"key":"Lantern"},{"floor":11,"key":"Molten Egg 2"},{"floor":17,"key":"MealTicket"},{"floor":17,"key":"Letter Opener"},{"floor":17,"key":"Mango"},{"floor":20,"key":"Red Mask"},{"floor":24,"key":"Art of War"},{"floor":26,"key":"HornCleat"},{"floor":30,"key":"CeramicFish"},{"floor":41,"key":"Kunai"},{"floor":43,"key":"Blood Vial"},{"floor":47,"key":"Sundial"}],"event_choices":[{"cards_removed":["Strike_B"],"damage_healed":0,"gold_gain":0,"player_choice":"Card Removal","damage_taken":0,"max_hp_gain":0,"max_hp_loss":0,"event_name":"The Cleric","floor":2,"gold_loss":50},{"cards_removed":["Defend_B"],"damage_healed":0,"gold_gain":0,"player_choice":"Card Removal","damage_taken":7,"max_hp_gain":0,"max_hp_loss":0,"event_name":"Golden Wing","floor":4,"gold_loss":0},{"damage_healed":0,"gold_gain":0,"player_choice":"Ignored","damage_taken":0,"max_hp_gain":0,"max_hp_loss":0,"event_name":"NoteForYourself","floor":6,"gold_loss":0},{"damage_healed":0,"gold_gain":0,"player_choice":"Grow","damage_taken":0,"max_hp_gain":0,"max_hp_loss":0,"event_name":"Living Wall","floor":13,"gold_loss":0,"cards_upgraded":["Defragment"]},{"damage_healed":0,"gold_gain":0,"player_choice":"Fought Bandits","damage_taken":0,"max_hp_gain":0,"max_hp_loss":0,"event_name":"Masked Bandits","floor":20,"gold_loss":0},{"damage_healed":0,"gold_gain":0,"player_choice":"Shed Blood","damage_taken":22,"max_hp_gain":5,"max_hp_loss":0,"event_name":"Forgotten Altar","floor":21,"gold_loss":0},{"damage_healed":0,"gold_gain":0,"player_choice":"Read","damage_taken":0,"max_hp_gain":0,"max_hp_loss":0,"event_name":"The Library","floor":25,"gold_loss":0,"cards_obtained":["Rainbow"]},{"damage_healed":0,"gold_gain":0,"player_choice":"Ignored","damage_taken":0,"max_hp_gain":0,"max_hp_loss":0,"event_name":"Vampires","floor":31,"gold_loss":0},{"damage_healed":0,"gold_gain":0,"player_choice":"Memory 3","damage_taken":10,"max_hp_gain":0,"max_hp_loss":0,"event_name":"SensoryStone","floor":36,"gold_loss":0},{"damage_healed":0,"gold_gain":0,"player_choice":"Gave Potion","damage_taken":0,"relics_obtained":["Gambling Chip"],"max_hp_gain":0,"max_hp_loss":0,"event_name":"WeMeetAgain","floor":39,"gold_loss":0},{"damage_healed":0,"gold_gain":0,"player_choice":"Upgraded","damage_taken":0,"max_hp_gain":0,"max_hp_loss":0,"event_name":"Upgrade Shrine","floor":46,"gold_loss":0,"cards_upgraded":["Buffer"]}],"is_beta":true,"boss_relics":[{"not_picked":["Empty Cage","Tiny House"],"picked":"Calling Bell"},{"not_picked":["SlaversCollar","Busted Crown"],"picked":"Snecko Eye"}],"items_purged_floors":[27],"is_endless":false,"potions_floor_spawned":[1,7,10,11,14,16,18,22,30,35,42,45,47],"ascension_level":1}}