{"host":"FirstDane","time":1610764701,"event":{"mods":["BaseMod","Bestiary","Highlight Path","Minty Spire (QoL Compilation)","Relic Stats","Slay the Relics Exporter"],"gold_per_floor":[117,133,146,162,162,190,190,215,242,242,242,267,221,236,236,335,335,356,381,395,419,419,462,462,500,587,599,632,248,263,283,283,382,382,396,201,201,224,244,244,283,283,308,308,346,346,360,385,385,385,385,385],"floor_reached":51,"language":"ENG","playtime":6070,"items_purged":["Bite","Bite"],"score":1472,"play_id":"12c8c9fc-1f85-468f-be98-f408c0369491","local_time":"20210115203821","is_ascension_mode":true,"campfire_choices":[{"data":"Blade Dance","floor":7,"key":"SMITH"},{"data":"Envenom","floor":11,"key":"SMITH"},{"floor":15,"key":"REST"},{"data":"Wraith Form v2","floor":27,"key":"SMITH"},{"data":"Blade Dance","floor":32,"key":"SMITH"},{"data":"Footwork","floor":40,"key":"SMITH"},{"data":"Footwork","floor":42,"key":"SMITH"},{"data":"Accuracy","floor":46,"key":"SMITH"},{"floor":49,"key":"RECALL"}],"circlet_count":0,"master_deck":["AscendersBane","Defend_G","Defend_G","Defend_G","Defend_G","Survivor","Neutralize","Blade Dance+1","Finisher+1","Sucker Punch","Acrobatics","Blade Dance+1","Flying Knee","PiercingWail","Envenom+1","Finisher","Wraith Form v2+1","Leg Sweep","Blade Dance","Bite","Bite","Bite","Terror","Infinite Blades","Tools of the Trade","Footwork+1","Footwork+1","Dodge and Roll","Panache","PanicButton","Backflip","Accuracy+1","Acrobatics+1"],"relics":["Ring of the Snake","Potion Belt","Pen Nib","Golden Idol","WristBlade","Orichalcum","MutagenicStrength","MawBank","Eternal Feather","Membership Card","Singing Bowl","Coffee Dripper","Sling","Strawberry","Bottled Lightning"],"acts_visited":["Exordium","TheCity","TheBeyond"],"potions_floor_usage":[6,8,23,25,25,35,41,50,50],"damage_taken":[{"damage":1,"enemies":"Small Slimes","floor":1,"turns":3},{"damage":4,"enemies":"Jaw Worm","floor":2,"turns":2},{"damage":0,"enemies":"2 Louse","floor":3,"turns":2},{"damage":0,"enemies":"Looter","floor":4,"turns":1},{"damage":10,"enemies":"3 Sentries","floor":6,"turns":4},{"damage":28,"enemies":"Lagavulin","floor":8,"turns":9},{"damage":0,"enemies":"2 Fungi Beasts","floor":12,"turns":3},{"damage":13,"enemies":"Red Slaver","floor":14,"turns":4},{"damage":6,"enemies":"Hexaghost","floor":16,"turns":7},{"damage":0,"enemies":"3 Byrds","floor":18,"turns":3},{"damage":0,"enemies":"Spheric Guardian","floor":19,"turns":2},{"damage":1,"enemies":"3 Cultists","floor":20,"turns":6},{"damage":0,"enemies":"Chosen and Byrds","floor":21,"turns":3},{"damage":15,"enemies":"Slavers","floor":23,"turns":5},{"damage":48,"enemies":"Gremlin Leader","floor":25,"turns":8},{"damage":3,"enemies":"Centurion and Healer","floor":28,"turns":12},{"damage":4,"enemies":"Snecko","floor":30,"turns":5},{"damage":2,"enemies":"3 Cultists","floor":31,"turns":5},{"damage":40,"enemies":"Champ","floor":33,"turns":9},{"damage":4,"enemies":"3 Darklings","floor":35,"turns":4},{"damage":10,"enemies":"Orb Walker","floor":38,"turns":3},{"damage":25,"enemies":"Sphere and 2 Shapes","floor":39,"turns":4},{"damage":0,"enemies":"Giant Head","floor":41,"turns":6},{"damage":10,"enemies":"Reptomancer","floor":45,"turns":4},{"damage":24,"enemies":"Spire Growth","floor":47,"turns":3},{"damage":0,"enemies":"Transient","floor":48,"turns":6},{"damage":56,"enemies":"Donu and Deca","floor":50,"turns":12},{"damage":46,"enemies":"Awakened One","floor":51,"turns":4}],"seed_played":"4461705501287714682","potions_obtained":[{"floor":3,"key":"FearPotion"},{"floor":4,"key":"FearPotion"},{"floor":6,"key":"LiquidBronze"},{"floor":19,"key":"BlessingOfTheForge"},{"floor":20,"key":"Explosive Potion"},{"floor":23,"key":"SkillPotion"},{"floor":25,"key":"DistilledChaos"},{"floor":33,"key":"PowerPotion"},{"floor":35,"key":"BlessingOfTheForge"},{"floor":47,"key":"FearPotion"},{"floor":48,"key":"Weak Potion"}],"is_trial":false,"path_per_floor":["M","M","M","M","?","E","R","E","T","?","R","M","?","M","R","B",null,"M","M","M","M","?","E","?","E","T","R","M","$","M","M","R","B",null,"M","$","?","M","M","R","E","R","T","?","E","R","M","M","R","B","B"],"character_chosen":"THE_SILENT","items_purchased":["Membership Card","Infinite Blades","Singing Bowl","Sling","Footwork","Dodge and Roll"],"campfire_rested":1,"item_purchase_floors":[29,29,29,36,36,36],"current_hp_per_floor":[58,54,54,54,54,44,44,16,16,16,16,18,18,7,23,19,45,47,49,50,52,52,43,43,8,8,20,45,45,51,56,58,32,52,58,58,50,42,25,43,54,71,71,71,65,71,47,55,73,27,0,0],"gold":385,"neow_bonus":"TRANSFORM_TWO_CARDS","is_daily":false,"chose_seed":false,"campfire_upgraded":7,"win_rate":0.0,"timestamp":1610764701,"path_taken":["M","M","M","M","?","E","R","E","T","?","R","M","?","M","R","BOSS","M","M","M","M","?","E","?","E","T","R","M","$","M","M","R","BOSS","M","$","?","M","M","R","E","R","T","?","E","R","?","M","R","BOSS","BOSS"],"items_purchased_type":["Relic","Card","Relic","Relic","Card","Card"],"build_version":"2020-12-18","purchased_purges":2,"victory":false,"max_hp_per_floor":[60,60,60,60,60,60,60,60,60,54,54,54,54,54,54,54,54,54,54,54,54,54,54,54,54,54,54,54,54,56,58,58,58,58,58,58,60,60,62,62,71,71,71,71,71,71,71,73,73,73,73,73],"relic_stats":{"Singing Bowl":12,"counters":[28,139],"Golden Idol":147,"Eternal Feather":73,"Pen Nib":[40],"Orichalcum":[264],"MawBank":48,"obtain_stats":[{"Potion Belt":6,"Singing Bowl":29,"Golden Idol":10,"Eternal Feather":26,"Pen Nib":8,"Orichalcum":23,"MawBank":25,"Sling":36,"Blood Vial":9,"WristBlade":17,"MutagenicStrength":24,"Strawberry":41,"Coffee Dripper":34,"Membership Card":29,"Bottled Lightning":45,"Ring of the Snake":0},{"Potion Belt":5,"Singing Bowl":16,"Golden Idol":6,"Eternal Feather":15,"Pen Nib":6,"Orichalcum":14,"MawBank":15,"Sling":20,"Blood Vial":6,"WristBlade":9,"MutagenicStrength":14,"Strawberry":23,"Coffee Dripper":19,"Membership Card":16,"Bottled Lightning":24,"Ring of the Snake":0},{"Potion Belt":12,"Singing Bowl":74,"Golden Idol":21,"Eternal Feather":62,"Pen Nib":21,"Orichalcum":54,"MawBank":62,"Sling":97,"Blood Vial":21,"WristBlade":35,"MutagenicStrength":54,"Strawberry":110,"Coffee Dripper":93,"Membership Card":74,"Bottled Lightning":114,"Ring of the Snake":0}],"Ring of the Snake":[56]},"card_choices":[{"not_picked":["Deadly Poison","Heel Hook"],"picked":"Sucker Punch","floor":1},{"not_picked":["Escape Plan","Eviscerate"],"picked":"Acrobatics","floor":2},{"not_picked":["Calculated Gamble","Sucker Punch"],"picked":"Blade Dance","floor":3},{"not_picked":["Concentrate","Underhanded Strike"],"picked":"Flying Knee","floor":4},{"not_picked":["Prepared","Noxious Fumes"],"picked":"PiercingWail","floor":6},{"not_picked":["Choke","Flying Knee"],"picked":"Envenom","floor":8},{"not_picked":["Poisoned Stab","Distraction","Flying Knee"],"picked":"SKIP","floor":12},{"not_picked":["Bane","Quick Slash"],"picked":"Finisher","floor":14},{"not_picked":["Bullet Time","Doppelganger"],"picked":"Wraith Form v2","floor":16},{"not_picked":["Concentrate","Riddle With Holes"],"picked":"Leg Sweep","floor":18},{"not_picked":["Quick Slash","Backflip"],"picked":"Blade Dance","floor":19},{"not_picked":["Crippling Poison","Dash","Acrobatics"],"picked":"SKIP","floor":20},{"not_picked":["Bane","Prepared","Leg Sweep"],"picked":"SKIP","floor":21},{"not_picked":["Slice","Flechettes","Doppelganger"],"picked":"SKIP","floor":23},{"not_picked":["Poisoned Stab","Cloak And Dagger","Deflect"],"picked":"SKIP","floor":25},{"not_picked":["Poisoned Stab","Cloak And Dagger","Deflect"],"picked":"SKIP","floor":25},{"not_picked":["Prepared","Backflip"],"picked":"Terror","floor":28},{"not_picked":["Dash","Reflex","Deflect"],"picked":"Singing Bowl","floor":30},{"not_picked":["Dodge and Roll","Sucker Punch","Riddle With Holes"],"picked":"Singing Bowl","floor":31},{"not_picked":["Envenom","Glass Knife"],"picked":"Tools of the Trade","floor":33},{"not_picked":["Dodge and Roll","Dagger Throw"],"picked":"Footwork","floor":35},{"not_picked":["Bandage Up","Jack Of All Trades"],"picked":"Panache","floor":37},{"not_picked":["Swift Strike","Deep Breath"],"picked":"PanicButton","floor":37},{"not_picked":["Forethought","PanicButton","Mayhem"],"picked":"Singing Bowl","floor":37},{"not_picked":["Bane+1","Crippling Poison+1"],"picked":"Backflip","floor":38},{"not_picked":["Caltrops","Deadly Poison+1","Bane"],"picked":"Singing Bowl","floor":39},{"not_picked":["Eviscerate+1","Poisoned Stab","Predator+1"],"picked":"Singing Bowl","floor":41},{"not_picked":["Storm of Steel","Noxious Fumes+1"],"picked":"Accuracy","floor":45},{"not_picked":["Calculated Gamble","Poisoned Stab+1"],"picked":"Acrobatics+1","floor":47},{"not_picked":["Catalyst","Quick Slash+1","Deadly Poison"],"picked":"Singing Bowl","floor":48}],"player_experience":3914883,"relics_obtained":[{"floor":6,"key":"Potion Belt"},{"floor":8,"key":"Pen Nib"},{"floor":9,"key":"Blood Vial"},{"floor":23,"key":"Orichalcum"},{"floor":25,"key":"MawBank"},{"floor":26,"key":"Eternal Feather"},{"floor":41,"key":"Strawberry"},{"floor":45,"key":"Bottled Lightning"}],"event_choices":[{"damage_healed":0,"gold_gain":0,"player_choice":"Grow","damage_taken":0,"max_hp_gain":0,"max_hp_loss":0,"event_name":"Living Wall","floor":5,"gold_loss":0,"cards_upgraded":["Finisher"]},{"damage_healed":0,"gold_gain":0,"player_choice":"Lose Max HP","damage_taken":0,"relics_obtained":["Golden Idol"],"max_hp_gain":0,"max_hp_loss":6,"event_name":"Golden Idol","floor":10,"gold_loss":0},{"damage_healed":0,"gold_gain":0,"player_choice":"Left Gold","damage_taken":0,"max_hp_gain":0,"max_hp_loss":0,"event_name":"World of Goop","floor":13,"gold_loss":46},{"damage_healed":0,"gold_gain":0,"player_choice":"Became a vampire (Vial)","damage_taken":0,"max_hp_gain":0,"max_hp_loss":0,"event_name":"Vampires","floor":22,"relics_lost":["Blood Vial"],"gold_loss":0,"cards_obtained":["Bite","Bite","Bite","Bite","Bite"]},{"damage_healed":0,"gold_gain":0,"player_choice":"Inject Mutagens","damage_taken":0,"relics_obtained":["MutagenicStrength"],"max_hp_gain":0,"max_hp_loss":0,"event_name":"Drug Dealer","floor":24,"gold_loss":0},{"damage_healed":0,"gold_gain":0,"player_choice":"Memory 3","damage_taken":10,"max_hp_gain":0,"max_hp_loss":0,"event_name":"SensoryStone","floor":37,"gold_loss":0},{"damage_healed":0,"gold_gain":0,"player_choice":"0 cards matched","damage_taken":0,"max_hp_gain":0,"max_hp_loss":0,"event_name":"Match and Keep!","floor":44,"gold_loss":0,"cards_obtained":[]}],"is_beta":true,"boss_relics":[{"not_picked":["Fusion Hammer","SlaversCollar"],"picked":"WristBlade"},{"not_picked":["Snecko Eye","Astrolabe"],"picked":"Coffee Dripper"}],"items_purged_floors":[29,36],"is_endless":false,"potions_floor_spawned":[3,4,6,19,20,23,25,33,35,47,48],"killed_by":"Awakened One","ascension_level":20}}