{"host":"a5lz0e76zb3fcwkm","time":1610769238,"event":{"mods":["AchievementEnabler","BaseMod","Colored Map","Colored Powertips","Minty Spire (QoL Compilation)","StSLib","SuperFastMode"],"gold_per_floor":[112,112,112,131,150,150,177,177,230,39,39,69,94,114,114,187,187,204,204,91,91,91,91,91],"floor_reached":23,"language":"KOR","playtime":535,"items_purged":["Defend_B","Strike_B"],"score":390,"play_id":"2db74b19-6d03-4493-91c9-cacbb40b6f3f","local_time":"20210116125358","is_ascension_mode":true,"campfire_choices":[{"data":"Zap","floor":6.0,"key":"SMITH"},{"data":"White Noise","floor":11.0,"key":"SMITH"},{"data":"Seek","floor":15.0,"key":"SMITH"}],"circlet_count":0,"master_deck":["AscendersBane","Strike_B","Strike_B","Defend_B","Defend_B","Defend_B","Zap+1","Dualcast","Compile Driver","Echo Form","Coolheaded","Cold Snap","White Noise+1","Cold Snap","Seek+1","Consume","Capacitor"],"relics":["Cracked Core","NeowsBlessing","Regal Pillow","Boot","The Courier","Ancient Tea Set","Lee\u0027s Waffle","Bag of Preparation","Bird Faced Urn","Busted Crown"],"acts_visited":["Exordium","TheCity"],"potions_floor_usage":[23],"damage_taken":[{"damage":0.0,"enemies":"Cultist","floor":1.0,"turns":1.0},{"damage":0.0,"enemies":"Jaw Worm","floor":4.0,"turns":1.0},{"damage":0.0,"enemies":"2 Louse","floor":5.0,"turns":1.0},{"damage":30.0,"enemies":"Lagavulin","floor":7.0,"turns":6.0},{"damage":20.0,"enemies":"3 Sentries","floor":13.0,"turns":7.0},{"damage":7.0,"enemies":"Large Slime","floor":14.0,"turns":6.0},{"damage":15.0,"enemies":"Slime Boss","floor":16.0,"turns":11.0},{"damage":22.0,"enemies":"Shell Parasite","floor":18.0,"turns":5.0},{"damage":37,"enemies":"Gremlin Leader","floor":23,"turns":6}],"seed_played":"-9200474462558441226","potions_obtained":[{"floor":4.0,"key":"Swift Potion"},{"floor":5.0,"key":"AttackPotion"},{"floor":18.0,"key":"FearPotion"}],"is_trial":false,"path_per_floor":["M","?","T","M","M","R","E","?","T","$","R","?","E","M","R","B",null,"M","?","$","?","?","E"],"character_chosen":"DEFECT","items_purchased":["Lee\u0027s Waffle","Capacitor"],"campfire_rested":0,"item_purchase_floors":[10,20],"current_hp_per_floor":[64,64,64,64,64,64,34,8,8,78,78,78,58,53,53,44,70,52,52,52,52,30,0,0],"gold":91,"neow_bonus":"THREE_ENEMY_KILL","is_daily":false,"chose_seed":false,"campfire_upgraded":3,"win_rate":0.0,"timestamp":1610769238,"path_taken":["M","?","?","?","M","R","E","?","T","$","R","?","E","M","R","BOSS","M","?","$","?","?","E"],"items_purchased_type":["Relic","Card"],"build_version":"2020-12-22","purchased_purges":2,"victory":false,"max_hp_per_floor":[71,71,71,71,71,71,71,71,71,78,78,78,78,78,78,78,78,78,78,78,78,83,83,83],"card_choices":[{"not_picked":["Stack","Double Energy"],"picked":"Compile Driver","floor":1.0},{"not_picked":["Streamline","Gash"],"picked":"Coolheaded","floor":4.0},{"not_picked":["Lockon","Hologram"],"picked":"Cold Snap","floor":5.0},{"not_picked":["Force Field","Conserve Battery"],"picked":"White Noise","floor":7.0},{"not_picked":["Redo","Conserve Battery"],"picked":"Cold Snap","floor":13.0},{"not_picked":["Steam","Cold Snap"],"picked":"Seek","floor":14.0},{"not_picked":["Darkness"],"picked":"SKIP","floor":18.0}],"player_experience":1746562,"relics_obtained":[{"floor":3.0,"key":"Regal Pillow"},{"floor":7.0,"key":"Boot"},{"floor":9.0,"key":"Ancient Tea Set"},{"floor":13.0,"key":"Bird Faced Urn"}],"event_choices":[{"damage_healed":0.0,"max_hp_gain":0.0,"max_hp_loss":0.0,"gold_gain":0.0,"cards_transformed":["Strike_B"],"event_name":"Living Wall","player_choice":"Change","floor":2.0,"gold_loss":0.0,"damage_taken":0.0,"cards_obtained":["Echo Form"]},{"damage_healed":0.0,"max_hp_gain":0.0,"max_hp_loss":0.0,"gold_gain":0.0,"event_name":"Scrap Ooze","player_choice":"Success","floor":8.0,"gold_loss":0.0,"damage_taken":26.0,"relics_obtained":["The Courier"]},{"damage_healed":0.0,"max_hp_gain":0.0,"max_hp_loss":0.0,"gold_gain":30.0,"event_name":"Dead Adventurer","player_choice":"Searched \u00272\u0027 times","floor":12.0,"gold_loss":0.0,"damage_taken":0.0,"relics_obtained":["Bag of Preparation"]},{"damage_healed":0.0,"max_hp_gain":0.0,"max_hp_loss":0.0,"gold_gain":0.0,"event_name":"The Library","player_choice":"Read","floor":19.0,"gold_loss":0.0,"damage_taken":0.0,"cards_obtained":["Consume"]},{"damage_healed":0,"gold_gain":0,"player_choice":"Ignored","damage_taken":0,"max_hp_gain":0,"max_hp_loss":0,"event_name":"Cursed Tome","floor":21,"gold_loss":0},{"damage_healed":0,"gold_gain":0,"player_choice":"Shed Blood","damage_taken":27,"max_hp_gain":5,"max_hp_loss":0,"event_name":"Forgotten Altar","floor":22,"gold_loss":0}],"is_beta":false,"boss_relics":[{"not_picked":["Runic Pyramid","SacredBark"],"picked":"Busted Crown"}],"items_purged_floors":[10,20],"is_endless":false,"potions_floor_spawned":[4,5,18],"killed_by":"Gremlin Leader","ascension_level":20}}