{"host":"qxeepl7ydvsgmfdb","time":1610772239,"event":{"mods":["AchievementEnabler","BaseMod","Colored Powertips","Minty Spire (QoL Compilation)","Quick Restart","slay the spire mod where everything is the same but ironclad has a cowboy hat"],"gold_per_floor":[111,58,58,233,253,253,282,282,282,294,323,348,375,387,399,509,521,551,583,595,607,619,659,132,132,132,132,184,184,211,224,224,325,325,342,392,392,0,10,10,10],"floor_reached":40,"language":"ENG","playtime":1152,"items_purged":["Strike_G"],"score":626,"play_id":"51105d2b-bbb6-4f1d-848b-658719cac663","local_time":"20210115234359","is_ascension_mode":true,"campfire_choices":[{"data":"Deadly Poison","floor":6.0,"key":"SMITH"},{"data":"Noxious Fumes","floor":8.0,"key":"SMITH"},{"floor":15.0,"key":"REST"},{"floor":25.0,"key":"REST"},{"floor":32.0,"key":"REST"}],"circlet_count":0,"master_deck":["Strike_G","Strike_G","Strike_G","Strike_G","Defend_G","Defend_G","Defend_G","Defend_G","Defend_G","Survivor","Neutralize","Blade Dance","Deadly Poison+1","Noxious Fumes+1","RitualDagger","All Out Attack+1","Backstab","Distraction","Blade Dance","Deadly Poison","Good Instincts","Slice+1"],"relics":["Ring of the Snake","NeowsBlessing","Happy Flower","Blue Candle","MawBank","Singing Bowl","SacredBark","Smiling Mask","Lizard Tail","Potion Belt","Pear","Tingsha","Ancient Tea Set","MutagenicStrength","Ornamental Fan","HoveringKite","Peace Pipe","Ninja Scroll"],"acts_visited":["Exordium","TheCity","TheBeyond"],"potions_floor_usage":[39,40],"damage_taken":[{"damage":0.0,"enemies":"Small Slimes","floor":1.0,"turns":1.0},{"damage":0.0,"enemies":"Jaw Worm","floor":5.0,"turns":1.0},{"damage":0.0,"enemies":"Gremlin Nob","floor":7.0,"turns":1.0},{"damage":0.0,"enemies":"Cultist","floor":11.0,"turns":3.0},{"damage":1.0,"enemies":"Looter","floor":12.0,"turns":3.0},{"damage":15.0,"enemies":"Exordium Thugs","floor":13.0,"turns":5.0},{"damage":12.0,"enemies":"The Guardian","floor":16.0,"turns":9.0},{"damage":19.0,"enemies":"Spheric Guardian","floor":18.0,"turns":5.0},{"damage":7.0,"enemies":"Chosen","floor":19.0,"turns":5.0},{"damage":23.0,"enemies":"Book of Stabbing","floor":23.0,"turns":7.0},{"damage":45.0,"enemies":"Gremlin Leader","floor":30.0,"turns":6.0},{"damage":0.0,"enemies":"3 Cultists","floor":31.0,"turns":4.0},{"damage":84.0,"enemies":"Automaton","floor":33.0,"turns":9.0},{"damage":6,"enemies":"3 Shapes","floor":35,"turns":5},{"damage":36,"enemies":"Mind Bloom Boss Battle","floor":36,"turns":8},{"damage":7,"enemies":"3 Darklings","floor":39,"turns":5},{"damage":32,"enemies":"Nemesis","floor":40,"turns":3}],"seed_played":"-8390628722038089263","potions_obtained":[{"floor":1.0,"key":"ColorlessPotion"},{"floor":12.0,"key":"GhostInAJar"},{"floor":13.0,"key":"Weak Potion"},{"floor":16.0,"key":"CultistPotion"},{"floor":19.0,"key":"SkillPotion"},{"floor":30.0,"key":"DistilledChaos"},{"floor":35,"key":"FearPotion"},{"floor":36,"key":"EssenceOfSteel"}],"is_trial":false,"path_per_floor":["M","$","?","?","M","R","E","R","T","?","M","M","M","?","R","B",null,"M","M","?","?","$","E","$","R","T","?","T","?","E","M","R","B",null,"M","?","?","$","M","E"],"character_chosen":"THE_SILENT","items_purchased":["Blade Dance","Potion Belt","Pear","Backstab","Poison Potion","Ninja Scroll","Deadly Poison","Good Instincts"],"campfire_rested":3,"item_purchase_floors":[2,24,24,24,24,38,38,38],"current_hp_per_floor":[63,63,63,63,63,63,63,63,63,63,63,62,47,47,68,58,69,52,47,47,41,41,18,28,53,53,53,53,53,8,10,36,19,72,68,32,32,32,25,0,0],"gold":10,"neow_bonus":"THREE_ENEMY_KILL","is_daily":false,"chose_seed":false,"campfire_upgraded":2,"win_rate":0.0,"timestamp":1610772239,"path_taken":["M","$","?","?","M","R","E","R","T","?","M","?","M","?","R","BOSS","M","M","?","?","$","E","$","R","T","?","?","?","E","M","R","BOSS","M","?","?","$","M","E"],"items_purchased_type":["Card","Relic","Relic","Card","Potion","Relic","Card","Card"],"build_version":"2020-12-22","purchased_purges":1,"victory":false,"max_hp_per_floor":[70,70,70,70,70,70,70,70,70,70,70,70,70,70,70,72,72,74,76,76,76,76,76,86,86,86,86,86,86,86,88,88,90,90,92,92,92,92,92,92,92],"card_choices":[{"not_picked":["Eviscerate","Deflect","Dodge and Roll"],"picked":"SKIP","floor":1.0},{"not_picked":["Dagger Throw","Dagger Spray"],"picked":"Deadly Poison","floor":5.0},{"not_picked":["Slice","Backflip"],"picked":"Noxious Fumes","floor":7.0},{"not_picked":["Predator","Escape Plan","Flechettes"],"picked":"SKIP","floor":11.0},{"not_picked":["Riddle With Holes","Deflect","Acrobatics"],"picked":"SKIP","floor":12.0},{"not_picked":["Expertise","Concentrate","Footwork"],"picked":"SKIP","floor":13.0},{"not_picked":["Tools of the Trade","Bullet Time","Grand Finale"],"picked":"Singing Bowl","floor":16.0},{"not_picked":["Flying Knee+1","Deflect","Finisher+1"],"picked":"Singing Bowl","floor":18.0},{"not_picked":["Blur","Infinite Blades","Dagger Spray"],"picked":"Singing Bowl","floor":19.0},{"not_picked":["Slice","Quick Slash+1"],"picked":"All Out Attack+1","floor":23.0},{"not_picked":["A Thousand Cuts","Quick Slash"],"picked":"Distraction","floor":30.0},{"not_picked":["Acrobatics+1","Slice","Blur"],"picked":"Singing Bowl","floor":31.0},{"not_picked":["Envenom","Storm of Steel","Bullet Time"],"picked":"Singing Bowl","floor":33.0},{"not_picked":["All Out Attack","PiercingWail","Skewer+1"],"picked":"Singing Bowl","floor":35},{"not_picked":["Prepared+1","Tactician"],"picked":"Blade Dance","floor":36},{"not_picked":["Underhanded Strike","Footwork+1"],"picked":"Slice+1","floor":39}],"player_experience":146486,"relics_obtained":[{"floor":7.0,"key":"Blue Candle"},{"floor":9.0,"key":"MawBank"},{"floor":23.0,"key":"Lizard Tail"},{"floor":26.0,"key":"Tingsha"},{"floor":28.0,"key":"Ancient Tea Set"},{"floor":30.0,"key":"Ornamental Fan"},{"floor":36,"key":"Peace Pipe"}],"event_choices":[{"damage_healed":0.0,"max_hp_gain":0.0,"max_hp_loss":0.0,"gold_gain":0.0,"event_name":"Big Fish","player_choice":"Box","floor":3.0,"gold_loss":0.0,"damage_taken":0.0,"relics_obtained":["Happy Flower"],"cards_obtained":["Regret"]},{"damage_healed":0.0,"max_hp_gain":0.0,"max_hp_loss":0.0,"gold_gain":175.0,"event_name":"Liars Game","player_choice":"AGREE","floor":4.0,"gold_loss":0.0,"damage_taken":0.0,"cards_obtained":["Doubt"]},{"cards_removed":["Doubt","Regret"],"damage_healed":0.0,"max_hp_gain":0.0,"max_hp_loss":0.0,"gold_gain":0.0,"event_name":"Fountain of Cleansing","player_choice":"Removed Curses","floor":10.0,"gold_loss":0.0,"damage_taken":0.0},{"damage_healed":0.0,"max_hp_gain":0.0,"max_hp_loss":0.0,"gold_gain":0.0,"event_name":"WeMeetAgain","player_choice":"Gave Potion","floor":14.0,"gold_loss":0.0,"damage_taken":0.0,"relics_obtained":["Singing Bowl"]},{"damage_healed":0.0,"max_hp_gain":0.0,"max_hp_loss":0.0,"gold_gain":0.0,"event_name":"The Mausoleum","player_choice":"Opened","floor":20.0,"gold_loss":0.0,"damage_taken":0.0,"relics_obtained":["Smiling Mask"]},{"damage_healed":0.0,"max_hp_gain":0.0,"max_hp_loss":0.0,"gold_gain":0.0,"event_name":"Nest","player_choice":"Joined the Cult","floor":21.0,"gold_loss":0.0,"damage_taken":6.0,"cards_obtained":["RitualDagger"]},{"damage_healed":0.0,"max_hp_gain":0.0,"max_hp_loss":0.0,"gold_gain":0.0,"event_name":"Vampires","player_choice":"Ignored","floor":27.0,"gold_loss":0.0,"damage_taken":0.0},{"damage_healed":0.0,"max_hp_gain":0.0,"max_hp_loss":0.0,"gold_gain":0.0,"event_name":"Drug Dealer","player_choice":"Inject Mutagens","floor":29.0,"gold_loss":0.0,"damage_taken":0.0,"relics_obtained":["MutagenicStrength"]},{"damage_healed":0,"gold_gain":0,"player_choice":"Fight","damage_taken":0,"max_hp_gain":0,"max_hp_loss":0,"event_name":"MindBloom","floor":36,"gold_loss":0},{"damage_healed":0,"gold_gain":0,"player_choice":"Ignored","damage_taken":0,"max_hp_gain":0,"max_hp_loss":0,"event_name":"SecretPortal","floor":37,"gold_loss":0}],"is_beta":false,"boss_relics":[{"not_picked":["Snecko Eye","Astrolabe"],"picked":"SacredBark"},{"not_picked":["Runic Pyramid","Philosopher\u0027s Stone"],"picked":"HoveringKite"}],"items_purged_floors":[24],"is_endless":false,"potions_floor_spawned":[1,12,13,16,18,19,30,35,36],"killed_by":"Nemesis","ascension_level":7}}