{"host":"cwd5s03r1oaxs6mx","time":1610804955,"event":{"mods":["Act Like it!","BaseMod","Better Third Choice","BetterRewards","CapriCore","Card Filter","Colored Map","Custom Start","DeckTracker","Friendly Minions","Hubris","Infinite Spire","Marisa£¨Ùöéë¡¡Øª×âÞÞ£©","Minty Spire (QoL Compilation)","Quick Restart","Relic Stats","Shop Mod","Spicy Shops","StSLib","SuperFastMode"],"gold_per_floor":[119,139,139,158,58,58,58],"floor_reached":6,"language":"KOR","playtime":182,"items_purged":["Strike_G","Strike_G"],"score":72,"play_id":"3cea52bb-5c40-4f02-bed3-aafebb9c2ecc","local_time":"20210116224915","is_ascension_mode":true,"campfire_choices":[],"circlet_count":0,"master_deck":["AscendersBane","Strike_G","Strike_G","Strike_G","Defend_G","Defend_G","Defend_G","Defend_G+1","Defend_G","Survivor+1","Neutralize","Noxious Fumes","Deep Breath","Bouncing Flask","Crippling Poison"],"relics":["Ring of the Snake","Snake Skull","War Paint","Oddly Smooth Stone"],"acts_visited":["Exordium"],"potions_floor_usage":[],"damage_taken":[{"damage":10,"enemies":"Small Slimes","floor":1,"turns":4},{"damage":1,"enemies":"2 Louse","floor":2,"turns":2},{"damage":3,"enemies":"Jaw Worm","floor":4,"turns":3},{"damage":19,"enemies":"3 Sentries","floor":6,"turns":4}],"seed_played":"6989272987596812523","potions_obtained":[],"is_trial":false,"path_per_floor":["M","M","?","M","$","E"],"character_chosen":"THE_SILENT","items_purchased":["Snake Skull","Noxious Fumes","War Paint","Deep Breath","Bouncing Flask"],"campfire_rested":0,"item_purchase_floors":[0,0,0,0,0],"current_hp_per_floor":[49,48,22,19,19,0,0],"gold":58,"neow_bonus":"","is_daily":false,"chose_seed":false,"campfire_upgraded":0,"win_rate":0.0,"timestamp":1610804955,"path_taken":["M","M","?","M","$","E"],"items_purchased_type":["Relic","Card","Relic","Card","Card"],"build_version":"2020-12-22","purchased_purges":2,"victory":false,"max_hp_per_floor":[66,66,66,66,66,66,66],"relic_stats":{"counters":[27,95],"Snake Skull":[27],"War Paint":["Defend_G","Survivor"],"obtain_stats":[{"Oddly Smooth Stone":3,"infinitespire:Beetle Shell":8,"Snake Skull":0,"Letter Opener":0,"hubris:RunicObelisk":17,"War Paint":0,"Blood Vial":6,"infinitespire:Satchel":12,"Tiny Chest":13,"Molten Egg 2":0,"hubris:FunFungus":8,"Art of War":6,"hubris:TenFootPole":24,"Membership Card":0,"Ring of the Snake":0},{"Oddly Smooth Stone":25,"infinitespire:Beetle Shell":6,"Snake Skull":23,"Letter Opener":9,"hubris:RunicObelisk":18,"War Paint":23,"Blood Vial":13,"infinitespire:Satchel":7,"Tiny Chest":17,"Molten Egg 2":22,"hubris:FunFungus":14,"Art of War":5,"hubris:TenFootPole":21,"Membership Card":22,"Ring of the Snake":0},{"Oddly Smooth Stone":88,"infinitespire:Beetle Shell":24,"Snake Skull":82,"Letter Opener":34,"hubris:RunicObelisk":67,"War Paint":82,"Blood Vial":46,"infinitespire:Satchel":27,"Tiny Chest":60,"Molten Egg 2":80,"hubris:FunFungus":51,"Art of War":17,"hubris:TenFootPole":77,"Membership Card":80,"Ring of the Snake":0}],"Ring of the Snake":[55]},"card_choices":[{"not_picked":["Outmaneuver","Dodge and Roll"],"picked":"Crippling Poison","floor":1},{"not_picked":["Bane","Dagger Throw","Flying Knee"],"picked":"SKIP","floor":2},{"not_picked":["Deadly Poison","Outmaneuver","Deflect"],"picked":"SKIP","floor":4}],"player_experience":1039177,"relics_obtained":[],"event_choices":[{"damage_healed":0,"gold_gain":1,"player_choice":"Relic ","damage_taken":26,"max_hp_gain":0,"max_hp_loss":0,"event_name":"betterThird:BetterScrap","floor":3,"gold_loss":0,"cards_obtained":["Collect"]}],"is_beta":false,"boss_relics":[],"items_purged_floors":[0,5],"is_endless":false,"potions_floor_spawned":[],"killed_by":"3 Sentries","ascension_level":20}}