{"host":"78ng8b0jg92p48rp","time":1610817497,"event":{"mods":["Aspiration","BaseMod","Minty Spire (QoL Compilation)","Quick Restart","Replay The Spire","StSLib"],"gold_per_floor":[118,118,48,67,85,116,116,128,128,128,146,162,172,172,172,347,347,347,347],"floor_reached":18,"language":"ZHS","playtime":1009,"items_purged":["Doubt"],"score":114,"play_id":"ff69f88f-0306-4408-b12d-e8ef0a4ef00a","local_time":"20210117011817","is_ascension_mode":false,"campfire_choices":[{"data":"Burst","floor":7,"key":"SMITH"},{"data":"Acrobatics","floor":10,"key":"SMITH"},{"data":"Noxious Fumes","floor":17,"key":"SMITH"}],"circlet_count":0,"master_deck":["Strike_G","Strike_G","Strike_G","Strike_G","Strike_G","Defend_G","Defend_G","Defend_G","Defend_G","Defend_G","Neutralize","Deadly Poison","m_Survivalism","Noxious Fumes+1","Bouncing Flask","Prepared","Burst+1","Escape Plan","Acrobatics+1","Poisoned Stab","Backflip","Calculated Gamble","Doubt"],"relics":["Ring of the Snake","aspiration:Nostalgia","Burning Blood","ReplayTheSpireMod:CursedCoin","Toy Ornithopter","Divine Protection"],"acts_visited":["Exordium"],"potions_floor_usage":[],"damage_taken":[{"damage":0,"enemies":"Jaw Worm","floor":1,"turns":5},{"damage":0,"enemies":"2 Louse","floor":4,"turns":2},{"damage":1,"enemies":"Cultist","floor":5,"turns":3},{"damage":33,"enemies":"Gremlin Nob","floor":6,"turns":5},{"damage":4,"enemies":"Large Slime","floor":8,"turns":7},{"damage":6,"enemies":"Exordium Wildlife","floor":11,"turns":5},{"damage":0,"enemies":"3 Louse","floor":12,"turns":3},{"damage":2,"enemies":"Gremlin Gang","floor":13,"turns":4},{"damage":59,"enemies":"Slime Boss","floor":18,"turns":11}],"seed_played":"-6465718454618473310","potions_obtained":[{"floor":4,"key":"PowerPotion"},{"floor":6,"key":"DistilledChaos"},{"floor":11,"key":"ColorlessPotion"}],"is_trial":false,"path_per_floor":["M","?","$","M","M","E","R","M","T","R","M","M","M","PTL","PTL","?","R","B"],"character_chosen":"THE_SILENT","items_purchased":["Noxious Fumes","ReplayTheSpireMod:CursedCoin","Bouncing Flask"],"campfire_rested":0,"item_purchase_floors":[3,3,3],"current_hp_per_floor":[70,70,70,70,70,43,43,45,45,45,45,51,55,55,55,55,55,0,0],"gold":347,"neow_bonus":"NOSTALGIA","is_daily":false,"chose_seed":false,"campfire_upgraded":3,"win_rate":0.0,"timestamp":1610817497,"path_taken":["M","?","$","M","M","E","R","M","T","R","M","M","M","PTL","PTL","?","R","BOSS"],"items_purchased_type":["Card","Relic","Card"],"build_version":"2020-12-22","purchased_purges":1,"victory":false,"max_hp_per_floor":[70,70,70,70,70,70,70,70,70,70,70,70,70,70,70,70,70,70,70],"card_choices":[{"not_picked":["Flying Knee","PiercingWail"],"picked":"Deadly Poison","floor":1},{"not_picked":["Blade Dance","Skewer"],"picked":"Prepared","floor":4},{"not_picked":["Deadly Poison","Replay:Poison Smokescreen"],"picked":"Burst","floor":5},{"not_picked":["Distraction","Underhanded Strike"],"picked":"Escape Plan","floor":6},{"not_picked":["Tactician","ReplayTheSpireMod:Scrap Shanks"],"picked":"Acrobatics","floor":8},{"not_picked":["Backflip","Wraith Form v2"],"picked":"Poisoned Stab","floor":11},{"not_picked":["Flying Knee","Dagger Throw"],"picked":"Backflip","floor":12},{"not_picked":["Blur","Prepared"],"picked":"Calculated Gamble","floor":13}],"player_experience":61228,"relics_obtained":[{"floor":6,"key":"Toy Ornithopter"},{"floor":9,"key":"Divine Protection"}],"event_choices":[{"damage_healed":0,"gold_gain":175,"player_choice":"AGREE","damage_taken":0,"max_hp_gain":0,"max_hp_loss":0,"event_name":"Liars Game","floor":16,"gold_loss":0,"cards_obtained":["Doubt"]}],"is_beta":false,"boss_relics":[],"items_purged_floors":[3],"is_endless":false,"potions_floor_spawned":[4,6,11,12],"killed_by":"Slime Boss","ascension_level":0}}