{"host":"o7j6aatxjwpw1421","time":1610811658,"event":{"mods":["2.2 Compatiblity","AchievementEnabler","BaseMod","Colored Map","DeckTracker","Highlight Path","Keyboard Shortcuts","Minty Spire (QoL Compilation)","Permanent Neow","Quick Restart","StSLib","SuperFastMode","everything is the same but u backflip on backflip"],"gold_per_floor":[20,30,43,43,43,43,71,82,109,34,50,65,91,105,105,200,200,218,234,333,333,152,152,152,162,162,162,197,197,72,88,88,187,187,205,14,24,37,50,50,60,85,85,95,126,126,151,164,164,164,164,164,40,72,72],"floor_reached":56,"language":"KOR","playtime":3587,"items_purged":["Strike_P","Alpha","Sanctity"],"score":1780,"play_id":"d0812a90-88c4-441c-9186-b5f35743c272","local_time":"20210117004058","is_ascension_mode":true,"campfire_choices":[{"data":"Eruption","floor":6.0,"key":"SMITH"},{"data":"BattleHymn","floor":15.0,"key":"SMITH"},{"data":"Study","floor":23.0,"key":"SMITH"},{"data":"Establishment","floor":27.0,"key":"SMITH"},{"floor":29.0,"key":"REST"},{"data":"MentalFortress","floor":32.0,"key":"SMITH"},{"data":"Adaptation","floor":40.0,"key":"SMITH"},{"floor":49.0,"key":"RECALL"},{"data":"InnerPeace","floor":52.0,"key":"SMITH"}],"circlet_count":0,"master_deck":["Eruption+1","Vigilance","BattleHymn+1","FearNoEvil+1","InnerPeace+1","Establishment+1","Study+1","SandsOfTime","Perseverance","MentalFortress+1","Adaptation+1"],"relics":["HolyWater","Bag of Marbles","MealTicket","Pandora\u0027s Box","Bottled Flame","Sundial","Centennial Puzzle","Membership Card","Lizard Tail","Bag of Preparation","Ancient Tea Set","Thread and Needle","Mummified Hand","Vajra"],"acts_visited":["Exordium","TheCity","TheBeyond","TheEnding"],"potions_floor_usage":[],"damage_taken":[{"damage":0.0,"enemies":"Cultist","floor":1.0,"turns":2.0},{"damage":2.0,"enemies":"Jaw Worm","floor":2.0,"turns":3.0},{"damage":0.0,"enemies":"Small Slimes","floor":3.0,"turns":3.0},{"damage":0.0,"enemies":"Lagavulin","floor":7.0,"turns":4.0},{"damage":8.0,"enemies":"Exordium Wildlife","floor":8.0,"turns":4.0},{"damage":5.0,"enemies":"Blue Slaver","floor":11.0,"turns":3.0},{"damage":10.0,"enemies":"Exordium Thugs","floor":12.0,"turns":4.0},{"damage":0.0,"enemies":"Gremlin Nob","floor":13.0,"turns":2.0},{"damage":2.0,"enemies":"Exordium Wildlife","floor":14.0,"turns":3.0},{"damage":16.0,"enemies":"The Guardian","floor":16.0,"turns":10.0},{"damage":15.0,"enemies":"3 Byrds","floor":18.0,"turns":4.0},{"damage":19.0,"enemies":"2 Thieves","floor":19.0,"turns":4.0},{"damage":12.0,"enemies":"Cultist and Chosen","floor":25.0,"turns":4.0},{"damage":33.0,"enemies":"Gremlin Leader","floor":28.0,"turns":5.0},{"damage":11.0,"enemies":"Centurion and Healer","floor":31.0,"turns":4.0},{"damage":0.0,"enemies":"Automaton","floor":33.0,"turns":6.0},{"damage":3.0,"enemies":"Orb Walker","floor":35.0,"turns":3.0},{"damage":4.0,"enemies":"3 Shapes","floor":37.0,"turns":5.0},{"damage":8.0,"enemies":"Writhing Mass","floor":38.0,"turns":2.0},{"damage":13.0,"enemies":"3 Darklings","floor":39.0,"turns":2.0},{"damage":3.0,"enemies":"Sphere and 2 Shapes","floor":41.0,"turns":2.0},{"damage":21.0,"enemies":"Nemesis","floor":42.0,"turns":3.0},{"damage":0.0,"enemies":"Maw","floor":44.0,"turns":2.0},{"damage":0.0,"enemies":"Giant Head","floor":45.0,"turns":2.0},{"damage":0.0,"enemies":"Nemesis","floor":47.0,"turns":3.0},{"damage":0.0,"enemies":"3 Darklings","floor":48.0,"turns":2.0},{"damage":8.0,"enemies":"Time Eater","floor":50.0,"turns":5.0},{"damage":0.0,"enemies":"Shield and Spear","floor":54.0,"turns":1.0},{"damage":24,"enemies":"The Heart","floor":55,"turns":4}],"seed_played":"7273987216080861227","potions_obtained":[{"floor":3.0,"key":"StancePotion"},{"floor":7.0,"key":"Explosive Potion"},{"floor":8.0,"key":"Regen Potion"},{"floor":11.0,"key":"FearPotion"},{"floor":13.0,"key":"BlessingOfTheForge"},{"floor":16.0,"key":"BottledMiracle"},{"floor":19.0,"key":"Dexterity Potion"},{"floor":31.0,"key":"StancePotion"},{"floor":37.0,"key":"Block Potion"},{"floor":39.0,"key":"LiquidMemories"},{"floor":45.0,"key":"SkillPotion"},{"floor":48.0,"key":"Block Potion"}],"is_trial":false,"path_per_floor":["M","M","M","?","?","R","E","M","T","$","M","M","E","M","R","B",null,"M","M","?","T","$","R","?","M","T","R","E","R","$","M","R","B",null,"M","$","M","M","M","R","M","E","T","M","E","?","E","M","R","B",null,"R","$","E","B",null],"character_chosen":"WATCHER","items_purchased":["MentalFortress","Membership Card","Adaptation","Mummified Hand"],"campfire_rested":1,"item_purchase_floors":[22,36,36,53],"current_hp_per_floor":[72,70,70,70,56,56,56,48,48,48,43,45,45,43,43,27,72,57,38,38,38,53,53,53,41,41,41,8,29,44,33,33,33,72,69,72,68,60,47,47,44,23,23,23,23,23,23,23,23,15,72,72,72,72,48],"gold":72,"neow_bonus":"REMOVE_TWO","is_daily":false,"chose_seed":false,"campfire_upgraded":7,"win_rate":0.0,"timestamp":1610811658,"path_taken":["M","M","?","?","?","R","E","M","T","?","M","M","E","M","R","BOSS","M","M","?","?","?","R","?","M","T","R","E","R","$","M","R","BOSS","M","$","M","M","M","R","M","E","T","?","E","?","E","M","R","BOSS","R","$","E","BOSS"],"items_purchased_type":["Card","Relic","Card","Relic"],"build_version":"2020-12-22","purchased_purges":3,"victory":true,"max_hp_per_floor":[72,72,72,72,72,72,72,72,72,72,72,72,72,72,72,72,72,72,72,72,72,72,72,72,72,72,72,72,72,72,72,72,72,72,72,72,72,72,72,72,72,72,72,72,72,72,72,72,72,72,72,72,72,72,72],"card_choices":[{"not_picked":["JustLucky","Crescendo","WheelKick"],"picked":"SKIP","floor":1.0},{"not_picked":["TalkToTheHand","Consecrate"],"picked":"BattleHymn","floor":2.0},{"not_picked":["Evaluate","CutThroughFate","Weave"],"picked":"SKIP","floor":3.0},{"not_picked":["Weave","PathToVictory","Wish"],"picked":"SKIP","floor":7.0},{"not_picked":["Perseverance","WaveOfTheHand","Nirvana"],"picked":"SKIP","floor":8.0},{"not_picked":["FlyingSleeves","Worship"],"picked":"FearNoEvil","floor":11.0},{"not_picked":["Prostrate","Halt"],"picked":"InnerPeace","floor":12.0},{"not_picked":["JustLucky","BowlingBash","TalkToTheHand"],"picked":"SKIP","floor":13.0},{"not_picked":["Wireheading","WheelKick","EmptyFist"],"picked":"SKIP","floor":14.0},{"not_picked":["Omniscience","DeusExMachina"],"picked":"Establishment","floor":16.0},{"not_picked":["SashWhip","ClearTheMind","WreathOfFlame"],"picked":"SKIP","floor":18.0},{"not_picked":["Crescendo","Collect","PathToVictory"],"picked":"SKIP","floor":19.0},{"not_picked":["Crescendo+1","Halt","CarveReality"],"picked":"SKIP","floor":25.0},{"not_picked":["EmptyFist","SpiritShield","Halt"],"picked":"SKIP","floor":28.0},{"not_picked":["Prostrate","ReachHeaven","EmptyFist"],"picked":"SKIP","floor":31.0},{"not_picked":["Meditate+1","Study","FlurryOfBlows"],"picked":"SKIP","floor":35.0},{"not_picked":["Halt","Crescendo+1","EmptyBody"],"picked":"SKIP","floor":37.0},{"not_picked":["Study+1","Conclude+1","Wallop+1"],"picked":"SKIP","floor":38.0},{"not_picked":["FlyingSleeves+1","PathToVictory","Protect+1"],"picked":"SKIP","floor":39.0},{"not_picked":["CrushJoints+1","SandsOfTime+1","InnerPeace"],"picked":"SKIP","floor":41.0},{"not_picked":["EmptyMind+1","Weave+1","FollowUp"],"picked":"SKIP","floor":42.0},{"not_picked":["EmptyMind+1","Weave+1","FollowUp"],"picked":"SKIP","floor":42.0},{"not_picked":["Pray","Weave+1","SashWhip+1"],"picked":"SKIP","floor":44.0},{"not_picked":["Devotion","PathToVictory","CutThroughFate"],"picked":"SKIP","floor":45.0},{"not_picked":["ForeignInfluence+1","Conclude","JustLucky"],"picked":"SKIP","floor":47.0},{"not_picked":["DeceiveReality","TalkToTheHand+1","Conclude"],"picked":"SKIP","floor":48.0},{"not_picked":["Halt+1","Protect+1","Crescendo+1"],"picked":"SKIP","floor":54.0}],"player_experience":532360,"relics_obtained":[{"floor":7.0,"key":"Bag of Marbles"},{"floor":13.0,"key":"MealTicket"},{"floor":21.0,"key":"Bottled Flame"},{"floor":26.0,"key":"Sundial"},{"floor":28.0,"key":"Centennial Puzzle"},{"floor":42.0,"key":"Lizard Tail"},{"floor":43.0,"key":"Bag of Preparation"},{"floor":45.0,"key":"Ancient Tea Set"},{"floor":47.0,"key":"Thread and Needle"},{"floor":54.0,"key":"Vajra"}],"event_choices":[{"damage_healed":0.0,"max_hp_gain":0.0,"max_hp_loss":0.0,"gold_gain":0.0,"event_name":"The Cleric","player_choice":"Leave","floor":4.0,"gold_loss":0.0,"damage_taken":0.0},{"damage_healed":0.0,"max_hp_gain":0.0,"max_hp_loss":0.0,"gold_gain":0.0,"event_name":"Shining Light","player_choice":"Entered Light","floor":5.0,"gold_loss":0.0,"damage_taken":14.0,"cards_upgraded":["Defend_P","Strike_P"]},{"damage_healed":0.0,"max_hp_gain":0.0,"max_hp_loss":0.0,"gold_gain":99.0,"event_name":"Nest","player_choice":"Stole From Cult","floor":20.0,"gold_loss":0.0,"damage_taken":0.0},{"damage_healed":0.0,"max_hp_gain":0.0,"max_hp_loss":0.0,"gold_gain":0.0,"event_name":"Match and Keep!","player_choice":"0 cards matched","floor":24.0,"gold_loss":0.0,"damage_taken":0.0,"cards_obtained":[]},{"damage_healed":0.0,"max_hp_gain":0.0,"max_hp_loss":0.0,"gold_gain":0.0,"event_name":"Accursed Blacksmith","player_choice":"Forge","floor":46.0,"gold_loss":0.0,"damage_taken":0.0,"cards_upgraded":["FearNoEvil"]}],"is_beta":false,"boss_relics":[{"not_picked":["Calling Bell","Busted Crown"],"picked":"Pandora\u0027s Box"},{"not_picked":["Tiny House","Black Star"],"picked":"HolyWater"}],"items_purged_floors":[10,22,30],"is_endless":false,"potions_floor_spawned":[3,7,8,11,13,16,19,31,37,39,45,48],"ascension_level":4}}