{"host":"yx95kmaz06na3cze","time":1610779883,"event":{"mods":["BaseMod","Friendly Minions","Marisa????????","Minty Spire (QoL Compilation)","StSLib","SuperFastMode","Td1madao Mod","The Animator","The Jungle","The Servant 0.9.4"],"gold_per_floor":[111,111,111,124,1,44,44,75,99,99,118,18,34,7,7,127,127,152,27,43,43,63,63,63,79,104,104,104,57,73,104,104,230,230,253,104,129,142,5,5,5,5],"floor_reached":41,"language":"ENG","playtime":2161,"items_purged":["Defend_MRS","Defend_MRS","Strike_MRS"],"score":419,"play_id":"d8d71252-c2fa-4711-820d-23e9778cc0d0","local_time":"20210115235123","is_ascension_mode":false,"campfire_choices":[{"data":"BlazeAway","floor":7,"key":"SMITH"},{"floor":10,"key":"REST"},{"floor":15,"key":"REST"},{"floor":24,"key":"REST"},{"data":"PulseMagic","floor":28,"key":"SMITH"},{"floor":32,"key":"REST"},{"floor":40,"key":"RECALL"}],"circlet_count":0,"master_deck":["Strike_MRS","Strike_MRS","Defend_MRS","MasterSpark","UpSweep","PulseMagic+1","MagicChant","PowerUp","BlazeAway+1","GravityBeat","Acceleration","CollectingQuirk","GrandCross","OortCloud","Acceleration","PowerUp","MaximisePower"],"relics":["MiniHakkero","Golden Idol","Centennial Puzzle","Gremlin Horn","Sozu","MealTicket","HornCleat","Philosopher\u0027s Stone","Regal Pillow"],"acts_visited":["Exordium","TheCity","TheBeyond"],"potions_floor_usage":[13,18],"damage_taken":[{"damage":0,"enemies":"2 Louse","floor":1,"turns":3},{"damage":3,"enemies":"Jaw Worm","floor":4,"turns":4},{"damage":18,"enemies":"Gremlin Nob","floor":6,"turns":3},{"damage":18,"enemies":"Lagavulin","floor":8,"turns":3},{"damage":0,"enemies":"Cultist","floor":11,"turns":2},{"damage":13,"enemies":"Red Slaver","floor":13,"turns":2},{"damage":41,"enemies":"Slime Boss","floor":16,"turns":7},{"damage":0,"enemies":"Chosen","floor":18,"turns":3},{"damage":5,"enemies":"Shell Parasite","floor":20,"turns":2},{"damage":16,"enemies":"Cultist and Chosen","floor":22,"turns":3},{"damage":22,"enemies":"Centurion and Healer","floor":25,"turns":3},{"damage":13,"enemies":"Shelled Parasite and Fungi","floor":30,"turns":2},{"damage":41,"enemies":"Book of Stabbing","floor":31,"turns":4},{"damage":20,"enemies":"Collector","floor":33,"turns":4},{"damage":5,"enemies":"Orb Walker","floor":35,"turns":2},{"damage":2,"enemies":"3 Darklings","floor":37,"turns":2},{"damage":10,"enemies":"Sphere and 2 Shapes","floor":38,"turns":2},{"damage":76,"enemies":"2 Orb Walkers","floor":41,"turns":4}],"seed_played":"-1795449684628740525","potions_obtained":[{"floor":11,"key":"EntropicBrew"},{"floor":16,"key":"Block Potion"}],"is_trial":false,"path_per_floor":["M","?","?","M","$","E","R","E","T","R","M","$","M","$","R","B",null,"M","$","M","?","M","$","R","M","T","$","R","$","M","E","R","B",null,"M","$","M","M","$","R","?"],"character_chosen":"MARISA","items_purchased":["PowerUp","Acceleration","Acceleration","Regal Pillow","MaximisePower"],"campfire_rested":4,"item_purchase_floors":[5,14,29,36,39],"current_hp_per_floor":[75,57,57,54,54,36,36,18,18,40,40,40,27,27,49,8,75,75,75,70,70,54,54,75,53,53,68,68,75,62,21,43,23,75,70,75,73,63,75,75,0,0],"gold":5,"neow_bonus":"REMOVE_CARD","is_daily":false,"chose_seed":false,"campfire_upgraded":2,"win_rate":0.0,"timestamp":1610779883,"path_taken":["M","?","?","M","$","E","R","E","T","R","M","$","M","?","R","BOSS","M","?","?","?","M","$","R","M","T","?","R","?","M","E","R","BOSS","M","$","M","M","$","R","?"],"items_purchased_type":["Card","Card","Card","Relic","Card"],"build_version":"2020-12-22","purchased_purges":3,"victory":false,"max_hp_per_floor":[75,75,75,75,75,75,75,75,75,75,75,75,75,75,75,75,75,75,75,75,75,75,75,75,75,75,75,75,75,75,75,75,75,75,75,75,75,75,75,75,75,75],"card_choices":[{"not_picked":["GalacticHalo","ShootingEcho"],"picked":"PulseMagic","floor":1},{"not_picked":["ShootingEcho","DC"],"picked":"MagicChant","floor":4},{"not_picked":["DC","AbsoluteMagnitude"],"picked":"BlazeAway","floor":6},{"not_picked":["SporeBomb","MilkyWay"],"picked":"GravityBeat","floor":8},{"not_picked":["MysteriousBeam","6A","ShootingEcho"],"picked":"SKIP","floor":11},{"not_picked":["MysteriousBeam","Occultation","SprinkleStarSeal"],"picked":"SKIP","floor":13},{"not_picked":["AbsoluteMagnitude","EscapeVelocity"],"picked":"CollectingQuirk","floor":16},{"not_picked":["DoubleSpark","SuperPerseids+1"],"picked":"GrandCross","floor":18},{"not_picked":["GravityBeat","MysteriousBeam","IllusionStar+1"],"picked":"SKIP","floor":20},{"not_picked":["WitchLeyline","ChargingUp"],"picked":"OortCloud","floor":22},{"not_picked":["AlicesGift","OneTimeOff+1","ChargingUp"],"picked":"SKIP","floor":25},{"not_picked":["NonDirectionalLaser","IllusionStar","OneTimeOff"],"picked":"SKIP","floor":30},{"not_picked":["DarkSpark","EscapeVelocity","FinalSpark"],"picked":"SKIP","floor":31},{"not_picked":["DoubleSpark+1","MachineGunSpark+1","WitchOfGreed"],"picked":"SKIP","floor":35},{"not_picked":["Occultation","MilkyWay+1"],"picked":"PowerUp","floor":37},{"not_picked":["GravityBeat+1","SporeBomb","EnergyRecoil+1"],"picked":"SKIP","floor":38}],"player_experience":158292,"relics_obtained":[{"floor":6,"key":"Centennial Puzzle"},{"floor":8,"key":"Gremlin Horn"},{"floor":26,"key":"MealTicket"},{"floor":31,"key":"HornCleat"}],"event_choices":[{"damage_healed":0,"gold_gain":0,"player_choice":"Take Damage","damage_taken":18,"relics_obtained":["Golden Idol"],"max_hp_gain":0,"max_hp_loss":0,"event_name":"Golden Idol","floor":2,"gold_loss":0},{"cards_removed":["Strike_MRS"],"damage_healed":0,"gold_gain":0,"player_choice":"Forget","damage_taken":0,"max_hp_gain":0,"max_hp_loss":0,"event_name":"Living Wall","floor":3,"gold_loss":0},{"damage_healed":0,"gold_gain":0,"player_choice":"Ignored","damage_taken":0,"max_hp_gain":0,"max_hp_loss":0,"event_name":"Ghosts","floor":21,"gold_loss":0},{"damage_healed":0,"gold_gain":0,"player_choice":"Fight","damage_taken":0,"max_hp_gain":0,"max_hp_loss":0,"event_name":"Mysterious Sphere","floor":41,"gold_loss":0}],"is_beta":false,"boss_relics":[{"not_picked":["Astrolabe","RampagingMagicTools"],"picked":"Sozu"},{"not_picked":["Black Star","Busted Crown"],"picked":"Philosopher\u0027s Stone"}],"items_purged_floors":[5,12,19],"is_endless":false,"potions_floor_spawned":[11,13,16,25,30,31,37],"killed_by":"2 Orb Walkers","ascension_level":0}}