{"host":"bfxnw9us3ok3sr4c","time":1610816087,"event":{"mods":["Act Like it!","BaseMod","BetterRewards","Colored Map","Colored Powertips","Downfall","Hallownest","Hubris","Infinite Spire","Minty Spire (QoL Compilation)","StSLib","The Cursed"],"gold_per_floor":[99,99,114,133,233,333,383,283,312,322,26,26,26,26],"floor_reached":12,"language":"ENG","playtime":1811,"items_purged":[],"score":76,"play_id":"4f9d5a9e-de02-4e3c-a3a7-2330b53c27dd","local_time":"20210116195447","is_ascension_mode":false,"campfire_choices":[{"floor":1,"key":"RECALL"},{"floor":8,"key":"REST"}],"circlet_count":0,"master_deck":["hexamod:Strike","hexamod:Strike","hexamod:Strike","hexamod:Defend","hexamod:Defend","hexamod:Defend","hexamod:Sear","hexamod:Float+1","hexamod:Rewind","hexamod:SoulSteal","hexamod:NecessarySacrifice","hexamod:Again","hexamod:SpectersWail","hexamod:HeatMetal","hexamod:SwordOfDarkness","hexamod:RecurringNightmare","hexamod:SecondSeal","hexamod:FlameSwitch","hexamod:DynamicBlow"],"relics":["hexamod:SpiritBrand","hubris:Towel","Matryoshka","infinitespire:Bottled Soul","hubris:SlimyHat","downfall:HeartBlessingRed","Shuriken"],"acts_visited":["Exordium"],"potions_floor_usage":[5,5,9,9,9,12],"damage_taken":[{"damage":0,"enemies":"2 Louse","floor":3,"turns":2},{"damage":0,"enemies":"Small Slimes","floor":4,"turns":3},{"damage":16,"enemies":"downfall:Heads","floor":5,"turns":4},{"damage":58,"enemies":"downfall:LadyInBlue","floor":6,"turns":13},{"damage":16,"enemies":"Lagavulin","floor":9,"turns":4},{"damage":1,"enemies":"Cultist","floor":10,"turns":3},{"damage":5,"enemies":"downfall:FleeingMerchant","floor":11,"turns":4},{"damage":11,"enemies":"Gremlin Nob","floor":12,"turns":2}],"seed_played":"1960818401423419463","potions_obtained":[{"floor":3,"key":"AttackPotion"},{"floor":4,"key":"Explosive Potion"},{"floor":6,"key":"Swift Potion"},{"floor":6,"key":"GamblersBrew"},{"floor":6,"key":"Energy Potion"},{"floor":6,"key":"DuplicationPotion"}],"is_trial":false,"path_per_floor":["R","?","M","M","?","?","T","R","E","M","$","E"],"character_chosen":"THE_SPIRIT","items_purchased":["hexamod:SecondSeal","hexamod:FlameSwitch","SkillPotion","hexamod:DynamicBlow"],"campfire_rested":1,"item_purchase_floors":[11,11,11,11],"current_hp_per_floor":[77,77,77,77,61,3,3,26,10,9,4,0,0,0],"gold":26,"neow_bonus":"TEN_PERCENT_HP_BONUS","is_daily":false,"chose_seed":false,"campfire_upgraded":0,"win_rate":0.0,"timestamp":1610816087,"path_taken":["R","?","M","M","?","?","T","R","E","?","$","E"],"items_purchased_type":["Card","Card","Potion","Card"],"build_version":"2020-12-22","purchased_purges":0,"victory":false,"max_hp_per_floor":[77,77,77,77,77,77,77,77,77,77,77,77,77,77],"card_choices":[{"not_picked":["hexamod:ThermalTransfer","hexamod:BurningTouch"],"picked":"hexamod:Rewind","floor":3},{"not_picked":["hexamod:BacktrackSmack","hexamod:Firestarter"],"picked":"hexamod:SoulSteal","floor":4},{"not_picked":["hexamod:Hexaguard","hexamod:BacktrackSmack"],"picked":"hexamod:Again","floor":5},{"not_picked":["hexamod:BacktrackSmack","hexamod:ChargedBarrage"],"picked":"hexamod:SpectersWail","floor":6},{"not_picked":["hexamod:ThirdSeal","hexamod:Firestarter"],"picked":"hexamod:HeatMetal","floor":9},{"not_picked":["hexamod:SpectralAdrenaline","hexamod:GhostShield"],"picked":"hexamod:SwordOfDarkness","floor":10},{"not_picked":["hexamod:NightmareGuise","hexamod:GhostLash"],"picked":"hexamod:RecurringNightmare","floor":11}],"player_experience":252091,"relics_obtained":[{"floor":6,"key":"Matryoshka"},{"floor":7,"key":"infinitespire:Bottled Soul"},{"floor":7,"key":"hubris:SlimyHat"},{"floor":9,"key":"Shuriken"}],"event_choices":[],"is_beta":false,"boss_relics":[],"items_purged_floors":[],"is_endless":false,"potions_floor_spawned":[3,4,6],"killed_by":"Gremlin Nob","ascension_level":0}}