{"host":"mytek2nu1hrzdnew","time":1610811923,"event":{"mods":["AchievementEnabler","Aspiration","BaseMod","Conspire","GifTheSpireLib","Gold Saver","Hubris","Minty Spire (QoL Compilation)","Replay The Spire","StSLib","Stuff the Spire","Uncapped"],"gold_per_floor":[165,36,74,74,113,113,155,215,262,262,262,321,321,411,411,453,453],"floor_reached":16,"language":"ENG","playtime":625,"items_purged":["CommonCold"],"score":148,"play_id":"ad7885b8-80f0-4919-9ab4-99365011c928","local_time":"20210116104523","is_ascension_mode":true,"campfire_choices":[{"data":"Riddle With Holes","floor":6,"key":"SMITH"},{"floor":10,"key":"REST"},{"floor":13,"key":"REST"},{"floor":15,"key":"REST"}],"circlet_count":0,"master_deck":["Strike_G","Strike_G","Strike_G","Strike_G","Strike_G","Defend_G","Defend_G","Defend_G","Defend_G","Defend_G","Survivor","Neutralize","Sucker Punch","Dagger Spray","Riddle With Holes+1","Hidden Blade","Riddle With Holes","Quick Slash","Deadly Poison","Poisoned Stab"],"relics":["Ring of the Snake","ReplayTheSpireMod:CursedCoin","Replay:Bandana","Golden Idol","Garlic","Bronze Scales","Happy Flower","hubris:CrystalStatue"],"acts_visited":["Exordium"],"potions_floor_usage":[7,12,14,14],"damage_taken":[{"damage":1,"enemies":"Small Slimes","floor":1,"turns":4},{"damage":11,"enemies":"Jaw Worm","floor":3,"turns":3},{"damage":4,"enemies":"Cultist","floor":5,"turns":3},{"damage":14,"enemies":"Large Slime","floor":7,"turns":5},{"damage":39,"enemies":"Gremlin Nob","floor":8,"turns":5},{"damage":27,"enemies":"Lagavulin","floor":12,"turns":5},{"damage":10,"enemies":"3 Sentries","floor":14,"turns":4},{"damage":42,"enemies":"Fading Forest","floor":16,"turns":4}],"seed_played":"8163377000510478134","potions_obtained":[{"floor":3,"key":"Energy Potion"},{"floor":5,"key":"ColorlessPotion"},{"floor":8,"key":"Strength Potion"},{"floor":11,"key":"Ancient Potion"},{"floor":12,"key":"Adrenaline Potion"}],"is_trial":false,"path_per_floor":["M","$","M","?","M","R","M","E","T","R","?","E","R","E","R","B"],"character_chosen":"THE_SILENT","items_purchased":["ReplayTheSpireMod:CursedCoin","Replay:Bandana","Dagger Spray"],"campfire_rested":3,"item_purchase_floors":[2,2,2],"current_hp_per_floor":[76,76,65,65,61,61,47,8,8,29,29,2,23,13,34,0,0],"gold":453,"neow_bonus":"TEN_PERCENT_HP_BONUS","is_daily":false,"chose_seed":false,"campfire_upgraded":1,"win_rate":0.0,"timestamp":1610811923,"path_taken":["M","$","M","?","M","R","M","E","T","R","?","E","R","E","R","BOSS"],"items_purchased_type":["Relic","Relic","Card"],"build_version":"2020-12-22","purchased_purges":1,"victory":false,"max_hp_per_floor":[77,77,77,71,71,71,71,71,71,71,71,71,71,71,71,71,71],"card_choices":[{"not_picked":["Prepared","Predator"],"picked":"Sucker Punch","floor":1},{"not_picked":["Calculated Gamble","Dagger Throw"],"picked":"Riddle With Holes","floor":3},{"not_picked":["StuffTheSpire:ClusterCrunch","Deflect"],"picked":"Hidden Blade","floor":5},{"not_picked":["Dodge and Roll","Backflip"],"picked":"Riddle With Holes","floor":7},{"not_picked":["hubris:Counter","Distraction"],"picked":"Quick Slash","floor":8},{"not_picked":["Tactician","Blade Dance"],"picked":"Deadly Poison","floor":12},{"not_picked":["Slice","hubris:TrickCloak"],"picked":"Poisoned Stab","floor":14}],"player_experience":1056195,"relics_obtained":[{"floor":8,"key":"Garlic"},{"floor":9,"key":"Bronze Scales"},{"floor":12,"key":"Happy Flower"},{"floor":14,"key":"hubris:CrystalStatue"}],"event_choices":[{"damage_healed":0,"gold_gain":0,"player_choice":"Lose Max HP","damage_taken":0,"relics_obtained":["Golden Idol"],"max_hp_gain":0,"max_hp_loss":6,"event_name":"Golden Idol","floor":4,"gold_loss":0},{"damage_healed":0,"gold_gain":0,"player_choice":"Got Potions","damage_taken":0,"max_hp_gain":0,"max_hp_loss":0,"event_name":"Lab","floor":11,"gold_loss":0}],"is_beta":false,"boss_relics":[],"items_purged_floors":[2],"is_endless":false,"potions_floor_spawned":[3,5,8,12],"killed_by":"Fading Forest","ascension_level":5}}