{"host":"5p9hybygolzp0efr","time":1610794225,"event":{"mods":["AchievementEnabler","BaseMod","Bestiary","Colored Map","Minty Spire (QoL Compilation)","Relic Stats"],"gold_per_floor":[111,73,92,92,116,130,130,130],"floor_reached":7,"language":"ENG","playtime":414,"items_purged":[],"score":49,"play_id":"4e9aa5ec-6903-44bd-947d-0ad311b87ed5","local_time":"20210116185025","is_ascension_mode":true,"campfire_choices":[],"circlet_count":0,"master_deck":["Eruption","Vigilance+1","Study","LessonLearned","SashWhip","Adaptation","Meditate","Nirvana","Establishment","WaveOfTheHand+1","TalkToTheHand+1","CutThroughFate","Injury","DeceiveReality","Protect"],"relics":["Pandora\u0027s Box","Golden Idol"],"acts_visited":["Exordium"],"potions_floor_usage":[7],"damage_taken":[{"damage":18,"enemies":"Small Slimes","floor":1,"turns":7},{"damage":0,"enemies":"2 Louse","floor":3,"turns":3},{"damage":28,"enemies":"Cultist","floor":5,"turns":6},{"damage":21,"enemies":"3 Louse","floor":6,"turns":5},{"damage":13,"enemies":"Gremlin Nob","floor":7,"turns":2}],"seed_played":"5792191576938590391","potions_obtained":[{"floor":5,"key":"Ambrosia"},{"floor":6,"key":"Fruit Juice"}],"is_trial":false,"path_per_floor":["M","?","M","?","M","M","E"],"character_chosen":"WATCHER","items_purchased":[],"campfire_rested":0,"item_purchase_floors":[],"current_hp_per_floor":[54,54,54,54,26,5,0,0],"gold":130,"neow_bonus":"BOSS_RELIC","is_daily":false,"chose_seed":false,"campfire_upgraded":0,"win_rate":0.0,"timestamp":1610794225,"path_taken":["M","?","M","?","M","M","E"],"items_purchased_type":[],"build_version":"2020-12-22","purchased_purges":0,"victory":false,"max_hp_per_floor":[72,72,72,72,72,72,77,77],"relic_stats":{"counters":[5,23],"Golden Idol":8,"Pandora\u0027s Box":["Study","LessonLearned","SashWhip","Adaptation","Meditate","Nirvana","Establishment","WaveOfTheHand"],"obtain_stats":[{"Golden Idol":4,"Pandora\u0027s Box":0,"PureWater":0},{"Golden Idol":2,"Pandora\u0027s Box":0,"PureWater":0},{"Golden Idol":10,"Pandora\u0027s Box":0,"PureWater":0}]},"card_choices":[{"not_picked":["FollowUp","SignatureMove"],"picked":"TalkToTheHand","floor":1},{"not_picked":["Protect","DeceiveReality"],"picked":"CutThroughFate","floor":3},{"not_picked":["Perseverance","CrushJoints"],"picked":"DeceiveReality","floor":5},{"not_picked":["Sanctity","CrushJoints"],"picked":"Protect","floor":6}],"player_experience":473644,"relics_obtained":[],"event_choices":[{"damage_healed":0,"gold_gain":0,"player_choice":"Left Gold","damage_taken":0,"max_hp_gain":0,"max_hp_loss":0,"event_name":"World of Goop","floor":2,"gold_loss":38},{"damage_healed":0,"gold_gain":0,"player_choice":"Take Wound","damage_taken":0,"relics_obtained":["Golden Idol"],"max_hp_gain":0,"max_hp_loss":0,"event_name":"Golden Idol","floor":4,"gold_loss":0,"cards_obtained":["Injury"]}],"is_beta":false,"boss_relics":[],"items_purged_floors":[],"is_endless":false,"potions_floor_spawned":[5,6],"killed_by":"Gremlin Nob","ascension_level":3}}