{"host":"oeotdbd679q6m6vu","time":1610794060,"event":{"mods":["Act Like it!","BaseMod","Colored Map","Decade(Õı–°√˜)","Downfall","Friendly Minions","Gensokyo","GifTheSpireLib","Highlight Path","Marisa£®ÏF”Í°°ƒß¿Ì…≥£©","Minty Spire (QoL Compilation)","Rare Cards Sparkle","Reimu£®≤©¿ˆ¡È√Œ£©","StSLib","The Animator","Youmu£®ªÍ∆«—˝√Œ£©"],"gold_per_floor":[0,18,18,32,32,42,42,55,87,100,165,65,50,62,72,171,171,71,87,102,152,152,152],"floor_reached":21,"language":"ZHS","playtime":1395,"items_purged":[],"score":185,"play_id":"5af01000-58fc-443f-af9e-c007a563d434","local_time":"20210116054740","is_ascension_mode":false,"campfire_choices":[{"data":"hexamod:ApocalypseNow","floor":1,"key":"SMITH"},{"floor":12,"key":"RECALL"},{"data":"hexamod:GhostflameInferno","floor":18,"key":"SMITH"}],"circlet_count":0,"master_deck":["hexamod:Sear","hexamod:Float","hexamod:ApocalypseNow+1","hexamod:ExtraCrispy","hexamod:FastForward","hexamod:WildfireWeapon","hexamod:FirstSeal","hexamod:ChargedBarrage","hexamod:ExtraCrispy","hexamod:FifthSeal","hexamod:GhostflameInferno+1","hexamod:EtherealExpedition","hexamod:SuperheatedStrike","hexamod:GhostflameBarrier","hexamod:Firestarter","hexamod:NightmareStrike","hexamod:DynamicBlow","hexamod:CatchUp","hexamod:SixthSeal","hexamod:FourthSeal"],"relics":["hexamod:SpiritBrand","SsserpentHead","Lantern","Dead Branch","downfall:HeartBlessingGreen","Pandora\u0027s Box","downfall:HeartBlessingRed"],"acts_visited":["Exordium","TheCity"],"potions_floor_usage":[9,10,11,16,16,21,21],"damage_taken":[{"damage":3,"enemies":"Small Slimes","floor":2,"turns":3},{"damage":0,"enemies":"Cultist","floor":4,"turns":3},{"damage":0,"enemies":"2 Louse","floor":6,"turns":3},{"damage":0,"enemies":"Red Slaver","floor":8,"turns":3},{"damage":26,"enemies":"Lagavulin","floor":9,"turns":8},{"damage":0,"enemies":"Gremlin Gang","floor":10,"turns":3},{"damage":0,"enemies":"Exordium Wildlife","floor":11,"turns":3},{"damage":0,"enemies":"downfall:FleeingMerchant","floor":13,"turns":4},{"damage":0,"enemies":"Large Slime","floor":14,"turns":3},{"damage":0,"enemies":"3 Louse","floor":15,"turns":3},{"damage":22,"enemies":"IC_STATUS_ARCHETYPE","floor":16,"turns":5},{"damage":20,"enemies":"Shell Parasite","floor":19,"turns":4},{"damage":24,"enemies":"Shelled Parasite and Fungi","floor":20,"turns":4},{"damage":27,"enemies":"Snake Plant","floor":21,"turns":3}],"seed_played":"899084555206164855","potions_obtained":[{"floor":2,"key":"DuplicationPotion"},{"floor":3,"key":"Explosive Potion"},{"floor":3,"key":"DuplicationPotion"},{"floor":9,"key":"DuplicationPotion"},{"floor":14,"key":"Fire Potion"},{"floor":15,"key":"Fire Potion"},{"floor":20,"key":"Fire Potion"}],"is_trial":false,"path_per_floor":["R","M","?","M","?","M","T","M","E","M","M","R","$","M","M","B",null,"R","M","M","M"],"character_chosen":"THE_SPIRIT","items_purchased":[],"campfire_rested":0,"item_purchase_floors":[],"current_hp_per_floor":[70,67,67,67,67,67,67,67,41,41,41,41,48,55,62,47,70,70,50,26,0,0,0],"gold":152,"neow_bonus":"THREE_RARE_CARDS","is_daily":false,"chose_seed":false,"campfire_upgraded":2,"win_rate":0.0,"timestamp":1610794060,"path_taken":["R","M","?","?","?","M","T","M","E","M","?","R","$","M","M","BOSS","R","M","M","?"],"items_purchased_type":[],"build_version":"2020-12-22","purchased_purges":0,"victory":false,"max_hp_per_floor":[70,70,70,70,70,70,70,70,70,70,70,70,70,70,70,70,70,70,70,70,70,70,70],"card_choices":[{"not_picked":["hexamod:GiftsFromTheDead","hexamod:SearingWound"],"picked":"hexamod:ApocalypseNow","floor":0},{"not_picked":["hexamod:RetreatToShadows","hexamod:GhostLash"],"picked":"hexamod:ExtraCrispy","floor":2},{"not_picked":["hexamod:FlamesFromBeyond","hexamod:SuperheatedStrike","hexamod:GhostShield"],"picked":"SKIP","floor":4},{"not_picked":["hexamod:RainOfEmbers","hexamod:GhostOfSpirePast"],"picked":"hexamod:FastForward","floor":6},{"not_picked":["hexamod:FlamesFromBeyond","hexamod:NightmareStrike","hexamod:HauntingEcho"],"picked":"SKIP","floor":8},{"not_picked":["hexamod:UnleashSpirits","hexamod:RecurringNightmare"],"picked":"hexamod:WildfireWeapon","floor":9},{"not_picked":["hexamod:HauntingEcho","hexamod:Hexaguard","hexamod:ShieldOfDarkness"],"picked":"SKIP","floor":10},{"not_picked":["hexamod:FlamesFromBeyond","hexamod:InspiringFlames"],"picked":"hexamod:FirstSeal","floor":11},{"not_picked":["hexamod:BacktrackSmack","hexamod:HauntingEcho"],"picked":"hexamod:ChargedBarrage","floor":13},{"not_picked":["hexamod:GhostflameBarrier","hexamod:BacktrackSmack","hexamod:ThermalTransfer"],"picked":"SKIP","floor":14},{"not_picked":["hexamod:Hexaguard","hexamod:BurningTouch"],"picked":"hexamod:ExtraCrispy","floor":15},{"not_picked":["hexamod:UnleashSpirits","hexamod:ApocalypticArmor"],"picked":"hexamod:FifthSeal","floor":16},{"not_picked":["hexamod:FirstSeal","hexamod:FourthSeal"],"picked":"hexamod:SixthSeal","floor":19},{"not_picked":["hexamod:Firestarter","hexamod:PhantomFireball","hexamod:EtherealExpedition"],"picked":"SKIP","floor":19},{"not_picked":["hexamod:SixthSeal","hexamod:FirstSeal"],"picked":"hexamod:FourthSeal","floor":20},{"not_picked":["hexamod:BacktrackSmack","hexamod:HauntingEcho","hexamod:GhostOfSpireFuture"],"picked":"SKIP","floor":20}],"player_experience":340670,"relics_obtained":[{"floor":7,"key":"Lantern"},{"floor":9,"key":"Dead Branch"}],"event_choices":[{"damage_healed":0,"gold_gain":0,"player_choice":"Got Potions","damage_taken":0,"max_hp_gain":0,"max_hp_loss":0,"event_name":"Lab","floor":3,"gold_loss":0},{"damage_healed":0,"gold_gain":0,"player_choice":"Trade","damage_taken":0,"relics_obtained":["SsserpentHead"],"max_hp_gain":0,"max_hp_loss":0,"event_name":"FaceTrader","floor":5,"gold_loss":0}],"is_beta":false,"boss_relics":[{"not_picked":["Busted Crown","hexamod:IceCube"],"picked":"Pandora\u0027s Box"}],"items_purged_floors":[],"is_endless":false,"potions_floor_spawned":[2,9,14,15,20],"killed_by":"Snake Plant","ascension_level":0}}