{"host":"t9zjxed0utvsfjwc","time":1610782030,"event":{"mods":["2.2 Compatiblity","Aspiration","BaseMod","Better Altar","Better Match","Better Note","Better Sensory Stone","Better Skull","Better Third Choice","Block Reminder","Colored Map","Colored Powertips","Hermit","Highlight Path","Hubris","Infinite Spire","Ironclad Rager","Minty Spire (QoL Compilation)","Quick Restart","Replay The Spire","StSLib","The Cursed","The Marked","Unceasing Turn Reminder","everything is the same but u backflip on backflip"],"gold_per_floor":[117,135,135,146,164,164,175,28,28,28,41,57,72,91,91,191,191,205,105,120,140,140,140,55,68,68,68,68,86,86,86,86],"floor_reached":31,"language":"ENG","playtime":2331,"items_purged":["hermit:Defend_Hermit","hermit:Defend_Hermit"],"score":233,"play_id":"0aeed288-d4ef-422a-839f-70f505ea5a8f","local_time":"20210116072710","is_ascension_mode":false,"campfire_choices":[{"data":"hermit:Defend_Hermit","floor":6,"key":"PURGE"},{"floor":10,"key":"DIG"},{"floor":15,"key":"REST"},{"floor":27,"key":"REST"}],"circlet_count":0,"master_deck":["hermit:Strike_Hermit","hermit:Strike_Hermit","hermit:Strike_Hermit","hermit:Strike_Hermit","hermit:Defend_Hermit","hermit:Snapshot","hermit:Covet+1","hermit:Snipe","hermit:TakeCover","hermit:Combo","hermit:GhostlyPresence","hermit:ItchyTrigger+1","hermit:ItchyTrigger","hermit:EternalForm","hermit:ItchyTrigger","hermit:Maintenance+1","hermit:Showdown+1"],"relics":["hermit:Momento","aspiration:Nostalgia","Ring of the Snake","Replay:Multitool","infinitespire:FocusingShard","Akabeko","Replay:Baseball","War Paint"],"acts_visited":["Exordium","TheCity"],"potions_floor_usage":[7,14,14,16,16,29],"damage_taken":[{"damage":2,"enemies":"2 Louse","floor":1,"turns":2},{"damage":0,"enemies":"Cultist","floor":2,"turns":3},{"damage":5,"enemies":"Small Slimes","floor":4,"turns":2},{"damage":13,"enemies":"Exordium Thugs","floor":5,"turns":7},{"damage":16,"enemies":"Large Slime","floor":7,"turns":4},{"damage":0,"enemies":"Looter","floor":11,"turns":4},{"damage":1,"enemies":"2 Fungi Beasts","floor":12,"turns":3},{"damage":0,"enemies":"Exordium Wildlife","floor":13,"turns":2},{"damage":1,"enemies":"Exordium Thugs","floor":14,"turns":4},{"damage":18,"enemies":"Fading Forest","floor":16,"turns":11},{"damage":4,"enemies":"Spheric Guardian","floor":18,"turns":3},{"damage":33,"enemies":"3 Byrds","floor":20,"turns":4},{"damage":19,"enemies":"Cultist and Chosen","floor":21,"turns":5},{"damage":26,"enemies":"Snake Plant","floor":25,"turns":4},{"damage":25,"enemies":"3 Cultists","floor":29,"turns":5},{"damage":20,"enemies":"Sentry and Sphere","floor":31,"turns":3}],"seed_played":"-2612917637515882625","potions_obtained":[{"floor":4,"key":"Ancient Potion"},{"floor":5,"key":"DuplicationPotion"},{"floor":7,"key":"Venom Potion"},{"floor":12,"key":"Explosive Potion"},{"floor":14,"key":"Adrenaline Potion"},{"floor":16,"key":"hermit:BlackBile"},{"floor":20,"key":"Dexterity Potion"},{"floor":25,"key":"Weak Potion"}],"is_trial":false,"path_per_floor":["M","M","?","M","M","R","M","$","T","R","M","M","M","M","R_BF","B",null,"M","$","M","M","?","R","?","M","T","R","$","M","?","M"],"character_chosen":"HERMIT","items_purchased":["hermit:GhostlyPresence"],"campfire_rested":2,"item_purchase_floors":[8],"current_hp_per_floor":[73,73,73,68,55,55,39,39,39,39,39,38,38,37,59,41,75,71,71,38,19,19,41,41,15,15,37,37,12,20,0,0],"gold":86,"neow_bonus":"NOSTALGIA","is_daily":false,"chose_seed":false,"campfire_upgraded":0,"win_rate":0.0,"timestamp":1610782030,"path_taken":["M","M","?","M","?","R","M","$","T","R","M","M","M","M","R_BF","BOSS","M","$","M","M","?","R","?","M","T","R","$","M","?","M"],"items_purchased_type":["Card"],"build_version":"2020-12-22","purchased_purges":2,"victory":false,"max_hp_per_floor":[75,75,75,75,75,75,75,75,75,75,75,75,75,75,75,75,75,75,75,75,75,75,75,75,75,75,75,75,75,75,75,75],"card_choices":[{"not_picked":["hermit:TrackingShot","hermit:Gestalt"],"picked":"hermit:Snipe","floor":1},{"not_picked":["hermit:Shortfuse","hermit:Feint"],"picked":"hermit:Snipe","floor":2},{"not_picked":["hermit:Cheat","hermit:LoneWolf"],"picked":"hermit:TakeCover","floor":4},{"not_picked":["hermit:Quickdraw","hermit:HighCaliber"],"picked":"hermit:Combo","floor":5},{"not_picked":["hermit:Snipe","hermit:Combo","hermit:Showdown"],"picked":"SKIP","floor":7},{"not_picked":["hermit:WideOpen","hermit:Determination"],"picked":"hermit:ItchyTrigger","floor":11},{"not_picked":["hermit:LowProfile","hermit:BodyArmor","hermit:TakeCover"],"picked":"SKIP","floor":12},{"not_picked":["hermit:Glare","hermit:Coalescence"],"picked":"hermit:ItchyTrigger","floor":13},{"not_picked":["hermit:Vantage","hermit:Roulette"],"picked":"hermit:EternalForm","floor":14},{"not_picked":["hermit:BodyArmor","hermit:Desperado"],"picked":"hermit:ItchyTrigger","floor":18},{"not_picked":["hermit:Glare","hermit:Coalescence+1"],"picked":"hermit:Maintenance","floor":20},{"not_picked":["hermit:HoleUp","hermit:FlashPowder+1"],"picked":"hermit:Showdown+1","floor":21},{"not_picked":["hermit:TakeAim","hermit:LowProfile","hermit:ItchyTrigger"],"picked":"SKIP","floor":25},{"not_picked":["hermit:Spite","hermit:Feint","hermit:Ricochet"],"picked":"SKIP","floor":29}],"player_experience":330321,"relics_obtained":[{"floor":9,"key":"infinitespire:FocusingShard"},{"floor":10,"key":"Akabeko"},{"floor":26,"key":"War Paint"}],"event_choices":[{"cards_removed":["hermit:Snipe"],"damage_healed":0,"gold_gain":0,"player_choice":"Gave Card","damage_taken":0,"relics_obtained":["Replay:Multitool"],"max_hp_gain":0,"max_hp_loss":0,"event_name":"WeMeetAgain","floor":3,"gold_loss":0},{"cards_removed":["hermit:EternalForm"],"damage_healed":0,"gold_gain":0,"player_choice":"Give","damage_taken":0,"max_hp_gain":0,"max_hp_loss":0,"event_name":"betterNote:BetterNote","floor":22,"gold_loss":0,"cards_obtained":["Defend_R"]},{"damage_healed":0,"gold_gain":0,"player_choice":"Obtained Relic","damage_taken":0,"relics_obtained":["Replay:Baseball"],"max_hp_gain":0,"max_hp_loss":0,"event_name":"Addict","floor":24,"gold_loss":85}],"is_beta":false,"boss_relics":[{"not_picked":["Replay:Drink Me","ChewingGum","Replay:Bronze Core"]}],"items_purged_floors":[8,19],"is_endless":false,"potions_floor_spawned":[4,5,7,12,14,16,20,25],"killed_by":"Sentry and Sphere","ascension_level":0}}