{"host":"hzinic87vu8p95wn","time":1610814291,"event":{"mods":["BaseMod","Minty Spire (QoL Compilation)"],"gold_per_floor":[110,30,30,180,199,199,225,237,237,237,13,32,47,60,60,60,60],"floor_reached":16,"language":"ENG","playtime":542,"items_purged":["Doubt"],"score":241,"play_id":"86fb0553-beb6-4870-b22b-715fe7c85a2a","local_time":"20210117032451","is_ascension_mode":true,"campfire_choices":[{"data":"Glacier","floor":6,"key":"SMITH"},{"data":"Sweeping Beam","floor":15,"key":"SMITH"}],"circlet_count":0,"master_deck":["AscendersBane","Strike_B","Strike_B","Strike_B","Strike_B","Defend_B","Defend_B","Defend_B","Defend_B","Zap","Dualcast","Glacier+1","White Noise+1","Sweeping Beam+1","BootSequence","Seek","Conserve Battery"],"relics":["Cracked Core","NeowsBlessing","Matryoshka","Blue Candle","Oddly Smooth Stone","Kunai","Unceasing Top"],"acts_visited":["Exordium"],"potions_floor_usage":[7,16],"damage_taken":[{"damage":0,"enemies":"2 Louse","floor":1,"turns":1},{"damage":0,"enemies":"Small Slimes","floor":5,"turns":1},{"damage":0,"enemies":"3 Sentries","floor":7,"turns":2},{"damage":0,"enemies":"Jaw Worm","floor":8,"turns":4},{"damage":0,"enemies":"Exordium Wildlife","floor":12,"turns":4},{"damage":2,"enemies":"Large Slime","floor":13,"turns":8},{"damage":0,"enemies":"2 Fungi Beasts","floor":14,"turns":4},{"damage":70,"enemies":"Hexaghost","floor":16,"turns":16}],"seed_played":"-8280141606409109528","potions_obtained":[{"floor":5,"key":"BlessingOfTheForge"},{"floor":7,"key":"Fruit Juice"},{"floor":14,"key":"AttackPotion"}],"is_trial":false,"path_per_floor":["M","$","?","?","M","R","E","M","T","T","$","M","M","M","R","B"],"character_chosen":"DEFECT","items_purchased":["White Noise","Seek"],"campfire_rested":0,"item_purchase_floors":[2,11],"current_hp_per_floor":[64,64,64,64,64,64,69,69,69,69,69,69,67,67,67,0,0],"gold":60,"neow_bonus":"THREE_ENEMY_KILL","is_daily":false,"chose_seed":false,"campfire_upgraded":2,"win_rate":0.0,"timestamp":1610814291,"path_taken":["M","$","?","?","M","R","E","M","T","?","$","M","M","M","R","BOSS"],"items_purchased_type":["Card","Card"],"build_version":"2020-12-22","purchased_purges":1,"victory":false,"max_hp_per_floor":[71,71,71,71,71,71,76,76,76,76,76,76,76,76,76,76,76],"card_choices":[{"not_picked":["Go for the Eyes","Gash"],"picked":"Glacier","floor":1},{"not_picked":["Cold Snap","Conserve Battery"],"picked":"Sweeping Beam","floor":5},{"not_picked":["Doom and Gloom","Fusion"],"picked":"BootSequence","floor":7},{"not_picked":["Stack","Reprogram","Fusion"],"picked":"SKIP","floor":8},{"not_picked":["Chaos","Reinforced Body"],"picked":"Conserve Battery","floor":12},{"not_picked":["Turbo","Fusion","Leap"],"picked":"SKIP","floor":13},{"not_picked":["Coolheaded","Steam","Go for the Eyes"],"picked":"SKIP","floor":14}],"player_experience":1578372,"relics_obtained":[{"floor":7,"key":"Matryoshka"},{"floor":9,"key":"Blue Candle"},{"floor":9,"key":"Oddly Smooth Stone"},{"floor":10,"key":"Kunai"},{"floor":10,"key":"Unceasing Top"}],"event_choices":[{"damage_healed":0,"gold_gain":0,"player_choice":"Grow","damage_taken":0,"max_hp_gain":0,"max_hp_loss":0,"event_name":"Living Wall","floor":3,"gold_loss":0,"cards_upgraded":["White Noise"]},{"damage_healed":0,"gold_gain":150,"player_choice":"AGREE","damage_taken":0,"max_hp_gain":0,"max_hp_loss":0,"event_name":"Liars Game","floor":4,"gold_loss":0,"cards_obtained":["Doubt"]}],"is_beta":false,"boss_relics":[],"items_purged_floors":[11],"is_endless":false,"potions_floor_spawned":[5,7,14],"killed_by":"Hexaghost","ascension_level":18}}