{"host":"fdn1l3zxrtmz275b","time":1610786732,"event":{"mods":["BaseMod","Downfall","GifTheSpireLib","Minty Spire (QoL Compilation)","StSLib"],"gold_per_floor":[118,134,146,166,166,166,181,181,205,185,185,197,122,140,140,235,235,245,245,245,245,256,256,6,6,29,29,29,40,40,55,55,155,155,170,187,187,187,187],"floor_reached":38,"language":"RUS","playtime":1593,"items_purged":["Strike_P"],"score":391,"play_id":"f270745e-772e-4504-ab7a-dca44de2e275","local_time":"20210116114532","is_ascension_mode":false,"campfire_choices":[{"data":"PathToVictory","floor":6,"key":"SMITH"},{"data":"ForeignInfluence","floor":8,"key":"SMITH"},{"data":"PathToVictory","floor":11,"key":"SMITH"},{"data":"PathToVictory","floor":15,"key":"SMITH"},{"floor":23,"key":"REST"},{"data":"LessonLearned","floor":25,"key":"SMITH"},{"data":"BattleHymn","floor":28,"key":"SMITH"},{"floor":30,"key":"REST"},{"floor":32,"key":"REST"}],"circlet_count":0,"master_deck":["Strike_P+1","Strike_P+1","Strike_P+1","Defend_P+1","Defend_P+1","Defend_P+1","Defend_P","Eruption","Vigilance+1","PathToVictory+1","Meditate","ForeignInfluence+1","EmptyBody","PathToVictory+1","PathToVictory+1","Halt","LessonLearned+1","BattleHymn+1","ClearTheMind+1","DevaForm","PathToVictory","Dark Shackles"],"relics":["PureWater","MealTicket","Velvet Choker","Enchiridion","White Beast Statue","Centennial Puzzle","Ancient Tea Set","Philosopher\u0027s Stone"],"acts_visited":["Exordium","TheCity","TheBeyond"],"potions_floor_usage":[16,16,16,31,36,36,38,38],"damage_taken":[{"damage":0,"enemies":"Cultist","floor":1,"turns":2},{"damage":9,"enemies":"Jaw Worm","floor":2,"turns":3},{"damage":0,"enemies":"2 Louse","floor":3,"turns":2},{"damage":0,"enemies":"Large Slime","floor":4,"turns":4},{"damage":2,"enemies":"Looter","floor":7,"turns":3},{"damage":2,"enemies":"Exordium Thugs","floor":12,"turns":3},{"damage":0,"enemies":"Exordium Wildlife","floor":14,"turns":2},{"damage":8,"enemies":"The Guardian","floor":16,"turns":6},{"damage":0,"enemies":"Chosen","floor":18,"turns":4},{"damage":0,"enemies":"Shell Parasite","floor":22,"turns":5},{"damage":30,"enemies":"Sentry and Sphere","floor":29,"turns":6},{"damage":16,"enemies":"Snecko","floor":31,"turns":3},{"damage":23,"enemies":"Champ","floor":33,"turns":8},{"damage":49,"enemies":"3 Darklings","floor":35,"turns":5},{"damage":4,"enemies":"3 Shapes","floor":36,"turns":5},{"damage":56,"enemies":"2 Orb Walkers","floor":38,"turns":2}],"seed_played":"4360234709502371303","potions_obtained":[{"floor":2,"key":"DistilledChaos"},{"floor":7,"key":"GamblersBrew"},{"floor":10,"key":"GamblersBrew"},{"floor":14,"key":"Energy Potion"},{"floor":16,"key":"GamblersBrew"},{"floor":29,"key":"FearPotion"},{"floor":31,"key":"SteroidPotion"},{"floor":33,"key":"AttackPotion"},{"floor":35,"key":"SkillPotion"},{"floor":36,"key":"PowerPotion"}],"is_trial":false,"path_per_floor":["M","M","M","M","?","R","M","R","T","?","R","M","$","M","R","B",null,"M","?","?","?","M","R","$","R","T","T","R","M","R","M","R","B",null,"M","M","?","?"],"character_chosen":"WATCHER","items_purchased":["White Beast Statue"],"campfire_rested":3,"item_purchase_floors":[24],"current_hp_per_floor":[79,70,70,70,54,54,52,52,52,52,52,50,65,65,65,57,79,79,63,48,48,48,73,84,84,84,84,84,54,79,63,84,61,84,35,31,31,0,0],"gold":187,"neow_bonus":"TEN_PERCENT_HP_BONUS","is_daily":false,"chose_seed":false,"campfire_upgraded":6,"win_rate":0.0,"timestamp":1610786732,"path_taken":["M","M","M","M","?","R","M","R","T","?","R","M","$","?","R","BOSS","M","?","?","?","M","R","$","R","T","?","R","M","R","?","R","BOSS","M","M","?","?"],"items_purchased_type":["Relic"],"build_version":"2020-12-22","purchased_purges":1,"victory":false,"max_hp_per_floor":[79,79,79,79,79,79,79,79,79,79,79,79,79,79,79,79,79,79,79,84,84,84,84,84,84,84,84,84,84,84,84,84,84,84,84,84,84,84,84],"card_choices":[{"not_picked":["ThirdEye","TalkToTheHand"],"picked":"PathToVictory","floor":1},{"not_picked":["BowlingBash","CutThroughFate"],"picked":"Meditate","floor":2},{"not_picked":["Evaluate","WheelKick"],"picked":"ForeignInfluence","floor":3},{"not_picked":["ThirdEye","LikeWater"],"picked":"EmptyBody","floor":4},{"not_picked":["Halt","CrushJoints"],"picked":"PathToVictory","floor":7},{"not_picked":["Devotion","Conclude"],"picked":"PathToVictory","floor":12},{"not_picked":["BowlingBash","ThirdEye"],"picked":"Halt","floor":14},{"not_picked":["Alpha","Brilliance"],"picked":"LessonLearned","floor":16},{"not_picked":["Nirvana","EmptyBody"],"picked":"BattleHymn","floor":18},{"not_picked":["SashWhip","Weave"],"picked":"ClearTheMind+1","floor":22},{"not_picked":["Vengeance","Weave","LikeWater"],"picked":"SKIP","floor":29},{"not_picked":["SashWhip","Halt","JustLucky"],"picked":"SKIP","floor":31},{"not_picked":["Alpha","Brilliance"],"picked":"DevaForm","floor":33},{"not_picked":["EmptyFist","ThirdEye+1"],"picked":"PathToVictory","floor":35},{"not_picked":["SashWhip+1","BattleHymn+1","CrushJoints+1"],"picked":"SKIP","floor":36},{"not_picked":["Impatience","Blind"],"picked":"Dark Shackles","floor":37}],"player_experience":112682,"relics_obtained":[{"floor":9,"key":"MealTicket"},{"floor":19,"key":"Enchiridion"},{"floor":26,"key":"Centennial Puzzle"},{"floor":27,"key":"Ancient Tea Set"}],"event_choices":[{"damage_healed":0,"gold_gain":0,"player_choice":"Entered Light","damage_taken":16,"max_hp_gain":0,"max_hp_loss":0,"event_name":"Shining Light","floor":5,"gold_loss":0,"cards_upgraded":["Vigilance","Defend_P"]},{"damage_healed":0,"gold_gain":0,"player_choice":"Bought 1 Potion","damage_taken":0,"max_hp_gain":0,"max_hp_loss":0,"event_name":"The Woman in Blue","floor":10,"gold_loss":0},{"damage_healed":0,"gold_gain":0,"player_choice":"Obtained Book","damage_taken":16,"max_hp_gain":0,"max_hp_loss":0,"event_name":"Cursed Tome","floor":19,"gold_loss":0},{"damage_healed":0,"gold_gain":0,"player_choice":"Shed Blood","damage_taken":20,"max_hp_gain":5,"max_hp_loss":0,"event_name":"Forgotten Altar","floor":20,"gold_loss":0},{"damage_healed":0,"gold_gain":0,"player_choice":"Ignored","damage_taken":0,"max_hp_gain":0,"max_hp_loss":0,"event_name":"Vampires","floor":21,"gold_loss":0},{"damage_healed":0,"gold_gain":0,"player_choice":"Memory 1","damage_taken":0,"max_hp_gain":0,"max_hp_loss":0,"event_name":"SensoryStone","floor":37,"gold_loss":0},{"damage_healed":0,"gold_gain":0,"player_choice":"Fight","damage_taken":0,"max_hp_gain":0,"max_hp_loss":0,"event_name":"Mysterious Sphere","floor":38,"gold_loss":0}],"is_beta":false,"boss_relics":[{"not_picked":["Tiny House","Fusion Hammer"],"picked":"Velvet Choker"},{"not_picked":["Astrolabe","Empty Cage"],"picked":"Philosopher\u0027s Stone"}],"items_purged_floors":[13],"is_endless":false,"potions_floor_spawned":[2,7,14,16,29,31,33,35,36],"killed_by":"2 Orb Walkers","ascension_level":0}}