{"host":"opg65mucj6ra7dr1","time":1610785823,"event":{"mods":["BaseMod","DeckTracker","Keyboard Shortcuts","Minty Spire (QoL Compilation)","Permanent Neow","Quick Restart","everything is the same but u backflip on backflip"],"gold_per_floor":[20,20,95,14,34,34,78,78,78,101,101,101,1,1,1,132,132,153,79,104,104,118,118,138,138,165,189,189,189,189],"floor_reached":29,"language":"KOR","playtime":822,"items_purged":["Strike_G"],"score":298,"play_id":"f3c2539d-2a74-4f64-8d0f-a76956f30c4b","local_time":"20210116173023","is_ascension_mode":true,"campfire_choices":[{"floor":6.0,"key":"REST"},{"floor":15.0,"key":"REST"},{"data":"Catalyst","floor":23.0,"key":"SMITH"},{"floor":25.0,"key":"REST"}],"circlet_count":0,"master_deck":["Strike_G","Strike_G","Strike_G","Defend_G","Defend_G+1","Defend_G","Defend_G","Defend_G+1","Survivor","Neutralize","Catalyst+1","Backflip","Bouncing Flask","Deflect","Corpse Explosion","Quick Slash","Well Laid Plans","Calculated Gamble","Leg Sweep","Poisoned Stab+1","Sucker Punch"],"relics":["Ring of the Snake","The Specimen","Golden Idol","Turnip","War Paint","Philosopher\u0027s Stone","Nloth\u0027s Gift","Oddly Smooth Stone"],"acts_visited":["Exordium","TheCity"],"potions_floor_usage":[29,29],"damage_taken":[{"damage":0.0,"enemies":"Small Slimes","floor":1.0,"turns":3.0},{"damage":2.0,"enemies":"2 Louse","floor":5.0,"turns":4.0},{"damage":44.0,"enemies":"3 Sentries","floor":7.0,"turns":14.0},{"damage":0.0,"enemies":"Jaw Worm","floor":10.0,"turns":4.0},{"damage":28.0,"enemies":"The Guardian","floor":16.0,"turns":9.0},{"damage":0.0,"enemies":"Chosen","floor":18.0,"turns":4.0},{"damage":27.0,"enemies":"3 Byrds","floor":20.0,"turns":3.0},{"damage":5.0,"enemies":"Snake Plant","floor":22.0,"turns":6.0},{"damage":8.0,"enemies":"Snecko","floor":24.0,"turns":6.0},{"damage":23.0,"enemies":"Shelled Parasite and Fungi","floor":27.0,"turns":5.0},{"damage":25,"enemies":"Gremlin Leader","floor":29,"turns":4}],"seed_played":"-6467022495760092247","potions_obtained":[{"floor":1.0,"key":"Weak Potion"},{"floor":18.0,"key":"SteroidPotion"},{"floor":22.0,"key":"Explosive Potion"}],"is_trial":false,"path_per_floor":["M","?","?","$","M","R","E","?","T","M","?","T","$","?","R","B",null,"M","$","M","?","M","R","M","R","T","M","?","E"],"character_chosen":"THE_SILENT","items_purchased":["Catalyst","Deflect","Well Laid Plans"],"campfire_rested":3,"item_purchase_floors":[4,13,19],"current_hp_per_floor":[63,46,35,35,33,54,10,10,10,10,10,10,10,10,31,3,53,53,53,26,26,21,21,13,34,34,11,34,9,9],"gold":189,"neow_bonus":"ONE_RARE_RELIC","is_daily":false,"chose_seed":false,"campfire_upgraded":1,"win_rate":0.0,"timestamp":1610785823,"path_taken":["M","?","?","$","M","R","E","?","T","?","?","?","?","?","R","BOSS","M","$","M","?","M","R","M","R","T","?","?","E"],"items_purchased_type":["Card","Card","Card"],"build_version":"2020-12-22","purchased_purges":1,"victory":false,"max_hp_per_floor":[70,70,70,70,70,70,70,70,70,70,70,70,70,70,70,70,70,70,70,70,70,70,70,70,70,70,70,70,70,70],"card_choices":[{"not_picked":["Prepared","Skewer","Dodge and Roll"],"picked":"SKIP","floor":1.0},{"not_picked":["Quick Slash","Slice"],"picked":"Backflip","floor":5.0},{"not_picked":["Cloak And Dagger","Expertise"],"picked":"Bouncing Flask","floor":7.0},{"not_picked":["Outmaneuver","Choke","Caltrops"],"picked":"SKIP","floor":10.0},{"not_picked":["Glass Knife","Adrenaline"],"picked":"Corpse Explosion","floor":16.0},{"not_picked":["Underhanded Strike","Dagger Spray"],"picked":"Quick Slash","floor":18.0},{"not_picked":["Leg Sweep+1","Distraction"],"picked":"Calculated Gamble","floor":20.0},{"not_picked":["Backstab","Caltrops+1"],"picked":"Leg Sweep","floor":22.0},{"not_picked":["Concentrate","Cloak And Dagger"],"picked":"Poisoned Stab+1","floor":24.0},{"not_picked":["Dagger Spray","Outmaneuver"],"picked":"Sucker Punch","floor":27.0}],"player_experience":129685,"relics_obtained":[{"floor":7.0,"key":"Turnip"},{"floor":9.0,"key":"War Paint"},{"floor":12.0,"key":"Letter Opener"},{"floor":26.0,"key":"Oddly Smooth Stone"}],"event_choices":[{"damage_healed":0.0,"max_hp_gain":0.0,"max_hp_loss":0.0,"gold_gain":0.0,"event_name":"Golden Idol","player_choice":"Take Damage","floor":2.0,"gold_loss":0.0,"damage_taken":17.0,"relics_obtained":["Golden Idol"]},{"damage_healed":0.0,"max_hp_gain":0.0,"max_hp_loss":0.0,"gold_gain":75.0,"event_name":"World of Goop","player_choice":"Gather Gold","floor":3.0,"gold_loss":0.0,"damage_taken":11.0},{"cards_removed":["Strike_G"],"damage_healed":0.0,"max_hp_gain":0.0,"max_hp_loss":0.0,"gold_gain":0.0,"event_name":"Living Wall","player_choice":"Forget","floor":8.0,"gold_loss":0.0,"damage_taken":0.0},{"damage_healed":0.0,"max_hp_gain":0.0,"max_hp_loss":0.0,"gold_gain":0.0,"event_name":"Liars Game","player_choice":"Ignored","floor":11.0,"gold_loss":0.0,"damage_taken":0.0},{"damage_healed":0.0,"max_hp_gain":0.0,"max_hp_loss":0.0,"gold_gain":0.0,"event_name":"Dead Adventurer","player_choice":"Searched \u00270\u0027 times","floor":14.0,"gold_loss":0.0,"damage_taken":0.0},{"damage_healed":0.0,"max_hp_gain":0.0,"max_hp_loss":0.0,"gold_gain":0.0,"event_name":"N\u0027loth","player_choice":"Traded Relic","floor":21.0,"relics_lost":["Letter Opener"],"gold_loss":0.0,"damage_taken":0.0,"relics_obtained":["Nloth\u0027s Gift"]},{"damage_healed":23.0,"max_hp_gain":0.0,"max_hp_loss":0.0,"gold_gain":0.0,"event_name":"The Library","player_choice":"Heal","floor":28.0,"gold_loss":0.0,"damage_taken":0.0}],"is_beta":false,"boss_relics":[{"not_picked":["Ectoplasm","SlaversCollar"],"picked":"Philosopher\u0027s Stone"}],"items_purged_floors":[13],"is_endless":false,"potions_floor_spawned":[1,18,22],"killed_by":"Gremlin Leader","ascension_level":7}}