{"host":"ee2njjf408o9d0kx","time":1610763232,"event":{"mods":["Act Like it!","Arknights The Spire","Bartender","BaseMod","Colored Powertips","Duelist Mod","GifTheSpireLib","Hallownest","Hermit","Melee Mod","Minty Spire (QoL Compilation)","Quick Restart","StSLib","Td1madao Mod","The Animator","The Bug Knight","The Necromancer","The Servant 0.9.4","The Wild Card"],"gold_per_floor":[363,84,103,103,119,119,148,148,173,186,214,13,13,31,31,132,182,202,122,122,122,138,138,157,157,157,157,38,38,56,71,71,71,71],"floor_reached":33,"language":"ENG","playtime":2229,"items_purged":[],"score":245,"play_id":"749c24b6-3475-4a62-b05f-cb095da8af2d","local_time":"20210115181352","is_ascension_mode":false,"campfire_choices":[{"data":"HollowMod:FocusHealStart","floor":6,"key":"SMITH"},{"floor":8,"key":"REST"},{"floor":15,"key":"REST"},{"data":"HollowMod:ChannelNail","floor":23,"key":"SMITH"},{"floor":25,"key":"REST"},{"floor":27,"key":"REST"},{"floor":32,"key":"REST"}],"circlet_count":0,"master_deck":["HollowMod:NailStrikeStart","HollowMod:NailStrikeStart","HollowMod:NailStrikeStart","HollowMod:NailStrikeStart","HollowMod:QuickDashStart","HollowMod:QuickDashStart","HollowMod:QuickDashStart","HollowMod:QuickDashStart","HollowMod:FocusHealStart+1","HollowMod:PogoStrike","HollowMod:CoiledNail","HollowMod:SiblingsSouls","HollowMod:HowlingWraiths+1","HollowMod:PerfectDash","HollowMod:ZotesMagnificence","HollowMod:GoodIntentions","HollowMod:PureNailStrike","HollowMod:SoulSplash","HollowMod:DashSlash","HollowMod:QuirrelsAssistance","HollowMod:PureVessel","HollowMod:DesolateDive","HollowMod:ChannelNail+1","Hallownest:skillCityofTearsMap","HollowMod:LifebloodCocoon","HollowMod:FastStrike","HollowMod:VengefulSpirit","HollowMod:CoiledNail","HollowMod:SoulStrike","HollowMod:CornifersMapStart+1"],"relics":["HollowMod:VesselMask","Potion Belt","Toy Ornithopter","Odd Mushroom","HollowMod:PaleOreRelic","Tiny House","Red Mask","Vajra","WingedGreaves"],"acts_visited":["Exordium","Hallownest:CityofTears"],"potions_floor_usage":[33,33,33,33,33,33,33,33,33],"damage_taken":[{"damage":1,"enemies":"Cultist","floor":1,"turns":3},{"damage":1,"enemies":"Jaw Worm","floor":3,"turns":2},{"damage":2,"enemies":"2 Louse","floor":5,"turns":2},{"damage":40,"enemies":"3 Sentries","floor":7,"turns":6},{"damage":9,"enemies":"Blue Slaver","floor":10,"turns":3},{"damage":6,"enemies":"The Mushroom Lair","floor":11,"turns":4},{"damage":16,"enemies":"Exordium Wildlife","floor":14,"turns":3},{"damage":46,"enemies":"HollowMod:FalseKnight","floor":16,"turns":10},{"damage":16,"enemies":"Hallownest:Guard_and_Sentry","floor":18,"turns":8},{"damage":29,"enemies":"Hallownest:Flukemon_and_Top","floor":22,"turns":6},{"damage":31,"enemies":"Hallownest:monsterShrumalOgre","floor":24,"turns":5},{"damage":19,"enemies":"Hallownest:Warrior_and_Youth","floor":30,"turns":5},{"damage":33,"enemies":"Hallownest:2_Husk_Sentries","floor":31,"turns":7},{"damage":101,"enemies":"Hallownest:BossGrimm","floor":33,"turns":8}],"seed_played":"-7305435844559411958","potions_obtained":[{"floor":1,"key":"SteroidPotion"},{"floor":5,"key":"DuplicationPotion"},{"floor":14,"key":"Swift Potion"},{"floor":17,"key":"SmokeBomb"}],"is_trial":false,"path_per_floor":["M","$","M","?","M","R","E","R","T","M","?","$","?","M","R","B",null,"M","?","?","T","M","R","M","R","T","R","$","?","M","M","R","B"],"character_chosen":"THE_BUGKNIGHT","items_purchased":["HollowMod:SiblingsSouls","HollowMod:HowlingWraiths","HollowMod:PerfectDash","HollowMod:ZotesMagnificence","HollowMod:PaleOreRelic","BlessingOfTheForge","HollowMod:VengefulSpirit","HollowMod:CoiledNail"],"campfire_rested":5,"item_purchase_floors":[2,2,2,2,12,12,28,28],"current_hp_per_floor":[59,59,58,58,56,56,26,48,48,39,33,33,33,23,45,9,80,70,70,70,70,41,41,16,40,40,64,64,64,45,18,42,0,0],"gold":71,"neow_bonus":"TWO_FIFTY_GOLD","is_daily":false,"chose_seed":false,"campfire_upgraded":2,"win_rate":0.0,"timestamp":1610763232,"path_taken":["M","?","M","?","?","R","E","R","T","M","?","$","?","M","R","BOSS","M","?","?","?","M","R","?","R","T","R","$","?","M","M","R","BOSS"],"items_purchased_type":["Card","Card","Card","Card","Relic","Potion","Card","Card"],"build_version":"2020-12-22","purchased_purges":0,"victory":false,"max_hp_per_floor":[75,75,75,75,75,75,75,75,75,75,75,75,75,75,75,75,80,80,80,80,80,80,80,80,80,80,80,80,80,80,80,80,80,80],"card_choices":[{"not_picked":["HollowMod:BrokenVessel","HollowMod:ShapeofUnn"],"picked":"HollowMod:CoiledNail","floor":1},{"not_picked":["HollowMod:BlackTendrils","HollowMod:ShadowDash"],"picked":"HollowMod:GoodIntentions","floor":3},{"not_picked":["HollowMod:SoulEater","HollowMod:HowlingWraiths"],"picked":"HollowMod:PureNailStrike","floor":5},{"not_picked":["HollowMod:Grubsong","HollowMod:PureNailStrike"],"picked":"HollowMod:SoulSplash","floor":7},{"not_picked":["HollowMod:ShapeofUnn","HollowMod:CloakDash"],"picked":"HollowMod:DashSlash","floor":10},{"not_picked":["HollowMod:SharpenedShadows","HollowMod:RecoilStrike"],"picked":"HollowMod:QuirrelsAssistance","floor":11},{"not_picked":["HollowMod:SiblingsShadow","HollowMod:NewLittleFool","HollowMod:ShadowDash"],"picked":"SKIP","floor":14},{"not_picked":["HollowMod:SoulMaster","HollowMod:VoidDash"],"picked":"HollowMod:PureVessel","floor":16},{"not_picked":["HollowMod:InfectionAssault","HollowMod:GoodIntentions"],"picked":"HollowMod:DesolateDive","floor":17},{"not_picked":["HollowMod:SharpenedNail","HollowMod:HowlingWraiths"],"picked":"HollowMod:ChannelNail","floor":18},{"not_picked":["HollowMod:DescendingDark","HollowMod:BrokenVessel+1"],"picked":"HollowMod:LifebloodCocoon","floor":22},{"not_picked":["HollowMod:RecoilStrike","HollowMod:GoodIntentions"],"picked":"HollowMod:FastStrike","floor":24},{"not_picked":["HollowMod:VengefulSpirit","HollowMod:FallenFury+1"],"picked":"HollowMod:SoulStrike","floor":30},{"not_picked":["HollowMod:NewInfectedGuardian","HollowMod:NewLittleFool"],"picked":"HollowMod:CornifersMapStart+1","floor":31}],"player_experience":40267,"relics_obtained":[{"floor":7,"key":"Potion Belt"},{"floor":9,"key":"Toy Ornithopter"},{"floor":11,"key":"Odd Mushroom"},{"floor":21,"key":"Vajra"},{"floor":26,"key":"WingedGreaves"}],"event_choices":[{"cards_removed":["Iron Wave"],"damage_healed":0,"gold_gain":0,"player_choice":"Took Card","damage_taken":0,"max_hp_gain":0,"max_hp_loss":0,"event_name":"NoteForYourself","floor":4,"gold_loss":0,"cards_obtained":["Iron Wave"]},{"damage_healed":0,"gold_gain":0,"player_choice":"Fought Mushrooms","damage_taken":0,"max_hp_gain":0,"max_hp_loss":0,"event_name":"Mushrooms","floor":11,"gold_loss":0},{"damage_healed":0,"gold_gain":0,"player_choice":"Ignored","damage_taken":0,"max_hp_gain":0,"max_hp_loss":0,"event_name":"Golden Idol","floor":13,"gold_loss":0}],"is_beta":false,"boss_relics":[{"not_picked":["Ectoplasm","Cursed Key"],"picked":"Tiny House"}],"items_purged_floors":[],"is_endless":false,"potions_floor_spawned":[1,5,14,18,30],"killed_by":"Hallownest:BossGrimm","ascension_level":0}}