{"host":"63yhhrjweyj22b0v","time":1610785017,"event":{"mods":["BaseMod","Minty Spire (QoL Compilation)","Quick Restart"],"gold_per_floor":[116,116,116,46,66,66,66,85,108,108,118,134,134,149,149,248,248,262,12,22,22,35,35,35,35],"floor_reached":24,"language":"ENG","playtime":663,"items_purged":["Strike_B"],"score":188,"play_id":"f9c8ece7-ca61-4508-8b16-9578e4c68580","local_time":"20210116021657","is_ascension_mode":false,"campfire_choices":[{"data":"Capacitor","floor":7,"key":"SMITH"},{"data":"Lockon","floor":10,"key":"SMITH"},{"data":"FTL","floor":13,"key":"SMITH"},{"floor":15,"key":"REST"},{"floor":23,"key":"REST"}],"circlet_count":0,"master_deck":["Strike_B","Defend_B","Defend_B","Defend_B","Zap","Dualcast","Capacitor+1","Self Repair","FTL+1","Electrodynamics","Lockon+1","Conserve Battery","Amplify","Echo Form","Scrape+1","Self Repair+1","Force Field+1","Defragment","White Noise","Redo","Strike_G","Beam Cell"],"relics":["Cracked Core","NeowsBlessing","Akabeko","Bag of Marbles","Astrolabe"],"acts_visited":["Exordium","TheCity"],"potions_floor_usage":[12,16,24],"damage_taken":[{"damage":0,"enemies":"2 Louse","floor":1,"turns":1},{"damage":0,"enemies":"Small Slimes","floor":5,"turns":1},{"damage":0,"enemies":"Cultist","floor":8,"turns":1},{"damage":0,"enemies":"Exordium Thugs","floor":11,"turns":2},{"damage":8,"enemies":"Lots of Slimes","floor":12,"turns":2},{"damage":12,"enemies":"Gremlin Gang","floor":14,"turns":4},{"damage":58,"enemies":"The Guardian","floor":16,"turns":8},{"damage":20,"enemies":"Spheric Guardian","floor":18,"turns":4},{"damage":20,"enemies":"2 Thieves","floor":20,"turns":3},{"damage":29,"enemies":"Snecko","floor":22,"turns":5},{"damage":68,"enemies":"Sentry and Sphere","floor":24,"turns":6}],"seed_played":"2801363011045970283","potions_obtained":[{"floor":1,"key":"Swift Potion"},{"floor":8,"key":"FocusPotion"},{"floor":12,"key":"DuplicationPotion"},{"floor":22,"key":"ColorlessPotion"}],"is_trial":false,"path_per_floor":["M","?","?","$","M","?","R","M","T","R","M","M","R","M","R","B",null,"M","$","M","?","M","R","M"],"character_chosen":"DEFECT","items_purchased":["Self Repair","Defragment","White Noise","Redo"],"campfire_rested":2,"item_purchase_floors":[4,19,19,19],"current_hp_per_floor":[75,80,68,68,68,68,68,68,68,68,68,60,60,55,79,28,80,60,60,50,50,35,59,0,0],"gold":35,"neow_bonus":"THREE_ENEMY_KILL","is_daily":false,"chose_seed":false,"campfire_upgraded":3,"win_rate":0.0,"timestamp":1610785017,"path_taken":["M","?","?","$","M","?","R","M","T","R","M","M","R","M","R","BOSS","M","$","M","?","M","R","M"],"items_purchased_type":["Card","Card","Card","Card"],"build_version":"2020-12-22","purchased_purges":1,"victory":false,"max_hp_per_floor":[75,80,80,80,80,80,80,80,80,80,80,80,80,80,80,80,80,80,80,80,80,80,80,80,80],"card_choices":[{"not_picked":["Go for the Eyes","Fusion"],"picked":"Capacitor","floor":1},{"not_picked":["Conserve Battery","Rebound"],"picked":"FTL","floor":5},{"not_picked":["Gash","Barrage"],"picked":"Lockon","floor":8},{"not_picked":["Genetic Algorithm","Hologram","Compile Driver"],"picked":"SKIP","floor":11},{"not_picked":["Chill","Steam Power"],"picked":"Conserve Battery","floor":12},{"not_picked":["Conserve Battery","Ball Lightning"],"picked":"Amplify","floor":14},{"not_picked":["Buffer","Core Surge"],"picked":"Echo Form","floor":16},{"not_picked":["Sweeping Beam","Turbo","Capacitor"],"picked":"SKIP","floor":18},{"not_picked":["Capacitor+1","Redo","Cold Snap"],"picked":"SKIP","floor":20},{"not_picked":["Coolheaded","Electrodynamics"],"picked":"Beam Cell","floor":22}],"player_experience":584398,"relics_obtained":[{"floor":9,"key":"Bag of Marbles"}],"event_choices":[{"damage_healed":0,"gold_gain":0,"player_choice":"Donut","damage_taken":0,"max_hp_gain":5,"max_hp_loss":0,"event_name":"Big Fish","floor":2,"gold_loss":0},{"damage_healed":0,"gold_gain":0,"player_choice":"Success","damage_taken":12,"relics_obtained":["Akabeko"],"max_hp_gain":0,"max_hp_loss":0,"event_name":"Scrap Ooze","floor":3,"gold_loss":0},{"damage_healed":0,"gold_gain":0,"player_choice":"2 cards matched","damage_taken":0,"max_hp_gain":0,"max_hp_loss":0,"event_name":"Match and Keep!","floor":6,"gold_loss":0,"cards_obtained":["Electrodynamics","Steam Power"]},{"cards_removed":["Strike_B"],"damage_healed":0,"gold_gain":0,"player_choice":"Took Card","damage_taken":0,"max_hp_gain":0,"max_hp_loss":0,"event_name":"NoteForYourself","floor":21,"gold_loss":0,"cards_obtained":["Strike_G"]}],"is_beta":false,"boss_relics":[{"not_picked":["Cursed Key","Ectoplasm"],"picked":"Astrolabe"}],"items_purged_floors":[19],"is_endless":false,"potions_floor_spawned":[1,8,12,22],"killed_by":"Sentry and Sphere","ascension_level":0}}