{"host":"qik6c64y69p9jmph","time":1610840878,"event":{"mods":["AchievementEnabler","BaseMod","Downfall","Highlight Path","Minty Spire (QoL Compilation)","Quick Restart","StSLib","Synergy Search"],"gold_per_floor":[349,364,374,388,388,404,404,414,314,328,328,339,351,378,392,392,392,392],"floor_reached":16,"language":"ENG","playtime":736,"items_purged":[],"score":108,"play_id":"228e2115-06cb-489b-8157-97e6813ac31f","local_time":"20210116184758","is_ascension_mode":false,"campfire_choices":[{"data":"Slimebound:Split","floor":1,"key":"SMITH"},{"data":"Slimebound:AcidTongue","floor":9,"key":"SMITH"},{"data":"Slimebound:RainOfGoop","floor":11,"key":"SMITH"}],"circlet_count":0,"master_deck":["Slimebound:Strike_Slimebound","Slimebound:Strike_Slimebound","Slimebound:Strike_Slimebound","Slimebound:Tackle","Slimebound:Defend_Slimebound","Slimebound:Defend_Slimebound","Slimebound:Defend_Slimebound","Slimebound:Defend_Slimebound","Slimebound:Split+1","Slimebound:CorrosiveSpit","Normality","Slimebound:RainOfGoop+1","Slimebound:SplitLeeching","Slimebound:SlimeTap","Slimebound:AcidTongue+1","Slimebound:RainOfGoop"],"relics":["Slimebound:AbsorbEndCombat","downfall:BrokenWingStatue","downfall:HeartBlessingBlue","Bronze Scales"],"acts_visited":["Exordium"],"potions_floor_usage":[6,12,13,16,16],"damage_taken":[{"damage":1,"enemies":"Cultist","floor":2,"turns":3},{"damage":6,"enemies":"Jaw Worm","floor":3,"turns":3},{"damage":0,"enemies":"Small Slimes","floor":4,"turns":3},{"damage":5,"enemies":"Red Slaver","floor":6,"turns":4},{"damage":8,"enemies":"Large Slime","floor":8,"turns":5},{"damage":9,"enemies":"Lots of Slimes","floor":10,"turns":4},{"damage":3,"enemies":"Red Slaver","floor":12,"turns":4},{"damage":0,"enemies":"3 Louse","floor":13,"turns":2},{"damage":41,"enemies":"Gremlin Nob","floor":14,"turns":5},{"damage":4,"enemies":"Exordium Wildlife","floor":15,"turns":4},{"damage":32,"enemies":"WA_ARCHETYPE_RETAIN","floor":16,"turns":4}],"seed_played":"152790317913368193","potions_obtained":[{"floor":2,"key":"ColorlessPotion"},{"floor":8,"key":"EssenceOfSteel"},{"floor":12,"key":"Explosive Potion"},{"floor":13,"key":"hexamod:SoulburnPotion"},{"floor":15,"key":"Fire Potion"}],"is_trial":false,"path_per_floor":["R","M","M","M","?","M","T","M","R","M","R","M","M","E","M","B"],"character_chosen":"SLIMEBOUND","items_purchased":[],"campfire_rested":0,"item_purchase_floors":[],"current_hp_per_floor":[65,65,60,61,61,57,57,51,61,53,53,51,51,12,11,0,0,0],"gold":392,"neow_bonus":"TWO_FIFTY_GOLD","is_daily":false,"chose_seed":false,"campfire_upgraded":3,"win_rate":0.0,"timestamp":1610840878,"path_taken":["R","?","M","?","?","M","T","M","R","M","R","M","M","E","M","BOSS"],"items_purchased_type":[],"build_version":"2020-12-22","purchased_purges":0,"victory":false,"max_hp_per_floor":[65,65,65,65,65,65,65,65,75,75,75,75,75,75,75,75,75,75],"card_choices":[{"not_picked":["Slimebound:SplitMire","Slimebound:RollThrough"],"picked":"Slimebound:RainOfGoop","floor":2},{"not_picked":["Slimebound:TongueLash","Slimebound:GoopSpray"],"picked":"Slimebound:SplitLeeching","floor":3},{"not_picked":["Slimebound:ItLooksTasty","Slimebound:Dissolve","Slimebound:GoopSpray"],"picked":"SKIP","floor":4},{"not_picked":["Slimebound:Dissolve","Slimebound:SplitBruiser"],"picked":"Slimebound:SlimeTap","floor":6},{"not_picked":["Slimebound:Prepare","Slimebound:LeechEnergy"],"picked":"Slimebound:AcidTongue","floor":8},{"not_picked":["Slimebound:ProtectTheBoss","Slimebound:SplitLeeching","Slimebound:RollThrough"],"picked":"SKIP","floor":10},{"not_picked":["Slimebound:Repurpose","Slimebound:Prepare"],"picked":"Slimebound:RainOfGoop","floor":12},{"not_picked":["Slimebound:BestDefense","Slimebound:WasteNot","Slimebound:SplitMire"],"picked":"SKIP","floor":13},{"not_picked":["Slimebound:SlimeSpikes","Slimebound:Grow","Slimebound:RainOfGoop"],"picked":"SKIP","floor":14},{"not_picked":["Slimebound:PressTheAttack","Slimebound:SpikyOuterGoop","Slimebound:HauntingLick"],"picked":"SKIP","floor":15}],"player_experience":517163,"relics_obtained":[{"floor":14,"key":"Bronze Scales"}],"event_choices":[],"is_beta":false,"boss_relics":[],"items_purged_floors":[],"is_endless":false,"potions_floor_spawned":[2,8,12,13,15],"killed_by":"WA_ARCHETYPE_RETAIN","ascension_level":0}}