{"host":"watonwak","time":1610818258,"event":{"mods":["AchievementEnabler","BaseMod","Bestiary","Colored Map","Minty Spire (QoL Compilation)","Relic Stats","StSLib"],"gold_per_floor":[118,130,140,21,96,96,96,96,96,121,132,132,144,58,58,58,58],"floor_reached":16,"language":"ENG","playtime":511,"items_purged":[],"score":195,"play_id":"045c3c9e-cd1b-40bb-a492-d1a8dde26a7e","local_time":"20210116173058","is_ascension_mode":true,"campfire_choices":[{"floor":6,"key":"REST"},{"floor":8,"key":"DIG"},{"data":"Hologram","floor":12,"key":"SMITH"},{"floor":15,"key":"DIG"}],"circlet_count":0,"master_deck":["AscendersBane","Strike_B","Strike_B","Strike_B","Strike_B","Defend_B","Defend_B","Defend_B","Defend_B","Zap","Dualcast","Streamline","Defragment","Coolheaded","Ball Lightning","Undo","Hologram+1","Cold Snap","Beam Cell","Self Repair"],"relics":["Cracked Core","Shovel","Bottled Tornado","Meat on the Bone","Vajra","Frozen Egg 2"],"acts_visited":["Exordium"],"potions_floor_usage":[13],"damage_taken":[{"damage":5,"enemies":"2 Louse","floor":1,"turns":2},{"damage":8,"enemies":"Small Slimes","floor":2,"turns":3},{"damage":12,"enemies":"Cultist","floor":3,"turns":4},{"damage":29,"enemies":"3 Sentries","floor":10,"turns":7},{"damage":8,"enemies":"Blue Slaver","floor":11,"turns":5},{"damage":10,"enemies":"3 Louse","floor":13,"turns":4},{"damage":36,"enemies":"The Guardian","floor":16,"turns":2}],"seed_played":"-8281113007497538962","potions_obtained":[{"floor":11,"key":"SkillPotion"},{"floor":13,"key":"ColorlessPotion"}],"is_trial":false,"path_per_floor":["M","M","M","$","?","R","?","R","T","E","M","R","M","$","R","B"],"character_chosen":"DEFECT","items_purchased":["Ball Lightning","Undo","Self Repair"],"campfire_rested":1,"item_purchase_floors":[4,4,14],"current_hp_per_floor":[41,33,21,21,10,31,31,31,31,14,18,18,20,20,20,0,0],"gold":58,"neow_bonus":"ONE_RARE_RELIC","is_daily":false,"chose_seed":false,"campfire_upgraded":1,"win_rate":0.0,"timestamp":1610818258,"path_taken":["M","M","M","$","?","R","?","R","T","E","M","R","M","$","R","BOSS"],"items_purchased_type":["Card","Card","Card"],"build_version":"2020-12-18","purchased_purges":0,"victory":false,"max_hp_per_floor":[71,71,71,71,71,71,71,71,71,71,71,71,71,71,71,71,71],"relic_stats":{"Shovel":2,"counters":[7,27],"obtain_stats":[{"Shovel":0,"Vajra":10,"Bottled Tornado":8,"Frozen Egg 2":15,"Cracked Core":0,"Meat on the Bone":9},{"Shovel":0,"Vajra":4,"Bottled Tornado":3,"Frozen Egg 2":6,"Cracked Core":0,"Meat on the Bone":3},{"Shovel":0,"Vajra":16,"Bottled Tornado":9,"Frozen Egg 2":25,"Cracked Core":0,"Meat on the Bone":9}],"Meat on the Bone":36},"card_choices":[{"not_picked":["Barrage","Redo"],"picked":"Streamline","floor":1},{"not_picked":["Gash","Conserve Battery"],"picked":"Defragment","floor":2},{"not_picked":["Barrage","FTL"],"picked":"Coolheaded","floor":3},{"not_picked":["Doom and Gloom","Thunder Strike"],"picked":"Hologram","floor":10},{"not_picked":["Consume","Redo"],"picked":"Cold Snap","floor":11},{"not_picked":["BootSequence","Barrage"],"picked":"Beam Cell","floor":13}],"player_experience":1212809,"relics_obtained":[{"floor":8,"key":"Bottled Tornado"},{"floor":9,"key":"Meat on the Bone"},{"floor":10,"key":"Vajra"},{"floor":15,"key":"Frozen Egg 2"}],"event_choices":[{"damage_healed":0,"gold_gain":75,"player_choice":"Gather Gold","damage_taken":11,"max_hp_gain":0,"max_hp_loss":0,"event_name":"World of Goop","floor":5,"gold_loss":0},{"damage_healed":0,"gold_gain":0,"player_choice":"Ignored","damage_taken":0,"max_hp_gain":0,"max_hp_loss":0,"event_name":"Liars Game","floor":7,"gold_loss":0}],"is_beta":true,"boss_relics":[],"items_purged_floors":[],"is_endless":false,"potions_floor_spawned":[11,13],"killed_by":"The Guardian","ascension_level":19}}