{"host":"sian7qp8a9pc9xwd","time":1610781529,"event":{"mods":["BaseMod","Minty Spire (QoL Compilation)","StSLib","SuperFastMode"],"gold_per_floor":[109,109,119,194,6,6,6,16,71,88,88,100,119,135,135,235,235,224,224,224,149,149,174,90,90,138,13,13,29,29,44,44,44,44],"floor_reached":33,"language":"ENG","playtime":1099,"items_purged":["Pain","Strike_R"],"score":382,"play_id":"d2dfc485-2d1e-4f7f-967b-f79e65071371","local_time":"20210116021849","is_ascension_mode":true,"campfire_choices":[{"data":"Fire Breathing","floor":6,"key":"SMITH"},{"floor":15,"key":"REST"},{"floor":25,"key":"REST"},{"floor":30,"key":"REST"},{"floor":32,"key":"REST"}],"circlet_count":0,"master_deck":["Strike_R","Strike_R","Strike_R","Strike_R","Defend_R","Defend_R","Defend_R","Defend_R","Bash","Battle Trance","Disarm","Fire Breathing+1","Impervious","Clothesline","Warcry","Reckless Charge","Corruption","Shame","Reckless Charge+1","Panacea","Evolve","Decay","Wild Strike+1","Decay"],"relics":["Cursed Key","Tiny Chest","Pen Nib","Dream Catcher","SlaversCollar","Molten Egg 2","Singing Bowl","Oddly Smooth Stone","Anchor"],"acts_visited":["Exordium","TheCity"],"potions_floor_usage":[12,13,14,16,23,33],"damage_taken":[{"damage":0,"enemies":"2 Louse","floor":1,"turns":3},{"damage":2,"enemies":"Jaw Worm","floor":3,"turns":4},{"damage":0,"enemies":"Small Slimes","floor":8,"turns":3},{"damage":18,"enemies":"Exordium Wildlife","floor":10,"turns":5},{"damage":23,"enemies":"Large Slime","floor":12,"turns":5},{"damage":2,"enemies":"Looter","floor":13,"turns":3},{"damage":15,"enemies":"Gremlin Gang","floor":14,"turns":5},{"damage":31,"enemies":"Slime Boss","floor":16,"turns":8},{"damage":15,"enemies":"2 Thieves","floor":18,"turns":4},{"damage":38,"enemies":"Slavers","floor":23,"turns":5},{"damage":16,"enemies":"Shell Parasite","floor":29,"turns":5},{"damage":45,"enemies":"3 Cultists","floor":31,"turns":6},{"damage":84,"enemies":"Automaton","floor":33,"turns":6}],"seed_played":"8831399546778338347","potions_obtained":[{"floor":3,"key":"Regen Potion"},{"floor":8,"key":"FearPotion"},{"floor":10,"key":"SteroidPotion"},{"floor":14,"key":"SneckoOil"},{"floor":16,"key":"HeartOfIron"},{"floor":31,"key":"AttackPotion"}],"is_trial":false,"path_per_floor":["M","?","M","?","$","R","$","M","T","M","?","M","M","M","R","B",null,"M","?","T","$","?","E","$","R","T","$","T","M","R","M","R","B"],"character_chosen":"IRONCLAD","items_purchased":["Fire Breathing","Tiny Chest","Panacea","Wild Strike+1"],"campfire_rested":4,"item_purchase_floors":[5,5,24,27],"current_hp_per_floor":[72,77,75,64,64,64,64,64,64,46,39,30,28,13,38,7,66,51,51,51,51,51,15,15,41,41,41,41,27,55,12,41,0,0],"gold":44,"neow_bonus":"BOSS_RELIC","is_daily":false,"chose_seed":false,"campfire_upgraded":1,"win_rate":0.0,"timestamp":1610781529,"path_taken":["M","?","M","?","?","R","$","M","T","M","?","?","M","M","R","BOSS","M","?","?","?","?","E","$","R","T","?","?","M","R","?","R","BOSS"],"items_purchased_type":["Card","Relic","Card","Card"],"build_version":"2020-12-22","purchased_purges":2,"victory":false,"max_hp_per_floor":[80,85,85,85,85,85,85,85,85,85,85,85,85,85,85,85,85,85,85,85,85,85,87,87,87,87,87,87,89,91,93,95,95,95],"card_choices":[{"not_picked":["Clash","Twin Strike"],"picked":"Battle Trance","floor":1},{"not_picked":["Shrug It Off","Anger"],"picked":"Disarm","floor":3},{"not_picked":["Headbutt","Entrench"],"picked":"Impervious","floor":8},{"not_picked":["Second Wind","Anger"],"picked":"Clothesline","floor":10},{"not_picked":["Cleave","Clash"],"picked":"Warcry","floor":12},{"not_picked":["Carnage","Pommel Strike","Armaments"],"picked":"SKIP","floor":13},{"not_picked":["Limit Break","Sword Boomerang","Metallicize"],"picked":"SKIP","floor":14},{"not_picked":["Shrug It Off","Clothesline"],"picked":"Reckless Charge","floor":15},{"not_picked":["Limit Break","Demon Form"],"picked":"Corruption","floor":16},{"not_picked":["Twin Strike","Thunderclap","Perfected Strike"],"picked":"SKIP","floor":18},{"not_picked":["Body Slam+1","Sword Boomerang+1","Flex"],"picked":"Singing Bowl","floor":23},{"not_picked":["Warcry","Sentinel"],"picked":"Evolve","floor":25},{"not_picked":["Clash+1","Dropkick+1","Perfected Strike+1"],"picked":"Singing Bowl","floor":29},{"not_picked":["Anger+1","Clothesline+1","Armaments"],"picked":"Singing Bowl","floor":30},{"not_picked":["Battle Trance","Metallicize","Sword Boomerang+1"],"picked":"Singing Bowl","floor":31},{"not_picked":["Sentinel+1","Flex","Heavy Blade+1"],"picked":"Singing Bowl","floor":32}],"player_experience":715346,"relics_obtained":[{"floor":9,"key":"Pen Nib"},{"floor":20,"key":"Molten Egg 2"},{"floor":23,"key":"Singing Bowl"},{"floor":26,"key":"Oddly Smooth Stone"},{"floor":28,"key":"Anchor"}],"event_choices":[{"damage_healed":0,"gold_gain":0,"player_choice":"Donut","damage_taken":0,"max_hp_gain":5,"max_hp_loss":0,"event_name":"Big Fish","floor":2,"gold_loss":0},{"damage_healed":0,"gold_gain":75,"player_choice":"Gather Gold","damage_taken":11,"max_hp_gain":0,"max_hp_loss":0,"event_name":"World of Goop","floor":4,"gold_loss":0},{"damage_healed":0,"gold_gain":0,"player_choice":"Success","damage_taken":7,"relics_obtained":["Dream Catcher"],"max_hp_gain":0,"max_hp_loss":0,"event_name":"Scrap Ooze","floor":11,"gold_loss":0},{"damage_healed":0,"gold_gain":0,"player_choice":"Ignored","damage_taken":0,"max_hp_gain":0,"max_hp_loss":0,"event_name":"Vampires","floor":19,"gold_loss":0},{"damage_healed":0,"gold_gain":0,"player_choice":"Read","damage_taken":0,"max_hp_gain":0,"max_hp_loss":0,"event_name":"The Library","floor":22,"gold_loss":0,"cards_obtained":["Reckless Charge"]}],"is_beta":false,"boss_relics":[{"not_picked":["Philosopher\u0027s Stone","SacredBark"],"picked":"SlaversCollar"}],"items_purged_floors":[21,27],"is_endless":false,"potions_floor_spawned":[3,8,10,14,16,31],"killed_by":"Automaton","ascension_level":8}}