{"host":"2qv44oxt58ptq59r","time":1610812665,"event":{"mods":["AchievementEnabler","BaseMod","Colored Powertips","Highlight Path","Minty Spire (QoL Compilation)","Permanent Neow","StSLib"],"gold_per_floor":[112,112,123,123,123,123,138,155,155,155,184,199,224,236,236,236,236],"floor_reached":16,"language":"ENG","playtime":1180,"items_purged":[],"score":118,"play_id":"b296ed10-1a74-4da3-a25d-256c88b57b27","local_time":"20210116155745","is_ascension_mode":true,"campfire_choices":[{"data":"Bash","floor":6.0,"key":"SMITH"},{"floor":10.0,"key":"RECALL"},{"floor":15,"key":"REST"}],"circlet_count":0,"master_deck":["Strike_R","Strike_R","Strike_R","Strike_R","Strike_R","Defend_R","Defend_R","Defend_R","Defend_R","Bash+1","Carnage","Whirlwind","Clothesline"],"relics":["Burning Blood","Letter Opener","Akabeko","Anchor"],"acts_visited":["Exordium"],"potions_floor_usage":[16,16],"damage_taken":[{"damage":10.0,"enemies":"Jaw Worm","floor":1.0,"turns":5.0},{"damage":2.0,"enemies":"2 Louse","floor":3.0,"turns":3.0},{"damage":5.0,"enemies":"Small Slimes","floor":7.0,"turns":3.0},{"damage":9.0,"enemies":"Blue Slaver","floor":8.0,"turns":4.0},{"damage":38.0,"enemies":"3 Sentries","floor":11.0,"turns":9.0},{"damage":8.0,"enemies":"Red Slaver","floor":12.0,"turns":2.0},{"damage":39.0,"enemies":"Lagavulin","floor":13.0,"turns":7.0},{"damage":0,"enemies":"3 Louse","floor":14,"turns":1},{"damage":73,"enemies":"Hexaghost","floor":16,"turns":11}],"seed_played":"4835718887769762032","potions_obtained":[{"floor":1.0,"key":"Swift Potion"},{"floor":7.0,"key":"ColorlessPotion"},{"floor":13.0,"key":"Regen Potion"},{"floor":14,"key":"Block Potion"}],"is_trial":false,"path_per_floor":["M","?","M","?","T","R","M","M","T","R","E","M","E","M","R","B"],"character_chosen":"IRONCLAD","items_purchased":[],"campfire_rested":1,"item_purchase_floors":[],"current_hp_per_floor":[84,89,93,93,93,93,93,90,90,90,58,56,23,29,56,0,0],"gold":236,"neow_bonus":"TEN_PERCENT_HP_BONUS","is_daily":false,"chose_seed":false,"campfire_upgraded":1,"win_rate":0.0,"timestamp":1610812665,"path_taken":["M","?","M","?","?","R","?","M","T","R","E","M","E","M","R","BOSS"],"items_purchased_type":[],"build_version":"2020-12-22","purchased_purges":0,"victory":false,"max_hp_per_floor":[88,93,93,93,93,93,93,93,93,93,93,93,93,93,93,93,93],"card_choices":[{"not_picked":["Flame Barrier","Perfected Strike","Burning Pact"],"picked":"SKIP","floor":1.0},{"not_picked":["Headbutt","Wild Strike","Body Slam"],"picked":"SKIP","floor":3.0},{"not_picked":["Iron Wave","Anger"],"picked":"Carnage","floor":7.0},{"not_picked":["Barricade","Havoc","Heavy Blade"],"picked":"SKIP","floor":8.0},{"not_picked":["Infernal Blade","Wild Strike","Clothesline"],"picked":"SKIP","floor":11.0},{"not_picked":["Fire Breathing","Anger"],"picked":"Whirlwind","floor":12.0},{"not_picked":["Whirlwind","Clash"],"picked":"Clothesline","floor":13.0},{"not_picked":["Body Slam","Pommel Strike","Flex"],"picked":"SKIP","floor":14}],"player_experience":5370844,"relics_obtained":[{"floor":5.0,"key":"Letter Opener"},{"floor":11.0,"key":"Akabeko"},{"floor":13.0,"key":"Anchor"}],"event_choices":[{"damage_healed":0.0,"max_hp_gain":5.0,"max_hp_loss":0.0,"gold_gain":0.0,"event_name":"Big Fish","player_choice":"Donut","floor":2.0,"gold_loss":0.0,"damage_taken":0.0},{"damage_healed":0.0,"max_hp_gain":0.0,"max_hp_loss":0.0,"gold_gain":0.0,"event_name":"Scrap Ooze","player_choice":"Fled","floor":4.0,"gold_loss":0.0,"damage_taken":0.0}],"is_beta":false,"boss_relics":[],"items_purged_floors":[],"is_endless":false,"potions_floor_spawned":[1,7,13,14],"killed_by":"Hexaghost","ascension_level":1}}