{"host":"sav7uxregyirlf69","time":1610807888,"event":{"mods":["AchievementEnabler","BaseMod","Colored Map","DeckTracker","Keyboard Shortcuts","Minty Spire (QoL Compilation)","READ ME - Guardian Mod","StSLib","SuperFastMode"],"gold_per_floor":[114,39,39,50,77,102,102,27,27,50,50,65,78,78,90,90,167,167,178,178,198,198,198],"floor_reached":22,"language":"KOR","playtime":281,"items_purged":["Strike_G"],"score":418,"play_id":"3f30724e-7bbf-4774-aee5-66be29fc99eb","local_time":"20210116233808","is_ascension_mode":true,"campfire_choices":[{"data":"Neutralize","floor":7,"key":"SMITH"},{"data":"Quick Slash","floor":11,"key":"SMITH"},{"data":"Deadly Poison","floor":16,"key":"SMITH"}],"circlet_count":0,"master_deck":["AscendersBane","Strike_G","Strike_G","Strike_G+1","Defend_G","Defend_G","Defend_G","Defend_G+1","Defend_G","Survivor","Neutralize+1","Quick Slash+1","Tactician","Deadly Poison+1"],"relics":["Ring of the Snake","NeowsBlessing","Juzu Bracelet","Bag of Marbles","Runic Pyramid","Nloth\u0027s Gift"],"acts_visited":["Exordium","TheCity"],"potions_floor_usage":[17,19,22],"damage_taken":[{"damage":0,"enemies":"Cultist","floor":1,"turns":1},{"damage":0,"enemies":"Jaw Worm","floor":4,"turns":1},{"damage":0,"enemies":"Gremlin Nob","floor":6,"turns":1},{"damage":0,"enemies":"2 Louse","floor":12,"turns":1},{"damage":1,"enemies":"Blue Slaver","floor":13,"turns":5},{"damage":0,"enemies":"2 Fungi Beasts","floor":15,"turns":3},{"damage":8,"enemies":"The Guardian","floor":17,"turns":11},{"damage":23,"enemies":"3 Byrds","floor":19,"turns":5},{"damage":11,"enemies":"Chosen","floor":21,"turns":4},{"damage":30,"enemies":"3 Cultists","floor":22,"turns":4}],"seed_played":"-7582796761967619868","potions_obtained":[{"floor":1,"key":"ColorlessPotion"},{"floor":6,"key":"Explosive Potion"},{"floor":21,"key":"SteroidPotion"}],"is_trial":false,"path_per_floor":["M","$","?","M","T","E","R","?","$","T","R","M","M","?","M","R","B",null,"M","?","M","M"],"character_chosen":"THE_SILENT","items_purchased":[],"campfire_rested":0,"item_purchase_floors":[],"current_hp_per_floor":[59,59,39,39,39,39,39,39,39,39,39,39,38,43,43,43,35,62,39,39,28,0,0],"gold":198,"neow_bonus":"THREE_ENEMY_KILL","is_daily":false,"chose_seed":false,"campfire_upgraded":3,"win_rate":0.0,"timestamp":1610807888,"path_taken":["M","$","?","M","?","E","R","?","?","T","R","M","M","?","M","R","BOSS","M","?","M","M"],"items_purchased_type":[],"build_version":"2020-12-22","purchased_purges":1,"victory":false,"max_hp_per_floor":[66,66,66,66,66,66,66,66,66,66,66,66,66,71,71,71,71,71,71,71,71,71,71],"card_choices":[{"not_picked":["Leg Sweep","Infinite Blades"],"picked":"Quick Slash","floor":1},{"not_picked":["Setup","Quick Slash","PiercingWail"],"picked":"SKIP","floor":4},{"not_picked":["Caltrops","Cloak And Dagger"],"picked":"Tactician","floor":6},{"not_picked":["Eviscerate","Deflect","All Out Attack"],"picked":"SKIP","floor":12},{"not_picked":["Bullet Time","Slice","Cloak And Dagger"],"picked":"SKIP","floor":13},{"not_picked":["Expertise","Outmaneuver"],"picked":"Deadly Poison","floor":15},{"not_picked":["Slice","Flying Knee","Finisher"],"picked":"SKIP","floor":19},{"not_picked":["Accuracy","Cloak And Dagger","Sucker Punch"],"picked":"SKIP","floor":21}],"player_experience":1294896,"relics_obtained":[{"floor":5,"key":"Juzu Bracelet"},{"floor":6,"key":"Blue Candle"},{"floor":10,"key":"Bag of Marbles"}],"event_choices":[{"damage_healed":0,"gold_gain":0,"player_choice":"Entered Light","damage_taken":20,"max_hp_gain":0,"max_hp_loss":0,"event_name":"Shining Light","floor":3,"gold_loss":0,"cards_upgraded":["Defend_G","Strike_G"]},{"cards_removed":["Strike_G"],"damage_healed":0,"gold_gain":0,"player_choice":"Card Removal","damage_taken":0,"max_hp_gain":0,"max_hp_loss":0,"event_name":"The Cleric","floor":8,"gold_loss":75},{"damage_healed":0,"gold_gain":0,"player_choice":"Donut","damage_taken":0,"max_hp_gain":5,"max_hp_loss":0,"event_name":"Big Fish","floor":14,"gold_loss":0},{"damage_healed":0,"gold_gain":0,"player_choice":"Traded Relic","damage_taken":0,"relics_obtained":["Nloth\u0027s Gift"],"max_hp_gain":0,"max_hp_loss":0,"event_name":"N\u0027loth","floor":20,"relics_lost":["Blue Candle"],"gold_loss":0}],"is_beta":false,"boss_relics":[{"not_picked":["Snecko Eye","Fusion Hammer"],"picked":"Runic Pyramid"}],"items_purged_floors":[2],"is_endless":false,"potions_floor_spawned":[1,6,12,21],"killed_by":"3 Cultists","ascension_level":20}}