{"host":"szp1d6dso4pv7ddl","time":1610834586,"event":{"mods":["AchievementEnabler","Alarm Clock","BaseMod","Bestiary","Block Reminder","Colored Map","Colored Powertips","Curses Come First","Dark Map","Displayed Cursed Tome","Highlight Path","Minty Spire (QoL Compilation)","Permanent Neow","Quick Restart","Relic Sorter","Relic Stats","StSLib","Synergy Search"],"gold_per_floor":[113,27,41,61,61,61,72,72,127,127,144,163,16,34,34,137,137,148,163,163,181,181,181,181],"floor_reached":23,"language":"ENG","playtime":1962,"items_purged":[],"score":268,"play_id":"d8f1b051-62f5-4a63-bf6b-6bc6165042b0","local_time":"20210116140306","is_ascension_mode":true,"campfire_choices":[{"data":"Madness","floor":6,"key":"SMITH"},{"data":"Conserve Battery","floor":8,"key":"SMITH"},{"data":"Zap","floor":10,"key":"SMITH"},{"floor":15,"key":"REST"}],"circlet_count":0,"master_deck":["Strike_B+1","Strike_B+1","Defend_B","Defend_B","Defend_B","Zap+1","Conserve Battery+1","Madness+1","Cold Snap","Flash of Steel","Beam Cell","Gash","Buffer","Scrape+1","Conserve Battery","Double Energy","Decay"],"relics":["Cracked Core","Whetstone","Black Star"],"acts_visited":["Exordium","TheCity"],"potions_floor_usage":[16,23],"damage_taken":[{"damage":4,"enemies":"Jaw Worm","floor":1,"turns":3},{"damage":0,"enemies":"Cultist","floor":3,"turns":3},{"damage":5,"enemies":"Small Slimes","floor":4,"turns":4},{"damage":0,"enemies":"Blue Slaver","floor":7,"turns":4},{"damage":12,"enemies":"3 Louse","floor":11,"turns":4},{"damage":6,"enemies":"Lots of Slimes","floor":12,"turns":4},{"damage":7,"enemies":"2 Fungi Beasts","floor":14,"turns":3},{"damage":20,"enemies":"Hexaghost","floor":16,"turns":9},{"damage":15,"enemies":"Shell Parasite","floor":18,"turns":6},{"damage":10,"enemies":"3 Byrds","floor":19,"turns":6},{"damage":32,"enemies":"Snake Plant","floor":21,"turns":5},{"damage":7,"enemies":"Book of Stabbing","floor":23,"turns":1}],"seed_played":"3295269902193277322","potions_obtained":[{"floor":7,"key":"SteroidPotion"},{"floor":12,"key":"Strength Potion"},{"floor":14,"key":"FearPotion"},{"floor":16,"key":"Ancient Potion"}],"is_trial":false,"path_per_floor":["M","$","M","M","?","R","M","R","T","R","M","M","$","M","R","B",null,"M","M","?","M","?","E"],"character_chosen":"DEFECT","items_purchased":["Madness","Flash of Steel","Beam Cell"],"campfire_rested":1,"item_purchase_floors":[2,13,13],"current_hp_per_floor":[46,46,46,41,41,41,41,41,41,41,29,23,23,16,38,18,61,46,36,36,4,4,0,0],"gold":181,"neow_bonus":"REMOVE_TWO","is_daily":false,"chose_seed":false,"campfire_upgraded":3,"win_rate":0.0,"timestamp":1610834586,"path_taken":["M","$","M","M","?","R","M","R","T","R","M","M","?","M","R","BOSS","M","M","?","?","?","E"],"items_purchased_type":["Card","Card","Card"],"build_version":"2020-12-22","purchased_purges":0,"victory":false,"max_hp_per_floor":[75,75,75,75,75,75,75,75,75,75,75,75,75,75,75,75,75,75,75,75,75,75,75,75],"relic_stats":{"counters":[12,52],"Black Star":0,"Whetstone":["Strike_B","Strike_B"],"obtain_stats":[{"Black Star":17,"Whetstone":9,"Cracked Core":0},{"Black Star":8,"Whetstone":4,"Cracked Core":0},{"Black Star":34,"Whetstone":14,"Cracked Core":0}]},"card_choices":[{"not_picked":["Turbo","Cold Snap"],"picked":"Conserve Battery","floor":1},{"not_picked":["Barrage","Tempest","Hologram"],"picked":"SKIP","floor":3},{"not_picked":["Barrage","Steam Power","Beam Cell"],"picked":"SKIP","floor":4},{"not_picked":["Cold Snap","Beam Cell","Go for the Eyes"],"picked":"SKIP","floor":7},{"not_picked":["Leap","Amplify","Blizzard"],"picked":"SKIP","floor":11},{"not_picked":["Storm","Compile Driver"],"picked":"Cold Snap","floor":12},{"not_picked":["Glacier","Leap"],"picked":"Gash","floor":14},{"not_picked":["Electrodynamics","Rainbow"],"picked":"Buffer","floor":16},{"not_picked":["FTL+1","Sweeping Beam"],"picked":"Scrape+1","floor":18},{"not_picked":["Sweeping Beam","Redo+1"],"picked":"Conserve Battery","floor":19},{"not_picked":["Consume+1","Scrape+1"],"picked":"Double Energy","floor":21}],"player_experience":1193606,"relics_obtained":[{"floor":9,"key":"Whetstone"}],"event_choices":[{"cards_removed":["Dualcast"],"damage_healed":0,"gold_gain":0,"player_choice":"Purged","damage_taken":0,"max_hp_gain":0,"max_hp_loss":0,"event_name":"Purifier","floor":5,"gold_loss":0},{"cards_removed":["Strike_B"],"damage_healed":0,"gold_gain":0,"player_choice":"Purged","damage_taken":0,"max_hp_gain":0,"max_hp_loss":0,"event_name":"Purifier","floor":20,"gold_loss":0},{"damage_healed":0,"gold_gain":0,"player_choice":"Smashed Altar","damage_taken":0,"max_hp_gain":0,"max_hp_loss":0,"event_name":"Forgotten Altar","floor":22,"gold_loss":0,"cards_obtained":["Decay"]}],"is_beta":false,"boss_relics":[{"not_picked":["Fusion Hammer","Coffee Dripper"],"picked":"Black Star"}],"items_purged_floors":[],"is_endless":false,"potions_floor_spawned":[7,12,14,16,19,21],"killed_by":"Book of Stabbing","ascension_level":9}}