{"host":"2tgyrzvaa7l04o2e","time":1610811098,"event":{"mods":["BaseMod","Highlight Path","Minty Spire (QoL Compilation)","Permanent Neow","Relic Stats"],"gold_per_floor":[119,134,152,302,302,302,332,332,332,343,343,359,46,76,76,76,76],"floor_reached":16,"language":"ENG","playtime":485,"items_purged":["Strike_G"],"score":220,"play_id":"8efdcf27-63ec-4291-8a0a-a66f3fe744e8","local_time":"20210116163138","is_ascension_mode":true,"campfire_choices":[{"data":"Dagger Spray","floor":6,"key":"SMITH"},{"data":"1","floor":8,"key":"LIFT"},{"data":"2","floor":11,"key":"LIFT"},{"data":"3","floor":15,"key":"LIFT"}],"circlet_count":0,"master_deck":["AscendersBane","Strike_G","Strike_G","Strike_G","Strike_G","Defend_G","Defend_G","Defend_G","Defend_G","Defend_G","Survivor","Neutralize","Die Die Die","Blade Dance","PiercingWail","Dagger Spray+1","Blade Dance","Leg Sweep","Footwork"],"relics":["Ring of the Snake","Girya","Ninja Scroll","OrangePellets","Paper Crane"],"acts_visited":["Exordium"],"potions_floor_usage":[7,16],"damage_taken":[{"damage":2,"enemies":"Jaw Worm","floor":1,"turns":5},{"damage":0,"enemies":"Cultist","floor":2,"turns":3},{"damage":2,"enemies":"Small Slimes","floor":3,"turns":3},{"damage":17,"enemies":"Lagavulin","floor":7,"turns":7},{"damage":0,"enemies":"Exordium Wildlife","floor":10,"turns":1},{"damage":0,"enemies":"Looter","floor":12,"turns":1},{"damage":3,"enemies":"3 Sentries","floor":14,"turns":5},{"damage":30,"enemies":"Hexaghost","floor":16,"turns":9}],"seed_played":"4160100619145277832","potions_obtained":[{"floor":3,"key":"CultistPotion"},{"floor":12,"key":"Dexterity Potion"},{"floor":14,"key":"Ancient Potion"}],"is_trial":false,"path_per_floor":["M","M","M","?","?","R","E","R","T","M","R","M","$","E","R","B"],"character_chosen":"THE_SILENT","items_purchased":["OrangePellets","Footwork"],"campfire_rested":0,"item_purchase_floors":[13,13],"current_hp_per_floor":[57,57,55,55,48,48,31,31,31,31,31,31,31,28,28,0,0],"gold":76,"neow_bonus":"THREE_RARE_CARDS","is_daily":false,"chose_seed":false,"campfire_upgraded":1,"win_rate":0.0,"timestamp":1610811098,"path_taken":["M","M","M","?","?","R","E","R","T","M","R","M","$","E","R","BOSS"],"items_purchased_type":["Relic","Card"],"build_version":"2020-12-22","purchased_purges":1,"victory":false,"max_hp_per_floor":[60,60,60,60,60,60,60,60,60,60,60,60,60,60,60,60,60],"relic_stats":{"OrangePellets":[0],"counters":[8,34],"obtain_stats":[{"Girya":7,"OrangePellets":13,"Ninja Scroll":9,"Paper Crane":14,"Ring of the Snake":0},{"Girya":4,"OrangePellets":6,"Ninja Scroll":4,"Paper Crane":7,"Ring of the Snake":0},{"Girya":18,"OrangePellets":20,"Ninja Scroll":18,"Paper Crane":25,"Ring of the Snake":0}],"Ring of the Snake":[16]},"card_choices":[{"not_picked":["Night Terror","Unload"],"picked":"Die Die Die","floor":0},{"not_picked":["Masterful Stab","Well Laid Plans"],"picked":"Blade Dance","floor":1},{"not_picked":["Deflect","Outmaneuver"],"picked":"PiercingWail","floor":2},{"not_picked":["Slice","Flying Knee"],"picked":"Dagger Spray","floor":3},{"not_picked":["Adrenaline","Underhanded Strike"],"picked":"Blade Dance","floor":7},{"not_picked":["Choke","Deadly Poison","Flechettes"],"picked":"SKIP","floor":10},{"not_picked":["Sucker Punch","Flying Knee"],"picked":"Leg Sweep","floor":12},{"not_picked":["Caltrops","Prepared","Deflect"],"picked":"SKIP","floor":14}],"player_experience":602153,"relics_obtained":[{"floor":7,"key":"Girya"},{"floor":9,"key":"Ninja Scroll"},{"floor":14,"key":"Paper Crane"}],"event_choices":[{"damage_healed":0,"gold_gain":150,"player_choice":"AGREE","damage_taken":0,"max_hp_gain":0,"max_hp_loss":0,"event_name":"Liars Game","floor":4,"gold_loss":0,"cards_obtained":["Doubt"]},{"cards_removed":["Doubt"],"damage_healed":0,"gold_gain":0,"player_choice":"Card Removal","damage_taken":7,"max_hp_gain":0,"max_hp_loss":0,"event_name":"Golden Wing","floor":5,"gold_loss":0}],"is_beta":false,"boss_relics":[],"items_purged_floors":[13],"is_endless":false,"potions_floor_spawned":[3,12,14],"killed_by":"Hexaghost","ascension_level":20}}