{"host":"a8ltzx6165y3uhtf","time":1610799815,"event":{"mods":["Ascension Reborn","BaseMod","Minty Spire (QoL Compilation)","StSLib","【功能Mod】聪明的最终Boss","【角色mod】十八桐人"],"gold_per_floor":[109,125,139,153,166,191,36,36,60,60,71,84,104,104,104,204,204,217,236,249,276,25,25,25,25,25,25,42,62,96,196,196,292,292,302,320,320,26,76,107,117,117,117,146,164,174,188,213,213,213],"floor_reached":51,"language":"ZHS","playtime":4424,"items_purged":["Strike_B","Defend_B"],"score":733,"play_id":"f9e2cbe0-a1ce-413c-bdcb-129bda25f80d","local_time":"20210116202335","is_ascension_mode":true,"campfire_choices":[{"data":"Fission","floor":8,"key":"SMITH"},{"floor":15,"key":"REST"},{"data":"Dualcast","floor":23,"key":"SMITH"},{"data":"Capacitor","floor":25,"key":"SMITH"},{"floor":27,"key":"REST"},{"floor":32,"key":"REST"},{"data":"Loop","floor":49,"key":"SMITH"}],"circlet_count":0,"master_deck":["Strike_B","Strike_B","Defend_B+1","Defend_B+1","Defend_B","Zap","Dualcast+1","Leap+1","Cold Snap","Genetic Algorithm","Streamline","Cold Snap","Fission+1","Ball Lightning+1","Leap","Capacitor+1","Buffer","Streamline","Defragment+1","Gash","Ball Lightning+1","Conserve Battery+1","Tempest+1","PanicButton","Loop+1","Blizzard","Electrodynamics","Parasite","Defragment","Streamline+1"],"relics":["FrozenCore","Toy Ornithopter","Blue Candle","Orichalcum","Red Mask","War Paint","GremlinMask","Bottled Tornado","Anchor","Torii","HornCleat","Inserter","Gremlin Horn","Unceasing Top","Centennial Puzzle","Cables","Thread and Needle","Nunchaku"],"acts_visited":["Exordium","TheCity","TheBeyond"],"potions_floor_usage":[4,5,6,6,6,13,16,30,33,39,44,44,45,47],"damage_taken":[{"damage":4,"enemies":"Cultist","floor":1,"turns":4},{"damage":0,"enemies":"Small Slimes","floor":2,"turns":3},{"damage":0,"enemies":"Jaw Worm","floor":3,"turns":4},{"damage":6,"enemies":"3 Louse","floor":4,"turns":4},{"damage":0,"enemies":"Gremlin Gang","floor":5,"turns":6},{"damage":16,"enemies":"Gremlin Nob","floor":6,"turns":4},{"damage":0,"enemies":"Exordium Wildlife","floor":11,"turns":4},{"damage":5,"enemies":"2 Fungi Beasts","floor":12,"turns":3},{"damage":8,"enemies":"Exordium Thugs","floor":13,"turns":3},{"damage":3,"enemies":"Hexaghost","floor":16,"turns":10},{"damage":18,"enemies":"Chosen","floor":18,"turns":8},{"damage":0,"enemies":"Shell Parasite","floor":19,"turns":7},{"damage":0,"enemies":"Snake Plant","floor":20,"turns":6},{"damage":24,"enemies":"Masked Bandits","floor":21,"turns":8},{"damage":0,"enemies":"Cultist and Chosen","floor":28,"turns":8},{"damage":0,"enemies":"Snecko","floor":29,"turns":7},{"damage":27,"enemies":"Slavers","floor":30,"turns":9},{"damage":0,"enemies":"Colosseum Slavers","floor":31,"turns":7},{"damage":18,"enemies":"Colosseum Nobs","floor":31,"turns":8},{"damage":23,"enemies":"Collector","floor":33,"turns":11},{"damage":1,"enemies":"3 Darklings","floor":35,"turns":7},{"damage":0,"enemies":"3 Shapes","floor":36,"turns":8},{"damage":4,"enemies":"Mind Bloom Boss Battle","floor":39,"turns":8},{"damage":8,"enemies":"Giant Head","floor":40,"turns":12},{"damage":1,"enemies":"Spire Growth","floor":41,"turns":7},{"damage":8,"enemies":"Reptomancer","floor":44,"turns":10},{"damage":10,"enemies":"Writhing Mass","floor":45,"turns":8},{"damage":1,"enemies":"3 Darklings","floor":46,"turns":4},{"damage":0,"enemies":"4 Shapes","floor":47,"turns":5},{"damage":0,"enemies":"Time Eater","floor":50,"turns":17}],"seed_played":"5397246059807460888","potions_obtained":[{"floor":2,"key":"EntropicBrew"},{"floor":5,"key":"LiquidBronze"},{"floor":11,"key":"Fire Potion"},{"floor":13,"key":"FocusPotion"},{"floor":18,"key":"SneckoOil"},{"floor":29,"key":"Regen Potion"},{"floor":31,"key":"LiquidBronze"},{"floor":33,"key":"EssenceOfSteel"},{"floor":36,"key":"LiquidBronze"},{"floor":40,"key":"SteroidPotion"},{"floor":44,"key":"Swift Potion"},{"floor":45,"key":"Swift Potion"}],"is_trial":false,"path_per_floor":["M","M","M","M","M","E","$","R","T","?","M","M","M","?","R","B",null,"M","M","M","?","$","R","?","R","T","R","M","M","E","?","R","B",null,"M","M","?","$","?","E","M","$","T","E","M","M","M","T","R","B",null],"character_chosen":"DEFECT","items_purchased":["Fission","War Paint","Gremlin Horn","Loop"],"campfire_rested":3,"item_purchase_floors":[7,22,38,38],"current_hp_per_floor":[71,71,71,69,74,59,59,59,59,52,52,47,44,29,51,53,75,57,57,57,33,33,33,33,33,33,55,55,55,48,30,52,34,75,74,74,74,74,71,63,62,62,62,64,59,58,63,63,63,63],"gold":213,"neow_bonus":"RANDOM_COMMON_RELIC","is_daily":false,"chose_seed":false,"campfire_upgraded":4,"win_rate":0.0,"timestamp":1610799815,"path_taken":["M","?","M","M","M","E","$","R","T","?","M","M","M","?","R","BOSS","M","M","M","?","$","R","?","R","T","R","?","M","E","?","R","BOSS","M","M","?","$","?","E","M","$","T","E","M","M","M","?","R","BOSS"],"items_purchased_type":["Card","Relic","Relic","Card"],"build_version":"2020-12-22","purchased_purges":2,"victory":true,"max_hp_per_floor":[75,75,75,75,75,75,75,75,75,75,75,75,75,75,75,75,75,75,75,75,75,75,75,75,75,75,75,75,75,75,75,75,75,75,75,75,75,75,75,75,75,75,75,75,75,75,75,75,75,75],"card_choices":[{"not_picked":["Compile Driver","Rebound"],"picked":"Leap","floor":1},{"not_picked":["Compile Driver","Hello World"],"picked":"Cold Snap","floor":2},{"not_picked":["Turbo","Rebound","Scrape"],"picked":"SKIP","floor":3},{"not_picked":["Recycle","Leap"],"picked":"Genetic Algorithm","floor":4},{"not_picked":["Sunder","Double Energy"],"picked":"Streamline","floor":5},{"not_picked":["Glacier","Leap"],"picked":"Cold Snap","floor":6},{"not_picked":["Stack","Turbo"],"picked":"Ball Lightning","floor":11},{"not_picked":["Barrage","Auto Shields"],"picked":"Leap","floor":12},{"not_picked":["Compile Driver","Beam Cell"],"picked":"Capacitor","floor":13},{"not_picked":["Core Surge","Multi-Cast"],"picked":"Buffer","floor":16},{"not_picked":["Reprogram+1","Go for the Eyes"],"picked":"Streamline","floor":18},{"not_picked":["Cold Snap","Stack"],"picked":"Defragment+1","floor":19},{"not_picked":["Go for the Eyes+1","Compile Driver+1","Steam"],"picked":"SKIP","floor":20},{"not_picked":["Barrage","Consume","Coolheaded+1"],"picked":"SKIP","floor":28},{"not_picked":["Seek","Barrage+1"],"picked":"Gash","floor":29},{"not_picked":["Auto Shields","Darkness+1","Turbo"],"picked":"SKIP","floor":30},{"not_picked":["Redo","Genetic Algorithm"],"picked":"Ball Lightning+1","floor":31},{"not_picked":["Genetic Algorithm+1","Compile Driver+1"],"picked":"Conserve Battery+1","floor":35},{"not_picked":["Turbo+1","Ball Lightning"],"picked":"Tempest+1","floor":36},{"not_picked":["Finesse","Impatience"],"picked":"PanicButton","floor":37},{"not_picked":["Ball Lightning","White Noise+1"],"picked":"Blizzard","floor":40},{"not_picked":["Steam+1","Force Field+1","Sweeping Beam+1"],"picked":"SKIP","floor":41},{"not_picked":["FTL+1","Leap"],"picked":"Electrodynamics","floor":44},{"not_picked":["Tempest","Undo+1"],"picked":"Defragment","floor":45},{"not_picked":["Stack+1","Lockon+1","Beam Cell+1"],"picked":"SKIP","floor":46},{"not_picked":["Coolheaded+1","Leap"],"picked":"Streamline+1","floor":47}],"player_experience":199995,"relics_obtained":[{"floor":6,"key":"Blue Candle"},{"floor":9,"key":"Orichalcum"},{"floor":21,"key":"Red Mask"},{"floor":26,"key":"Bottled Tornado"},{"floor":30,"key":"Anchor"},{"floor":31,"key":"Torii"},{"floor":31,"key":"HornCleat"},{"floor":39,"key":"Unceasing Top"},{"floor":40,"key":"Centennial Puzzle"},{"floor":43,"key":"Cables"},{"floor":44,"key":"Thread and Needle"},{"floor":48,"key":"Nunchaku"}],"event_choices":[{"cards_removed":["Strike_B"],"damage_healed":0,"gold_gain":0,"player_choice":"Card Removal","damage_taken":7,"max_hp_gain":0,"max_hp_loss":0,"event_name":"Golden Wing","floor":10,"gold_loss":0},{"damage_healed":0,"gold_gain":0,"player_choice":"Entered Light","damage_taken":15,"max_hp_gain":0,"max_hp_loss":0,"event_name":"Shining Light","floor":14,"gold_loss":0,"cards_upgraded":["Ball Lightning","Leap"]},{"damage_healed":0,"gold_gain":0,"player_choice":"Fought Bandits","damage_taken":0,"max_hp_gain":0,"max_hp_loss":0,"event_name":"Masked Bandits","floor":21,"gold_loss":0},{"damage_healed":0,"gold_gain":0,"player_choice":"Trade","damage_taken":0,"relics_obtained":["GremlinMask"],"max_hp_gain":0,"max_hp_loss":0,"event_name":"FaceTrader","floor":24,"gold_loss":0},{"damage_healed":0,"gold_gain":0,"player_choice":"Fight","damage_taken":0,"max_hp_gain":0,"max_hp_loss":0,"event_name":"Colosseum","floor":31,"gold_loss":0},{"damage_healed":0,"gold_gain":0,"player_choice":"Fought Nobs","damage_taken":0,"max_hp_gain":0,"max_hp_loss":0,"event_name":"Colosseum","floor":31,"gold_loss":0},{"damage_healed":0,"gold_gain":0,"player_choice":"Memory 1","damage_taken":0,"max_hp_gain":0,"max_hp_loss":0,"event_name":"SensoryStone","floor":37,"gold_loss":0},{"damage_healed":0,"gold_gain":0,"player_choice":"Fight","damage_taken":0,"max_hp_gain":0,"max_hp_loss":0,"event_name":"MindBloom","floor":39,"gold_loss":0}],"is_beta":false,"boss_relics":[{"not_picked":["Calling Bell","Ectoplasm"],"picked":"FrozenCore"},{"not_picked":["Philosopher\u0027s Stone","Coffee Dripper"],"picked":"Inserter"}],"items_purged_floors":[7,22],"is_endless":false,"potions_floor_spawned":[2,4,5,11,13,18,29,31,33,36,40,44,45],"ascension_level":0}}