{"host":"s6t38s6k4widkzbu","time":1610778167,"event":{"mods":["100% Spire Juice","ATMod(°¢èªMod)","Arknights The Spire","Aspiration","BaseMod","Conspire","Downfall","Energized Spire","Googly Eyes","Hermit","Highlight Path","Hunter ÁÔÈË","KinomotoSakuraMod(Ä¾Ö®±¾Ó£)","KomeijiMod","Marisa£¨ìFÓê¡¡Ä§ÀíÉ³£©","Minty Spire (QoL Compilation)","MostiFishMod","Permanent Neow","Prisma Mod","Quick Restart","READ ME - Guardian Mod","Reimu£¨²©ÀöÁéÃÎ£©","Remilia£¨ÀÙÃ×ÀòÑÇ£©","Robot Space Explorer","RumiaBox-Â¶Ã×æ«µÄÉñÃØºÐ×Ó","Spicy Shops","StSLib","The Animator","The Bladedancer","The Bug Knight","The Cursed","The Dragon Tamer","The Gatherer","The Jungle","The Marked","The Mystic","The Runesmith","The Servant 0.9.4","WarShipGirlsR/Õ½½¢ÉÙÅ®R mod","Yakumo Yukari mod","Youmu£¨»êÆÇÑýÃÎ£©","Yuyuko","¡¾ÒÅÎï¿¨ÅÆ¡¿REMEMod","óô»ðÖ¸ÄÏ"],"gold_per_floor":[110,110,135,135,135,171,184,184,238,252,277,352,122,145,145,264,264,278,39,39,52,67,67,92,117,193,193,193,236,236,51,51,180,180,203,271,289,78,97,97,97,115,115,115,448,448,448,376,138,138,138,138,62,92,92],"floor_reached":56,"language":"ZHS","playtime":4567,"items_purged":[],"score":1387,"play_id":"63f5e052-0a09-4242-8537-710c3cee69f5","local_time":"20210116142247","is_ascension_mode":false,"campfire_choices":[{"floor":15,"key":"REST"},{"data":"RobotSpaceExplorer:Autoloader","floor":23,"key":"SMITH"},{"floor":27,"key":"RECALL"},{"floor":30,"key":"REST"},{"data":"MostiFishMod:SparklingWater","floor":32,"key":"SMITH"},{"data":"RobotSpaceExplorer:TurboDodge","floor":40,"key":"SMITH"},{"data":"MostiFishMod:NightSea","floor":44,"key":"SMITH"},{"data":"MostiFishMod:NightSea","floor":46,"key":"SMITH"}],"circlet_count":0,"master_deck":["RobotSpaceExplorer:Strike","RobotSpaceExplorer:Strike","RobotSpaceExplorer:Strike","RobotSpaceExplorer:Defend","RobotSpaceExplorer:Defend","RobotSpaceExplorer:Scan","RobotSpaceExplorer:MiniLasers","MostiFishMod:Neptune","MostiFishMod:TheEndOfMoonlight","MostiFishMod:SparklingWater+1","MostiFishMod:FantasySummer+1","MostiFishMod:NightSea+1","Double Tap+1","RobotSpaceExplorer:TurboDodge+1","RobotSpaceExplorer:Autoloader+1","RobotSpaceExplorer:ExhaustFan","RobotSpaceExplorer:PlasmaMissile","RobotSpaceExplorer:ShockMissile","RobotSpaceExplorer:FreezingShield","RobotSpaceExplorer:BigMissile","RobotSpaceExplorer:TrailblazerForm+1","RobotSpaceExplorer:StarLightning","RobotSpaceExplorer:JunkDive","RobotSpaceExplorer:ScrapShield","RobotSpaceExplorer:SurgingShield","RobotSpaceExplorer:PowerCollector+1","RobotSpaceExplorer:DoubleFind+1","RobotSpaceExplorer:Scanner+1","RobotSpaceExplorer:ScrapShield+1","RobotSpaceExplorer:DualCore+1","RobotSpaceExplorer:Ammunition","Pride","MostiFishMod:NightSea+1","RobotSpaceExplorer:StarLightning+1","RobotSpaceExplorer:StarLightning+1","RobotSpaceExplorer:StarDust","RobotSpaceExplorer:Blaster+1","RobotSpaceExplorer:Multitool+1"],"relics":["RobotSpaceExplorer:TurboCore","DaveBox","REME_ComplimentaryCards","AT_ATBox","MoonlightInvasionPlan","aspiration:Nostalgia","FlyPower:ReiMu","SynthV:TestCard","Bag of Marbles","aspiration:Lifesprig","Nunchaku","BrkXgEgg","ShirouKen","RhineCircuit","AT_RedNoBalance","theJungle:SpiritDisease","Spirit Poop","theJungle:BirthdayCake","aspiration:ChemicalBlood","theJungle:Creamberry","PureWhite:ReiMu","DollysMirror","Strange Spoon","aspiration:HummingbirdHeart","Bag of Preparation","ScarletDevilRocket","GodSword4"],"acts_visited":["Exordium","theJungle:Jungle","TheBeyond","TheEnding"],"potions_floor_usage":[33,55,55],"damage_taken":[{"damage":0.0,"enemies":"2 Louse","floor":1.0,"turns":1.0},{"damage":0.0,"enemies":"conspire:MimicChest","floor":3.0,"turns":2.0},{"damage":0.0,"enemies":"HollowMod:MossKnight","floor":6.0,"turns":2.0},{"damage":0.0,"enemies":"Jaw Worm","floor":7.0,"turns":3.0},{"damage":0.0,"enemies":"Small Slimes","floor":10.0,"turns":1.0},{"damage":4.0,"enemies":"2 Fungi Beasts","floor":11.0,"turns":2.0},{"damage":5.0,"enemies":"3 Louse","floor":14.0,"turns":3.0},{"damage":2,"enemies":"Slime Boss","floor":16,"turns":4},{"damage":0,"enemies":"theJungle:5_Spyders","floor":18,"turns":8},{"damage":5,"enemies":"Shell Parasite","floor":21,"turns":4},{"damage":0,"enemies":"theJungle:SlimyTreeVines","floor":22,"turns":1},{"damage":0,"enemies":"theJungle:Lyon","floor":24,"turns":2},{"damage":0,"enemies":"theJungle:2_Snecko_Cultists","floor":25,"turns":2},{"damage":0,"enemies":"theJungle:Cassacara","floor":29,"turns":3},{"damage":24,"enemies":"theJungle:TotemBoss","floor":33,"turns":8},{"damage":0,"enemies":"Orb Walker","floor":35,"turns":1},{"damage":0,"enemies":"2 Orb Walkers","floor":36,"turns":4},{"damage":0,"enemies":"3 Shapes","floor":37,"turns":1},{"damage":2,"enemies":"Writhing Mass","floor":39,"turns":5},{"damage":26,"enemies":"Jaw Worm Horde","floor":42,"turns":5},{"damage":1,"enemies":"Donu and Deca","floor":50,"turns":8},{"damage":36,"enemies":"Shield and Spear","floor":54,"turns":6},{"damage":32,"enemies":"The Heart","floor":55,"turns":8}],"seed_played":"944522563367441195","potions_obtained":[{"floor":6.0,"key":"Regen Potion"},{"floor":11.0,"key":"champ:CounterPotion"},{"floor":16,"key":"bronze:BurnAndBuffPotion"},{"floor":55,"key":"Energy Potion"}],"is_trial":false,"path_per_floor":["M","?","?","?","?","E","M","?","T","M","M","?","R","M","R","B",null,"M","$","?","M","M","R","M","M","T","R","?","E","R","?","R","B",null,"M","?","M","$","M","R","$","M","T","R","?","R","?","$","R","B",null,"R","$","E","B",null],"character_chosen":"RobotSpaceExplorer","items_purchased":["BrkXgEgg","ShirouKen","AT_SilverBalance","DollysMirror","Strange Spoon","RobotSpaceExplorer:StarDust","Bag of Preparation","RobotSpaceExplorer:Blaster+1","ScarletDevilRocket"],"campfire_rested":2,"item_purchase_floors":[13,13,19,38,38,48,49,49,53],"current_hp_per_floor":[75,75,75,57,42,42,42,42,42,42,38,27,27,22,44,42,75,75,75,75,32,37,37,37,37,37,37,57,47,75,75,75,23,95,95,95,95,95,93,93,93,67,67,67,67,67,67,67,67,66,95,95,95,59,27],"gold":92,"neow_bonus":"NOSTALGIA","is_daily":false,"chose_seed":false,"campfire_upgraded":5,"win_rate":0.0,"timestamp":1610778167,"path_taken":["M","?","?","?","?","E","M","?","T","M","?","?","R","M","R","BOSS","M","$","?","M","M","R","M","M","T","R","?","E","R","?","R","BOSS","M","?","M","$","M","R","$","M","T","R","?","R","?","?","R","BOSS","R","$","E","BOSS"],"items_purchased_type":["Relic","Relic","Relic","Relic","Relic","Card","Relic","Card","Relic"],"build_version":"2020-12-22","purchased_purges":0,"victory":true,"max_hp_per_floor":[75,75,75,75,75,75,75,75,75,75,75,75,75,75,75,75,75,75,75,75,75,75,75,75,75,75,75,95,95,95,95,95,95,95,95,95,95,95,95,95,95,95,95,95,95,95,95,95,95,95,95,95,95,95,95],"card_choices":[{"not_picked":["RobotSpaceExplorer:Ammunition","RobotSpaceExplorer:Probe"],"picked":"RobotSpaceExplorer:TurboDodge","floor":1.0},{"not_picked":["RobotSpaceExplorer:ToxicBomb","RobotSpaceExplorer:MiniDrones","RobotSpaceExplorer:GlueShot","RobotSpaceExplorer:FrostMissile"],"picked":"RobotSpaceExplorer:Autoloader","floor":3.0},{"not_picked":["RobotSpaceExplorer:Probe","RobotSpaceExplorer:Ammunition","RobotSpaceExplorer:MetalStrike","RobotSpaceExplorer:ToxicBomb"],"picked":"RobotSpaceExplorer:ExhaustFan","floor":6.0},{"not_picked":["RobotSpaceExplorer:ToxicBomb","RobotSpaceExplorer:FrostMissile","RobotSpaceExplorer:FranticSearch","RobotSpaceExplorer:SurgingStrike"],"picked":"RobotSpaceExplorer:PlasmaMissile","floor":7.0},{"not_picked":["RobotSpaceExplorer:SurgingShield","RobotSpaceExplorer:DualCore","RobotSpaceExplorer:ShockKick","RobotSpaceExplorer:MetalStrike"],"picked":"RobotSpaceExplorer:ShockMissile","floor":10.0},{"not_picked":["RobotSpaceExplorer:IronShell","RobotSpaceExplorer:Blitz","RobotSpaceExplorer:Discharger","RobotSpaceExplorer:ScrapMissile"],"picked":"RobotSpaceExplorer:FreezingShield","floor":11.0},{"not_picked":["RobotSpaceExplorer:DoubleBlock","RobotSpaceExplorer:StunGrenade","RobotSpaceExplorer:Reload","RobotSpaceExplorer:FrostMissile"],"picked":"RobotSpaceExplorer:BigMissile","floor":14.0},{"not_picked":["RobotSpaceExplorer:ShockMissile+1","RobotSpaceExplorer:HighVoltage+1","RobotSpaceExplorer:Arsenal+1","RobotSpaceExplorer:Exploration+1"],"picked":"RobotSpaceExplorer:TrailblazerForm+1","floor":16},{"not_picked":["RobotSpaceExplorer:Ammunition","RobotSpaceExplorer:ShovelStrike","RobotSpaceExplorer:MiniDrones","RobotSpaceExplorer:FranticSearch"],"picked":"RobotSpaceExplorer:StarLightning","floor":18},{"not_picked":["RobotSpaceExplorer:SelfCleaning","RobotSpaceExplorer:FrostMissile","RobotSpaceExplorer:MiniDrones","RobotSpaceExplorer:SlimeMissile"],"picked":"RobotSpaceExplorer:JunkDive","floor":21},{"not_picked":["RobotSpaceExplorer:DualCore+1","RobotSpaceExplorer:Probe","RobotSpaceExplorer:TurboDodge","RobotSpaceExplorer:ShockKick"],"picked":"RobotSpaceExplorer:ScrapShield","floor":22},{"not_picked":["RobotSpaceExplorer:FreezingShield+1","RobotSpaceExplorer:TurboDodge","RobotSpaceExplorer:FrostMissile","RobotSpaceExplorer:ShockKick"],"picked":"RobotSpaceExplorer:SurgingShield","floor":24},{"not_picked":["RobotSpaceExplorer:SelfCleaning","RobotSpaceExplorer:ToxicBomb+1","RobotSpaceExplorer:Counterblock+1","RobotSpaceExplorer:SlimeMissile+1"],"picked":"RobotSpaceExplorer:PowerCollector+1","floor":25},{"not_picked":["RobotSpaceExplorer:StunGrenade","RobotSpaceExplorer:MakeshiftVolley+1","RobotSpaceExplorer:Discharger+1","RobotSpaceExplorer:ShockKick"],"picked":"RobotSpaceExplorer:DoubleFind+1","floor":29},{"not_picked":["RobotSpaceExplorer:Wormhole+1","RobotSpaceExplorer:Autoloader+1","RobotSpaceExplorer:Accelerator+1","RobotSpaceExplorer:ChargingLaser+1"],"picked":"RobotSpaceExplorer:Scanner+1","floor":33},{"not_picked":["RobotSpaceExplorer:Pulsar","RobotSpaceExplorer:FrostMissile+1","RobotSpaceExplorer:SurgingShield","RobotSpaceExplorer:Probe"],"picked":"RobotSpaceExplorer:ScrapShield+1","floor":35},{"not_picked":["RobotSpaceExplorer:SurgingShield","RobotSpaceExplorer:LuckyStrike+1","RobotSpaceExplorer:GlueSpray+1","RobotSpaceExplorer:DoubleBlock+1"],"picked":"RobotSpaceExplorer:DualCore+1","floor":36},{"not_picked":["RobotSpaceExplorer:SwiftStep+1","RobotSpaceExplorer:MetalStrike","RobotSpaceExplorer:ShovelStrike+1","RobotSpaceExplorer:ShockKick+1"],"picked":"RobotSpaceExplorer:Ammunition","floor":37},{"not_picked":["RobotSpaceExplorer:ChargingLaser+1","RobotSpaceExplorer:StunGrenade","RobotSpaceExplorer:SurgingStrike+1","RobotSpaceExplorer:SurgingShield"],"picked":"RobotSpaceExplorer:StarLightning+1","floor":39},{"not_picked":["RobotSpaceExplorer:Counterblock","RobotSpaceExplorer:DualCore+1","RobotSpaceExplorer:MetalStrike+1","RobotSpaceExplorer:Smokescreen+1"],"picked":"RobotSpaceExplorer:StarLightning+1","floor":42},{"not_picked":["RobotSpaceExplorer:ScrapShield+1","RobotSpaceExplorer:MetalStrike+1","RobotSpaceExplorer:Pulsar","RobotSpaceExplorer:SlimeMissile+1"],"picked":"RobotSpaceExplorer:Multitool+1","floor":54}],"player_experience":477354,"relics_obtained":[{"floor":1.0,"key":"SynthV:TestCard"},{"floor":3.0,"key":"Bag of Marbles"},{"floor":6.0,"key":"aspiration:Lifesprig"},{"floor":26,"key":"Spirit Poop"},{"floor":29,"key":"aspiration:ChemicalBlood"},{"floor":36,"key":"PureWhite:ReiMu"},{"floor":43,"key":"aspiration:HummingbirdHeart"},{"floor":54,"key":"GodSword4"}],"event_choices":[{"damage_healed":0.0,"max_hp_gain":0.0,"max_hp_loss":0.0,"gold_gain":0.0,"event_name":"Golden Idol","player_choice":"Take Damage","floor":4.0,"gold_loss":0.0,"damage_taken":18.0,"relics_obtained":["Golden Idol"]},{"damage_healed":0.0,"max_hp_gain":0.0,"max_hp_loss":0.0,"gold_gain":0.0,"event_name":"Shining Light","player_choice":"Entered Light","floor":5.0,"gold_loss":0.0,"damage_taken":15.0,"cards_upgraded":["Double Tap","MostiFishMod:FantasySummer"]},{"damage_healed":0.0,"max_hp_gain":0.0,"max_hp_loss":0.0,"gold_gain":0.0,"event_name":"WeMeetAgain","player_choice":"Gave Potion","floor":8.0,"gold_loss":0.0,"damage_taken":0.0,"relics_obtained":["Nunchaku"]},{"damage_healed":0.0,"max_hp_gain":0.0,"max_hp_loss":0.0,"gold_gain":75.0,"event_name":"World of Goop","player_choice":"Gather Gold","floor":12.0,"gold_loss":0.0,"damage_taken":11.0},{"damage_healed":0,"gold_gain":0,"player_choice":"Fight","damage_taken":0,"max_hp_gain":0,"max_hp_loss":0,"event_name":"Mysterious Sphere","floor":36,"gold_loss":0},{"damage_healed":0,"gold_gain":333,"player_choice":"Gave Idol","damage_taken":0,"max_hp_gain":0,"max_hp_loss":0,"event_name":"The Moai Head","floor":45,"relics_lost":["Golden Idol"],"gold_loss":0},{"damage_healed":0,"gold_gain":0,"player_choice":"Ignored","damage_taken":0,"max_hp_gain":0,"max_hp_loss":0,"event_name":"Tomb of Lord Red Mask","floor":47,"gold_loss":0}],"is_beta":false,"boss_relics":[{"not_picked":["aspiration:RitualDagger","EE1DDrone"],"picked":"RhineCircuit"},{"not_picked":["energizedSpire:StickyHand","aspiration:FutureDiary"],"picked":"RobotSpaceExplorer:TurboCore"}],"items_purged_floors":[],"is_endless":false,"potions_floor_spawned":[6,11,16,18,21,29,37],"ascension_level":0}}