{"host":"oigynbtg272c19pw","time":1610840162,"event":{"mods":["BaseMod","Colored Map","Minty Spire (QoL Compilation)","Relic Stats","Slay the Relics Exporter","StSLib"],"gold_per_floor":[115,115,40,16,30,62,74,87,111,11,29,54,54,71,71,146,146,163,163,178,3,53,53,87,99,399,399,410,435,435,435,435],"floor_reached":31,"playtime":1697,"items_purged":["Strike_G","Strike_G"],"score":720,"play_id":"c11809f4-58d9-4bc0-8088-7ef4645e1e98","local_time":"20210117003602","is_ascension_mode":true,"campfire_choices":[{"floor":13.0,"key":"REST"},{"data":"Footwork","floor":15.0,"key":"SMITH"},{"data":"Concentrate","floor":23.0,"key":"SMITH"},{"data":"Grand Finale","floor":27,"key":"SMITH"},{"data":"Footwork","floor":30,"key":"SMITH"}],"circlet_count":0,"master_deck":["AscendersBane","Strike_G+1","Defend_G+1","Defend_G","Defend_G","Defend_G","Defend_G","Survivor","Neutralize","Dagger Throw","Deadly Poison","Acrobatics","Footwork+1","Sucker Punch","Underhanded Strike","PiercingWail","Endless Agony","Reflex","Heel Hook","Grand Finale+1","Concentrate+1","Prepared","Footwork+1","Caltrops"],"relics":["Ring of the Snake","NeowsBlessing","Bag of Preparation","Omamori","Nunchaku","Runic Pyramid","Unceasing Top","Old Coin","Pocketwatch"],"acts_visited":["Exordium","TheCity"],"potions_floor_usage":[24,31],"damage_taken":[{"damage":0.0,"enemies":"Jaw Worm","floor":1.0,"turns":1.0},{"damage":0.0,"enemies":"2 Louse","floor":5.0,"turns":1.0},{"damage":0.0,"enemies":"Gremlin Nob","floor":6.0,"turns":1.0},{"damage":4.0,"enemies":"Cultist","floor":7.0,"turns":3.0},{"damage":7.0,"enemies":"Looter","floor":8.0,"turns":5.0},{"damage":0.0,"enemies":"Lots of Slimes","floor":11.0,"turns":5.0},{"damage":16.0,"enemies":"Lagavulin","floor":12.0,"turns":7.0},{"damage":0.0,"enemies":"Exordium Wildlife","floor":14.0,"turns":3.0},{"damage":0.0,"enemies":"The Guardian","floor":16.0,"turns":14.0},{"damage":12.0,"enemies":"2 Thieves","floor":18.0,"turns":3.0},{"damage":4.0,"enemies":"Chosen","floor":20.0,"turns":6.0},{"damage":1,"enemies":"Slavers","floor":24,"turns":4},{"damage":1,"enemies":"Shelled Parasite and Fungi","floor":25,"turns":5},{"damage":2,"enemies":"Sentry and Sphere","floor":28,"turns":5},{"damage":7,"enemies":"Gremlin Leader","floor":29,"turns":6},{"damage":39,"enemies":"Slavers","floor":31,"turns":4}],"seed_played":"-5220290128353237545","potions_obtained":[{"floor":5.0,"key":"DuplicationPotion"},{"floor":12.0,"key":"FearPotion"},{"floor":14.0,"key":"GamblersBrew"},{"floor":16.0,"key":"Swift Potion"}],"is_trial":false,"path_per_floor":["M","?","?","$","M","E","M","M","T","$","M","E","R","M","R","B",null,"M","?","M","$","?","R","E","M","T","R","M","E","R","E"],"character_chosen":"THE_SILENT","items_purchased":["Deadly Poison","PiercingWail","Concentrate"],"campfire_rested":1,"item_purchase_floors":[4,10,21],"current_hp_per_floor":[59,39,39,39,39,39,35,28,28,28,28,12,31,31,31,31,57,45,45,41,41,41,41,40,39,39,39,37,30,30,0,0],"gold":435,"neow_bonus":"THREE_ENEMY_KILL","is_daily":false,"chose_seed":false,"campfire_upgraded":4,"win_rate":0.0,"timestamp":1610840162,"path_taken":["M","?","?","$","M","E","M","M","T","$","M","E","R","M","R","BOSS","M","?","?","$","?","R","E","M","T","R","M","E","R","E"],"items_purchased_type":["Card","Card","Card"],"build_version":"2020-12-13","purchased_purges":2,"victory":false,"max_hp_per_floor":[66,66,66,66,66,66,66,66,66,66,66,66,66,66,66,66,66,66,66,66,66,66,66,66,66,66,66,66,66,66,66,66],"relic_stats":{"Nunchaku":[12],"counters":[16,73],"Bag of Preparation":[27],"obtain_stats":[{"Nunchaku":12,"NeowsBlessing":0,"Bag of Preparation":6,"Omamori":9,"Unceasing Top":24,"Ring of the Snake":0,"Runic Pyramid":17,"Old Coin":26,"Pocketwatch":29},{"Nunchaku":7,"NeowsBlessing":0,"Bag of Preparation":3,"Omamori":5,"Unceasing Top":12,"Ring of the Snake":0,"Runic Pyramid":9,"Old Coin":13,"Pocketwatch":15},{"Nunchaku":23,"NeowsBlessing":0,"Bag of Preparation":3,"Omamori":11,"Unceasing Top":53,"Ring of the Snake":0,"Runic Pyramid":40,"Old Coin":58,"Pocketwatch":69}],"Unceasing Top":[0],"Ring of the Snake":[34],"Pocketwatch":[0]},"card_choices":[{"not_picked":["Cloak And Dagger","Poisoned Stab"],"picked":"Dagger Throw","floor":1.0},{"not_picked":["All Out Attack","Dodge and Roll"],"picked":"Acrobatics","floor":5.0},{"not_picked":["A Thousand Cuts","Bane"],"picked":"Footwork","floor":6.0},{"not_picked":["Poisoned Stab","Quick Slash"],"picked":"Sucker Punch","floor":7.0},{"not_picked":["Bane","Eviscerate"],"picked":"Underhanded Strike","floor":8.0},{"not_picked":["Poisoned Stab","Riddle With Holes"],"picked":"Endless Agony","floor":11.0},{"not_picked":["Underhanded Strike","Flying Knee"],"picked":"Reflex","floor":12.0},{"not_picked":["Slice","Poisoned Stab"],"picked":"Heel Hook","floor":14.0},{"not_picked":["Unload","Envenom"],"picked":"Grand Finale","floor":16.0},{"not_picked":["Caltrops","Dash","Outmaneuver"],"picked":"SKIP","floor":18.0},{"not_picked":["Flying Knee","Deadly Poison+1","Eviscerate"],"picked":"SKIP","floor":20.0},{"not_picked":["Flechettes","Quick Slash","Bane"],"picked":"SKIP","floor":24},{"not_picked":["Slice","Terror"],"picked":"Prepared","floor":25},{"not_picked":["Riddle With Holes","Endless Agony"],"picked":"Footwork","floor":28},{"not_picked":["Choke","PiercingWail"],"picked":"Caltrops","floor":29}],"player_experience":1419120,"relics_obtained":[{"floor":6.0,"key":"Bag of Preparation"},{"floor":9.0,"key":"Omamori"},{"floor":12.0,"key":"Nunchaku"},{"floor":24,"key":"Unceasing Top"},{"floor":26,"key":"Old Coin"},{"floor":29,"key":"Pocketwatch"}],"event_choices":[{"damage_healed":0.0,"max_hp_gain":0.0,"max_hp_loss":0.0,"gold_gain":0.0,"event_name":"Shining Light","player_choice":"Entered Light","floor":2.0,"gold_loss":0.0,"damage_taken":20.0,"cards_upgraded":["Strike_G","Defend_G"]},{"cards_removed":["Strike_G"],"damage_healed":0.0,"max_hp_gain":0.0,"max_hp_loss":0.0,"gold_gain":0.0,"event_name":"The Cleric","player_choice":"Card Removal","floor":3.0,"gold_loss":75.0,"damage_taken":0.0},{"cards_removed":["Strike_G"],"damage_healed":0.0,"max_hp_gain":0.0,"max_hp_loss":0.0,"gold_gain":0.0,"event_name":"Purifier","player_choice":"Purged","floor":19.0,"gold_loss":0.0,"damage_taken":0.0},{"damage_healed":0.0,"max_hp_gain":0.0,"max_hp_loss":0.0,"gold_gain":50.0,"event_name":"Golden Shrine","player_choice":"Pray","floor":22.0,"gold_loss":0.0,"damage_taken":0.0}],"is_beta":false,"boss_relics":[{"not_picked":["Ring of the Serpent","Sozu"],"picked":"Runic Pyramid"}],"items_purged_floors":[10,21],"is_endless":false,"potions_floor_spawned":[5,12,14,16,18,20],"killed_by":"Slavers","ascension_level":20}}