{"host":"oehe2dxjvdgux73m","time":1610782777,"event":{"mods":["AchievementEnabler","BaseMod","Colored Map","Colored Powertips","DeckTracker","Keyboard Shortcuts","Minty Spire (QoL Compilation)","Permanent Neow","Quick Restart","StSLib","SuperFastMode"],"gold_per_floor":[359,434,25,39,39,39,73,73,73,89,112,112,112],"floor_reached":12,"language":"KOR","playtime":328,"items_purged":["Strike_G"],"score":137,"play_id":"c0b4ccfb-6944-4310-bbb2-bb567f9b5857","local_time":"20210116163937","is_ascension_mode":true,"campfire_choices":[{"floor":6,"key":"REST"},{"floor":8,"key":"REST"}],"circlet_count":0,"master_deck":["AscendersBane","Strike_G","Strike_G","Strike_G","Strike_G","Defend_G","Defend_G","Defend_G","Defend_G","Defend_G","Survivor","Neutralize","PiercingWail","Masterful Stab","Underhanded Strike+1","Slice+1"],"relics":["Ring of the Snake","Kunai","Molten Egg 2","Eternal Feather","Bag of Preparation"],"acts_visited":["Exordium"],"potions_floor_usage":[7],"damage_taken":[{"damage":2,"enemies":"Cultist","floor":1,"turns":4},{"damage":4,"enemies":"2 Louse","floor":4,"turns":3},{"damage":34,"enemies":"3 Sentries","floor":7,"turns":16},{"damage":4,"enemies":"Jaw Worm","floor":10,"turns":3},{"damage":35,"enemies":"Lagavulin","floor":12,"turns":6}],"seed_played":"3749909415773473644","potions_obtained":[{"floor":4,"key":"Energy Potion"}],"is_trial":false,"path_per_floor":["M","?","$","M","?","R","E","R","T","M","T","E"],"character_chosen":"THE_SILENT","items_purchased":["Kunai","Fire Potion"],"campfire_rested":2,"item_purchase_floors":[3,3],"current_hp_per_floor":[42,31,31,27,27,46,12,31,31,27,27,0,0],"gold":112,"neow_bonus":"TWO_FIFTY_GOLD","is_daily":false,"chose_seed":false,"campfire_upgraded":0,"win_rate":0.0,"timestamp":1610782777,"path_taken":["M","?","$","M","?","R","E","R","T","M","?","E"],"items_purchased_type":["Relic","Potion"],"build_version":"2020-12-22","purchased_purges":1,"victory":false,"max_hp_per_floor":[66,66,66,66,66,66,66,66,66,66,66,66,66],"card_choices":[{"not_picked":["Poisoned Stab","Concentrate"],"picked":"PiercingWail","floor":1},{"not_picked":["Flying Knee","Prepared"],"picked":"Masterful Stab","floor":4},{"not_picked":["Grand Finale+1","Leg Sweep"],"picked":"Underhanded Strike+1","floor":7},{"not_picked":["PiercingWail","Eviscerate+1"],"picked":"Slice+1","floor":10}],"player_experience":219222,"relics_obtained":[{"floor":7,"key":"Molten Egg 2"},{"floor":9,"key":"Eternal Feather"},{"floor":11,"key":"Bag of Preparation"}],"event_choices":[{"damage_healed":0,"gold_gain":75,"player_choice":"Gather Gold","damage_taken":11,"max_hp_gain":0,"max_hp_loss":0,"event_name":"World of Goop","floor":2,"gold_loss":0},{"damage_healed":0,"gold_gain":0,"player_choice":"Ignored","damage_taken":0,"max_hp_gain":0,"max_hp_loss":0,"event_name":"Shining Light","floor":5,"gold_loss":0}],"is_beta":false,"boss_relics":[],"items_purged_floors":[3],"is_endless":false,"potions_floor_spawned":[4],"killed_by":"Lagavulin","ascension_level":16}}