{"host":"r53pw7z744tg3fxg","time":1610806589,"event":{"mods":["AchievementEnabler","BaseMod","Colored Map","Colored Powertips","Highlight Path","Minty Spire (QoL Compilation)","Quick Restart","Transform Curses"],"gold_per_floor":[114,114,79,98,110,110,135,135,135,145,3,33,33,33,33],"floor_reached":14,"language":"ENG","playtime":448,"items_purged":[],"score":172,"play_id":"d8ae7faf-5bda-4d58-a118-78a58f6c0503","local_time":"20210116071629","is_ascension_mode":true,"campfire_choices":[{"data":"Eruption","floor":6.0,"key":"SMITH"},{"floor":8.0,"key":"REST"}],"circlet_count":0,"master_deck":["AscendersBane","Strike_P","Strike_P","Strike_P","Strike_P","Defend_P","Defend_P","Defend_P","Defend_P","Eruption+1","Vigilance","Magnetism+1","Wallop","Conclude","BowlingBash","EmptyBody","Sanctity","Prostrate","WaveOfTheHand"],"relics":["PureWater","The Courier","Potion Belt","Boot","Juzu Bracelet"],"acts_visited":["Exordium"],"potions_floor_usage":[14],"damage_taken":[{"damage":3.0,"enemies":"Cultist","floor":1.0,"turns":4.0},{"damage":0.0,"enemies":"Small Slimes","floor":4.0,"turns":2.0},{"damage":0.0,"enemies":"Jaw Worm","floor":5.0,"turns":3.0},{"damage":32.0,"enemies":"Gremlin Nob","floor":7.0,"turns":5.0},{"damage":0.0,"enemies":"3 Louse","floor":10.0,"turns":2.0},{"damage":1.0,"enemies":"3 Sentries","floor":12.0,"turns":6.0},{"damage":60,"enemies":"Gremlin Nob","floor":14,"turns":5}],"seed_played":"2578587374398755971","potions_obtained":[{"floor":1.0,"key":"BottledMiracle"},{"floor":4.0,"key":"BottledMiracle"},{"floor":5.0,"key":"LiquidBronze"}],"is_trial":false,"path_per_floor":["M","?","?","M","M","R","E","R","T","M","$","E","?","E"],"character_chosen":"WATCHER","items_purchased":["Boot","Prostrate"],"campfire_rested":1,"item_purchase_floors":[11,11],"current_hp_per_floor":[40,40,57,57,57,57,25,45,45,45,45,44,44,0,0],"gold":33,"neow_bonus":"RANDOM_COLORLESS_2","is_daily":false,"chose_seed":false,"campfire_upgraded":1,"win_rate":0.0,"timestamp":1610806589,"path_taken":["M","?","?","M","M","R","E","R","T","M","?","E","?","E"],"items_purchased_type":["Relic","Card"],"build_version":"2020-12-22","purchased_purges":0,"victory":false,"max_hp_per_floor":[68,68,68,68,68,68,68,68,68,68,68,68,68,68,68],"card_choices":[{"not_picked":["Thinking Ahead","Secret Technique"],"picked":"Magnetism","floor":0.0},{"not_picked":["Adaptation","SashWhip"],"picked":"Wallop","floor":1.0},{"not_picked":["Protect","CutThroughFate"],"picked":"Conclude","floor":4.0},{"not_picked":["CutThroughFate","Nirvana"],"picked":"BowlingBash","floor":5.0},{"not_picked":["Vengeance","Weave"],"picked":"EmptyBody","floor":7.0},{"not_picked":["Crescendo","ThirdEye"],"picked":"Sanctity","floor":10.0},{"not_picked":["Perseverance","ClearTheMind"],"picked":"WaveOfTheHand","floor":12.0}],"player_experience":1274563,"relics_obtained":[{"floor":7.0,"key":"The Courier"},{"floor":9.0,"key":"Potion Belt"},{"floor":12.0,"key":"Juzu Bracelet"}],"event_choices":[{"damage_healed":0.0,"max_hp_gain":0.0,"max_hp_loss":0.0,"gold_gain":0.0,"event_name":"Golden Wing","player_choice":"Ignored","floor":2.0,"gold_loss":0.0,"damage_taken":0.0},{"damage_healed":17.0,"max_hp_gain":0.0,"max_hp_loss":0.0,"gold_gain":0.0,"event_name":"The Cleric","player_choice":"Healed","floor":3.0,"gold_loss":35.0,"damage_taken":0.0},{"damage_healed":0.0,"max_hp_gain":0.0,"max_hp_loss":0.0,"gold_gain":0.0,"event_name":"Living Wall","player_choice":"Grow","floor":13.0,"gold_loss":0.0,"damage_taken":0.0,"cards_upgraded":["Magnetism"]}],"is_beta":false,"boss_relics":[],"items_purged_floors":[],"is_endless":false,"potions_floor_spawned":[1,4,5],"killed_by":"Gremlin Nob","ascension_level":15}}