{"host":"ik8ww1p4uabx5gam","time":1610767901,"event":{"mods":["Always Whale","Aspiration","BaseMod","Beaked The Cultist","Better Third Choice","BetterRewards","Colored Map","Colored Powertips","Conspire","Energized Spire","FetchMod","GifTheSpireLib","Hubris","Infinite Spire","Ironclad Rager","Jedi Mod","Minty Spire (QoL Compilation)","Random Character Button","Replay The Spire","Shop Mod","Spicy Shops","Spikes Relics","StSLib","Stuff the Spire","The Bladedancer","The Blue Laboratory","The Gatherer","Wandering Minibosses","??????REMEMod"],"gold_per_floor":[109,109,119,80,80,105,120,155,155,155,166,196,78,98,98,195,195,207,207,224,243,342,372,389,418,497,497,497,514,514,286,286,439,439,452,463,482,582,600,625,693,238,238,538,538,568,579,606,606,606],"floor_reached":51,"language":"ENG","playtime":2030,"items_purged":["Strike_P"],"score":1329,"play_id":"7361fb5c-ba14-4bea-9636-61b665cddeff","local_time":"20210115213141","is_ascension_mode":true,"campfire_choices":[{"data":"After Image","floor":10,"key":"SMITH"},{"floor":15,"key":"DIG"},{"data":"Replay:ManipulateFuture","floor":27,"key":"SMITH"},{"data":"Wireheading","floor":30,"key":"SMITH"}],"circlet_count":0,"master_deck":["Gatherer:Bulldoze+3","Strike_P","Strike_P","Strike_P","Defend_P","Defend_P","Defend_P","Eruption+1","Vigilance","After Image+1","FlurryOfBlows+1","Replay:ManipulateFuture+1","JustLucky+1","Replay:Hum","CutThroughFate+1","SandsOfTime","CarveReality","Wireheading+1","ConjureBlade+1","FlurryOfBlows+1","Protect+1","wanderingMiniBosses:FinaleOfPromise","infinitespire:UltimateForm","Blasphemy+1","Apotheosis+1","Pain"],"relics":["PureWater","REME_ComplimentaryCards","aspiration:Nostalgia","blademaster:DancersAmulet","aspiration:TomeofQuesting","ReplayTheSpireMod:TigerMarble","hubris:TinFlute","MealTicket","Golden Egg","Mirror","wanderingMiniBosses:Blackblade","Pear","hubris:MobiusCoin","jedi:crownofsimplicity","Busted Crown","Replay:Bottled Eggs","FossilizedHelix","hubris:SphereOfDissonance","hubris:NiceRug","SpikesRelics:DaevaFist","Centennial Puzzle","ClockworkSouvenir","jedi:fakemustache","Peace Pipe","conspire:BottledYoYo","WarpedTongs","SuspiciousGoo","hubris:MysteriousPyramids"],"acts_visited":["Exordium","TheCity","TheBeyond"],"potions_floor_usage":[12,29,33,33,35,40,41,44,50,50,50],"damage_taken":[{"damage":0,"enemies":"2 Louse","floor":1,"turns":1},{"damage":3,"enemies":"conspire:RoseBush","floor":3,"turns":2},{"damage":7,"enemies":"Gremlin Nob","floor":6,"turns":3},{"damage":0,"enemies":"Cultist","floor":7,"turns":5},{"damage":0,"enemies":"3 Sentries","floor":8,"turns":2},{"damage":0,"enemies":"Looter","floor":11,"turns":2},{"damage":0,"enemies":"Lagavulin","floor":12,"turns":1},{"damage":0,"enemies":"Blue Slaver","floor":14,"turns":2},{"damage":0,"enemies":"Fading Forest","floor":16,"turns":6},{"damage":0,"enemies":"Spheric Guardian","floor":18,"turns":2},{"damage":8,"enemies":"2 Thieves","floor":20,"turns":2},{"damage":13,"enemies":"3 Cultists","floor":21,"turns":3},{"damage":0,"enemies":"Book of Stabbing","floor":23,"turns":2},{"damage":4,"enemies":"Centurion and Healer","floor":24,"turns":3},{"damage":0,"enemies":"conspire:Head Lice","floor":25,"turns":2},{"damage":0,"enemies":"Snecko","floor":29,"turns":2},{"damage":0,"enemies":"Automaton","floor":33,"turns":3},{"damage":0,"enemies":"3 Darklings","floor":35,"turns":1},{"damage":0,"enemies":"3 Shapes","floor":36,"turns":2},{"damage":0,"enemies":"Writhing Mass","floor":37,"turns":2},{"damage":26,"enemies":"4 Shapes","floor":39,"turns":4},{"damage":0,"enemies":"Nightmare","floor":40,"turns":1},{"damage":0,"enemies":"Jaw Worm Horde","floor":41,"turns":4},{"damage":0,"enemies":"hubris:Merchant","floor":44,"turns":3},{"damage":0,"enemies":"beaked:SuperParasite","floor":46,"turns":2},{"damage":1,"enemies":"Spire Growth","floor":47,"turns":2},{"damage":3,"enemies":"Giant Head","floor":48,"turns":2},{"damage":0,"enemies":"infinitespire:MassOfShapes","floor":50,"turns":2}],"seed_played":"-2342520013164865938","potions_obtained":[{"floor":6,"key":"LifebloodPotion"},{"floor":11,"key":"DistilledChaos"},{"floor":14,"key":"Ancient Potion"},{"floor":21,"key":"LiquidBronze"},{"floor":25,"key":"BottledMiracle"},{"floor":29,"key":"AttackPotion"},{"floor":36,"key":"LiquidMemories"},{"floor":37,"key":"blueLaboratory:HummingbirdPotion"},{"floor":41,"key":"BottledMiracle"},{"floor":44,"key":"Strength Potion"},{"floor":44,"key":"blueLaboratory:NullPotion"},{"floor":44,"key":"jedi:tentaclejuice"},{"floor":46,"key":"blueLaboratory:BottledHope"}],"is_trial":false,"path_per_floor":["M","?","M","$","?","E","M","E","T","R","M","E","$","M","R_BF","B",null,"M","?","M","M","?","E","M","E","T","R","?","M","R","$","R_BF","B",null,"M","M","M","?","M","NM","M","$","T","$","?","E","M","E","R_BF","B",null],"character_chosen":"WATCHER","items_purchased":["JustLucky+1","Wireheading","jedi:crownofsimplicity","FossilizedHelix","Blasphemy"],"campfire_rested":0,"item_purchase_floors":[4,13,31,42,42],"current_hp_per_floor":[72,72,69,69,72,65,65,65,65,65,65,65,72,72,72,72,72,72,72,64,51,51,57,53,63,63,63,63,63,63,78,82,82,82,82,82,82,82,56,56,56,71,71,82,82,82,81,78,82,82],"gold":606,"neow_bonus":"NOSTALGIA","is_daily":false,"chose_seed":false,"campfire_upgraded":3,"win_rate":0.0,"timestamp":1610767901,"path_taken":["M","?","?","?","?","E","M","E","T","R","M","E","$","?","R_BF","BOSS","M","?","M","M","?","E","M","E","T","R","?","M","R","$","R_BF","BOSS","M","?","M","?","?","NM","M","$","T","$","?","E","M","E","R_BF","BOSS"],"items_purchased_type":["Card","Card","Relic","Relic","Card"],"build_version":"2020-12-22","purchased_purges":1,"victory":true,"max_hp_per_floor":[72,72,72,72,72,72,72,72,72,72,72,72,72,72,72,72,72,72,72,72,72,72,72,72,82,82,82,82,82,82,82,82,82,82,82,82,82,82,82,82,82,82,82,82,82,82,82,82,82,82],"card_choices":[{"not_picked":["EmptyFist","Protect"],"picked":"FlurryOfBlows","floor":1},{"not_picked":["PathToVictory","ClearTheMind"],"picked":"Replay:ManipulateFuture","floor":3},{"not_picked":["Judgement","REME_Repentance"],"picked":"Replay:Hum","floor":6},{"not_picked":["WindmillStrike","REME_Repentance"],"picked":"CutThroughFate","floor":7},{"not_picked":["Wallop","Swivel"],"picked":"SandsOfTime","floor":8},{"not_picked":["REME_MusicOfDeath","Halt","FollowUp"],"picked":"SKIP","floor":11},{"not_picked":["Collect","Study"],"picked":"CarveReality","floor":12},{"not_picked":["ThirdEye","Halt","SandsOfTime"],"picked":"SKIP","floor":14},{"not_picked":["jedi:nirvanicrebirth","Establishment"],"picked":"ConjureBlade","floor":16},{"not_picked":["Crescendo","Meditate","Replay:BluntJabs+1"],"picked":"SKIP","floor":18},{"not_picked":["Evaluate","Wireheading","REME_Repentance"],"picked":"SKIP","floor":20},{"not_picked":["SashWhip","EmptyMind"],"picked":"FlurryOfBlows+1","floor":21},{"not_picked":["Perseverance","Replay:AtTheReady"],"picked":"Protect","floor":23},{"not_picked":[],"picked":"wanderingMiniBosses:FinaleOfPromise","floor":24},{"not_picked":["FlurryOfBlows","Replay:Battleflow","ReachHeaven"],"picked":"SKIP","floor":24},{"not_picked":["Replay:BluntJabs","Replay:AtTheReady","BattleHymn"],"picked":"SKIP","floor":25},{"not_picked":["Perseverance","FollowUp","Crescendo"],"picked":"SKIP","floor":29},{"not_picked":["JustLucky"],"picked":"SKIP","floor":35},{"not_picked":["Replay:Vibes"],"picked":"SKIP","floor":36},{"not_picked":["Prostrate"],"picked":"SKIP","floor":37},{"not_picked":["Crescendo"],"picked":"SKIP","floor":39},{"not_picked":["infinitespire:Oblivion","Replay:Fractal Strike"],"picked":"infinitespire:UltimateForm","floor":40},{"not_picked":["BowlingBash+1"],"picked":"SKIP","floor":40},{"not_picked":["Replay:BluntJabs+1"],"picked":"SKIP","floor":41},{"not_picked":[],"picked":"Apotheosis","floor":44},{"not_picked":["CrushJoints"],"picked":"SKIP","floor":44},{"not_picked":["FlurryOfBlows+1"],"picked":"SKIP","floor":44},{"not_picked":["Crescendo"],"picked":"SKIP","floor":44},{"not_picked":["SpiritShield"],"picked":"SKIP","floor":44},{"not_picked":["Study"],"picked":"SKIP","floor":44},{"not_picked":["Replay:Bootleg Shield Generator"],"picked":"SKIP","floor":44},{"not_picked":["ThirdEye"],"picked":"SKIP","floor":46},{"not_picked":["EmptyBody+1"],"picked":"SKIP","floor":47},{"not_picked":["Replay:BluntJabs"],"picked":"SKIP","floor":48}],"player_experience":1021061,"relics_obtained":[{"floor":6,"key":"aspiration:TomeofQuesting"},{"floor":8,"key":"ReplayTheSpireMod:TigerMarble"},{"floor":9,"key":"hubris:TinFlute"},{"floor":12,"key":"MealTicket"},{"floor":15,"key":"Golden Egg"},{"floor":23,"key":"Mirror"},{"floor":24,"key":"wanderingMiniBosses:Blackblade"},{"floor":25,"key":"Pear"},{"floor":26,"key":"hubris:MobiusCoin"},{"floor":40,"key":"Replay:Bottled Eggs"},{"floor":43,"key":"hubris:SphereOfDissonance"},{"floor":44,"key":"SpikesRelics:DaevaFist"},{"floor":44,"key":"Centennial Puzzle"},{"floor":44,"key":"ClockworkSouvenir"},{"floor":44,"key":"jedi:fakemustache"},{"floor":44,"key":"Peace Pipe"},{"floor":44,"key":"conspire:BottledYoYo"},{"floor":46,"key":"SuspiciousGoo"},{"floor":48,"key":"hubris:MysteriousPyramids"}],"event_choices":[{"cards_removed":["Defend_P"],"damage_healed":0,"gold_gain":0,"player_choice":"Offered Basic","damage_taken":0,"max_hp_gain":0,"max_hp_loss":0,"event_name":"Bonfire Elementals","floor":2,"gold_loss":0},{"damage_healed":0,"gold_gain":99,"player_choice":"Steal","damage_taken":0,"max_hp_gain":0,"max_hp_loss":0,"event_name":"betterThird:BetterNest","floor":22,"gold_loss":0},{"damage_healed":0,"gold_gain":0,"player_choice":"Ignored","damage_taken":0,"max_hp_gain":0,"max_hp_loss":0,"event_name":"NoteForYourself","floor":28,"gold_loss":0},{"damage_healed":0,"gold_gain":100,"player_choice":"Pray","damage_taken":0,"max_hp_gain":0,"max_hp_loss":0,"event_name":"Golden Shrine","floor":38,"gold_loss":0},{"damage_healed":0,"gold_gain":0,"player_choice":"Rummage","damage_taken":0,"relics_obtained":["WarpedTongs"],"max_hp_gain":0,"max_hp_loss":0,"event_name":"Accursed Blacksmith","floor":45,"gold_loss":0,"cards_obtained":["Pain"]}],"is_beta":false,"boss_relics":[{"not_picked":[]},{"not_picked":["energizedSpire:SpiderWeb","aspiration:PoetsPen_weak"],"picked":"Busted Crown"}],"items_purged_floors":[31],"is_endless":false,"potions_floor_spawned":[6,11,14,21,25,29,36,37,41,46],"ascension_level":1}}