{"host":"o9oojikv0j1jifqm","time":1610817650,"event":{"mods":["BaseMod","Marisa£®ÏF”Í°°ƒß¿Ì…≥£©","Minty Spire (QoL Compilation)","Quick Restart","Reimu£®≤©¿ˆ¡È√Œ£©","Remilia£®¿Ÿ√◊¿Ú—«£©","Replay The Spire","Shop Mod","Spicy Shops","StSLib","UnlockEverythingMod","Yakumo Yukari mod","Youmu£®ªÍ∆«—˝√Œ£©","°æ“≈ŒÔø®≈∆°øREMEMod"],"gold_per_floor":[140,2,12,23,23,23,34,34,60,77,87,87,87,65,120,223,223,237,237],"floor_reached":18,"language":"ZHS","playtime":1145,"items_purged":[],"score":229,"play_id":"5cf82304-7aa3-4ef6-8e78-89328cfc5623","local_time":"20210117012050","is_ascension_mode":false,"campfire_choices":[{"floor":6,"key":"REST"}],"circlet_count":0,"master_deck":["AT_purpleEX","AT_purpleEX","AT_purpleEX","Defend_purpleEX","Defend_purpleEX","Defend_purpleEX","Defend_purpleEX","Observe_purple_1","Observe_purple_2","Berserk","Realm_recovery_purpleEX","PositiveMatter_Antimatter_Universe_purple+1","AdvanceAttack_purple","Mirror_FourBoundary_purple","PurpleNeedle_purple","OmniscientAndOmnipotent_Monster_purple","WangLiang_OokamiKakushi_purple","Charmbait_purple","Shallow_ocean_purpleEX","Line_surface_state_purple","ContainerChange_purple","Worldmountain_purple+1"],"relics":["Boundary_crack","Memoryfragments_purpleEX","REME_ComplimentaryCards","NeowsBlessing","Cauldron","Pet Ghost","ReplayTheSpireMod:Ring of Challenge","Ring of Hypnosis","Simple Rune","Eternal Feather","Singing Bowl","Replay:Bronze Core"],"acts_visited":["Exordium","TheCity"],"potions_floor_usage":[7,16,16,16],"damage_taken":[{"damage":0,"enemies":"Cultist","floor":1,"turns":1},{"damage":0,"enemies":"Jaw Worm","floor":3,"turns":1},{"damage":0,"enemies":"Small Slimes","floor":4,"turns":1},{"damage":0,"enemies":"Looter","floor":7,"turns":3},{"damage":13,"enemies":"3 Louse","floor":10,"turns":3},{"damage":7,"enemies":"Large Slime","floor":11,"turns":6},{"damage":0,"enemies":"Slime Boss","floor":16,"turns":8},{"damage":2,"enemies":"Spheric Guardian","floor":18,"turns":3}],"seed_played":"9199081220644592738","potions_obtained":[{"floor":2,"key":"LifebloodPotion"},{"floor":2,"key":"EntropicBrew"},{"floor":2,"key":"DuplicationPotion"},{"floor":18,"key":"SkillPotion"}],"is_trial":false,"path_per_floor":["M","$","M","M","?","R","M","?","T","M","M","T","?","$","R","B",null,"M"],"character_chosen":"Youkari","items_purchased":["PositiveMatter_Antimatter_Universe_purple+1","Cauldron","Charmbait_purple"],"campfire_rested":1,"item_purchase_floors":[2,2,14],"current_hp_per_floor":[70,70,70,70,37,58,59,59,59,47,42,42,35,35,44,45,70,68,68],"gold":237,"neow_bonus":"THREE_ENEMY_KILL","is_daily":false,"chose_seed":false,"campfire_upgraded":0,"win_rate":0.0,"timestamp":1610817650,"path_taken":["M","?","M","M","?","R","M","?","T","M","M","?","?","?","R","BOSS","M"],"items_purchased_type":["Card","Relic","Card"],"build_version":"2020-12-22","purchased_purges":0,"victory":false,"max_hp_per_floor":[70,70,70,70,70,70,70,70,70,70,70,70,70,70,70,70,70,70,70],"card_choices":[{"not_picked":["StateDuplicate_purple","Umbrella_purple"],"picked":"Realm_recovery_purpleEX","floor":1},{"not_picked":["SharpContractionReality_purple","SfantasyHide_purple"],"picked":"AdvanceAttack_purple","floor":3},{"not_picked":["Shallow_ocean_purpleEX","RuleDissolution_purple"],"picked":"Mirror_FourBoundary_purple","floor":4},{"not_picked":["StateDuplicate_purple","Mirror_WaveAndshot_purple"],"picked":"PurpleNeedle_purple","floor":7},{"not_picked":["PositiveMatter_Antimatter_Universe_purple","RuleDissolution_purple"],"picked":"OmniscientAndOmnipotent_Monster_purple","floor":10},{"not_picked":["RuptureOfTimeAndSpace_purple","SharpContractionReality_purple"],"picked":"WangLiang_OokamiKakushi_purple","floor":11},{"not_picked":["OmniscientAndOmnipotent_Monster_purple","MetroBOOM_purple"],"picked":"Shallow_ocean_purpleEX","floor":15},{"not_picked":["Shallow_ocean_purpleEX","MeetDecomposer_purple"],"picked":"Line_surface_state_purple","floor":15},{"not_picked":["WasteWire_Metro_purple","Computing_the_future_purpleEX"],"picked":"ContainerChange_purple","floor":16},{"not_picked":["Shallow_ocean_purpleEX","Erosivefilter_purple+1"],"picked":"Worldmountain_purple+1","floor":18}],"player_experience":148623,"relics_obtained":[{"floor":8,"key":"ReplayTheSpireMod:Ring of Challenge"},{"floor":8,"key":"Ring of Hypnosis"},{"floor":9,"key":"Simple Rune"},{"floor":12,"key":"Eternal Feather"},{"floor":15,"key":"Singing Bowl"}],"event_choices":[{"damage_healed":0,"gold_gain":0,"player_choice":"Success","damage_taken":33,"relics_obtained":["Pet Ghost"],"max_hp_gain":0,"max_hp_loss":0,"event_name":"Scrap Ooze","floor":5,"gold_loss":0},{"cards_removed":["AT_purpleEX"],"damage_healed":0,"gold_gain":0,"player_choice":"Card Removal","damage_taken":7,"max_hp_gain":0,"max_hp_loss":0,"event_name":"Golden Wing","floor":13,"gold_loss":0}],"is_beta":false,"boss_relics":[{"not_picked":["Runic Dome","Kintsugi"],"picked":"Replay:Bronze Core"}],"items_purged_floors":[],"is_endless":false,"potions_floor_spawned":[3,4,18],"killed_by":"Spheric Guardian","ascension_level":0}}