{"host":"kvh5342rl0c7vxi5","time":1610840088,"event":{"mods":["BaseMod","Downfall","Hermit","Jorbs\u0027s Wanderer Trilogy","Minty Spire (QoL Compilation)","Quick Restart","StSLib","SuperFastMode","The Poker Player"],"gold_per_floor":[113,63,82,182,357,383,383,396,448,448,462,494,513,74,74,179,179,190,190,210,210,210,210,224,224,251,350,350,350],"floor_reached":28,"language":"ENG","playtime":885,"items_purged":["hermit:Strike_Hermit"],"score":441,"play_id":"d49ced68-802a-41a8-b3b2-2b08767dec55","local_time":"20210116183448","is_ascension_mode":true,"campfire_choices":[{"data":"hermit:ShadowCloak","floor":7,"key":"SMITH"},{"data":"hermit:WideOpen","floor":10,"key":"SMITH"},{"floor":15,"key":"REST"},{"data":"hermit:Determination","floor":23,"key":"SMITH"},{"floor":25,"key":"REST"}],"circlet_count":0,"master_deck":["hermit:Defend_Hermit","hermit:Defend_Hermit","hermit:Defend_Hermit","hermit:Defend_Hermit","hermit:Snapshot","hermit:Covet","hermit:BlackWind","hermit:Roulette","hermit:ShadowCloak+1","stsjorbsmod:Withering","stsjorbsmod:Procrastination","hermit:RoundhouseKick","Decay","Doubt","hermit:WideOpen+1","hermit:Showdown","hermit:Determination+1","Apotheosis","hermit:Enervate","hermit:Dissolve","hermit:HoleUp","Bite","Bite","Bite","Bite","Bite","hermit:Manifest","Decay","hermit:Misfire+1"],"relics":["hermit:Momento","Blue Candle","Bag of Preparation","Oddly Smooth Stone","Darkstone Periapt","MealTicket","Runic Dome","Ancient Tea Set"],"acts_visited":["Exordium","TheCity"],"potions_floor_usage":[6,16,24,28,28],"damage_taken":[{"damage":0,"enemies":"Cultist","floor":1,"turns":4},{"damage":1,"enemies":"Small Slimes","floor":3,"turns":3},{"damage":34,"enemies":"Gremlin Nob","floor":6,"turns":6},{"damage":7,"enemies":"Jaw Worm","floor":8,"turns":3},{"damage":0,"enemies":"2 Fungi Beasts","floor":11,"turns":2},{"damage":28,"enemies":"3 Sentries","floor":12,"turns":6},{"damage":0,"enemies":"Large Slime","floor":13,"turns":3},{"damage":18,"enemies":"The Guardian","floor":16,"turns":10},{"damage":18,"enemies":"Shell Parasite","floor":18,"turns":4},{"damage":21,"enemies":"Chosen","floor":20,"turns":5},{"damage":43,"enemies":"Shelled Parasite and Fungi","floor":24,"turns":5},{"damage":31,"enemies":"Book of Stabbing","floor":28,"turns":3}],"seed_played":"8527091437668471127","potions_obtained":[{"floor":1,"key":"SkillPotion"},{"floor":8,"key":"Strength Potion"},{"floor":11,"key":"champ:CounterPotion"},{"floor":12,"key":"ColorlessPotion"},{"floor":20,"key":"Strength Potion"}],"is_trial":false,"path_per_floor":["M","?","M","?","?","E","R","M","T","R","M","E","M","$","R","B",null,"M","?","M","?","?","R","M","R","T","?","E"],"character_chosen":"HERMIT","items_purchased":["Apotheosis","hermit:Enervate","MealTicket"],"campfire_rested":2,"item_purchase_floors":[14,14,14],"current_hp_per_floor":[68,68,67,72,72,38,38,31,31,31,31,3,3,3,27,9,62,44,44,32,32,38,38,5,23,23,23,0,0],"gold":350,"neow_bonus":"ONE_RANDOM_RARE_CARD","is_daily":false,"chose_seed":false,"campfire_upgraded":3,"win_rate":0.0,"timestamp":1610840088,"path_taken":["M","?","M","?","?","E","R","M","T","R","M","E","M","$","R","BOSS","M","?","M","?","?","R","M","R","T","?","E"],"items_purchased_type":["Card","Card","Relic"],"build_version":"2020-12-22","purchased_purges":1,"victory":false,"max_hp_per_floor":[75,75,75,80,80,80,80,80,80,80,80,80,80,80,80,80,80,80,56,56,56,62,62,62,62,62,62,62,62],"card_choices":[{"not_picked":["hermit:Horror","hermit:FlashPowder"],"picked":"hermit:Roulette","floor":1},{"not_picked":["hermit:Misfire","hermit:NoHoldsBarred"],"picked":"hermit:ShadowCloak","floor":3},{"not_picked":["hermit:Vantage","hermit:Feint"],"picked":"hermit:WideOpen","floor":6},{"not_picked":["hermit:TakeAim","hermit:Brawl","hermit:Roulette"],"picked":"SKIP","floor":8},{"not_picked":["hermit:Combo","hermit:Virtue"],"picked":"hermit:Showdown","floor":11},{"not_picked":["hermit:LuckOfTheDraw","hermit:Dive"],"picked":"hermit:Determination","floor":12},{"not_picked":["hermit:Cheat","hermit:Midnight","hermit:HighCaliber"],"picked":"SKIP","floor":13},{"not_picked":["hermit:HeroicBravado","hermit:RoundhouseKick"],"picked":"hermit:Dissolve","floor":16},{"not_picked":["hermit:Snipe","hermit:Roulette+1"],"picked":"hermit:HoleUp","floor":18},{"not_picked":["hermit:Quickdraw","hermit:Shortfuse"],"picked":"hermit:Manifest","floor":20},{"not_picked":["hermit:Ricochet","hermit:HighCaliber+1"],"picked":"hermit:Misfire+1","floor":24}],"player_experience":546633,"relics_obtained":[{"floor":6,"key":"Bag of Preparation"},{"floor":9,"key":"Oddly Smooth Stone"},{"floor":12,"key":"Darkstone Periapt"},{"floor":26,"key":"Ancient Tea Set"}],"event_choices":[{"cards_removed":["hermit:Strike_Hermit"],"damage_healed":0,"gold_gain":0,"player_choice":"Card Removal","damage_taken":0,"max_hp_gain":0,"max_hp_loss":0,"event_name":"The Cleric","floor":2,"gold_loss":50},{"damage_healed":0,"gold_gain":175,"player_choice":"AGREE","damage_taken":0,"max_hp_gain":0,"max_hp_loss":0,"event_name":"Liars Game","floor":5,"gold_loss":0,"cards_obtained":["Doubt"]},{"damage_healed":0,"gold_gain":0,"player_choice":"Became a vampire","damage_taken":0,"max_hp_gain":0,"max_hp_loss":24,"event_name":"Vampires","floor":19,"gold_loss":0,"cards_obtained":["Bite","Bite","Bite","Bite","Bite"]},{"cards_removed":["stsjorbsmod:Procrastination"],"damage_healed":0,"gold_gain":0,"player_choice":"Elegance","damage_taken":0,"max_hp_gain":0,"max_hp_loss":0,"event_name":"Back to Basics","floor":21,"gold_loss":0},{"damage_healed":0,"gold_gain":0,"player_choice":"Smashed Altar","damage_taken":0,"max_hp_gain":0,"max_hp_loss":0,"event_name":"Forgotten Altar","floor":22,"gold_loss":0,"cards_obtained":["Decay"]},{"damage_healed":0,"gold_gain":99,"player_choice":"Stole From Cult","damage_taken":0,"max_hp_gain":0,"max_hp_loss":0,"event_name":"Nest","floor":27,"gold_loss":0}],"is_beta":false,"boss_relics":[{"not_picked":["Pandora\u0027s Box","bronze:MakeshiftBattery"],"picked":"Runic Dome"}],"items_purged_floors":[14],"is_endless":false,"potions_floor_spawned":[1,8,11,12,20],"killed_by":"Book of Stabbing","ascension_level":8}}