{"host":"6svvh3ubww6quchd","time":1610764042,"event":{"mods":["AchievementEnabler","BaseMod","Downfall","Highlight Path","Minty Spire (QoL Compilation)","Rare Cards Sparkle","Relic Stats","StSLib"],"gold_per_floor":[99,112,177,187,206,230,230,222,7,28,54,88,88,4,16,120,120,120,145,145,165,179,208,208,208,208,208,1,1,1,14,26,121,121,121,133,152,172,172,186,209,221,233,245,276,323,353,365,397,409,409,409],"floor_reached":50,"language":"ENG","playtime":3661,"items_purged":["Pain","hexamod:Strike"],"score":721,"play_id":"ef46bd9b-9f97-4634-bc00-7038f273aee1","local_time":"20210115212722","is_ascension_mode":false,"campfire_choices":[{"data":"hexamod:Sear","floor":1,"key":"SMITH"},{"data":"hexamod:GiftsFromTheDead","floor":13,"key":"SMITH"},{"data":"hexamod:PhantomCloak","floor":18,"key":"SMITH"},{"data":"hexamod:HeatCrush","floor":25,"key":"SMITH"},{"data":"hexamod:PhantomCloak","floor":27,"key":"SMITH"},{"data":"hexamod:HexaLevel","floor":29,"key":"SMITH"},{"data":"hexamod:HeatMetal","floor":35,"key":"SMITH"},{"floor":42,"key":"REST"}],"circlet_count":0,"master_deck":["hexamod:Strike","hexamod:Defend","hexamod:Defend","hexamod:Defend","hexamod:Sear+1","hexamod:Float","hexamod:NightmareStrike+1","hexamod:HeatMetal+1","hexamod:StepThrough","hexamod:GiftsFromTheDead+1","hexamod:PhantomCloak+1","hexamod:AdvancingGuard+1","hexamod:HeatCrush+1","hexamod:InspiringFlames+1","hexamod:HeatShield+1","hexamod:PhantomCloak+1","hexamod:PhantomFireball+1","hexamod:PowerFromBeyond+1","hexamod:HexaLevel+1","hexamod:RetreatToShadows+1","hexamod:RadiantFlame+1","hexamod:RecurringNightmare+1","hexamod:FirstSeal","hexamod:GiftsFromTheDead","hexamod:TimeOfNeed+1","hexamod:ForkedFlame+1","hexamod:TimeWarp+1","Writhe","Injury","Shame","Normality","Normality","expansioncontent:Chronoboost","downfall:Bewildered"],"relics":["hexamod:SpiritBrand","Thread and Needle","Torii","Centennial Puzzle","Toxic Egg 2","Molten Egg 2","Astrolabe","hexamod:TheBrokenSeal","Singing Bowl","Anchor","Smiling Mask","hexamod:IceCube","Cursed Key","MawBank","Ancient Tea Set","Mummified Hand"],"acts_visited":["Exordium","TheCity","TheBeyond"],"potions_floor_usage":[16,16,22,33,40,50,50,50],"damage_taken":[{"damage":7,"enemies":"2 Louse","floor":2,"turns":3},{"damage":29,"enemies":"Gremlin Nob","floor":3,"turns":4},{"damage":4,"enemies":"Jaw Worm","floor":4,"turns":3},{"damage":2,"enemies":"Small Slimes","floor":5,"turns":3},{"damage":4,"enemies":"downfall:FleeingMerchant","floor":9,"turns":4},{"damage":9,"enemies":"Red Slaver","floor":10,"turns":6},{"damage":1,"enemies":"Large Slime","floor":11,"turns":7},{"damage":1,"enemies":"3 Sentries","floor":12,"turns":6},{"damage":0,"enemies":"downfall:FleeingMerchant","floor":14,"turns":4},{"damage":1,"enemies":"3 Louse","floor":15,"turns":3},{"damage":25,"enemies":"IC_STATUS_ARCHETYPE","floor":16,"turns":9},{"damage":3,"enemies":"Spheric Guardian","floor":19,"turns":7},{"damage":20,"enemies":"Centurion and Healer","floor":21,"turns":9},{"damage":23,"enemies":"Chosen and Byrds","floor":22,"turns":8},{"damage":12,"enemies":"Gremlin Leader","floor":23,"turns":8},{"damage":3,"enemies":"downfall:FleeingMerchant","floor":28,"turns":4},{"damage":1,"enemies":"Shelled Parasite and Fungi","floor":31,"turns":5},{"damage":3,"enemies":"Snake Plant","floor":32,"turns":4},{"damage":3,"enemies":"WA_ARCHETYPE_CALM","floor":33,"turns":7},{"damage":23,"enemies":"3 Darklings","floor":36,"turns":6},{"damage":1,"enemies":"3 Shapes","floor":37,"turns":6},{"damage":0,"enemies":"Writhing Mass","floor":38,"turns":7},{"damage":21,"enemies":"Jaw Worm Horde","floor":40,"turns":5},{"damage":26,"enemies":"3 Darklings","floor":45,"turns":11},{"damage":56,"enemies":"Nemesis","floor":46,"turns":9},{"damage":1,"enemies":"Maw","floor":47,"turns":5},{"damage":1,"enemies":"Sphere and 2 Shapes","floor":49,"turns":6},{"damage":48,"enemies":"DF_ARCHETYPE_ORBS","floor":50,"turns":8}],"seed_played":"-4087207215383941750","potions_obtained":[{"floor":2,"key":"Regen Potion"},{"floor":10,"key":"Swift Potion"},{"floor":11,"key":"AttackPotion"},{"floor":12,"key":"GamblersBrew"},{"floor":14,"key":"hexamod:EctoCoolerPotion"},{"floor":16,"key":"champ:CounterPotion"},{"floor":19,"key":"Slimebound:ThreeZeroPotion"},{"floor":22,"key":"ColorlessPotion"},{"floor":32,"key":"PowerPotion"},{"floor":37,"key":"GamblersBrew"},{"floor":45,"key":"Strength Potion"}],"is_trial":false,"path_per_floor":["R","M","?","M","M","T","T","?","$","M","M","E","R","$","M","B",null,"R","M","?","M","M","E","T","R","T","R","$","R","?","M","M","B",null,"R","M","M","M","?","M","T","R","?","?","M","E","M","T","M","B"],"character_chosen":"THE_SPIRIT","items_purchased":["hexamod:PhantomCloak","hexamod:AdvancingGuard+1","hexamod:PhantomFireball+1","hexamod:ForkedFlame+1"],"campfire_rested":1,"item_purchase_floors":[9,9,14,28],"current_hp_per_floor":[70,63,34,30,35,35,35,35,38,36,42,48,48,55,54,36,70,70,67,67,77,61,51,51,51,51,51,55,55,55,56,62,66,86,86,72,80,89,89,77,77,94,94,94,77,30,38,38,46,0,0,0],"gold":409,"neow_bonus":"ONE_RARE_RELIC","is_daily":false,"chose_seed":false,"campfire_upgraded":7,"win_rate":0.0,"timestamp":1610764042,"path_taken":["R","M","?","M","M","?","T","?","$","M","M","E","R","?","M","BOSS","R","M","?","M","M","E","T","R","?","R","$","R","?","?","M","BOSS","R","M","M","M","?","M","T","R","?","?","M","E","M","?","M","BOSS"],"items_purchased_type":["Card","Card","Card","Card"],"build_version":"2020-12-22","purchased_purges":2,"victory":false,"max_hp_per_floor":[70,70,70,70,70,70,70,70,70,70,70,70,70,70,70,70,70,70,70,70,80,80,82,82,82,82,82,82,82,82,84,86,86,86,86,88,90,92,92,94,94,94,94,94,96,98,100,100,102,102,102,102],"relic_stats":{"Centennial Puzzle":[66],"Torii":23,"Singing Bowl":22,"counters":[28,167],"Mummified Hand":[17],"Astrolabe":["hexamod:RetreatToShadows","hexamod:RadiantFlame","hexamod:RecurringNightmare"],"Smiling Mask":50,"Cursed Key":2,"MawBank":108,"obtain_stats":[{"Torii":3,"Singing Bowl":23,"Astrolabe":17,"hexamod:TheBrokenSeal":21,"Thread and Needle":0,"Smiling Mask":26,"Cursed Key":39,"MawBank":41,"Ancient Tea Set":46,"Centennial Puzzle":6,"Anchor":24,"Mummified Hand":48,"Molten Egg 2":12,"Toxic Egg 2":7,"hexamod:SpiritBrand":0,"hexamod:IceCube":34},{"Torii":2,"Singing Bowl":15,"Astrolabe":11,"hexamod:TheBrokenSeal":13,"Thread and Needle":0,"Smiling Mask":15,"Cursed Key":22,"MawBank":23,"Ancient Tea Set":25,"Centennial Puzzle":4,"Anchor":15,"Mummified Hand":26,"Molten Egg 2":8,"Toxic Egg 2":4,"hexamod:SpiritBrand":0,"hexamod:IceCube":19},{"Torii":7,"Singing Bowl":84,"Astrolabe":52,"hexamod:TheBrokenSeal":64,"Thread and Needle":0,"Smiling Mask":84,"Cursed Key":123,"MawBank":128,"Ancient Tea Set":148,"Centennial Puzzle":13,"Anchor":84,"Mummified Hand":153,"Molten Egg 2":36,"Toxic Egg 2":13,"hexamod:SpiritBrand":0,"hexamod:IceCube":104}]},"card_choices":[{"not_picked":["hexamod:ExtraCrispy","hexamod:Hexaguard"],"picked":"hexamod:NightmareStrike","floor":2},{"not_picked":["hexamod:EtherealExpedition","hexamod:FastForward"],"picked":"hexamod:SpectersWail","floor":3},{"not_picked":["hexamod:GhostShield","hexamod:InspiringFlames"],"picked":"hexamod:FirstSeal","floor":4},{"not_picked":["hexamod:ShieldOfDarkness","hexamod:FastForward"],"picked":"hexamod:HeatMetal","floor":5},{"not_picked":["hexamod:Firestarter","hexamod:BacktrackSmack"],"picked":"hexamod:StepThrough","floor":9},{"not_picked":["hexamod:SpectersWail","hexamod:SuperheatedStrike"],"picked":"hexamod:GiftsFromTheDead","floor":9},{"not_picked":["hexamod:ShieldOfDarkness+1","hexamod:NightmareGuise+1"],"picked":"hexamod:HeatCrush","floor":10},{"not_picked":["hexamod:FirstSeal","hexamod:InspiringFlames+1","hexamod:BacktrackSmack"],"picked":"SKIP","floor":10},{"not_picked":["hexamod:FlamesFromBeyond+1","hexamod:Hexaguard+1"],"picked":"hexamod:InspiringFlames+1","floor":11},{"not_picked":["hexamod:FastForward+1","hexamod:Incineration"],"picked":"hexamod:HeatShield+1","floor":12},{"not_picked":["hexamod:SoulSteal+1","hexamod:SkipABeat+1"],"picked":"hexamod:PhantomCloak","floor":12},{"not_picked":["hexamod:NightmareStrike+1","hexamod:Hexaguard+1","hexamod:ThermalTransfer+1"],"picked":"SKIP","floor":14},{"not_picked":["hexamod:BacktrackSmack+1","hexamod:FlamesFromBeyond+1"],"picked":"hexamod:PowerFromBeyond+1","floor":15},{"not_picked":["hexamod:Toasty+1","hexamod:GhostflameInferno+1"],"picked":"hexamod:HexaLevel","floor":16},{"not_picked":["hexamod:TimeWarp+1","hexamod:ForkedFlame+1"],"picked":"hexamod:FifthSeal","floor":16},{"not_picked":["hexamod:ThirdSeal","hexamod:SecondSeal"],"picked":"hexamod:FirstSeal","floor":19},{"not_picked":["hexamod:Hexaguard+1","hexamod:SkipABeat+1","hexamod:HeatMetal+1"],"picked":"SKIP","floor":19},{"not_picked":["hexamod:NightmareGuise+1","hexamod:NightmareStrike+1","hexamod:HauntingEcho+1"],"picked":"SKIP","floor":19},{"not_picked":["hexamod:BurningTouch+1","hexamod:Firestarter+1","hexamod:FirstSeal"],"picked":"SKIP","floor":21},{"not_picked":["hexamod:ThermalTransfer+1","hexamod:PhantomCloak"],"picked":"hexamod:GiftsFromTheDead","floor":22},{"not_picked":["hexamod:PhantomCloak","hexamod:PowerFromBeyond+1","hexamod:StepThrough+1"],"picked":"Singing Bowl","floor":23},{"not_picked":["hexamod:HexaLevel","hexamod:PhantomCloak"],"picked":"hexamod:TimeOfNeed+1","floor":28},{"not_picked":["hexamod:FastForward+1","hexamod:HeatMetal+1","hexamod:NightmareStrike+1"],"picked":"Singing Bowl","floor":31},{"not_picked":["hexamod:EtherealExpedition+1","hexamod:ShieldOfDarkness+1","hexamod:SuperheatedStrike+1"],"picked":"Singing Bowl","floor":32},{"not_picked":["hexamod:ForkedFlame+1","hexamod:SixthSeal"],"picked":"hexamod:TimeWarp+1","floor":33},{"not_picked":["hexamod:RetreatToShadows+1","hexamod:ShieldOfDarkness+1","hexamod:HauntingEcho+1"],"picked":"Singing Bowl","floor":36},{"not_picked":["hexamod:NightmareStrike+1","hexamod:ShieldOfDarkness+1","hexamod:Rewind+1"],"picked":"Singing Bowl","floor":37},{"not_picked":["hexamod:SuperheatedStrike+1","hexamod:AdvancingGuard+1","hexamod:GhostOfSpireFuture"],"picked":"Singing Bowl","floor":38},{"not_picked":["hexamod:SwordOfDarkness+1","hexamod:Incineration+1","hexamod:GiftsFromTheDead"],"picked":"Singing Bowl","floor":40},{"not_picked":["expansioncontent:LastStand","expansioncontent:PrepareCrush+1"],"picked":"expansioncontent:Chronoboost","floor":43},{"not_picked":["hexamod:SwordOfDarkness+1","hexamod:RecurringNightmare+1","hexamod:StepThrough+1"],"picked":"Singing Bowl","floor":45},{"not_picked":["hexamod:GhostLash+1","hexamod:InspiringFlames+1","hexamod:SecondSeal"],"picked":"Singing Bowl","floor":46},{"not_picked":["hexamod:HeatShield+1","hexamod:EmpoweredFlame","hexamod:GhostflameBarrier+1"],"picked":"Singing Bowl","floor":47},{"not_picked":["hexamod:SwordOfDarkness+1","hexamod:InspiringFlames+1","hexamod:PowerFromBeyond+1"],"picked":"Singing Bowl","floor":49}],"player_experience":173704,"relics_obtained":[{"floor":3,"key":"Torii"},{"floor":6,"key":"Centennial Puzzle"},{"floor":7,"key":"Toxic Egg 2"},{"floor":12,"key":"Molten Egg 2"},{"floor":23,"key":"Singing Bowl"},{"floor":24,"key":"Anchor"},{"floor":26,"key":"Smiling Mask"},{"floor":41,"key":"MawBank"},{"floor":46,"key":"Ancient Tea Set"},{"floor":48,"key":"Mummified Hand"}],"event_choices":[{"damage_healed":0,"gold_gain":0,"player_choice":"Read","damage_taken":0,"max_hp_gain":0,"max_hp_loss":0,"event_name":"The Library","floor":20,"gold_loss":0,"cards_obtained":["hexamod:SixthSeal"]}],"is_beta":false,"boss_relics":[{"not_picked":["Black Star","Coffee Dripper"],"picked":"Astrolabe"},{"not_picked":["hexamod:UnbrokenSoul","Cursed Key"],"picked":"hexamod:IceCube"}],"items_purged_floors":[9,28],"is_endless":false,"potions_floor_spawned":[2,11,15,16,22,23,31,32,37,45,49],"killed_by":"DF_ARCHETYPE_ORBS","ascension_level":0}}