{"host":"56c2xpjnpymkv18q","time":1610769403,"event":{"mods":["Act Like it!","Aspiration","BaseMod","Lobotomy","LobotomyExtend","Minty Spire (QoL Compilation)","Quick Restart","Relic Stats","Replay The Spire","Spicy Shops","StSLib","The Alterego","The Jungle","The Marked"],"gold_per_floor":[110,174,174,22,70,70,80,115,115,144,170,199,199,199,199,300,300,316,316],"floor_reached":18,"language":"ZHS","playtime":917,"items_purged":[],"score":270,"play_id":"fc113819-8830-47eb-b349-b06da358bd81","local_time":"20210116115643","daily_mods":["Heirloom","Flight","DeadlyEvents","Elite Swarm"],"is_ascension_mode":true,"campfire_choices":[{"floor":6.0,"key":"REST"},{"floor":13.0,"key":"REST"},{"floor":15.0,"key":"REST"}],"circlet_count":0,"master_deck":["theMarked:Strike","theMarked:Strike","theMarked:Strike","theMarked:Strike+1","theMarked:Strike+1","theMarked:Defend+1","theMarked:Defend+1","theMarked:Defend","theMarked:Defend+1","theMarked:SoldierOfQuellstein","theMarked:Parkour","theMarked:Aftermath","theMarked:Opportunist","theMarked:KeepCalmAndFightOn","theMarked:TurnInvisible","theMarked:BindingBlade","theMarked:MuscleMemory","theMarked:ThrowWeapon","Regret","theMarked:TakeOffHeels"],"relics":["theMarked:ArtifactOfAir","theMarked:KettuFlask","LetterFromLob","Blood Vial","Gremlin Food","Lantern","Mango","Shuriken","Simple Rune","Gremlin Horn","Bag of Marbles","Dream Catcher","aspiration:DefectSkillbook"],"acts_visited":["Exordium","TheCity"],"potions_floor_usage":[],"damage_taken":[{"damage":6.0,"enemies":"Cultist","floor":1.0,"turns":4.0},{"damage":0.0,"enemies":"2 Louse","floor":7.0,"turns":2.0},{"damage":22.0,"enemies":"Lagavulin","floor":8.0,"turns":5.0},{"damage":2.0,"enemies":"3 Sentries","floor":10.0,"turns":3.0},{"damage":17.0,"enemies":"Gremlin Nob","floor":11.0,"turns":5.0},{"damage":27.0,"enemies":"Lagavulin","floor":12.0,"turns":5.0},{"damage":56.0,"enemies":"The Guardian","floor":16.0,"turns":10.0},{"damage":1,"enemies":"Spheric Guardian","floor":18,"turns":3}],"seed_played":"-4284205682434185607","potions_obtained":[{"floor":2.0,"key":"FairyPotion"},{"floor":7.0,"key":"Strength Potion"},{"floor":8.0,"key":"LiquidMemories"},{"floor":10.0,"key":"SpeedPotion"},{"floor":12.0,"key":"SteroidPotion"},{"floor":16.0,"key":"SkillPotion"}],"is_trial":true,"path_per_floor":["M","?","?","$","T","R","M","E","T","E","E","E","R","?","R","B",null,"M"],"character_chosen":"THE_DEFAULT","items_purchased":["Gremlin Food"],"campfire_rested":3,"item_purchase_floors":[4],"current_hp_per_floor":[57,40,47,47,47,68,70,62,62,62,47,22,47,47,72,18,68,69,69],"gold":316,"neow_bonus":"","is_daily":false,"chose_seed":false,"campfire_upgraded":0,"win_rate":0.0,"timestamp":1610769403,"path_taken":["M","?","?","$","?","R","?","E","T","E","?","E","R","?","R","BOSS","M"],"items_purchased_type":["Relic"],"build_version":"2020-12-22","purchased_purges":0,"victory":false,"max_hp_per_floor":[70,70,70,70,70,70,70,84,84,84,84,84,84,84,84,84,84,84,84],"relic_stats":{"Blood Vial":12,"Dream Catcher":1,"Gremlin Horn":[0,0],"counters":[8,37],"Shuriken":[8],"obtain_stats":[{"Gremlin Food":4,"Lantern":5,"Gremlin Horn":11,"Mango":8,"theMarked:KettuFlask":0,"Blood Vial":2,"theMarked:ArtifactOfAir":0,"Dream Catcher":14,"aspiration:DefectSkillbook":17,"Shuriken":9,"Simple Rune":10,"LetterFromLob":1,"Bag of Marbles":12},{"Gremlin Food":1,"Lantern":1,"Gremlin Horn":5,"Mango":3,"theMarked:KettuFlask":0,"Blood Vial":1,"theMarked:ArtifactOfAir":0,"Dream Catcher":6,"aspiration:DefectSkillbook":7,"Shuriken":3,"Simple Rune":4,"LetterFromLob":1,"Bag of Marbles":6},{"Gremlin Food":4,"Lantern":4,"Gremlin Horn":19,"Mango":11,"theMarked:KettuFlask":0,"Blood Vial":4,"theMarked:ArtifactOfAir":0,"Dream Catcher":24,"aspiration:DefectSkillbook":34,"Shuriken":11,"Simple Rune":14,"LetterFromLob":4,"Bag of Marbles":24}]},"card_choices":[{"not_picked":["theMarked:Overthink","theMarked:WastefulDefense"],"picked":"theMarked:Parkour","floor":1.0},{"not_picked":["theMarked:DispelDoubt","theMarked:WastefulAttack"],"picked":"theMarked:Aftermath","floor":2.0},{"not_picked":["theMarked:HeightenedSenses","theMarked:Static"],"picked":"theMarked:Opportunist","floor":2.0},{"not_picked":["theMarked:Frustration","theMarked:WastefulAttack"],"picked":"theMarked:KeepCalmAndFightOn","floor":7.0},{"not_picked":["theMarked:Defy","theMarked:UnarmedFury"],"picked":"theMarked:TurnInvisible","floor":8.0},{"not_picked":["theMarked:Snap","theMarked:Abjuration"],"picked":"theMarked:BindingBlade","floor":10.0},{"not_picked":["theMarked:ThrowWeapon","theMarked:Vacuum"],"picked":"theMarked:MuscleMemory","floor":11.0},{"not_picked":["theMarked:TurnInvisible","theMarked:DispelDoubt"],"picked":"theMarked:ThrowWeapon","floor":12.0},{"not_picked":["theMarked:Snap","theMarked:SuspiciousRaven"],"picked":"theMarked:TakeOffHeels","floor":16.0},{"not_picked":["theMarked:Generate","theMarked:RepellingDischarge","Stack","theMarked:EmpowerWeapon"],"picked":"SKIP","floor":18}],"player_experience":145727,"relics_obtained":[{"floor":1.0,"key":"LetterFromLob"},{"floor":2.0,"key":"Blood Vial"},{"floor":5.0,"key":"Lantern"},{"floor":8.0,"key":"Mango"},{"floor":9.0,"key":"Shuriken"},{"floor":10.0,"key":"Simple Rune"},{"floor":11.0,"key":"Gremlin Horn"},{"floor":12.0,"key":"Bag of Marbles"}],"event_choices":[{"damage_healed":0.0,"max_hp_gain":0.0,"max_hp_loss":0.0,"gold_gain":0.0,"event_name":"Big Fish","player_choice":"Box","floor":14.0,"gold_loss":0.0,"damage_taken":0.0,"relics_obtained":["Dream Catcher"],"cards_obtained":["Regret"]}],"is_beta":false,"boss_relics":[{"not_picked":["aspiration:SecretTechniqueScroll","Calling Bell"],"picked":"aspiration:DefectSkillbook"}],"items_purged_floors":[],"is_endless":true,"potions_floor_spawned":[7,8,10,12,16],"killed_by":"Spheric Guardian","ascension_level":9}}