{"host":"dwqr8rfkubzfvfti","time":1610824833,"event":{"mods":["BaseMod","Colored Map","Colored Powertips","Minty Spire (QoL Compilation)","Rare Cards Sparkle","Relic Stats"],"gold_per_floor":[15,32,46,121,138,138,164,164,164,164,177,177,189,219,219,322,322,322,322,50,50,50,50,50,50,50,50,50,50,25,25,25,25,25,25,25,25,25,25,25,25,25,25,25,25,25,25,25,25,25],"floor_reached":51,"language":"ENG","playtime":1974,"items_purged":[],"score":1028,"play_id":"6a1a864e-adcc-43d8-bfd5-440c86d49e96","local_time":"20210116142033","is_ascension_mode":true,"campfire_choices":[{"data":"Body Slam","floor":6,"key":"SMITH"},{"floor":8,"key":"REST"},{"data":"Cleave","floor":10,"key":"SMITH"},{"data":"Flex","floor":15,"key":"SMITH"},{"data":"Heavy Blade","floor":24,"key":"SMITH"},{"data":"Armaments","floor":32,"key":"SMITH"},{"data":"Limit Break","floor":40,"key":"SMITH"},{"floor":42,"key":"REST"},{"data":"Inflame","floor":45,"key":"SMITH"},{"data":"Spot Weakness","floor":47,"key":"SMITH"},{"data":"Bash","floor":49,"key":"SMITH"}],"circlet_count":0,"master_deck":["Strike_R+1","Strike_R+1","Strike_R+1","Strike_R+1","Strike_R+1","Defend_R+1","Defend_R+1","Defend_R+1","Defend_R+1","Bash+1","Body Slam+1","Cleave+1","Shrug It Off","Cleave","Spot Weakness+1","Immolate","Warcry","Flex+1","Limit Break+1","Heavy Blade+1","Heavy Blade+1","Armaments+1","Inflame+1","Iron Wave+1","J.A.X.+1","Sword Boomerang+1","Flex+1","Rage+1","Sword Boomerang+1","Parasite","Spot Weakness+1","Twin Strike+1"],"relics":["Burning Blood","Ginger","Bottled Flame","Eternal Feather","Ectoplasm","HandDrill","Toxic Egg 2","Tiny Chest","Mercury Hourglass","SlaversCollar","Du-Vu Doll","FossilizedHelix","Prayer Wheel"],"acts_visited":["Exordium","TheCity","TheBeyond"],"potions_floor_usage":[7,14,25,29,33,36],"damage_taken":[{"damage":0,"enemies":"Small Slimes","floor":1,"turns":3},{"damage":2,"enemies":"2 Louse","floor":2,"turns":5},{"damage":8,"enemies":"Jaw Worm","floor":3,"turns":4},{"damage":16,"enemies":"Exordium Wildlife","floor":5,"turns":6},{"damage":27,"enemies":"Lagavulin","floor":7,"turns":5},{"damage":1,"enemies":"Looter","floor":11,"turns":3},{"damage":6,"enemies":"Large Slime","floor":13,"turns":5},{"damage":2,"enemies":"3 Sentries","floor":14,"turns":2},{"damage":38,"enemies":"Slime Boss","floor":16,"turns":9},{"damage":0,"enemies":"3 Byrds","floor":18,"turns":3},{"damage":17,"enemies":"Shell Parasite","floor":19,"turns":4},{"damage":2,"enemies":"Cultist and Chosen","floor":21,"turns":3},{"damage":36,"enemies":"Slavers","floor":23,"turns":4},{"damage":12,"enemies":"Gremlin Leader","floor":25,"turns":4},{"damage":14,"enemies":"Sentry and Sphere","floor":28,"turns":3},{"damage":4,"enemies":"Shelled Parasite and Fungi","floor":29,"turns":4},{"damage":7,"enemies":"Cultist and Chosen","floor":31,"turns":3},{"damage":20,"enemies":"Collector","floor":33,"turns":6},{"damage":7,"enemies":"Orb Walker","floor":35,"turns":3},{"damage":3,"enemies":"3 Darklings","floor":36,"turns":1},{"damage":11,"enemies":"Writhing Mass","floor":38,"turns":4},{"damage":26,"enemies":"Sphere and 2 Shapes","floor":39,"turns":2},{"damage":45,"enemies":"3 Darklings","floor":41,"turns":3},{"damage":21,"enemies":"Giant Head","floor":44,"turns":5},{"damage":4,"enemies":"Mind Bloom Boss Battle","floor":46,"turns":5},{"damage":0,"enemies":"Maw","floor":48,"turns":6},{"damage":85,"enemies":"Awakened One","floor":50,"turns":8}],"seed_played":"3914919185019434130","potions_obtained":[{"floor":3,"key":"AttackPotion"},{"floor":7,"key":"Energy Potion"},{"floor":13,"key":"BlessingOfTheForge"},{"floor":16,"key":"LiquidMemories"},{"floor":23,"key":"Strength Potion"},{"floor":29,"key":"LiquidMemories"},{"floor":31,"key":"HeartOfIron"},{"floor":33,"key":"FairyPotion"},{"floor":36,"key":"FairyPotion"}],"is_trial":false,"path_per_floor":["M","M","M","?","M","R","E","R","T","R","M","?","M","E","R","B",null,"M","M","$","M","?","E","R","E","T","?","M","M","$","M","R","B",null,"M","M","?","M","M","R","M","R","T","E","R","?","R","M","R","B",null],"character_chosen":"IRONCLAD","items_purchased":["HandDrill","Armaments","Inflame","Flex+1"],"campfire_rested":2,"item_purchase_floors":[20,20,20,30],"current_hp_per_floor":[94,96,94,83,73,73,52,80,80,80,85,85,85,89,96,64,88,94,83,83,87,87,57,69,63,63,63,55,57,57,56,71,57,86,85,88,88,83,63,81,42,88,88,73,91,93,96,96,96,17],"gold":25,"neow_bonus":"TWENTY_PERCENT_HP_BONUS","is_daily":false,"chose_seed":false,"campfire_upgraded":9,"win_rate":0.0,"timestamp":1610824833,"path_taken":["M","M","M","?","M","R","E","R","T","R","M","?","M","E","R","BOSS","M","M","$","M","?","E","R","E","T","?","M","M","$","M","R","BOSS","M","M","?","M","M","R","M","R","T","E","R","?","R","M","R","BOSS"],"items_purchased_type":["Relic","Card","Card","Card"],"build_version":"2020-12-22","purchased_purges":0,"victory":true,"max_hp_per_floor":[96,96,96,96,96,96,96,96,96,96,96,96,96,96,96,96,96,96,96,96,96,96,96,96,96,96,96,96,96,96,96,96,96,96,96,96,96,96,96,96,96,96,96,96,96,96,96,96,96,96],"relic_stats":{"counters":[27,112],"Eternal Feather":91,"Tiny Chest":0,"Prayer Wheel":1,"Ectoplasm":440,"HandDrill":[28],"Ginger":[11],"obtain_stats":[{"Eternal Feather":14,"Ginger":7,"Burning Blood":0,"Mercury Hourglass":26,"Du-Vu Doll":43,"SlaversCollar":34,"Bottled Flame":9,"Tiny Chest":25,"Prayer Wheel":46,"Ectoplasm":17,"HandDrill":20,"Toxic Egg 2":23,"FossilizedHelix":44},{"Eternal Feather":8,"Ginger":5,"Burning Blood":0,"Mercury Hourglass":14,"Du-Vu Doll":23,"SlaversCollar":18,"Bottled Flame":5,"Tiny Chest":14,"Prayer Wheel":25,"Ectoplasm":9,"HandDrill":11,"Toxic Egg 2":13,"FossilizedHelix":24},{"Eternal Feather":33,"Ginger":23,"Burning Blood":0,"Mercury Hourglass":60,"Du-Vu Doll":89,"SlaversCollar":76,"Bottled Flame":23,"Tiny Chest":60,"Prayer Wheel":99,"Ectoplasm":42,"HandDrill":49,"Toxic Egg 2":56,"FossilizedHelix":94}],"Burning Blood":154,"Mercury Hourglass":[207]},"card_choices":[{"not_picked":["Havoc","Heavy Blade"],"picked":"Body Slam","floor":1},{"not_picked":["True Grit","Rupture"],"picked":"Cleave","floor":2},{"not_picked":["Wild Strike","Anger"],"picked":"Shrug It Off","floor":3},{"not_picked":["True Grit","Havoc"],"picked":"Cleave","floor":5},{"not_picked":["Sever Soul","Havoc"],"picked":"Spot Weakness","floor":7},{"not_picked":["Heavy Blade","Dark Embrace"],"picked":"Immolate","floor":11},{"not_picked":["Pummel","Power Through"],"picked":"Warcry","floor":13},{"not_picked":["Havoc","Rupture"],"picked":"Flex","floor":14},{"not_picked":["Offering","Double Tap"],"picked":"Limit Break","floor":16},{"not_picked":["Thunderclap","Wild Strike"],"picked":"Heavy Blade","floor":18},{"not_picked":["Ghostly Armor","Metallicize"],"picked":"Heavy Blade+1","floor":19},{"not_picked":["Blood for Blood","Thunderclap","Clothesline"],"picked":"SKIP","floor":21},{"not_picked":["Bloodletting+1","Thunderclap","Brutality"],"picked":"SKIP","floor":23},{"not_picked":["Clothesline","Uppercut"],"picked":"Iron Wave+1","floor":25},{"not_picked":["Shrug It Off+1","Anger"],"picked":"Sword Boomerang+1","floor":28},{"not_picked":["Warcry+1","Feel No Pain","Armaments+1"],"picked":"SKIP","floor":29},{"not_picked":["Clothesline","Armaments+1"],"picked":"Rage+1","floor":31},{"not_picked":["Barricade","Feed"],"picked":"Berserk","floor":33},{"not_picked":["Combust+1","Warcry+1","True Grit+1"],"picked":"SKIP","floor":35},{"not_picked":["Evolve+1","Infernal Blade+1"],"picked":"Sword Boomerang+1","floor":36},{"not_picked":["Fire Breathing","Sword Boomerang"],"picked":"Spot Weakness+1","floor":38},{"not_picked":["Wild Strike","Sword Boomerang+1","Fire Breathing"],"picked":"SKIP","floor":39},{"not_picked":["Body Slam","Headbutt","True Grit+1"],"picked":"SKIP","floor":41},{"not_picked":["Body Slam","Thunderclap","Infernal Blade+1"],"picked":"SKIP","floor":44},{"not_picked":["Flame Barrier+1","Clothesline"],"picked":"Twin Strike+1","floor":46},{"not_picked":["Twin Strike","Shrug It Off+1","True Grit+1"],"picked":"SKIP","floor":48},{"not_picked":["Flex+1","Battle Trance+1","Perfected Strike+1"],"picked":"SKIP","floor":48}],"player_experience":488561,"relics_obtained":[{"floor":7,"key":"Ginger"},{"floor":9,"key":"Bottled Flame"},{"floor":14,"key":"Eternal Feather"},{"floor":23,"key":"Toxic Egg 2"},{"floor":25,"key":"Tiny Chest"},{"floor":26,"key":"Mercury Hourglass"},{"floor":43,"key":"Du-Vu Doll"},{"floor":44,"key":"FossilizedHelix"},{"floor":46,"key":"Prayer Wheel"}],"event_choices":[{"damage_healed":0,"gold_gain":75,"player_choice":"Gather Gold","damage_taken":11,"max_hp_gain":0,"max_hp_loss":0,"event_name":"World of Goop","floor":4,"gold_loss":0},{"damage_healed":0,"gold_gain":0,"player_choice":"Ignored","damage_taken":0,"max_hp_gain":0,"max_hp_loss":0,"event_name":"Liars Game","floor":12,"gold_loss":0},{"damage_healed":0,"gold_gain":0,"player_choice":"Simplicity","damage_taken":0,"max_hp_gain":0,"max_hp_loss":0,"event_name":"Back to Basics","floor":22,"gold_loss":0,"cards_upgraded":["Strike_R","Strike_R","Strike_R","Strike_R","Strike_R","Defend_R","Defend_R","Defend_R","Defend_R"]},{"damage_healed":0,"gold_gain":0,"player_choice":"Obtain J.A.X.","damage_taken":0,"max_hp_gain":0,"max_hp_loss":0,"event_name":"Drug Dealer","floor":27,"gold_loss":0,"cards_obtained":["J.A.X."]},{"cards_removed":["Berserk"],"damage_healed":0,"gold_gain":0,"player_choice":"Removed Power","damage_taken":0,"max_hp_gain":0,"max_hp_loss":0,"event_name":"Falling","floor":37,"gold_loss":0},{"damage_healed":0,"gold_gain":0,"player_choice":"Fight","damage_taken":0,"max_hp_gain":0,"max_hp_loss":0,"event_name":"MindBloom","floor":46,"gold_loss":0}],"is_beta":false,"boss_relics":[{"not_picked":["Empty Cage","Pandora\u0027s Box"],"picked":"Ectoplasm"},{"not_picked":["Astrolabe","Mark of Pain"],"picked":"SlaversCollar"}],"items_purged_floors":[],"is_endless":false,"potions_floor_spawned":[3,7,13,16,23,29,31,33,35,36,48],"ascension_level":7}}