{"host":"y193d0agu1dp5x1y","time":1610823312,"event":{"mods":["AchievementEnabler","BaseMod","Googly Eyes","Minty Spire (QoL Compilation)"],"gold_per_floor":[113,16,26,26,40,40,40,54,79,56,156,169,169,169,169,272,272,288,288,288,288,43,43,142,142,167,187,233,266,266,280,280,378,378,395,92,111,161,261,261,71,71,71,71,71],"floor_reached":44,"language":"ENG","playtime":1462,"items_purged":["Dualcast","Sweeping Beam+1","Tempest+1","Redo"],"score":435,"play_id":"475fba54-cb35-4658-a284-196a71c2d998","local_time":"20210116125512","is_ascension_mode":false,"campfire_choices":[{"data":"Zap","floor":6,"key":"SMITH"},{"data":"Go for the Eyes","floor":15,"key":"SMITH"},{"data":"Melter","floor":23,"key":"SMITH"},{"data":"Capacitor","floor":25,"key":"SMITH"},{"floor":30,"key":"REST"},{"data":"Electrodynamics","floor":32,"key":"SMITH"},{"data":"1","floor":40,"key":"LIFT"},{"data":"2","floor":42,"key":"LIFT"}],"circlet_count":0,"master_deck":["Strike_B+1","Strike_B+1","Defend_B+1","Defend_B+1","Defend_B+1","Zap+1","Leap+1","Beam Cell","Go for the Eyes+1","Electrodynamics+1","Sunder+1","Fusion+1","Melter+1","Capacitor+1","Conserve Battery+1","Redo+1","Electrodynamics","White Noise","Bandage Up","FTL+1","Hello World"],"relics":["Velvet Choker","TungstenRod","Sundial","Whetstone","Astrolabe","Nilry\u0027s Codex","Strawberry","Toy Ornithopter","Art of War","Dream Catcher","SlaversCollar","Girya","Ancient Tea Set"],"acts_visited":["Exordium","TheCity","TheBeyond"],"potions_floor_usage":[5,16,29,31,33,37],"damage_taken":[{"damage":0,"enemies":"Cultist","floor":1,"turns":3},{"damage":1,"enemies":"Jaw Worm","floor":3,"turns":5},{"damage":0,"enemies":"2 Louse","floor":5,"turns":2},{"damage":4,"enemies":"Lots of Slimes","floor":8,"turns":5},{"damage":2,"enemies":"Blue Slaver","floor":12,"turns":3},{"damage":29,"enemies":"Hexaghost","floor":16,"turns":11},{"damage":13,"enemies":"2 Thieves","floor":18,"turns":3},{"damage":1,"enemies":"Spheric Guardian","floor":27,"turns":3},{"damage":19,"enemies":"Slavers","floor":29,"turns":5},{"damage":4,"enemies":"Snake Plant","floor":31,"turns":3},{"damage":68,"enemies":"Automaton","floor":33,"turns":9},{"damage":12,"enemies":"3 Darklings","floor":35,"turns":4},{"damage":8,"enemies":"Orb Walker","floor":37,"turns":4},{"damage":31,"enemies":"Mind Bloom Boss Battle","floor":38,"turns":9},{"damage":53,"enemies":"Reptomancer","floor":44,"turns":3}],"seed_played":"-632508345348941558","potions_obtained":[{"floor":3,"key":"LiquidMemories"},{"floor":12,"key":"SneckoOil"},{"floor":27,"key":"AttackPotion"},{"floor":29,"key":"Swift Potion"},{"floor":31,"key":"FearPotion"},{"floor":35,"key":"PotionOfCapacity"}],"is_trial":false,"path_per_floor":["M","$","M","T","M","R","?","M","T","$","?","M","?","?","R","B",null,"M","?","?","?","$","R","?","R","T","M","T","E","R","M","R","B",null,"M","$","M","?","?","R","$","R","T","E"],"character_chosen":"DEFECT","items_purchased":["Leap","Go for the Eyes","Melter","Capacitor","White Noise","Bandage Up","Hello World"],"campfire_rested":1,"item_purchase_floors":[2,10,22,22,36,36,41],"current_hp_per_floor":[75,75,74,74,74,74,74,70,70,70,70,68,68,54,54,25,75,62,50,50,57,57,57,57,57,57,56,56,42,66,67,67,4,82,70,70,71,44,44,44,44,44,44,0,0],"gold":71,"neow_bonus":"BOSS_RELIC","is_daily":false,"chose_seed":false,"campfire_upgraded":5,"win_rate":0.0,"timestamp":1610823312,"path_taken":["M","?","M","?","M","R","?","?","T","$","?","?","?","?","R","BOSS","M","?","?","?","$","R","?","R","T","M","?","E","R","?","R","BOSS","M","$","M","?","?","R","$","R","T","E"],"items_purchased_type":["Card","Card","Card","Card","Card","Card","Card"],"build_version":"2020-12-22","purchased_purges":4,"victory":false,"max_hp_per_floor":[75,75,75,75,75,75,75,75,75,75,75,75,75,75,75,75,75,75,75,75,82,82,82,82,82,82,82,82,82,82,82,82,82,82,82,82,82,82,82,82,82,82,82,82,82],"card_choices":[{"not_picked":["Leap","Rebound"],"picked":"Conserve Battery","floor":1},{"not_picked":["Rebound","Conserve Battery"],"picked":"Redo","floor":3},{"not_picked":["Scrape","Barrage","Rebound"],"picked":"SKIP","floor":5},{"not_picked":["Force Field","Leap"],"picked":"Beam Cell","floor":8},{"not_picked":["Recycle","Meteor Strike","Glacier"],"picked":"SKIP","floor":12},{"not_picked":["Seek","Hyperbeam"],"picked":"Electrodynamics","floor":16},{"not_picked":["Compile Driver","Turbo"],"picked":"Sweeping Beam+1","floor":18},{"not_picked":["Thunder Strike","Sweeping Beam"],"picked":"Conserve Battery+1","floor":27},{"not_picked":["Go for the Eyes","Static Discharge"],"picked":"Redo+1","floor":29},{"not_picked":["Sweeping Beam","Ball Lightning","Cold Snap"],"picked":"SKIP","floor":31},{"not_picked":["Machine Learning","Biased Cognition"],"picked":"Electrodynamics","floor":33},{"not_picked":["Compile Driver","Sweeping Beam+1","Rebound"],"picked":"SKIP","floor":35},{"not_picked":["Fusion+1","Hologram","Coolheaded"],"picked":"SKIP","floor":37},{"not_picked":["Double Energy","Storm"],"picked":"FTL+1","floor":38}],"player_experience":111091,"relics_obtained":[{"floor":4,"key":"TungstenRod"},{"floor":9,"key":"Whetstone"},{"floor":19,"key":"Nilry\u0027s Codex"},{"floor":26,"key":"Toy Ornithopter"},{"floor":28,"key":"Art of War"},{"floor":29,"key":"Dream Catcher"},{"floor":38,"key":"Girya"},{"floor":43,"key":"Ancient Tea Set"}],"event_choices":[{"cards_removed":["Conserve Battery"],"damage_healed":0,"gold_gain":0,"player_choice":"Gave Card","damage_taken":0,"relics_obtained":["Sundial"],"max_hp_gain":0,"max_hp_loss":0,"event_name":"WeMeetAgain","floor":7,"gold_loss":0},{"damage_healed":0,"gold_gain":100,"player_choice":"Pray","damage_taken":0,"max_hp_gain":0,"max_hp_loss":0,"event_name":"Golden Shrine","floor":11,"gold_loss":0},{"damage_healed":0,"gold_gain":0,"player_choice":"Ignored","damage_taken":0,"max_hp_gain":0,"max_hp_loss":0,"event_name":"Liars Game","floor":13,"gold_loss":0},{"damage_healed":0,"gold_gain":0,"player_choice":"Entered Light","damage_taken":15,"max_hp_gain":0,"max_hp_loss":0,"event_name":"Shining Light","floor":14,"gold_loss":0,"cards_upgraded":["Defend_B","Leap"]},{"damage_healed":0,"gold_gain":0,"player_choice":"Obtained Book","damage_taken":16,"max_hp_gain":0,"max_hp_loss":0,"event_name":"Cursed Tome","floor":19,"gold_loss":0},{"damage_healed":0,"gold_gain":0,"player_choice":"Simplicity","damage_taken":0,"max_hp_gain":0,"max_hp_loss":0,"event_name":"Back to Basics","floor":20,"gold_loss":0,"cards_upgraded":["Defend_B","Defend_B"]},{"damage_healed":0,"gold_gain":0,"player_choice":"Opened","damage_taken":0,"relics_obtained":["Strawberry"],"max_hp_gain":0,"max_hp_loss":0,"event_name":"The Mausoleum","floor":21,"gold_loss":0},{"damage_healed":0,"gold_gain":99,"player_choice":"Stole From Cult","damage_taken":0,"max_hp_gain":0,"max_hp_loss":0,"event_name":"Nest","floor":24,"gold_loss":0},{"damage_healed":0,"gold_gain":0,"player_choice":"Fight","damage_taken":0,"max_hp_gain":0,"max_hp_loss":0,"event_name":"MindBloom","floor":38,"gold_loss":0},{"damage_healed":0,"gold_gain":100,"player_choice":"Pray","damage_taken":0,"max_hp_gain":0,"max_hp_loss":0,"event_name":"Golden Shrine","floor":39,"gold_loss":0}],"is_beta":false,"boss_relics":[{"not_picked":["Philosopher\u0027s Stone","Sozu"],"picked":"Astrolabe"},{"not_picked":["SacredBark","Coffee Dripper"],"picked":"SlaversCollar"}],"items_purged_floors":[2,22,36,41],"is_endless":false,"potions_floor_spawned":[3,12,27,29,31,35],"killed_by":"Reptomancer","ascension_level":0}}