{"host":"mdbnki27vzqujy5q","time":1610786103,"event":{"mods":["BaseMod","Better Note","Better Skull","Colored Map","Colored Powertips","DeckTracker","Highlight Path","Minty Spire (QoL Compilation)","Quick Restart","Rare Cards Sparkle","StSLib"],"gold_per_floor":[114,114,114,114,138,173,173,186,186,210,285,58,73,86,86,210,273,292,308,308,322,347,388,413,451,478,514,539,539,539],"floor_reached":29,"language":"ENG","playtime":1547,"items_purged":["Strike_G"],"score":472,"play_id":"085ec3ab-d833-4747-a085-26a4c06ea5c8","local_time":"20210116003503","is_ascension_mode":true,"campfire_choices":[{"floor":7.0,"key":"REST"},{"floor":15.0,"key":"REST"}],"circlet_count":0,"master_deck":["Strike_G","Strike_G","Strike_G+1","Strike_G","Defend_G","Defend_G","Defend_G","Defend_G","Survivor","Neutralize","Noxious Fumes+1","Underhanded Strike+1","Bane","Unload","Leg Sweep","Flying Knee","Dagger Throw","After Image","All Out Attack","Tactician","Dagger Spray","Reaper+1","Blade Dance+1","Dagger Throw","Quick Slash","Dash+1","Catalyst+1","Dagger Throw+1"],"relics":["HoveringKite","Golden Idol","TungstenRod","Pear","Vajra","Tiny House","PreservedInsect","Gremlin Horn","Happy Flower","Smiling Mask"],"acts_visited":["Exordium","TheCity"],"potions_floor_usage":[],"damage_taken":[{"damage":1.0,"enemies":"Jaw Worm","floor":1.0,"turns":6.0},{"damage":3.0,"enemies":"Small Slimes","floor":5.0,"turns":4.0},{"damage":23.0,"enemies":"Gremlin Nob","floor":6.0,"turns":4.0},{"damage":2.0,"enemies":"2 Louse","floor":8.0,"turns":3.0},{"damage":7.0,"enemies":"Blue Slaver","floor":10.0,"turns":4.0},{"damage":5.0,"enemies":"Red Slaver","floor":13.0,"turns":4.0},{"damage":9.0,"enemies":"Exordium Wildlife","floor":14.0,"turns":4.0},{"damage":0.0,"enemies":"Slime Boss","floor":16.0,"turns":7.0},{"damage":17.0,"enemies":"Spheric Guardian","floor":18.0,"turns":4.0},{"damage":0.0,"enemies":"3 Byrds","floor":19.0,"turns":5.0},{"damage":35.0,"enemies":"Snake Plant","floor":21.0,"turns":6.0},{"damage":15.0,"enemies":"Centurion and Healer","floor":22.0,"turns":4.0},{"damage":0.0,"enemies":"Gremlin Leader","floor":23.0,"turns":5.0},{"damage":32.0,"enemies":"Chosen and Byrds","floor":24.0,"turns":5.0},{"damage":40.0,"enemies":"Slavers","floor":25.0,"turns":4.0},{"damage":0.0,"enemies":"Gremlin Leader","floor":27.0,"turns":6.0},{"damage":0.0,"enemies":"Cultist and Chosen","floor":28.0,"turns":4.0},{"damage":27,"enemies":"Snecko","floor":29,"turns":3}],"seed_played":"4967724220353108252","potions_obtained":[{"floor":1.0,"key":"PowerPotion"},{"floor":6.0,"key":"EntropicBrew"},{"floor":8.0,"key":"LiquidBronze"},{"floor":13.0,"key":"BlessingOfTheForge"},{"floor":17.0,"key":"Explosive Potion"},{"floor":18.0,"key":"AttackPotion"},{"floor":21.0,"key":"Swift Potion"},{"floor":23.0,"key":"Energy Potion"},{"floor":25.0,"key":"DuplicationPotion"}],"is_trial":false,"path_per_floor":["M","?","?","?","M","E","R","M","T","M","?","$","M","M","R","B",null,"M","M","?","M","M","E","M","E","T","E","M","M"],"character_chosen":"THE_SILENT","items_purchased":["Vajra"],"campfire_rested":2,"item_purchase_floors":[12],"current_hp_per_floor":[69,52,45,31,28,5,26,24,34,27,17,17,12,3,27,27,85,68,68,68,37,28,45,25,3,3,9,15,0,0],"gold":539,"neow_bonus":"BOSS_RELIC","is_daily":false,"chose_seed":false,"campfire_upgraded":0,"win_rate":0.0,"timestamp":1610786103,"path_taken":["M","?","?","?","M","E","R","M","T","M","?","$","M","?","R","BOSS","M","M","?","M","?","E","M","E","T","E","M","M"],"items_purchased_type":["Relic"],"build_version":"2020-12-22","purchased_purges":1,"victory":false,"max_hp_per_floor":[70,70,70,70,70,70,70,70,80,80,80,80,80,80,80,80,85,85,85,85,85,85,85,85,85,85,85,85,85,85],"card_choices":[{"not_picked":["Blade Dance","Dash"],"picked":"Noxious Fumes","floor":1.0},{"not_picked":["Flying Knee","Predator"],"picked":"Underhanded Strike","floor":5.0},{"not_picked":["Endless Agony","Tactician"],"picked":"Bane","floor":6.0},{"not_picked":["Distraction","Setup"],"picked":"Unload","floor":8.0},{"not_picked":["Choke","Backflip"],"picked":"Leg Sweep","floor":10.0},{"not_picked":["Predator","Slice"],"picked":"Flying Knee","floor":13.0},{"not_picked":["Distraction","Caltrops"],"picked":"Dagger Throw","floor":14.0},{"not_picked":["Doppelganger","Adrenaline"],"picked":"After Image","floor":16.0},{"not_picked":["Acrobatics","Underhanded Strike"],"picked":"All Out Attack","floor":17.0},{"not_picked":["Bouncing Flask","Dodge and Roll+1"],"picked":"Tactician","floor":18.0},{"not_picked":["Sucker Punch","Quick Slash"],"picked":"Dagger Spray","floor":19.0},{"not_picked":["Poisoned Stab+1","Deflect+1"],"picked":"Blade Dance+1","floor":21.0},{"not_picked":["Underhanded Strike+1","Endless Agony+1"],"picked":"Dagger Throw","floor":22.0},{"not_picked":["Malaise","Masterful Stab+1"],"picked":"Quick Slash","floor":23.0},{"not_picked":["Slice+1","Dagger Spray"],"picked":"Dash+1","floor":24.0},{"not_picked":["Prepared","Burst"],"picked":"Catalyst+1","floor":25.0},{"not_picked":["Riddle With Holes","Escape Plan"],"picked":"Dagger Throw+1","floor":27.0},{"not_picked":["Prepared","Concentrate","Bane"],"picked":"SKIP","floor":28.0}],"player_experience":97675,"relics_obtained":[{"floor":6.0,"key":"TungstenRod"},{"floor":9.0,"key":"Pear"},{"floor":23.0,"key":"PreservedInsect"},{"floor":25.0,"key":"Gremlin Horn"},{"floor":26.0,"key":"Happy Flower"},{"floor":27.0,"key":"Smiling Mask"}],"event_choices":[{"damage_healed":0.0,"max_hp_gain":0.0,"max_hp_loss":0.0,"gold_gain":0.0,"event_name":"Golden Idol","player_choice":"Take Damage","floor":2.0,"gold_loss":0.0,"damage_taken":17.0,"relics_obtained":["Golden Idol"]},{"cards_removed":["Defend_G"],"damage_healed":0.0,"max_hp_gain":0.0,"max_hp_loss":0.0,"gold_gain":0.0,"event_name":"Golden Wing","player_choice":"Card Removal","floor":3.0,"gold_loss":0.0,"damage_taken":7.0},{"damage_healed":0.0,"max_hp_gain":0.0,"max_hp_loss":0.0,"gold_gain":0.0,"event_name":"Shining Light","player_choice":"Entered Light","floor":4.0,"gold_loss":0.0,"damage_taken":14.0,"cards_upgraded":["Noxious Fumes","Strike_G"]},{"damage_healed":0.0,"max_hp_gain":0.0,"max_hp_loss":0.0,"gold_gain":75.0,"event_name":"World of Goop","player_choice":"Gather Gold","floor":11.0,"gold_loss":0.0,"damage_taken":11.0},{"cards_removed":["Noxious Fumes"],"damage_healed":0.0,"max_hp_gain":0.0,"max_hp_loss":0.0,"gold_gain":0.0,"event_name":"betterNote:BetterNote","player_choice":"Take \u0026 Give","floor":20.0,"gold_loss":0.0,"damage_taken":0.0,"cards_obtained":["Reaper"]}],"is_beta":false,"boss_relics":[{"not_picked":["Snecko Eye","Coffee Dripper"],"picked":"Tiny House"}],"items_purged_floors":[12],"is_endless":false,"potions_floor_spawned":[1,6,8,13,18,21,23,25],"killed_by":"Snecko","ascension_level":3}}