{"host":"e4wnmsyty9uvvtwf","time":1610809684,"event":{"mods":["Act Like it!","Aspiration","BaseMod","Colored Map","Colored Powertips","Gensokyo","Minty Spire (QoL Compilation)","Rare Cards Sparkle","Reimu£®≤©¿ˆ¡È√Œ£©","Replay The Spire","StSLib"],"gold_per_floor":[119,52,52,62,62,62,95,95,142,352,352,386,386,412,412,512,512,522,257,257,269,282,282,282],"floor_reached":23,"language":"ZHS","playtime":858,"items_purged":[],"score":207,"play_id":"2f078eba-a5a1-438a-abff-4c1af73e6008","local_time":"20210116230804","is_ascension_mode":false,"campfire_choices":[{"data":"Conquer:ReiMu","floor":6,"key":"SMITH"},{"data":"NB:ReiMu","floor":8,"key":"SMITH"},{"floor":13,"key":"REST"},{"floor":15,"key":"REST"}],"circlet_count":0,"master_deck":["Strike_Lin:ReiMu","Strike_Lin:ReiMu","Strike_Lin:ReiMu","Strike_Lin:ReiMu","Defend_Lin:ReiMu","Defend_Lin:ReiMu","Defend_Lin:ReiMu","Defend_Lin:ReiMu","NB:ReiMu+1","Stagnation:ReiMu","Panache","Conquer:ReiMu+1","SafetyPray:ReiMu","Intuition:ReiMu","MikOfLucky:ReiMu","FineLineFantasy:ReiMu+1","Shading:ReiMu","Dreaming:ReiMu","PhosphorusFlame:ReiMu+1","DoubleButterfly:ReiMu","InherentArray:ReiMu+1","SpreadBorder2:ReiMu+1","PrepareRite:ReiMu"],"relics":["FlyPower:ReiMu","Oddly Smooth Stone","Bottled Lightning","Bow_fan:ReiMu","Frozen Egg 2","Vajra","Bottled Tornado","Snecko Heart","Mastiff:ReiMu"],"acts_visited":["Exordium","Gensokyo:Gensokyo"],"potions_floor_usage":[],"damage_taken":[{"damage":0,"enemies":"Gensokyo:3_Fairies","floor":1,"turns":6},{"damage":8,"enemies":"Gensokyo:Gryphon","floor":4,"turns":5},{"damage":13,"enemies":"Gensokyo:Aya","floor":7,"turns":8},{"damage":0,"enemies":"Gensokyo:Python","floor":10,"turns":4},{"damage":20,"enemies":"Gensokyo:Mamizou","floor":12,"turns":12},{"damage":17,"enemies":"Gensokyo:Aya","floor":14,"turns":6},{"damage":13,"enemies":"Gensokyo:Yukari","floor":16,"turns":10},{"damage":6,"enemies":"Gensokyo:CosmicMonolith","floor":18,"turns":5},{"damage":0,"enemies":"Gensokyo:Chomper","floor":21,"turns":5},{"damage":34,"enemies":"Gensokyo:Slime_Group","floor":22,"turns":9},{"damage":21,"enemies":"Gensokyo:3_Gloops","floor":23,"turns":4}],"seed_played":"7919536049408654319","potions_obtained":[{"floor":1,"key":"Adrenaline Potion"},{"floor":12,"key":"Reflective Coating"},{"floor":18,"key":"Doom Potion"}],"is_trial":false,"path_per_floor":["M","COS","?","M","?","R","E","R","T","M","T","E","R","E","R_BF","B",null,"M","$","?","M","M","M"],"character_chosen":"REIMU","items_purchased":["DoubleButterfly:ReiMu","InherentArray:ReiMu+1","Mastiff:ReiMu"],"campfire_rested":2,"item_purchase_floors":[19,19,19],"current_hp_per_floor":[59,59,59,51,57,57,44,44,44,44,44,24,41,24,41,28,59,53,53,53,53,19,0,0],"gold":282,"neow_bonus":"RANDOM_COLORLESS_2","is_daily":false,"chose_seed":false,"campfire_upgraded":2,"win_rate":0.0,"timestamp":1610809684,"path_taken":["M","COS","?","?","?","R","E","R","T","?","?","E","R","E","R_BF","BOSS","M","$","?","M","?","M"],"items_purchased_type":["Card","Card","Relic"],"build_version":"2020-12-22","purchased_purges":0,"victory":false,"max_hp_per_floor":[59,59,59,59,59,59,59,59,59,59,59,59,59,59,59,59,59,59,59,59,59,59,59,59],"card_choices":[{"not_picked":["Mayhem","Thinking Ahead"],"picked":"Panache","floor":0},{"not_picked":["AlertArray:ReiMu","UniversalSpiritual:ReiMu"],"picked":"Conquer:ReiMu","floor":1},{"not_picked":["SubcavityInstant:ReiMu","OrbThrow:ReiMu"],"picked":"SafetyPray:ReiMu","floor":4},{"not_picked":["Meditation:ReiMu","CareerPray:ReiMu"],"picked":"Intuition:ReiMu","floor":7},{"not_picked":["Conquer:ReiMu","SpiritualOutbreak2:ReiMu"],"picked":"MikOfLucky:ReiMu","floor":10},{"not_picked":["RainPray2:ReiMu","AlertArray:ReiMu"],"picked":"FineLineFantasy:ReiMu+1","floor":12},{"not_picked":["SubAcupoint:ReiMu","SpringWay:ReiMu"],"picked":"Shading:ReiMu","floor":14},{"not_picked":["HakureiPhantom:ReiMu","Determination:ReiMu"],"picked":"Dreaming:ReiMu","floor":16},{"not_picked":["Intuition:ReiMu","OrbThrow:ReiMu+1"],"picked":"PhosphorusFlame:ReiMu+1","floor":18},{"not_picked":["CareerPray:ReiMu","RainPray2:ReiMu"],"picked":"SpreadBorder2:ReiMu+1","floor":21},{"not_picked":["AlertArray:ReiMu","SubAcupoint:ReiMu"],"picked":"PrepareRite:ReiMu","floor":22}],"player_experience":562653,"relics_obtained":[{"floor":7,"key":"Bottled Lightning"},{"floor":9,"key":"Bow_fan:ReiMu"},{"floor":11,"key":"Frozen Egg 2"},{"floor":12,"key":"Vajra"},{"floor":14,"key":"Bottled Tornado"}],"event_choices":[],"is_beta":false,"boss_relics":[{"not_picked":["Replay:Bronze Core","Kintsugi"],"picked":"Snecko Heart"}],"items_purged_floors":[],"is_endless":false,"potions_floor_spawned":[1,12,18,22],"killed_by":"Gensokyo:3_Gloops","ascension_level":0}}