{"host":"q6ff4ns2kep02ti6","time":1610841476,"event":{"mods":["AchievementEnabler","BaseMod","Minty Spire (QoL Compilation)","Relic Stats","StSLib","Unceasing Turn Reminder"],"gold_per_floor":[111,122,297,311,261,261,3,17,17,36,36,56,56,89,89,190,240,257,267,192,208,44,44,44,44],"floor_reached":24,"language":"ENG","playtime":1001,"items_purged":[],"score":347,"play_id":"3800f812-c2bb-45ff-aae9-3fc1ab5366ae","local_time":"20210117005756","is_ascension_mode":true,"campfire_choices":[{"data":"Streamline","floor":6,"key":"SMITH"},{"data":"Conserve Battery","floor":11,"key":"SMITH"},{"data":"Sweeping Beam","floor":13,"key":"SMITH"},{"floor":15,"key":"REST"},{"data":"Beam Cell","floor":23,"key":"SMITH"}],"circlet_count":0,"master_deck":["Strike_B","Strike_B","Strike_B+1","Defend_B","Defend_B","Defend_B","Defend_B","Zap","Dualcast","Streamline+1","Conserve Battery+1","Sweeping Beam+1","Swift Strike+1","Sweeping Beam","Gash","Steam+1","Coolheaded","Beam Cell+1","Rebound","Master of Strategy"],"relics":["Busted Crown","Whetstone","Bronze Scales","Tiny House"],"acts_visited":["Exordium","TheCity"],"potions_floor_usage":[10,16,24],"damage_taken":[{"damage":1,"enemies":"Cultist","floor":1,"turns":3},{"damage":2,"enemies":"Jaw Worm","floor":2,"turns":3},{"damage":5,"enemies":"Small Slimes","floor":4,"turns":4},{"damage":9,"enemies":"Blue Slaver","floor":8,"turns":3},{"damage":5,"enemies":"Exordium Wildlife","floor":10,"turns":3},{"damage":1,"enemies":"Looter","floor":12,"turns":2},{"damage":23,"enemies":"Gremlin Nob","floor":14,"turns":4},{"damage":0,"enemies":"Slime Boss","floor":16,"turns":6},{"damage":23,"enemies":"2 Thieves","floor":18,"turns":4},{"damage":7,"enemies":"3 Byrds","floor":19,"turns":3},{"damage":3,"enemies":"Centurion and Healer","floor":21,"turns":5},{"damage":49,"enemies":"Slavers","floor":24,"turns":4}],"seed_played":"-7485703087996570984","potions_obtained":[{"floor":1,"key":"Swift Potion"},{"floor":8,"key":"DuplicationPotion"},{"floor":14,"key":"Energy Potion"},{"floor":17,"key":"EssenceOfSteel"}],"is_trial":false,"path_per_floor":["M","M","?","M","?","R","$","M","T","M","R","M","R","E","R","B",null,"M","M","?","M","$","R","E"],"character_chosen":"DEFECT","items_purchased":["Sweeping Beam","Swift Strike","Whetstone","Master of Strategy"],"campfire_rested":1,"item_purchase_floors":[7,7,7,22],"current_hp_per_floor":[67,65,65,60,60,60,60,51,51,46,46,45,45,22,44,44,72,49,42,42,39,39,39,0,0],"gold":44,"neow_bonus":"BOSS_RELIC","is_daily":false,"chose_seed":false,"campfire_upgraded":4,"win_rate":0.0,"timestamp":1610841476,"path_taken":["M","M","?","M","?","R","$","M","T","M","R","M","R","E","R","BOSS","M","M","?","M","$","R","E"],"items_purchased_type":["Card","Card","Relic","Card"],"build_version":"2020-12-22","purchased_purges":0,"victory":false,"max_hp_per_floor":[75,75,75,75,75,75,75,75,75,75,75,75,75,75,75,75,80,80,80,80,80,80,80,80,80],"relic_stats":{"Busted Crown":24,"counters":[12,44],"Bronze Scales":[84],"Whetstone":["Strike_B","Swift Strike"],"obtain_stats":[{"Busted Crown":0,"Tiny House":17,"Bronze Scales":14,"Whetstone":7,"Cracked Core":0},{"Busted Crown":0,"Tiny House":8,"Bronze Scales":7,"Whetstone":3,"Cracked Core":0},{"Busted Crown":0,"Tiny House":28,"Bronze Scales":22,"Whetstone":10,"Cracked Core":0}]},"card_choices":[{"not_picked":["Stack"],"picked":"SKIP","floor":1},{"not_picked":[],"picked":"Streamline","floor":2},{"not_picked":[],"picked":"Conserve Battery","floor":4},{"not_picked":["Force Field"],"picked":"SKIP","floor":8},{"not_picked":[],"picked":"Sweeping Beam","floor":10},{"not_picked":[],"picked":"Gash","floor":12},{"not_picked":[],"picked":"Steam","floor":14},{"not_picked":[],"picked":"Coolheaded","floor":18},{"not_picked":[],"picked":"Beam Cell","floor":19},{"not_picked":[],"picked":"Rebound","floor":21}],"player_experience":965800,"relics_obtained":[{"floor":14,"key":"Bronze Scales"}],"event_choices":[{"damage_healed":0,"gold_gain":175,"player_choice":"AGREE","damage_taken":0,"max_hp_gain":0,"max_hp_loss":0,"event_name":"Liars Game","floor":3,"gold_loss":0,"cards_obtained":["Doubt"]},{"cards_removed":["Doubt"],"damage_healed":0,"gold_gain":0,"player_choice":"Card Removal","damage_taken":0,"max_hp_gain":0,"max_hp_loss":0,"event_name":"The Cleric","floor":5,"gold_loss":50},{"cards_removed":["Strike_B"],"damage_healed":0,"gold_gain":0,"player_choice":"Gave Gold","damage_taken":0,"max_hp_gain":0,"max_hp_loss":0,"event_name":"Beggar","floor":20,"gold_loss":75}],"is_beta":false,"boss_relics":[{"not_picked":["Philosopher\u0027s Stone","Calling Bell"],"picked":"Tiny House"}],"items_purged_floors":[],"is_endless":false,"potions_floor_spawned":[1,8,14],"killed_by":"Slavers","ascension_level":8}}