{"host":"w9yruvs4bqht6bhw","time":1610830727,"event":{"mods":["BaseMod","Colored Powertips","Minty Spire (QoL Compilation)"],"gold_per_floor":[119,135,115,134,34,61,61,81,105,117,142,217,28,28,28,130,180,193,193,13,82,101,101,118,118,143,154,6,31,31,31,31,31,31],"floor_reached":33,"language":"ENG","playtime":982,"items_purged":["Strike_R"],"score":421,"play_id":"bc223674-cc1f-414e-8ebf-a4f8d449ba1f","local_time":"20210116155847","is_ascension_mode":true,"campfire_choices":[{"floor":7,"key":"REST"},{"floor":15,"key":"REST"},{"data":"Anger","floor":23,"key":"SMITH"},{"data":"Seeing Red","floor":25,"key":"SMITH"},{"floor":30,"key":"REST"},{"data":"RitualDagger","floor":32,"key":"SMITH"}],"circlet_count":0,"master_deck":["AscendersBane","Strike_R","Strike_R+1","Strike_R","Strike_R","Defend_R","Defend_R","Defend_R","Defend_R","Bash","Panache","Flame Barrier","Anger+1","Uppercut","Shrug It Off","Panache","Offering","Shockwave","Shrug It Off","Good Instincts","Iron Wave+1","Seeing Red+1","RitualDagger+1"],"relics":["Burning Blood","MealTicket","MawBank","Happy Flower","DollysMirror","Nloth\u0027s Gift","Gremlin Horn","Potion Belt","Cauldron","Toxic Egg 2"],"acts_visited":["Exordium","TheCity"],"potions_floor_usage":[6,12,16,16,27,29,33,33,33,33],"damage_taken":[{"damage":14,"enemies":"2 Louse","floor":1,"turns":3},{"damage":6,"enemies":"Cultist","floor":2,"turns":3},{"damage":14,"enemies":"Jaw Worm","floor":4,"turns":3},{"damage":20,"enemies":"Gremlin Nob","floor":6,"turns":4},{"damage":15,"enemies":"Large Slime","floor":8,"turns":6},{"damage":3,"enemies":"Looter","floor":11,"turns":3},{"damage":28,"enemies":"3 Sentries","floor":12,"turns":7},{"damage":14,"enemies":"Hexaghost","floor":16,"turns":9},{"damage":21,"enemies":"Shell Parasite","floor":18,"turns":5},{"damage":13,"enemies":"Spheric Guardian","floor":22,"turns":4},{"damage":30,"enemies":"Snecko","floor":24,"turns":8},{"damage":13,"enemies":"Cultist and Chosen","floor":27,"turns":3},{"damage":28,"enemies":"Gremlin Leader","floor":29,"turns":6},{"damage":78,"enemies":"Champ","floor":33,"turns":10}],"seed_played":"-5637846950295152061","potions_obtained":[{"floor":2,"key":"Weak Potion"},{"floor":3,"key":"Regen Potion"},{"floor":6,"key":"AttackPotion"},{"floor":16,"key":"Weak Potion"},{"floor":17,"key":"LiquidBronze"},{"floor":22,"key":"DistilledChaos"},{"floor":28,"key":"Strength Potion"},{"floor":28,"key":"Explosive Potion"},{"floor":28,"key":"BlessingOfTheForge"},{"floor":29,"key":"Fire Potion"}],"is_trial":false,"path_per_floor":["M","M","?","M","$","E","R","M","T","?","M","?","$","?","R","B",null,"M","?","$","T","M","R","M","R","T","M","$","E","R","?","R","B"],"character_chosen":"IRONCLAD","items_purchased":["CultistPotion","DollysMirror","AttackPotion","Shrug It Off","Good Instincts","Cauldron"],"campfire_rested":3,"item_purchase_floors":[5,13,13,20,20,28],"current_hp_per_floor":[43,43,43,35,35,21,45,36,36,36,39,17,32,32,56,48,77,62,62,77,77,70,70,46,46,46,39,54,32,57,51,51,0,0],"gold":31,"neow_bonus":"RANDOM_COLORLESS_2","is_daily":false,"chose_seed":false,"campfire_upgraded":3,"win_rate":0.0,"timestamp":1610830727,"path_taken":["M","M","?","?","$","E","R","M","T","?","M","?","$","?","R","BOSS","M","?","$","?","?","R","M","R","T","?","?","E","R","?","R","BOSS"],"items_purchased_type":["Potion","Relic","Potion","Card","Card","Relic"],"build_version":"2020-12-22","purchased_purges":1,"victory":false,"max_hp_per_floor":[80,80,80,80,80,80,80,80,80,80,80,80,80,80,80,80,85,85,85,85,85,85,85,85,85,85,85,85,85,85,85,85,85,85],"card_choices":[{"not_picked":["Mayhem","The Bomb"],"picked":"Panache","floor":0},{"not_picked":["Warcry","Clash","Heavy Blade"],"picked":"SKIP","floor":1},{"not_picked":["Pommel Strike","Clothesline"],"picked":"Flame Barrier","floor":2},{"not_picked":["Rampage","Exhume"],"picked":"Anger","floor":4},{"not_picked":["Flex","Heavy Blade"],"picked":"Uppercut","floor":6},{"not_picked":["Shrug It Off","Power Through","Heavy Blade"],"picked":"SKIP","floor":8},{"not_picked":["Entrench","Thunderclap","Sword Boomerang"],"picked":"SKIP","floor":11},{"not_picked":["Pommel Strike","Clash"],"picked":"Shrug It Off","floor":12},{"not_picked":["Bludgeon","Berserk"],"picked":"Offering","floor":16},{"not_picked":["Shrug It Off","Anger"],"picked":"Shockwave","floor":17},{"not_picked":["Intimidate","Reckless Charge","Twin Strike"],"picked":"SKIP","floor":18},{"not_picked":["Bloodletting","Sever Soul"],"picked":"Iron Wave+1","floor":22},{"not_picked":["Havoc","Fiend Fire"],"picked":"Seeing Red","floor":24},{"not_picked":["Sentinel","Shrug It Off","Wild Strike"],"picked":"SKIP","floor":27},{"not_picked":["Inflame","Metallicize","Sever Soul"],"picked":"SKIP","floor":29}],"player_experience":409373,"relics_obtained":[{"floor":6,"key":"MealTicket"},{"floor":9,"key":"MawBank"},{"floor":21,"key":"Gremlin Horn"},{"floor":26,"key":"Potion Belt"},{"floor":29,"key":"Toxic Egg 2"}],"event_choices":[{"damage_healed":0,"gold_gain":0,"player_choice":"Bought 1 Potion","damage_taken":0,"max_hp_gain":0,"max_hp_loss":0,"event_name":"The Woman in Blue","floor":3,"gold_loss":0},{"damage_healed":0,"gold_gain":0,"player_choice":"Ignored","damage_taken":0,"max_hp_gain":0,"max_hp_loss":0,"event_name":"Shining Light","floor":10,"gold_loss":0},{"damage_healed":0,"gold_gain":0,"player_choice":"Searched \u00272\u0027 times","damage_taken":0,"relics_obtained":["Happy Flower"],"max_hp_gain":0,"max_hp_loss":0,"event_name":"Dead Adventurer","floor":12,"gold_loss":0},{"damage_healed":0,"gold_gain":0,"player_choice":"Ignored","damage_taken":0,"max_hp_gain":0,"max_hp_loss":0,"event_name":"WeMeetAgain","floor":14,"gold_loss":0},{"damage_healed":0,"gold_gain":0,"player_choice":"Traded Relic","damage_taken":0,"relics_obtained":["Nloth\u0027s Gift"],"max_hp_gain":0,"max_hp_loss":0,"event_name":"N\u0027loth","floor":19,"relics_lost":["Tiny House"],"gold_loss":0},{"damage_healed":0,"gold_gain":0,"player_choice":"Joined the Cult","damage_taken":6,"max_hp_gain":0,"max_hp_loss":0,"event_name":"Nest","floor":31,"gold_loss":0,"cards_obtained":["RitualDagger"]}],"is_beta":false,"boss_relics":[{"not_picked":["Fusion Hammer","Cursed Key"],"picked":"Tiny House"}],"items_purged_floors":[20],"is_endless":false,"potions_floor_spawned":[2,6,11,16,22,29],"killed_by":"Champ","ascension_level":12}}