{"host":"e3fr1g3um1afn0bb","time":1610807891,"event":{"mods":["2.2 Compatiblity","Act Like it!","Arknights The Spire","BaseMod","CapriCore","Colored Map","Custom Start","Hermit","Luminous","Marisa£¨Ùöéë¡¡Øª×âÞÞ£©","Minty Spire (QoL Compilation)","Prisma Mod","Rare Cards Sparkle","Shade Mod","StSLib","Td1madao Mod","The Alterego","The Animator","The Dragon Tamer","The Fake Hero","The Jungle","TheHero","WarShipGirlsR/??á´Ò³R mod","Yakumo Yukari mod"],"gold_per_floor":[119,132,207,207,221,221,238,253,253,253,253],"floor_reached":10,"language":"KOR","playtime":851,"items_purged":[],"score":60,"play_id":"7e67c086-e228-41db-b608-df394c8a5441","local_time":"20210116233811","is_ascension_mode":false,"campfire_choices":[{"data":"ats:Apocalypse","floor":6,"key":"SMITH"}],"circlet_count":0,"master_deck":["ats:Strike C","ats:Strike G","ats:Strike S","ats:Strike V","ats:Armor Crushing Shot","ats:Defend","ats:Defend","ats:Defend","ats:Defend","ats:Emotion Absorption","ats:Healing Strengthening","ats:Apocalypse+1","ats:Shell Defense","ats:Apocalypse","ats:Curse Doll"],"relics":["ats:Sanity"],"acts_visited":["Exordium"],"potions_floor_usage":[10,10,10],"damage_taken":[{"damage":6,"enemies":"2 Louse","floor":1,"turns":3},{"damage":8,"enemies":"Jaw Worm","floor":2,"turns":4},{"damage":13,"enemies":"Cultist","floor":5,"turns":5},{"damage":20,"enemies":"Blue Slaver","floor":7,"turns":9},{"damage":28,"enemies":"Exordium Wildlife","floor":8,"turns":9},{"damage":66,"enemies":"Gremlin Nob","floor":10,"turns":7}],"seed_played":"-173822225068743797","potions_obtained":[{"floor":1,"key":"Block Potion"},{"floor":5,"key":"DuplicationPotion"},{"floor":7,"key":"FearPotion"}],"is_trial":false,"path_per_floor":["M","M","?","?","M","R","M","M","T","E"],"character_chosen":"DOCTOR_CLASS","items_purchased":[],"campfire_rested":0,"item_purchase_floors":[],"current_hp_per_floor":[73,65,54,54,49,49,60,75,75,20,20],"gold":253,"neow_bonus":"TEN_PERCENT_HP_BONUS","is_daily":false,"chose_seed":false,"campfire_upgraded":1,"win_rate":0.0,"timestamp":1610807891,"path_taken":["M","M","?","?","M","R","M","?","T","E"],"items_purchased_type":[],"build_version":"2020-12-22","purchased_purges":0,"victory":false,"max_hp_per_floor":[79,79,79,79,79,79,79,79,79,79,79],"card_choices":[{"not_picked":["ats:Burning Ground","ats:Flexible Camouflage"],"picked":"ats:Healing Strengthening","floor":1},{"not_picked":["ats:Revitalization","ats:Assault Order"],"picked":"ats:Apocalypse","floor":2},{"not_picked":["ats:Hammer On","ats:Magnetic Hammer"],"picked":"ats:Shell Defense","floor":5},{"not_picked":["ats:Leaping Hammer","ats:Assault Order"],"picked":"ats:Apocalypse","floor":7},{"not_picked":["ats:Durian","ats:Assault Order"],"picked":"ats:Curse Doll","floor":8}],"player_experience":199758,"relics_obtained":[],"event_choices":[{"damage_healed":0,"gold_gain":75,"player_choice":"Gather Gold","damage_taken":11,"max_hp_gain":0,"max_hp_loss":0,"event_name":"World of Goop","floor":3,"gold_loss":0},{"damage_healed":0,"gold_gain":0,"player_choice":"Ignored","damage_taken":0,"max_hp_gain":0,"max_hp_loss":0,"event_name":"Golden Wing","floor":4,"gold_loss":0}],"is_beta":false,"boss_relics":[],"items_purged_floors":[],"is_endless":false,"potions_floor_spawned":[1,5,7],"killed_by":"Gremlin Nob","ascension_level":0}}