{"host":"bf9sa99gaumonoeu","time":1610835646,"event":{"mods":["AchievementEnabler","Act Like it!","BaseMod","Better Note","Better Sensory Stone","Colored Map","Colored Powertips","Fox Events","Friendly Minions","Gensokyo","GifTheSpireLib","Googly Eyes","Hallownest","Hermit","Highlight Path","Hubris","Jorbs\u0027s Wanderer Trilogy","KinomotoSakuraMod(????)","Koishi","Lobotomy","Marisa????????","Minty Spire (QoL Compilation)","Rare Cards Sparkle","Reimu??????","Relic Stats","Remilia??????","Replay The Spire","StSLib","The Administrix","The Animator","The Bug Knight","The Construct","The Cursed","The Disciple","The Hierophant","The Mystic","The Necromancer","The Poker Player","The Runesmith","The Senshi","The Servant 0.9.4"],"gold_per_floor":[130,147,157,189,189,189,189,189],"floor_reached":7,"language":"ENG","playtime":626,"items_purged":[],"score":73,"play_id":"2dc3962a-c152-4d48-9cf6-1898324650ba","local_time":"20210116202046","is_ascension_mode":true,"campfire_choices":[{"data":"animator:Marielle","floor":6,"key":"SMITH"}],"circlet_count":0,"master_deck":["AscendersBane","animator:Strike_LogHorizon","animator:Defend_LogHorizon","animator:Strike","animator:Strike","animator:Defend","animator:Defend","animator:Tohya","animator:Minori","animator:Tatsumaki","animator:MasamiIwasawa","animator:Shion","animator:Marielle+1"],"relics":["animator:LivingPicture","animator:TheMissingPiece","animator:PurgingStone"],"acts_visited":["Exordium"],"potions_floor_usage":[7,7],"damage_taken":[{"damage":1,"enemies":"Jaw Worm","floor":1,"turns":7},{"damage":9,"enemies":"Cultist","floor":2,"turns":6},{"damage":1,"enemies":"2 Louse","floor":3,"turns":5},{"damage":0,"enemies":"Gremlin Gang","floor":4,"turns":11},{"damage":43,"enemies":"Lagavulin","floor":7,"turns":6}],"seed_played":"7815014564245449079","potions_obtained":[{"floor":1,"key":"Strength Potion"},{"floor":3,"key":"SteroidPotion"}],"is_trial":false,"path_per_floor":["M","M","M","M","?","R","E"],"character_chosen":"THE_ANIMATOR","items_purchased":[],"campfire_rested":0,"item_purchase_floors":[],"current_hp_per_floor":[53,44,43,43,43,43,0,0],"gold":189,"neow_bonus":"REMOVE_CARD","is_daily":false,"chose_seed":true,"campfire_upgraded":1,"win_rate":0.0,"timestamp":1610835646,"path_taken":["M","M","M","M","?","R","E"],"items_purchased_type":[],"build_version":"2020-12-22","purchased_purges":0,"victory":false,"max_hp_per_floor":[60,60,60,60,60,60,60,60],"relic_stats":{"counters":[5,35],"obtain_stats":[{"animator:PurgingStone":0,"animator:TheMissingPiece":0,"animator:LivingPicture":0},{"animator:PurgingStone":0,"animator:TheMissingPiece":0,"animator:LivingPicture":0},{"animator:PurgingStone":0,"animator:TheMissingPiece":0,"animator:LivingPicture":0}]},"card_choices":[{"not_picked":["animator:LeleiLaLalena","animator:Konayuki"],"picked":"animator:Tatsumaki","floor":1},{"not_picked":["animator:Berserker","animator:MumenRider"],"picked":"animator:MasamiIwasawa","floor":2},{"not_picked":["animator:Rider","animator:Berserker"],"picked":"animator:Shion","floor":3},{"not_picked":["animator:Isuzu","animator:RundelhausCode"],"picked":"animator:Marielle","floor":4}],"player_experience":940401,"relics_obtained":[],"event_choices":[{"cards_removed":["animator:Defend"],"damage_healed":0,"gold_gain":0,"player_choice":"Card Removal","damage_taken":0,"max_hp_gain":0,"max_hp_loss":0,"event_name":"Wheel of Change","floor":5,"gold_loss":0}],"is_beta":false,"boss_relics":[],"items_purged_floors":[],"is_endless":false,"potions_floor_spawned":[1,3],"killed_by":"Lagavulin","ascension_level":14}}