{"host":"jr2x0nrtqyfsvje3","time":1610810296,"event":{"mods":["AchievementEnabler","BaseMod","Colored Map","DeckTracker","Keyboard Shortcuts","Minty Spire (QoL Compilation)","Permanent Neow","Quick Restart","Random Character Button","Rare Cards Sparkle","SuperFastMode","everything is the same but u backflip on backflip"],"gold_per_floor":[216,233,87,101,101,101,127,137,137,37,54,68,68,82,82,82,82],"floor_reached":16,"language":"KOR","playtime":556,"items_purged":["Perfected Strike","Strike_R"],"score":146,"play_id":"b10237df-d4ed-4d59-a81d-16659357dc7b","local_time":"20210117001816","is_ascension_mode":true,"campfire_choices":[{"data":"Searing Blow","floor":6,"key":"SMITH"},{"data":"Searing Blow+1","floor":13,"key":"SMITH"},{"data":"Searing Blow+2","floor":15,"key":"SMITH"}],"circlet_count":0,"master_deck":["AscendersBane","Strike_R","Strike_R","Strike_R+1","Strike_R","Defend_R","Defend_R","Defend_R","Defend_R","Bash+1","Hemokinesis","Searing Blow+3","Cleave"],"relics":["Burning Blood","Oddly Smooth Stone","Anchor"],"acts_visited":["Exordium"],"potions_floor_usage":[16],"damage_taken":[{"damage":1,"enemies":"Cultist","floor":1,"turns":3},{"damage":9,"enemies":"Jaw Worm","floor":2,"turns":3},{"damage":2,"enemies":"Small Slimes","floor":4,"turns":3},{"damage":26,"enemies":"Gremlin Gang","floor":8,"turns":5},{"damage":0,"enemies":"Exordium Wildlife","floor":11,"turns":3},{"damage":6,"enemies":"Exordium Thugs","floor":12,"turns":4},{"damage":12,"enemies":"Lots of Slimes","floor":14,"turns":5},{"damage":44,"enemies":"Hexaghost","floor":16,"turns":7}],"seed_played":"-8224440045624659624","potions_obtained":[{"floor":1,"key":"Explosive Potion"},{"floor":2,"key":"SneckoOil"}],"is_trial":false,"path_per_floor":["M","M","$","M","?","R","T","M","T","$","M","M","R","M","R","B"],"character_chosen":"IRONCLAD","items_purchased":["Searing Blow"],"campfire_rested":0,"item_purchase_floors":[3],"current_hp_per_floor":[77,74,74,78,62,62,62,42,42,42,48,48,48,42,42,0,0],"gold":82,"neow_bonus":"HUNDRED_GOLD","is_daily":false,"chose_seed":false,"campfire_upgraded":3,"win_rate":0.0,"timestamp":1610810296,"path_taken":["M","M","$","M","?","R","?","M","T","?","M","?","R","M","R","BOSS"],"items_purchased_type":["Card"],"build_version":"2020-12-22","purchased_purges":2,"victory":false,"max_hp_per_floor":[80,80,80,80,80,80,80,80,80,80,80,80,80,80,80,80,80],"card_choices":[{"not_picked":["Seeing Red","Dual Wield"],"picked":"Hemokinesis","floor":1},{"not_picked":["Warcry","Wild Strike"],"picked":"Perfected Strike","floor":2},{"not_picked":["True Grit","Wild Strike","Havoc"],"picked":"SKIP","floor":4},{"not_picked":["Infernal Blade","Rage"],"picked":"Cleave","floor":8},{"not_picked":["Iron Wave","Barricade","Rupture"],"picked":"SKIP","floor":11},{"not_picked":["Iron Wave","Havoc","Metallicize"],"picked":"SKIP","floor":12},{"not_picked":["Wild Strike","Blood for Blood","Thunderclap"],"picked":"SKIP","floor":14}],"player_experience":159469,"relics_obtained":[{"floor":7,"key":"Oddly Smooth Stone"},{"floor":9,"key":"Anchor"}],"event_choices":[{"damage_healed":0,"gold_gain":0,"player_choice":"Entered Light","damage_taken":16,"max_hp_gain":0,"max_hp_loss":0,"event_name":"Shining Light","floor":5,"gold_loss":0,"cards_upgraded":["Strike_R","Bash"]}],"is_beta":false,"boss_relics":[],"items_purged_floors":[3,10],"is_endless":false,"potions_floor_spawned":[1,2],"killed_by":"Hexaghost","ascension_level":11}}