{"host":"kntpungskobv1jqb","time":1610774023,"event":{"mods":["BaseMod","Minty Spire (QoL Compilation)","Replay The Spire","StSLib","SuperFastMode"],"gold_per_floor":[20,36,50,50,50,75,90,104,104,131,131,142,217,217,217,336,336,360,360,126,175,199,199,217,117,141,185,185,185],"floor_reached":28,"language":"ZHS","playtime":938,"items_purged":["Pain","Injury"],"score":413,"play_id":"4d49014b-6016-495d-a6d0-50fb475e04f5","local_time":"20210116131343","is_ascension_mode":true,"campfire_choices":[{"floor":11,"key":"REST"},{"floor":15,"key":"REST"},{"floor":23,"key":"REST"}],"circlet_count":0,"master_deck":["Strike_P","Strike_P","Strike_P","Strike_P","Defend_P","Defend_P","Eruption+1","Vigilance","Replay:AtTheReady","Prostrate","MasterReality","Evaluate","ReachHeaven","Prostrate","Judgement","FlyingSleeves","ConjureBlade","FlurryOfBlows+1","DevaForm","MentalFortress","Evaluate","CarveReality"],"relics":["PureWater","Darkstone Periapt","Pen Nib","Potion Belt","Golden Idol","Philosopher\u0027s Stone","WarpedTongs","Replay:Wax Seal","Strawberry","Onion Ring"],"acts_visited":["Exordium","TheCity"],"potions_floor_usage":[10,27,27],"damage_taken":[{"damage":3,"enemies":"Small Slimes","floor":1,"turns":3},{"damage":7,"enemies":"Jaw Worm","floor":2,"turns":3},{"damage":0,"enemies":"2 Louse","floor":3,"turns":4},{"damage":16,"enemies":"Gremlin Nob","floor":6,"turns":4},{"damage":7,"enemies":"Exordium Thugs","floor":7,"turns":4},{"damage":0,"enemies":"Large Slime","floor":8,"turns":3},{"damage":20,"enemies":"3 Sentries","floor":10,"turns":8},{"damage":0,"enemies":"Looter","floor":12,"turns":2},{"damage":0,"enemies":"Slime Boss","floor":16,"turns":6},{"damage":43,"enemies":"3 Byrds","floor":18,"turns":6},{"damage":17,"enemies":"2 Thieves","floor":22,"turns":4},{"damage":37,"enemies":"Centurion and Healer","floor":24,"turns":7},{"damage":6,"enemies":"Replay:Snechameleon","floor":27,"turns":5},{"damage":13,"enemies":"Snake Plant","floor":28,"turns":2}],"seed_played":"-7395873075472085287","potions_obtained":[{"floor":7,"key":"SteroidPotion"},{"floor":8,"key":"DistilledChaos"},{"floor":10,"key":"GamblersBrew"},{"floor":22,"key":"BottledMiracle"},{"floor":24,"key":"Explosive Potion"}],"is_trial":false,"path_per_floor":["M","M","M","$","?","E","M","M","T","E","R","M","?","?","R","B",null,"M","?","$","T","M","R","M","$","T","E","M"],"character_chosen":"WATCHER","items_purchased":["DevaForm"],"campfire_rested":3,"item_purchase_floors":[20],"current_hp_per_floor":[69,62,62,62,62,46,39,39,39,19,40,40,29,35,58,58,78,35,41,41,41,24,49,12,12,19,13,0,0],"gold":185,"neow_bonus":"REMOVE_TWO","is_daily":false,"chose_seed":false,"campfire_upgraded":0,"win_rate":0.0,"timestamp":1610774023,"path_taken":["M","M","M","$","?","E","M","M","T","E","R","M","?","?","R","BOSS","M","?","$","?","M","R","M","$","T","E","M"],"items_purchased_type":["Card"],"build_version":"2020-12-22","purchased_purges":2,"victory":false,"max_hp_per_floor":[72,72,72,72,72,72,72,72,72,72,72,72,72,78,78,78,78,78,84,84,84,84,84,84,84,91,91,91,91],"card_choices":[{"not_picked":["JustLucky","SashWhip"],"picked":"Replay:AtTheReady","floor":1},{"not_picked":["SignatureMove","FlyingSleeves"],"picked":"Prostrate","floor":2},{"not_picked":["PathToVictory","FollowUp"],"picked":"MasterReality","floor":3},{"not_picked":["EmptyBody","Swivel"],"picked":"Evaluate","floor":6},{"not_picked":["Meditate","SashWhip"],"picked":"ReachHeaven","floor":7},{"not_picked":["Replay:AtTheReady","Perseverance"],"picked":"Prostrate","floor":8},{"not_picked":["CrushJoints","LikeWater"],"picked":"Judgement","floor":10},{"not_picked":["EmptyFist","JustLucky"],"picked":"FlyingSleeves","floor":12},{"not_picked":["Scrawl","SpiritShield"],"picked":"ConjureBlade","floor":16},{"not_picked":["Replay:Cycle","Indignation+1"],"picked":"FlurryOfBlows+1","floor":18},{"not_picked":["BowlingBash","Replay:AtTheReady"],"picked":"MentalFortress","floor":22},{"not_picked":["MentalFortress","CrushJoints"],"picked":"Evaluate","floor":24},{"not_picked":["Replay:AtTheReady+1","Meditate+1"],"picked":"CarveReality","floor":27}],"player_experience":476398,"relics_obtained":[{"floor":6,"key":"Darkstone Periapt"},{"floor":9,"key":"Pen Nib"},{"floor":10,"key":"Potion Belt"},{"floor":21,"key":"Replay:Wax Seal"},{"floor":26,"key":"Strawberry"},{"floor":27,"key":"Onion Ring"}],"event_choices":[{"damage_healed":0,"gold_gain":75,"player_choice":"Gather Gold","damage_taken":11,"max_hp_gain":0,"max_hp_loss":0,"event_name":"World of Goop","floor":13,"gold_loss":0},{"damage_healed":0,"gold_gain":0,"player_choice":"Take Wound","damage_taken":0,"relics_obtained":["Golden Idol"],"max_hp_gain":0,"max_hp_loss":0,"event_name":"Golden Idol","floor":14,"gold_loss":0,"cards_obtained":["Injury"]},{"damage_healed":0,"gold_gain":0,"player_choice":"Rummage","damage_taken":0,"relics_obtained":["WarpedTongs"],"max_hp_gain":0,"max_hp_loss":0,"event_name":"Accursed Blacksmith","floor":19,"gold_loss":0,"cards_obtained":["Pain"]}],"is_beta":false,"boss_relics":[{"not_picked":["Runic Pyramid","Replay:Wanted Poster"],"picked":"Philosopher\u0027s Stone"}],"items_purged_floors":[20,25],"is_endless":false,"potions_floor_spawned":[7,8,10,22,24],"killed_by":"Snake Plant","ascension_level":4}}