{"host":"3zhcrllo23fhqv4x","time":1610834045,"event":{"mods":["AchievementEnabler","BaseMod","Downfall","Hermit","Jorbs\u0027s Wanderer Trilogy","Marisa????????","Minty Spire (QoL Compilation)","Remilia??????","StSLib","The Cursed","The Disciple","The Hierophant","The Runesmith","The Servant 0.9.4"],"gold_per_floor":[349,362,362,381,160,85,85,85,48,48,67,27,45,62,73,169,169,169,185,285,285,385,395,395,395,20,39,39,58,73,73,87,87,87,87],"floor_reached":33,"language":"ENG","playtime":1580,"items_purged":[],"score":264,"play_id":"3bd5c9dc-6311-40ea-a1de-e972d3fd351e","local_time":"20210116165405","is_ascension_mode":false,"campfire_choices":[{"floor":1.0,"key":"RECALL"},{"floor":6.0,"key":"REST"},{"data":"Slimebound:Split","floor":8.0,"key":"SMITH"},{"data":"Slimebound:Darklings","floor":18.0,"key":"SMITH"},{"data":"Slimebound:Repurpose","floor":25.0,"key":"SMITH"},{"data":"Slimebound:DuplicatedForm","floor":28.0,"key":"SMITH"}],"circlet_count":0,"master_deck":["Slimebound:Strike_Slimebound","Slimebound:Strike_Slimebound","Slimebound:Strike_Slimebound","Slimebound:Tackle","Slimebound:Defend_Slimebound","Slimebound:Defend_Slimebound","Slimebound:Defend_Slimebound","Slimebound:Split+1","Slimebound:CorrosiveSpit","Slimebound:SplitBruiser","hexamod:Defend","Slimebound:SlimeSpikes","Slimebound:SplitBruiser","Slimebound:LeechEnergy","Slimebound:ItLooksTasty","Slimebound:LeechingTouch","Slimebound:Repurpose+1","Slimebound:SamplingLick","Slimebound:GoopSpray","Slimebound:Equalize","Slimebound:LeechingTouch","Slimebound:Darklings+1","Slimebound:SplitAcid+1","Slimebound:SpikyOuterGoop","J.A.X.","Slimebound:RainOfGoop+1","Shame","Slimebound:Equalize","Slimebound:LeadByExample+1","Slimebound:LivingWall","Slimebound:DuplicatedForm+1","Slimebound:GrowthPunch+1","Slimebound:TongueLash+1","Slimebound:DuplicatedForm","Slimebound:SplitLeeching"],"relics":["Slimebound:AbsorbEndCombat","Potion Belt","downfall:HeartBlessingRed","Mango","NlothsMask","Coffee Dripper","MutagenicStrength","Sundial","Ice Cream","Pantograph","Membership Card","Molten Egg 2"],"acts_visited":["Exordium","TheCity"],"potions_floor_usage":[32,33,33,33],"damage_taken":[{"damage":8.0,"enemies":"2 Louse","floor":2.0,"turns":2.0},{"damage":9.0,"enemies":"Cultist","floor":4.0,"turns":3.0},{"damage":8.0,"enemies":"downfall:FleeingMerchant","floor":5.0,"turns":4.0},{"damage":26.0,"enemies":"downfall:FleeingMerchant","floor":9.0,"turns":4.0},{"damage":16.0,"enemies":"Small Slimes","floor":11.0,"turns":2.0},{"damage":21.0,"enemies":"downfall:FleeingMerchant","floor":12.0,"turns":4.0},{"damage":33.0,"enemies":"Exordium Thugs","floor":13.0,"turns":4.0},{"damage":21.0,"enemies":"Blue Slaver","floor":14.0,"turns":3.0},{"damage":10.0,"enemies":"Exordium Wildlife","floor":15.0,"turns":5.0},{"damage":41.0,"enemies":"downfall:Watcher","floor":16.0,"turns":7.0},{"damage":35.0,"enemies":"3 Byrds","floor":19.0,"turns":3.0},{"damage":42.0,"enemies":"downfall:Augmenter","floor":20.0,"turns":4.0},{"damage":46.0,"enemies":"Colosseum Nobs","floor":22.0,"turns":3.0},{"damage":40.0,"enemies":"Spheric Guardian","floor":23.0,"turns":4.0},{"damage":38.0,"enemies":"downfall:FleeingMerchant","floor":26.0,"turns":4.0},{"damage":49.0,"enemies":"Centurion and Healer","floor":27.0,"turns":7.0},{"damage":22.0,"enemies":"Chosen and Byrds","floor":29.0,"turns":4.0},{"damage":28,"enemies":"Cultist and Chosen","floor":30,"turns":4},{"damage":40,"enemies":"Centurion and Healer","floor":32,"turns":5},{"damage":31,"enemies":"IC_MUSHROOM_ARCHETYPE","floor":33,"turns":5}],"seed_played":"8723892793220412947","potions_obtained":[{"floor":2.0,"key":"EntropicBrew"},{"floor":13.0,"key":"sneckomod:MuddlingPotion"},{"floor":14.0,"key":"DistilledChaos"},{"floor":15.0,"key":"DistilledChaos"},{"floor":16.0,"key":"Strength Potion"},{"floor":19.0,"key":"FearPotion"},{"floor":20.0,"key":"Dexterity Potion"},{"floor":29,"key":"BlessingOfTheForge"},{"floor":30,"key":"GamblersBrew"},{"floor":32,"key":"ColorlessPotion"}],"is_trial":false,"path_per_floor":["R","M","?","M","$","R","T","R","$","?","M","$","M","M","M","B",null,"R","M","?","?","?","M","T","R","$","M","R","M","M","?","M","B"],"character_chosen":"SLIMEBOUND","items_purchased":["Potion Belt","Slimebound:LeechEnergy","Slimebound:LeechingTouch","Slimebound:SamplingLick","Membership Card","Molten Egg 2","Slimebound:DuplicatedForm"],"campfire_rested":1,"item_purchase_floors":[5,5,9,12,26,26,26],"current_hp_per_floor":[42,40,40,41,45,60,74,74,66,66,60,57,44,39,47,44,74,74,69,61,61,43,25,25,25,29,18,18,42,36,36,3,0,0,0],"gold":87,"neow_bonus":"TWO_FIFTY_GOLD","is_daily":false,"chose_seed":false,"campfire_upgraded":4,"win_rate":0.0,"timestamp":1610834045,"path_taken":["R","M","?","?","?","R","T","R","$","?","?","$","M","M","M","BOSS","R","M","?","?","?","?","T","R","?","M","R","M","M","?","M","BOSS"],"items_purchased_type":["Relic","Card","Card","Card","Relic","Relic","Card"],"build_version":"2020-12-22","purchased_purges":0,"victory":false,"max_hp_per_floor":[60,60,60,60,60,60,74,74,74,74,74,74,74,74,74,74,74,74,74,74,74,74,74,74,74,74,74,74,74,74,74,74,74,74,74],"card_choices":[{"not_picked":["Slimebound:ItLooksTasty","Slimebound:ViciousTackle"],"picked":"Slimebound:SplitBruiser","floor":2.0},{"not_picked":["Slimebound:Chomp","Slimebound:ComboTackle"],"picked":"Slimebound:SlimeSpikes","floor":4.0},{"not_picked":["Slimebound:Schlurp","Slimebound:Overexert"],"picked":"Slimebound:SplitBruiser","floor":5.0},{"not_picked":["Slimebound:RollThrough","Slimebound:GrowthPunch"],"picked":"Slimebound:ItLooksTasty","floor":9.0},{"not_picked":["Slimebound:SplitBruiser","Slimebound:RollThrough"],"picked":"Slimebound:Repurpose","floor":11.0},{"not_picked":["Slimebound:SlimeTap","Slimebound:ServeAndProtect"],"picked":"Slimebound:FormOfPuddle","floor":12.0},{"not_picked":["Slimebound:ViciousTackle","Slimebound:FinishingTackle"],"picked":"Slimebound:GoopSpray","floor":13.0},{"not_picked":["Slimebound:ForwardTackle","Slimebound:ViciousTackle"],"picked":"Slimebound:Equalize","floor":14.0},{"not_picked":["Slimebound:DivideAndConquer","Slimebound:GoopSpray"],"picked":"Slimebound:LeechingTouch","floor":15.0},{"not_picked":["Slimebound:CheckThePlaybook","Slimebound:WasteNot"],"picked":"Slimebound:Darklings","floor":16.0},{"not_picked":["Slimebound:ViciousTackle","Slimebound:SplitMire"],"picked":"Slimebound:SplitAcid+1","floor":19.0},{"not_picked":[],"picked":"J.A.X.","floor":20.0},{"not_picked":["Slimebound:DivideAndConquer+1","Slimebound:Replication"],"picked":"Slimebound:RainOfGoop+1","floor":20.0},{"not_picked":["Slimebound:Grow","Slimebound:FinishingTackle"],"picked":"Slimebound:Equalize","floor":22.0},{"not_picked":["Slimebound:Chomp","Slimebound:LeechingTouch"],"picked":"Slimebound:LeadByExample+1","floor":23.0},{"not_picked":["Slimebound:GoopSpray","Slimebound:SplitAcid+1"],"picked":"Slimebound:LivingWall","floor":26.0},{"not_picked":["Slimebound:Dissolve","Slimebound:SlimeSpikes"],"picked":"Slimebound:GrowthPunch+1","floor":27.0},{"not_picked":["Slimebound:LeechingTouch+1","Slimebound:SlimeSpikes"],"picked":"Slimebound:TongueLash+1","floor":29},{"not_picked":["Slimebound:SlimeSpikes","Slimebound:ItLooksTasty+1"],"picked":"Slimebound:DuplicatedForm","floor":30},{"not_picked":["Slimebound:ItLooksTasty+1","Slimebound:GoopTackle+1"],"picked":"Slimebound:SplitLeeching","floor":32}],"player_experience":296494,"relics_obtained":[{"floor":7.0,"key":"Mango"},{"floor":20.0,"key":"MutagenicStrength"},{"floor":22.0,"key":"Ice Cream"},{"floor":22.0,"key":"Pantograph"}],"event_choices":[{"cards_removed":["Slimebound:Defend_Slimebound"],"damage_healed":0.0,"max_hp_gain":0.0,"max_hp_loss":0.0,"gold_gain":0.0,"event_name":"NoteForYourself","player_choice":"Took Card","floor":3.0,"gold_loss":0.0,"damage_taken":0.0,"cards_obtained":["hexamod:Defend"]},{"damage_healed":0.0,"max_hp_gain":0.0,"max_hp_loss":0.0,"gold_gain":0.0,"event_name":"FaceTrader","player_choice":"Trade","floor":10.0,"gold_loss":0.0,"damage_taken":0.0,"relics_obtained":["NlothsMask"]},{"damage_healed":0.0,"max_hp_gain":0.0,"max_hp_loss":0.0,"gold_gain":0.0,"event_name":"Addict","player_choice":"Stole Relic","floor":21.0,"gold_loss":0.0,"damage_taken":0.0,"relics_obtained":["Sundial"],"cards_obtained":["Shame"]},{"damage_healed":0,"gold_gain":0,"player_choice":"Ignored","damage_taken":0,"max_hp_gain":0,"max_hp_loss":0,"event_name":"Ghosts","floor":31,"gold_loss":0}],"is_beta":false,"boss_relics":[{"not_picked":["Snecko Eye","SacredBark"],"picked":"Coffee Dripper"}],"items_purged_floors":[],"is_endless":false,"potions_floor_spawned":[2,13,14,15,16,19,20,29,30,32],"killed_by":"IC_MUSHROOM_ARCHETYPE","ascension_level":0}}