{"host":"q9718omregw4er46","time":1610824468,"event":{"mods":["BaseMod","Bestiary","Colored Powertips","Minty Spire (QoL Compilation)","Quick Restart","Relic Stats"],"gold_per_floor":[114,131,2,2,13,13,48,48,48,48,64,78,103,190,202,286,298,321,84,118,118,138,155,155,181,181,181,281,10,26,26,26,100,100,117,117,135,1134,1134,1134,1162,1162,1212,1240,1240,1462,400,429,429,429,429,429],"floor_reached":51,"language":"ENG","playtime":1742,"items_purged":["Strike_B","Strike_B","Defend_B"],"score":1614,"play_id":"7436de63-e2a0-464e-b572-c7151134a753","local_time":"20210117001428","is_ascension_mode":true,"campfire_choices":[{"floor":6.0,"key":"DIG"},{"floor":8.0,"key":"DIG"},{"floor":10.0,"key":"DIG"},{"floor":15.0,"key":"DIG"},{"floor":24.0,"key":"REST"},{"floor":27.0,"key":"DIG"},{"floor":32.0,"key":"DIG"},{"floor":40.0,"key":"DIG"},{"floor":42.0,"key":"RECALL"},{"floor":45.0,"key":"REST"},{"floor":49,"key":"REST"}],"circlet_count":0,"master_deck":["AscendersBane","Strike_B","Defend_B","Defend_B","Defend_B","Zap","Dualcast","Cold Snap","Ball Lightning","Ball Lightning","Electrodynamics","Coolheaded","Lockon","Seek","Compile Driver","Defragment","Heatsinks+1","Creative AI","Reboot","Loop"],"relics":["Cracked Core","Shovel","Ancient Tea Set","Cables","Turnip","Mummified Hand","Vajra","MawBank","Ginger","Fusion Hammer","Bag of Preparation","Red Mask","Juzu Bracelet","Omamori","Calipers","DataDisk","Unceasing Top","Busted Crown","StrikeDummy","InkBottle","Lizard Tail","Anchor","Boot","Lee\u0027s Waffle","Thread and Needle","Bottled Tornado","HornCleat"],"acts_visited":["Exordium","TheCity","TheBeyond"],"potions_floor_usage":[50,50],"damage_taken":[{"damage":3.0,"enemies":"2 Louse","floor":1.0,"turns":3.0},{"damage":2.0,"enemies":"Jaw Worm","floor":2.0,"turns":4.0},{"damage":4.0,"enemies":"Cultist","floor":5.0,"turns":3.0},{"damage":18.0,"enemies":"Lagavulin","floor":7.0,"turns":6.0},{"damage":0.0,"enemies":"Large Slime","floor":11.0,"turns":3.0},{"damage":6.0,"enemies":"Looter","floor":12.0,"turns":3.0},{"damage":6.0,"enemies":"Gremlin Nob","floor":13.0,"turns":3.0},{"damage":0.0,"enemies":"Slime Boss","floor":16.0,"turns":4.0},{"damage":9.0,"enemies":"2 Thieves","floor":18.0,"turns":3.0},{"damage":8.0,"enemies":"Masked Bandits","floor":20.0,"turns":2.0},{"damage":6.0,"enemies":"Shell Parasite","floor":22.0,"turns":4.0},{"damage":9.0,"enemies":"Snecko","floor":23.0,"turns":3.0},{"damage":19.0,"enemies":"Gremlin Leader","floor":25.0,"turns":4.0},{"damage":3.0,"enemies":"Colosseum Slavers","floor":28.0,"turns":2.0},{"damage":5.0,"enemies":"Colosseum Nobs","floor":28.0,"turns":2.0},{"damage":0.0,"enemies":"Sentry and Sphere","floor":30.0,"turns":2.0},{"damage":47.0,"enemies":"Collector","floor":33.0,"turns":7.0},{"damage":1.0,"enemies":"3 Shapes","floor":35.0,"turns":2.0},{"damage":5.0,"enemies":"3 Darklings","floor":37.0,"turns":3.0},{"damage":1.0,"enemies":"Giant Head","floor":41.0,"turns":6.0},{"damage":31.0,"enemies":"Nemesis","floor":44.0,"turns":7.0},{"damage":40,"enemies":"Giant Head","floor":48,"turns":6},{"damage":120,"enemies":"Awakened One","floor":50,"turns":8},{"damage":26,"enemies":"Time Eater","floor":51,"turns":4}],"seed_played":"-3560288311894416155","potions_obtained":[{"floor":1.0,"key":"DistilledChaos"},{"floor":12.0,"key":"PowerPotion"},{"floor":13.0,"key":"SkillPotion"},{"floor":16.0,"key":"AttackPotion"},{"floor":18.0,"key":"LiquidMemories"},{"floor":33.0,"key":"Weak Potion"}],"is_trial":false,"path_per_floor":["M","M","$","?","M","R","E","R","T","R","M","M","E","?","R","B",null,"M","$","?","?","M","M","R","E","T","R","?","$","M","?","R","B",null,"M","T","M","?","?","R","E","R","T","E","R","?","$","E","R","B","B"],"character_chosen":"DEFECT","items_purchased":["Ball Lightning","Defragment","Bag of Preparation","DataDisk","Lee\u0027s Waffle","Loop","Thread and Needle","Bottled Tornado","CultistPotion"],"campfire_rested":3,"item_purchase_floors":[3,19,19,29,47,47,47,47,47],"current_hp_per_floor":[61,59,59,64,60,60,42,42,42,42,42,36,30,19,19,19,57,48,48,40,40,34,25,45,26,26,26,18,18,18,79,79,32,67,66,66,61,61,61,61,60,60,60,29,51,51,82,42,66,13,0,0],"gold":429,"neow_bonus":"ONE_RARE_RELIC","is_daily":false,"chose_seed":false,"campfire_upgraded":0,"win_rate":0.0,"timestamp":1610824468,"path_taken":["M","M","$","?","M","R","E","R","T","R","M","M","E","?","R","BOSS","M","$","?","?","?","M","R","E","T","R","?","$","M","?","R","BOSS","M","?","M","?","?","R","E","R","T","E","R","?","?","E","R","BOSS","BOSS"],"items_purchased_type":["Card","Card","Relic","Relic","Relic","Card","Relic","Relic","Potion"],"build_version":"2020-12-22","purchased_purges":3,"victory":false,"max_hp_per_floor":[64,64,64,69,69,69,69,69,69,69,69,69,69,69,69,69,69,69,69,69,69,69,69,69,69,69,69,69,69,69,79,79,79,79,79,79,79,79,75,75,75,75,75,75,75,75,82,82,82,82,82,82],"relic_stats":{"Lee\u0027s Waffle":31,"counters":[24,94],"Bag of Preparation":[30],"Juzu Bracelet":1,"Ginger":[10],"MawBank":72,"Boot":[0],"Cables":[65,46,19,0,0],"Lizard Tail":41,"Shovel":7,"Busted Crown":10,"Mummified Hand":[105],"Turnip":[10],"obtain_stats":[{"Calipers":28,"Vajra":10,"Bag of Preparation":19,"Juzu Bracelet":25,"Ginger":15,"Bottled Tornado":47,"Ancient Tea Set":6,"Boot":44,"Lizard Tail":41,"Shovel":0,"HornCleat":48,"Mummified Hand":9,"Fusion Hammer":17,"Red Mask":20,"Cracked Core":0,"InkBottle":40,"Lee\u0027s Waffle":47,"Thread and Needle":47,"Omamori":27,"MawBank":13,"Cables":7,"DataDisk":29,"Anchor":43,"Busted Crown":34,"Turnip":8,"StrikeDummy":36,"Unceasing Top":32},{"Calipers":15,"Vajra":4,"Bag of Preparation":9,"Juzu Bracelet":13,"Ginger":7,"Bottled Tornado":21,"Ancient Tea Set":3,"Boot":21,"Lizard Tail":20,"Shovel":0,"HornCleat":22,"Mummified Hand":4,"Fusion Hammer":8,"Red Mask":10,"Cracked Core":0,"InkBottle":19,"Lee\u0027s Waffle":21,"Thread and Needle":21,"Omamori":13,"MawBank":7,"Cables":4,"DataDisk":15,"Anchor":20,"Busted Crown":17,"Turnip":4,"StrikeDummy":18,"Unceasing Top":16},{"Calipers":49,"Vajra":16,"Bag of Preparation":32,"Juzu Bracelet":45,"Ginger":25,"Bottled Tornado":76,"Ancient Tea Set":10,"Boot":76,"Lizard Tail":69,"Shovel":0,"HornCleat":82,"Mummified Hand":16,"Fusion Hammer":29,"Red Mask":34,"Cracked Core":0,"InkBottle":63,"Lee\u0027s Waffle":76,"Thread and Needle":76,"Omamori":45,"MawBank":25,"Cables":16,"DataDisk":49,"Anchor":69,"Busted Crown":58,"Turnip":16,"StrikeDummy":60,"Unceasing Top":51}],"Unceasing Top":[2],"InkBottle":[17]},"card_choices":[{"not_picked":["Reinforced Body","Gash"],"picked":"Cold Snap","floor":1.0},{"not_picked":["Fusion","Reprogram"],"picked":"Ball Lightning","floor":2.0},{"not_picked":["Coolheaded","Barrage"],"picked":"Electrodynamics","floor":5.0},{"not_picked":["Gash","Beam Cell","Aggregate"],"picked":"SKIP","floor":7.0},{"not_picked":["Turbo","Consume"],"picked":"Coolheaded","floor":11.0},{"not_picked":["Leap","Cold Snap","Hologram"],"picked":"SKIP","floor":12.0},{"not_picked":["Scrape","Conserve Battery"],"picked":"Lockon","floor":13.0},{"not_picked":["Buffer","Core Surge"],"picked":"Seek","floor":16.0},{"not_picked":["Coolheaded","Barrage"],"picked":"Compile Driver","floor":18.0},{"not_picked":["Static Discharge","Coolheaded","Consume"],"picked":"SKIP","floor":22.0},{"not_picked":["Redo","Streamline"],"picked":"Heatsinks+1","floor":23.0},{"not_picked":["Sweeping Beam","Hologram","Static Discharge"],"picked":"SKIP","floor":25.0},{"not_picked":["Redo","Sweeping Beam+1"],"picked":"Creative AI","floor":28.0},{"not_picked":["Scrape","Redo","Cold Snap"],"picked":"SKIP","floor":30.0},{"not_picked":["All For One","Rainbow"],"picked":"Reboot","floor":33.0},{"not_picked":["Gash"],"picked":"SKIP","floor":35.0},{"not_picked":["Go for the Eyes"],"picked":"SKIP","floor":37.0},{"not_picked":["Gash"],"picked":"SKIP","floor":41.0},{"not_picked":["Stack"],"picked":"SKIP","floor":44.0},{"not_picked":["Compile Driver"],"picked":"SKIP","floor":48}],"player_experience":1210520,"relics_obtained":[{"floor":6.0,"key":"Ancient Tea Set"},{"floor":7.0,"key":"Cables"},{"floor":8.0,"key":"Turnip"},{"floor":9.0,"key":"Mummified Hand"},{"floor":10.0,"key":"Vajra"},{"floor":13.0,"key":"MawBank"},{"floor":15.0,"key":"Ginger"},{"floor":20.0,"key":"Red Mask"},{"floor":25.0,"key":"Juzu Bracelet"},{"floor":27.0,"key":"Omamori"},{"floor":28.0,"key":"Calipers"},{"floor":32.0,"key":"Unceasing Top"},{"floor":36.0,"key":"StrikeDummy"},{"floor":40.0,"key":"InkBottle"},{"floor":41.0,"key":"Lizard Tail"},{"floor":43.0,"key":"Anchor"},{"floor":44.0,"key":"Boot"},{"floor":48,"key":"HornCleat"}],"event_choices":[{"damage_healed":0.0,"max_hp_gain":5.0,"max_hp_loss":0.0,"gold_gain":0.0,"event_name":"Big Fish","player_choice":"Donut","floor":4.0,"gold_loss":0.0,"damage_taken":0.0},{"damage_healed":0.0,"max_hp_gain":0.0,"max_hp_loss":0.0,"gold_gain":75.0,"event_name":"World of Goop","player_choice":"Gather Gold","floor":14.0,"gold_loss":0.0,"damage_taken":11.0},{"damage_healed":0.0,"max_hp_gain":0.0,"max_hp_loss":0.0,"gold_gain":0.0,"event_name":"Masked Bandits","player_choice":"Fought Bandits","floor":20.0,"gold_loss":0.0,"damage_taken":0.0},{"damage_healed":0.0,"max_hp_gain":0.0,"max_hp_loss":0.0,"gold_gain":0.0,"cards_transformed":["Strike_B"],"event_name":"Transmorgrifier","player_choice":"Transformed","floor":21.0,"gold_loss":0.0,"damage_taken":0.0,"cards_obtained":["Rainbow"]},{"damage_healed":0.0,"max_hp_gain":0.0,"max_hp_loss":0.0,"gold_gain":0.0,"event_name":"Colosseum","player_choice":"Fight","floor":28.0,"gold_loss":0.0,"damage_taken":0.0},{"damage_healed":0.0,"max_hp_gain":0.0,"max_hp_loss":0.0,"gold_gain":0.0,"event_name":"Colosseum","player_choice":"Fought Nobs","floor":28.0,"gold_loss":0.0,"damage_taken":0.0},{"cards_removed":["Rainbow"],"damage_healed":51.0,"max_hp_gain":10.0,"max_hp_loss":0.0,"gold_gain":0.0,"event_name":"Bonfire Elementals","player_choice":"Offered Rare","floor":31.0,"gold_loss":0.0,"damage_taken":0.0},{"damage_healed":0.0,"max_hp_gain":0.0,"max_hp_loss":0.0,"gold_gain":999.0,"event_name":"MindBloom","player_choice":"Gold","floor":38.0,"gold_loss":0.0,"damage_taken":0.0,"cards_obtained":["Normality","Normality"]},{"damage_healed":0.0,"max_hp_gain":0.0,"max_hp_loss":4.0,"gold_gain":0.0,"event_name":"Winding Halls","player_choice":"Max HP","floor":39.0,"gold_loss":0.0,"damage_taken":0.0},{"damage_healed":0.0,"max_hp_gain":0.0,"max_hp_loss":0.0,"gold_gain":222.0,"event_name":"Tomb of Lord Red Mask","player_choice":"Wore Mask","floor":46.0,"gold_loss":0.0,"damage_taken":0.0}],"is_beta":false,"boss_relics":[{"not_picked":["Black Star","Tiny House"],"picked":"Fusion Hammer"},{"not_picked":["Empty Cage","Snecko Eye"],"picked":"Busted Crown"}],"items_purged_floors":[3,29,47],"is_endless":false,"potions_floor_spawned":[1,12,13,16,18,28,33,35,41,48],"killed_by":"Time Eater","ascension_level":20}}