{"host":"5trcja4hacd149zc","time":1610774316,"event":{"mods":["BaseMod","Colored Map","GifTheSpireLib","Minty Spire (QoL Compilation)","Relic Stats","StSLib"],"gold_per_floor":[118,54,82,94,126,138,177,189,226,257,269,294,331,355,367,453,465,490,45,45,45,45,45,45,45],"floor_reached":24,"language":"ENG","playtime":488,"items_purged":["Strike_B"],"score":408,"play_id":"c402fe1c-84cd-4b07-bf75-42e577890e68","local_time":"20210115231836","is_ascension_mode":true,"campfire_choices":[{"data":"Darkness","floor":6.0,"key":"SMITH"},{"data":"White Noise","floor":8.0,"key":"SMITH"},{"data":"Doom and Gloom","floor":11.0,"key":"SMITH"},{"data":"Defragment","floor":15.0,"key":"SMITH"},{"data":"Electrodynamics","floor":23.0,"key":"SMITH"}],"circlet_count":0,"master_deck":["AscendersBane","Strike_B","Strike_B","Strike_B","Defend_B","Defend_B","Defend_B","Defend_B+1","Zap+1","Dualcast","Doom and Gloom+1","Darkness+1","Leap","White Noise+1","Core Surge","Sunder","Chill","Defragment+1","Electrodynamics+1","Self Repair","Glacier","Heatsinks+1","Parasite"],"relics":["Cracked Core","NeowsBlessing","MawBank","DataDisk","Smiling Mask","War Paint","Cursed Key","Frozen Egg 2","InkBottle"],"acts_visited":["Exordium","TheCity"],"potions_floor_usage":[24],"damage_taken":[{"damage":0.0,"enemies":"2 Louse","floor":1.0,"turns":1.0},{"damage":0.0,"enemies":"Cultist","floor":3.0,"turns":1.0},{"damage":0.0,"enemies":"Jaw Worm","floor":5.0,"turns":1.0},{"damage":21.0,"enemies":"Lagavulin","floor":7.0,"turns":6.0},{"damage":11.0,"enemies":"Blue Slaver","floor":10.0,"turns":4.0},{"damage":3.0,"enemies":"2 Fungi Beasts","floor":12.0,"turns":2.0},{"damage":14.0,"enemies":"Gremlin Nob","floor":13.0,"turns":3.0},{"damage":3.0,"enemies":"Looter","floor":14.0,"turns":3.0},{"damage":4.0,"enemies":"Slime Boss","floor":16.0,"turns":6.0},{"damage":10.0,"enemies":"3 Byrds","floor":18.0,"turns":3.0},{"damage":27,"enemies":"Book of Stabbing","floor":24,"turns":4}],"seed_played":"-7445023086471965036","potions_obtained":[{"floor":5.0,"key":"Fire Potion"},{"floor":7.0,"key":"LiquidMemories"},{"floor":13.0,"key":"EssenceOfDarkness"},{"floor":18.0,"key":"BlessingOfTheForge"}],"is_trial":false,"path_per_floor":["M","?","M","$","M","R","E","R","T","M","R","M","E","M","R","B",null,"M","$","?","?","T","R","E"],"character_chosen":"DEFECT","items_purchased":["Glacier","Frozen Egg 2","Heatsinks+1"],"campfire_rested":0,"item_purchase_floors":[19,19,19],"current_hp_per_floor":[64,64,64,64,64,64,43,43,43,32,32,29,15,12,12,8,55,45,45,25,25,25,25,0,0],"gold":45,"neow_bonus":"THREE_ENEMY_KILL","is_daily":false,"chose_seed":false,"campfire_upgraded":5,"win_rate":0.0,"timestamp":1610774316,"path_taken":["M","?","?","?","?","R","E","R","T","M","R","M","E","M","R","BOSS","M","$","?","?","?","R","E"],"items_purchased_type":["Card","Relic","Card"],"build_version":"2020-12-22","purchased_purges":1,"victory":false,"max_hp_per_floor":[71,71,71,71,71,71,71,71,71,71,71,71,71,71,71,71,71,71,71,76,76,76,76,76,76],"relic_stats":{"counters":[11,34],"War Paint":["Defend_B","Zap"],"MawBank":204,"Smiling Mask":25,"Cursed Key":1,"obtain_stats":[{"DataDisk":7,"NeowsBlessing":0,"War Paint":13,"Frozen Egg 2":19,"Cracked Core":0,"MawBank":2,"Smiling Mask":9,"Cursed Key":17,"InkBottle":22},{"DataDisk":4,"NeowsBlessing":0,"War Paint":7,"Frozen Egg 2":10,"Cracked Core":0,"MawBank":1,"Smiling Mask":4,"Cursed Key":9,"InkBottle":10},{"DataDisk":9,"NeowsBlessing":0,"War Paint":18,"Frozen Egg 2":30,"Cracked Core":0,"MawBank":1,"Smiling Mask":9,"Cursed Key":27,"InkBottle":30}],"InkBottle":[1]},"card_choices":[{"not_picked":["Steam","Go for the Eyes"],"picked":"Doom and Gloom","floor":1.0},{"not_picked":["Redo","Beam Cell"],"picked":"Darkness","floor":3.0},{"not_picked":["Force Field","Beam Cell"],"picked":"Leap","floor":5.0},{"not_picked":["Beam Cell","BootSequence"],"picked":"White Noise","floor":7.0},{"not_picked":["Conserve Battery","Compile Driver"],"picked":"Core Surge","floor":10.0},{"not_picked":["Beam Cell","Sweeping Beam"],"picked":"Sunder","floor":12.0},{"not_picked":["Melter","Cold Snap"],"picked":"Chill","floor":13.0},{"not_picked":["Coolheaded","Redo"],"picked":"Defragment","floor":14.0},{"not_picked":["Meteor Strike","Multi-Cast"],"picked":"Electrodynamics","floor":16.0},{"not_picked":["Barrage","Conserve Battery"],"picked":"Self Repair","floor":18.0}],"player_experience":766490,"relics_obtained":[{"floor":7.0,"key":"DataDisk"},{"floor":9.0,"key":"Smiling Mask"},{"floor":13.0,"key":"War Paint"},{"floor":22.0,"key":"InkBottle"}],"event_choices":[{"damage_healed":0.0,"max_hp_gain":0.0,"max_hp_loss":0.0,"gold_gain":0.0,"event_name":"WeMeetAgain","player_choice":"Paid Gold","floor":2.0,"gold_loss":64.0,"damage_taken":0.0,"relics_obtained":["MawBank"]},{"damage_healed":0.0,"max_hp_gain":5.0,"max_hp_loss":0.0,"gold_gain":0.0,"event_name":"Forgotten Altar","player_choice":"Shed Blood","floor":20.0,"gold_loss":0.0,"damage_taken":25.0},{"damage_healed":0.0,"max_hp_gain":0.0,"max_hp_loss":0.0,"gold_gain":0.0,"event_name":"Ghosts","player_choice":"Ignored","floor":21.0,"gold_loss":0.0,"damage_taken":0.0}],"is_beta":false,"boss_relics":[{"not_picked":["Calling Bell","Astrolabe"],"picked":"Cursed Key"}],"items_purged_floors":[19],"is_endless":false,"potions_floor_spawned":[5,7,12,13,14,18],"killed_by":"Book of Stabbing","ascension_level":20}}