{"host":"qy1e0kd24tpj3i2m","time":1610816911,"event":{"mods":["Act Like it!","Alarm Clock","BaseMod","Better Skull","Better Vampires","Colored Map","Colored Powertips","Custom Start","Faster Ascension Climbing","Friendly Minions","GifTheSpireLib","Gremlin Skip","Highlight Path","Minty Spire (QoL Compilation)","Permanent Neow","Poor People Problems","Quick Restart","Red Circlet Mod","Relic Sorter","Reorder Act Four","SacredBarkPlus","Shop Mod","StSLib","SuperFastMode","Transform Curses","没有小屋子和绿帽子啦"],"gold_per_floor":[117,117,42,42,117,142,167,182,182,282,298,298,298,317,317,395,395,407,89,106,121,121,121],"floor_reached":22,"language":"ZHS","playtime":616,"items_purged":[],"score":368,"play_id":"23cd13fd-61aa-4c39-b671-d1581805bc33","local_time":"20210117020831","is_ascension_mode":true,"campfire_choices":[{"data":"Apotheosis","floor":13.0,"key":"SMITH"},{"floor":15.0,"key":"RECALL"}],"circlet_count":0,"master_deck":["AscendersBane","Strike_R","Strike_R","Strike_R","Strike_R","Strike_R","Defend_R","Defend_R","Defend_R","Apotheosis+1","Perfected Strike","Flex","Dropkick","Ghostly Armor","Perfected Strike","Feel No Pain","Demon Form","CurseOfTheBell","Battle Trance","Uppercut+1","Rage","Iron Wave","Twin Strike","Metallicize","Entrench","Body Slam+1"],"relics":["Burning Blood","Eternal Feather","Ancient Tea Set","Happy Flower","Letter Opener","Calling Bell","Orichalcum","Ornamental Fan","Shovel","Orrery","Omamori"],"acts_visited":["Exordium","TheCity"],"potions_floor_usage":[22],"damage_taken":[{"damage":2.0,"enemies":"Cultist","floor":1.0,"turns":4.0},{"damage":32.0,"enemies":"3 Sentries","floor":6.0,"turns":8.0},{"damage":0.0,"enemies":"Jaw Worm","floor":8.0,"turns":5.0},{"damage":4.0,"enemies":"Small Slimes","floor":11.0,"turns":3.0},{"damage":3.0,"enemies":"Looter","floor":14.0,"turns":3.0},{"damage":34.0,"enemies":"Hexaghost","floor":16.0,"turns":8.0},{"damage":28.0,"enemies":"Spheric Guardian","floor":18.0,"turns":6.0},{"damage":21.0,"enemies":"2 Thieves","floor":20.0,"turns":5.0},{"damage":23.0,"enemies":"Snake Plant","floor":21.0,"turns":5.0},{"damage":8,"enemies":"Chosen and Byrds","floor":22,"turns":5}],"seed_played":"-5266492911431233391","potions_obtained":[{"floor":1.0,"key":"SteroidPotion"},{"floor":14.0,"key":"PowerPotion"},{"floor":16.0,"key":"SteroidPotion"},{"floor":20.0,"key":"Block Potion"},{"floor":21.0,"key":"Fire Potion"}],"is_trial":false,"path_per_floor":["M","T","?","$","?","E","T","M","T","?","M","?","R","M","R","B",null,"M","$","M","M","M"],"character_chosen":"IRONCLAD","items_purchased":["Orrery","Omamori"],"campfire_rested":0,"item_purchase_floors":[19,19],"current_hp_per_floor":[54,54,54,54,43,17,17,23,23,23,25,25,34,37,46,18,61,39,39,24,7,0,0],"gold":121,"neow_bonus":"RANDOM_COLORLESS_2","is_daily":false,"chose_seed":false,"campfire_upgraded":1,"win_rate":0.0,"timestamp":1610816911,"path_taken":["M","?","?","$","?","E","?","M","T","?","?","?","R","M","R","BOSS","M","$","M","M","M"],"items_purchased_type":["Relic","Relic"],"build_version":"2020-12-22","purchased_purges":0,"victory":false,"max_hp_per_floor":[75,75,75,75,75,75,75,75,75,75,75,75,75,75,75,75,75,75,75,75,75,75,75],"card_choices":[{"not_picked":["Violence","Secret Weapon"],"picked":"Apotheosis","floor":0.0},{"not_picked":["Shrug It Off","Bloodletting"],"picked":"Perfected Strike","floor":1.0},{"not_picked":["Combust","True Grit"],"picked":"Flex","floor":6.0},{"not_picked":["Clothesline","Cleave"],"picked":"Dropkick","floor":8.0},{"not_picked":["Inflame","Searing Blow"],"picked":"Ghostly Armor","floor":11.0},{"not_picked":["Clothesline","Warcry"],"picked":"Feel No Pain","floor":14.0},{"not_picked":["Corruption","Exhume"],"picked":"Demon Form","floor":16.0},{"not_picked":["Anger","Heavy Blade"],"picked":"Battle Trance","floor":18.0},{"not_picked":["Battle Trance","Perfected Strike"],"picked":"Uppercut+1","floor":19.0},{"not_picked":["Anger","Spot Weakness"],"picked":"Rage","floor":19.0},{"not_picked":["Warcry","Hemokinesis"],"picked":"Iron Wave","floor":19.0},{"not_picked":["Headbutt","True Grit"],"picked":"Twin Strike","floor":19.0},{"not_picked":["Shrug It Off","Brutality"],"picked":"Metallicize","floor":19.0},{"not_picked":["Battle Trance","Armaments+1"],"picked":"Entrench","floor":20.0},{"not_picked":["Shrug It Off","Second Wind"],"picked":"Body Slam+1","floor":21.0}],"player_experience":918347,"relics_obtained":[{"floor":2.0,"key":"Eternal Feather"},{"floor":6.0,"key":"Ancient Tea Set"},{"floor":7.0,"key":"Happy Flower"},{"floor":9.0,"key":"Letter Opener"},{"floor":17.0,"key":"Orichalcum"},{"floor":17.0,"key":"Ornamental Fan"},{"floor":17.0,"key":"Shovel"}],"event_choices":[{"cards_removed":["Bash"],"damage_healed":0.0,"max_hp_gain":0.0,"max_hp_loss":0.0,"gold_gain":0.0,"event_name":"The Cleric","player_choice":"Card Removal","floor":3.0,"gold_loss":75.0,"damage_taken":0.0},{"damage_healed":0.0,"max_hp_gain":0.0,"max_hp_loss":0.0,"gold_gain":75.0,"event_name":"World of Goop","player_choice":"Gather Gold","floor":5.0,"gold_loss":0.0,"damage_taken":11.0},{"damage_healed":0.0,"max_hp_gain":0.0,"max_hp_loss":0.0,"gold_gain":100.0,"event_name":"Wheel of Change","player_choice":"Gold","floor":10.0,"gold_loss":0.0,"damage_taken":0.0},{"damage_healed":0.0,"max_hp_gain":0.0,"max_hp_loss":0.0,"gold_gain":0.0,"cards_transformed":["Defend_R"],"event_name":"Transmorgrifier","player_choice":"Transformed","floor":12.0,"gold_loss":0.0,"damage_taken":0.0,"cards_obtained":["Perfected Strike"]}],"is_beta":false,"boss_relics":[{"not_picked":["Black Star","Runic Cube"],"picked":"Calling Bell"}],"items_purged_floors":[],"is_endless":false,"potions_floor_spawned":[1,14,16,20,21],"killed_by":"Chosen and Byrds","ascension_level":20}}