{"host":"yvs6unqb0m2j26b0","time":1610767538,"event":{"mods":["AchievementEnabler","BaseMod","Colored Map","Colored Powertips","Minty Spire (QoL Compilation)"],"gold_per_floor":[115,130,130,148,162,162,175,206,233,251,281,300,317,336,336,432,432,451,82,101,101,101,101,176,187,210,310,310,15,15,49,49,49,49],"floor_reached":33,"language":"ENG","playtime":2160,"items_purged":["Defend_P"],"score":394,"play_id":"2fb0210c-d9b0-499a-93d0-a70c29b73462","local_time":"20210116012538","is_ascension_mode":false,"campfire_choices":[{"data":"Eruption","floor":6,"key":"SMITH"},{"data":"BattleHymn","floor":15,"key":"SMITH"},{"data":"RitualDagger","floor":30,"key":"SMITH"},{"data":"Ragnarok","floor":32,"key":"SMITH"}],"circlet_count":0,"master_deck":["Strike_P","Strike_P","Strike_P","Strike_P","Defend_P","Defend_P","Eruption+1","Vigilance","Evaluate","BattleHymn+1","Tantrum","Prostrate+1","FlurryOfBlows","SandsOfTime","FlurryOfBlows","Ragnarok+1","FlurryOfBlows","Prostrate+1","Blasphemy","SandsOfTime","Crescendo","RitualDagger+1","Perseverance"],"relics":["PureWater","Orichalcum","Toy Ornithopter","Strawberry","VioletLotus","HandDrill","Boot","Blood Vial","Lee\u0027s Waffle","Bronze Scales","War Paint"],"acts_visited":["Exordium","TheCity"],"potions_floor_usage":[7,8,11,16,16,23,28],"damage_taken":[{"damage":0,"enemies":"Cultist","floor":1,"turns":2},{"damage":0,"enemies":"Small Slimes","floor":2,"turns":4},{"damage":5,"enemies":"Jaw Worm","floor":4,"turns":4},{"damage":8,"enemies":"3 Louse","floor":5,"turns":3},{"damage":2,"enemies":"Gremlin Gang","floor":7,"turns":3},{"damage":0,"enemies":"Lagavulin","floor":8,"turns":4},{"damage":0,"enemies":"2 Fungi Beasts","floor":10,"turns":2},{"damage":20,"enemies":"3 Sentries","floor":11,"turns":7},{"damage":8,"enemies":"Red Slaver","floor":12,"turns":2},{"damage":0,"enemies":"Looter","floor":13,"turns":2},{"damage":1,"enemies":"Blue Slaver","floor":14,"turns":2},{"damage":19,"enemies":"Slime Boss","floor":16,"turns":4},{"damage":16,"enemies":"3 Byrds","floor":18,"turns":4},{"damage":2,"enemies":"Chosen","floor":20,"turns":3},{"damage":0,"enemies":"Gremlin Leader","floor":23,"turns":2},{"damage":24,"enemies":"Shelled Parasite and Fungi","floor":25,"turns":6},{"damage":0,"enemies":"Slavers","floor":28,"turns":1},{"damage":37,"enemies":"Book of Stabbing","floor":31,"turns":5},{"damage":46,"enemies":"Collector","floor":33,"turns":6}],"seed_played":"-4873315482579698354","potions_obtained":[{"floor":5,"key":"Explosive Potion"},{"floor":7,"key":"Strength Potion"},{"floor":8,"key":"SmokeBomb"},{"floor":10,"key":"Strength Potion"},{"floor":14,"key":"Dexterity Potion"},{"floor":16,"key":"Fruit Juice"},{"floor":20,"key":"SmokeBomb"},{"floor":25,"key":"Swift Potion"}],"is_trial":false,"path_per_floor":["M","M","?","M","M","R","M","E","T","M","E","M","M","M","R","B",null,"M","$","M","?","?","E","?","M","T","?","E","$","R","E","R","B"],"character_chosen":"WATCHER","items_purchased":["HandDrill","Boot","Lee\u0027s Waffle","Bronze Scales"],"campfire_rested":0,"item_purchase_floors":[19,19,29,29],"current_hp_per_floor":[79,79,79,74,66,66,64,64,64,64,56,48,48,47,47,43,91,75,75,73,55,49,54,45,21,21,21,28,103,103,66,66,22,22],"gold":49,"neow_bonus":"TEN_PERCENT_HP_BONUS","is_daily":false,"chose_seed":false,"campfire_upgraded":4,"win_rate":0.0,"timestamp":1610767538,"path_taken":["M","?","?","M","?","R","M","E","T","M","E","M","M","?","R","BOSS","M","$","M","?","?","E","?","?","T","?","E","$","R","E","R","BOSS"],"items_purchased_type":["Relic","Relic","Relic","Relic"],"build_version":"2020-12-22","purchased_purges":1,"victory":false,"max_hp_per_floor":[79,79,79,79,79,79,79,79,79,79,86,86,86,86,86,91,91,91,91,91,96,96,96,96,96,96,96,96,103,103,103,103,103,103],"card_choices":[{"not_picked":["CutThroughFate","JustLucky"],"picked":"Evaluate","floor":1},{"not_picked":["EmptyMind","Halt"],"picked":"BattleHymn","floor":2},{"not_picked":["ThirdEye","EmptyFist"],"picked":"Tantrum","floor":4},{"not_picked":["CutThroughFate","PathToVictory"],"picked":"Prostrate","floor":5},{"not_picked":["Protect","Halt"],"picked":"FlurryOfBlows","floor":7},{"not_picked":["SashWhip","Swivel"],"picked":"SandsOfTime","floor":8},{"not_picked":["SandsOfTime","FearNoEvil"],"picked":"FlurryOfBlows","floor":10},{"not_picked":["Nirvana","Fasting2","EmptyBody"],"picked":"SKIP","floor":11},{"not_picked":["ThirdEye","Wallop"],"picked":"Ragnarok","floor":12},{"not_picked":["SignatureMove","Consecrate"],"picked":"FlurryOfBlows","floor":13},{"not_picked":["InnerPeace","Consecrate"],"picked":"Prostrate","floor":14},{"not_picked":["Vault","ConjureBlade"],"picked":"Blasphemy","floor":16},{"not_picked":["JustLucky","EmptyBody"],"picked":"SandsOfTime","floor":18},{"not_picked":["CrushJoints","FollowUp"],"picked":"Crescendo","floor":20},{"not_picked":["FlyingSleeves","Nirvana","Wallop"],"picked":"SKIP","floor":25},{"not_picked":["Weave","ConjureBlade"],"picked":"Perseverance","floor":31}],"player_experience":60639,"relics_obtained":[{"floor":8,"key":"Orichalcum"},{"floor":9,"key":"Toy Ornithopter"},{"floor":11,"key":"Strawberry"},{"floor":26,"key":"Blood Vial"},{"floor":31,"key":"War Paint"}],"event_choices":[{"cards_removed":["Defend_P"],"damage_healed":0,"gold_gain":0,"player_choice":"Offered Basic","damage_taken":0,"max_hp_gain":0,"max_hp_loss":0,"event_name":"Bonfire Elementals","floor":3,"gold_loss":0},{"damage_healed":0,"gold_gain":0,"player_choice":"Shed Blood","damage_taken":23,"max_hp_gain":5,"max_hp_loss":0,"event_name":"Forgotten Altar","floor":21,"gold_loss":0},{"damage_healed":0,"gold_gain":0,"player_choice":"Joined the Cult","damage_taken":6,"max_hp_gain":0,"max_hp_loss":0,"event_name":"Nest","floor":22,"gold_loss":0,"cards_obtained":["RitualDagger"]},{"damage_healed":0,"gold_gain":75,"player_choice":"Touch","damage_taken":9,"max_hp_gain":0,"max_hp_loss":0,"event_name":"FaceTrader","floor":24,"gold_loss":0},{"damage_healed":0,"gold_gain":100,"player_choice":"Pray","damage_taken":0,"max_hp_gain":0,"max_hp_loss":0,"event_name":"Golden Shrine","floor":27,"gold_loss":0}],"is_beta":false,"boss_relics":[{"not_picked":["Runic Dome","Astrolabe"],"picked":"VioletLotus"}],"items_purged_floors":[19],"is_endless":false,"potions_floor_spawned":[5,7,8,10,14,16,20,25,28],"killed_by":"Collector","ascension_level":0}}