{"host":"Ruben","time":1610804764,"event":{"mods":["AchievementEnabler","Aspiration","BaseMod","Better Altar","Better Match","Better Note","Better Sensory Stone","Better Skull","Better Third Choice","BetterRewards","Colored Map","Conspire","Downfall","GifTheSpireLib","Googly Eyes","Highlight Path","Hubris","Minty Spire (QoL Compilation)","Permanent Neow","Shop Mod","Spicy Shops","StSLib","Stuff the Spire","The IronCluck","everything is the same but u backflip on backflip","slay the spire mod where everything is the same but ironclad has a cowboy hat"],"gold_per_floor":[109,284,37,37,51,51,62,73,73,0,14,14,14],"floor_reached":12,"language":"ENG","playtime":416,"items_purged":["Doubt"],"score":70,"play_id":"f6489a57-048c-42dd-8629-f09b4dd58d5e","local_time":"20210116144604","is_ascension_mode":false,"campfire_choices":[{"data":"Consume","floor":6,"key":"SMITH"}],"circlet_count":0,"master_deck":["Strike_B","Strike_B","Strike_B","Defend_B","Defend_B","Defend_B","Defend_B","Zap","Dualcast","Redo+1","Thunder Strike","Storm","Consume+1","Redo"],"relics":["Cracked Core","hubris:Teleporter","Toy Ornithopter"],"acts_visited":["Exordium"],"potions_floor_usage":[],"damage_taken":[{"damage":7,"enemies":"Small Slimes","floor":1,"turns":3},{"damage":6,"enemies":"Cultist","floor":5,"turns":3},{"damage":1,"enemies":"2 Louse","floor":7,"turns":2},{"damage":25,"enemies":"Gremlin Gang","floor":8,"turns":4},{"damage":14,"enemies":"Blue Slaver","floor":11,"turns":3},{"damage":26,"enemies":"3 Sentries","floor":12,"turns":3}],"seed_played":"-793773195888292758","potions_obtained":[{"floor":1,"key":"LiquidBronze"},{"floor":11,"key":"Guardian:BlockOnCardUsePotion"}],"is_trial":false,"path_per_floor":["M","?","$","?","M","R","M","M","T","?","M","E"],"character_chosen":"DEFECT","items_purchased":["Thunder Strike","Storm"],"campfire_rested":0,"item_purchase_floors":[3,3],"current_hp_per_floor":[68,68,68,68,62,62,61,36,36,36,22,0,0],"gold":14,"neow_bonus":"REMOVE_CARD","is_daily":false,"chose_seed":false,"campfire_upgraded":1,"win_rate":0.0,"timestamp":1610804764,"path_taken":["M","?","$","?","M","R","M","?","T","?","?","E"],"items_purchased_type":["Card","Card"],"build_version":"2020-12-18","purchased_purges":1,"victory":false,"max_hp_per_floor":[75,75,75,75,75,75,75,75,75,75,75,75,75],"card_choices":[{"not_picked":["Darkness","Compile Driver"],"picked":"Redo","floor":1},{"not_picked":["Go for the Eyes","Tempest"],"picked":"Consume","floor":5},{"not_picked":["Darkness","Aggregate","Stack"],"picked":"SKIP","floor":7},{"not_picked":["Gash","Coolheaded","Go for the Eyes"],"picked":"SKIP","floor":8},{"not_picked":["Cold Snap","Sweeping Beam"],"picked":"Redo","floor":11}],"player_experience":275169,"relics_obtained":[{"floor":9,"key":"hubris:Teleporter"}],"event_choices":[{"damage_healed":0,"gold_gain":175,"player_choice":"AGREE","damage_taken":109,"max_hp_gain":0,"max_hp_loss":0,"event_name":"betterThird:BetterSerpent","floor":2,"gold_loss":0},{"damage_healed":0,"gold_gain":0,"player_choice":"Forge","damage_taken":0,"max_hp_gain":0,"max_hp_loss":0,"event_name":"Accursed Blacksmith","floor":4,"gold_loss":0,"cards_upgraded":["Redo"]},{"damage_healed":0,"gold_gain":0,"player_choice":"Paid Gold","damage_taken":0,"relics_obtained":["Toy Ornithopter"],"max_hp_gain":0,"max_hp_loss":0,"event_name":"WeMeetAgain","floor":10,"gold_loss":73}],"is_beta":true,"boss_relics":[],"items_purged_floors":[3],"is_endless":false,"potions_floor_spawned":[1,11],"killed_by":"3 Sentries","ascension_level":0}}