{"host":"ymn6un3ro3vi042j","time":1610831410,"event":{"mods":["AchievementEnabler","Act Like it!","BaseMod","Bestiary","Better Third Choice","BetterRewards","Colored Map","Colored Powertips","Conspire","Curses Come First","Dark Map","DeckTracker","Downfall","Friendly Minions","Highlight Path","Minty Spire (QoL Compilation)","Poor People Problems","Rare Cards Sparkle","StSLib","everything is the same but u backflip on backflip"],"gold_per_floor":[116,116,132,132,132,132,132,132,132,36,36,61,61,79,79,184,184,196,196,196,213,228,228,228],"floor_reached":23,"language":"ENG","playtime":1112,"items_purged":[],"score":237,"play_id":"a4195de7-20bf-4206-b3cc-d86a1f7fbd18","local_time":"20210116131010","is_ascension_mode":false,"campfire_choices":[{"floor":6,"key":"REST"},{"data":"conspire:PoisonWeapons","floor":8,"key":"SMITH"},{"data":"Secret Technique","floor":11,"key":"SMITH"},{"floor":13,"key":"REST"},{"floor":15,"key":"REST"}],"circlet_count":0,"master_deck":["conspire:GhostlyStrike","conspire:GhostlyStrike","conspire:GhostlyStrike","conspire:GhostlyStrike","conspire:GhostlyStrike","conspire:GhostlyDefend+1","conspire:GhostlyDefend","conspire:GhostlyDefend","conspire:GhostlyDefend","conspire:GhostlyDefend","Survivor+1","Neutralize","Secret Technique+1","conspire:PoisonWeapons+1","Well Laid Plans","DeusExMachina","Endless Agony","Predator","Burst","Poisoned Stab","Writhe","Reflex","Prepared"],"relics":["Ring of the Snake","WingedGreaves","War Paint","Oddly Smooth Stone","Nunchaku","Busted Crown","Strawberry"],"acts_visited":["Exordium","TheCity"],"potions_floor_usage":[18,21,23],"damage_taken":[{"damage":6,"enemies":"Cultist","floor":1,"turns":4},{"damage":0,"enemies":"Small Slimes","floor":3,"turns":3},{"damage":36,"enemies":"Lagavulin","floor":12,"turns":7},{"damage":0,"enemies":"2 Louse","floor":14,"turns":2},{"damage":14,"enemies":"Hexaghost","floor":16,"turns":8},{"damage":0,"enemies":"3 Byrds","floor":18,"turns":7},{"damage":22,"enemies":"Spheric Guardian","floor":21,"turns":6},{"damage":60,"enemies":"Snake Plant","floor":22,"turns":8},{"damage":24,"enemies":"Slavers","floor":23,"turns":3}],"seed_played":"4143281254528893123","potions_obtained":[{"floor":14,"key":"SteroidPotion"},{"floor":16,"key":"Weak Potion"},{"floor":22,"key":"sneckomod:MuddlingPotion"}],"is_trial":false,"path_per_floor":["M","T","M","?","?","R","?","R","T","$","R","E","R","M","R","B",null,"M","?","?","M","M","E"],"character_chosen":"THE_SILENT","items_purchased":["FairyPotion"],"campfire_rested":3,"item_purchase_floors":[10],"current_hp_per_floor":[43,43,43,43,31,52,52,52,52,52,52,16,37,37,58,44,70,70,77,77,55,23,0,0],"gold":228,"neow_bonus":"RANDOM_COLORLESS_2","is_daily":false,"chose_seed":false,"campfire_upgraded":2,"win_rate":0.0,"timestamp":1610831410,"path_taken":["M","?","?","?","?","R","?","R","T","$","R","E","R","M","R","BOSS","M","?","?","?","?","E"],"items_purchased_type":["Potion"],"build_version":"2020-12-22","purchased_purges":0,"victory":false,"max_hp_per_floor":[70,70,70,70,70,70,70,70,70,70,70,70,70,70,70,70,70,70,77,77,77,77,77,77],"card_choices":[{"not_picked":["Master of Strategy","HandOfGreed"],"picked":"Secret Technique","floor":0},{"not_picked":["Prepared","Blade Dance"],"picked":"conspire:PoisonWeapons","floor":1},{"not_picked":["Riddle With Holes","Prepared"],"picked":"Well Laid Plans","floor":3},{"not_picked":["PiercingWail","Quick Slash"],"picked":"Endless Agony","floor":12},{"not_picked":["Deflect","Heel Hook"],"picked":"Predator","floor":14},{"not_picked":["Glass Knife","Storm of Steel"],"picked":"Burst","floor":16},{"not_picked":[],"picked":"Poisoned Stab","floor":18},{"not_picked":[],"picked":"Reflex","floor":21},{"not_picked":[],"picked":"Prepared","floor":22}],"player_experience":45473,"relics_obtained":[{"floor":2,"key":"WingedGreaves"},{"floor":9,"key":"Oddly Smooth Stone"},{"floor":12,"key":"Nunchaku"}],"event_choices":[{"damage_healed":0,"gold_gain":0,"player_choice":"Agree","damage_taken":0,"max_hp_gain":0,"max_hp_loss":0,"event_name":"conspire:LoneGhost","floor":4,"gold_loss":0},{"damage_healed":0,"gold_gain":0,"player_choice":"Ignored","damage_taken":0,"max_hp_gain":0,"max_hp_loss":0,"event_name":"Golden Wing","floor":7,"gold_loss":0},{"damage_healed":0,"gold_gain":0,"player_choice":"Opened","damage_taken":0,"relics_obtained":["Strawberry"],"max_hp_gain":0,"max_hp_loss":0,"event_name":"The Mausoleum","floor":19,"gold_loss":0,"cards_obtained":["Writhe"]},{"damage_healed":0,"gold_gain":0,"player_choice":"Ignored","damage_taken":0,"max_hp_gain":0,"max_hp_loss":0,"event_name":"NoteForYourself","floor":20,"gold_loss":0}],"is_beta":false,"boss_relics":[{"not_picked":["conspire:SlowCooker","Empty Cage"],"picked":"Busted Crown"}],"items_purged_floors":[],"is_endless":false,"potions_floor_spawned":[14,16,22],"killed_by":"Slavers","ascension_level":0}}