{"host":"6efts020nftxfcgy","time":1610829573,"event":{"mods":["BaseMod","Conspire","Hubris","Infinite Spire","Minty Spire (QoL Compilation)","Poor People Problems","Relic Sorter","Relic Stats","Replay The Spire","Shop Mod","StSLib","SuperFastMode"],"gold_per_floor":[363,134,148,164,181,209,209,209,209,209,209],"floor_reached":10,"language":"ENG","playtime":719,"items_purged":["Defend_P"],"score":68,"play_id":"a32da536-1017-4017-b7fb-d9453a447055","local_time":"20210116203933","is_ascension_mode":false,"campfire_choices":[{"data":"Eruption","floor":8,"key":"SMITH"},{"data":"MasterReality","floor":8,"key":"SMITH"}],"circlet_count":0,"master_deck":["Strike_P","Strike_P","Strike_P","Strike_P","Defend_P","Defend_P","Defend_P","Eruption+1","Vigilance","CrushJoints","MentalFortress","CutThroughFate","MasterReality+1","SandsOfTime"],"relics":["PureWater","Replay:Wax Seal","Replay:Arrowhead","Omamori","infinitespire:Eraser"],"acts_visited":["Exordium"],"potions_floor_usage":[10],"damage_taken":[{"damage":7,"enemies":"Cultist","floor":1,"turns":3},{"damage":3,"enemies":"Jaw Worm","floor":3,"turns":4},{"damage":0,"enemies":"2 Louse","floor":4,"turns":2},{"damage":15,"enemies":"conspire:2 RoseBushes","floor":5,"turns":5},{"damage":19,"enemies":"3 Sentries","floor":6,"turns":5},{"damage":11,"enemies":"Gremlin Nob","floor":10,"turns":2}],"seed_played":"-5382565629678063776","potions_obtained":[{"floor":1,"key":"Adrenaline Potion"},{"floor":5,"key":"Dexterity Potion"}],"is_trial":false,"path_per_floor":["M","$","M","M","M","E","?","R","T","E"],"character_chosen":"WATCHER","items_purchased":["MentalFortress","Replay:Wax Seal"],"campfire_rested":0,"item_purchase_floors":[2,2],"current_hp_per_floor":[44,44,41,41,26,7,7,7,7,0,0],"gold":209,"neow_bonus":"TWO_FIFTY_GOLD","is_daily":false,"chose_seed":false,"campfire_upgraded":2,"win_rate":0.0,"timestamp":1610829573,"path_taken":["M","$","M","M","M","E","?","R","T","E"],"items_purchased_type":["Card","Relic"],"build_version":"2020-12-22","purchased_purges":1,"victory":false,"max_hp_per_floor":[72,72,72,72,72,72,72,72,72,72,72],"relic_stats":{"counters":[6,21],"obtain_stats":[{"Omamori":7,"PureWater":0,"Replay:Wax Seal":2,"infinitespire:Eraser":9,"Replay:Arrowhead":6},{"Omamori":5,"PureWater":0,"Replay:Wax Seal":1,"infinitespire:Eraser":5,"Replay:Arrowhead":5},{"Omamori":19,"PureWater":0,"Replay:Wax Seal":3,"infinitespire:Eraser":19,"Replay:Arrowhead":19}]},"card_choices":[{"not_picked":["Protect","ClearTheMind"],"picked":"CrushJoints","floor":1},{"not_picked":["EmptyMind","Consecrate"],"picked":"CutThroughFate","floor":3},{"not_picked":["EmptyFist","Prostrate"],"picked":"MasterReality","floor":4},{"not_picked":["Weave","Consecrate"],"picked":"SandsOfTime","floor":5},{"not_picked":["JustLucky","Replay:BluntJabs","LessonLearned"],"picked":"SKIP","floor":6}],"player_experience":339872,"relics_obtained":[{"floor":6,"key":"Replay:Arrowhead"},{"floor":9,"key":"infinitespire:Eraser"}],"event_choices":[{"damage_healed":0,"gold_gain":0,"player_choice":"Gave Potion","damage_taken":0,"relics_obtained":["Omamori"],"max_hp_gain":0,"max_hp_loss":0,"event_name":"WeMeetAgain","floor":7,"gold_loss":0}],"is_beta":false,"boss_relics":[],"items_purged_floors":[2],"is_endless":false,"potions_floor_spawned":[1,5],"killed_by":"Gremlin Nob","ascension_level":0}}