{"host":"363c1o4m0ew2jbar","time":1610782756,"event":{"mods":["AchievementEnabler","BaseMod","Better Note","Downfall","Hubris","Minty Spire (QoL Compilation)","StSLib"],"gold_per_floor":[110,126,126,137,137,167,167,196,272,272,305,305,405,416,416,518,518,529,529,544,319,394,427,79,111,148,170,201,245,267,312,324,336,336],"floor_reached":33,"language":"ENG","playtime":1459,"items_purged":["Writhe","Strike_G"],"score":511,"play_id":"b6dddc19-0d3e-49af-b5f1-efca39ab858a","local_time":"20210115213916","is_ascension_mode":true,"campfire_choices":[{"data":"Neutralize","floor":7.0,"key":"SMITH"},{"data":"Adrenaline","floor":10.0,"key":"SMITH"},{"data":"Blade Dance","floor":12.0,"key":"SMITH"},{"data":"Noxious Fumes","floor":15.0,"key":"SMITH"},{"data":"Venomology","floor":32.0,"key":"SMITH"}],"circlet_count":0,"master_deck":["Strike_G","Strike_G","Strike_G","Strike_G","Defend_G","Defend_G","Defend_G","Defend_G","Defend_G","Survivor","Neutralize+1","Blade Dance+1","Noxious Fumes+1","Adrenaline+1","Infinite Blades","hubris:TrickCloak","Venomology+1","Die Die Die","Deflect","Crippling Poison","Die Die Die","Choke+1"],"relics":["Coffee Dripper","hubris:Towel","MealTicket","Bird Faced Urn","Ornamental Fan","Juzu Bracelet","hubris:ScarierMask","TungstenRod","Potion Belt","FossilizedHelix","Matryoshka","MawBank","Bag of Preparation","Nunchaku","Molten Egg 2","Calipers"],"acts_visited":["Exordium","TheCity"],"potions_floor_usage":[33],"damage_taken":[{"damage":0.0,"enemies":"2 Louse","floor":1.0,"turns":2.0},{"damage":0.0,"enemies":"Jaw Worm","floor":2.0,"turns":3.0},{"damage":0.0,"enemies":"Cultist","floor":4.0,"turns":4.0},{"damage":15.0,"enemies":"3 Sentries","floor":6.0,"turns":7.0},{"damage":10.0,"enemies":"Gremlin Nob","floor":8.0,"turns":3.0},{"damage":6.0,"enemies":"3 Sentries","floor":11.0,"turns":7.0},{"damage":0.0,"enemies":"Exordium Wildlife","floor":14.0,"turns":3.0},{"damage":0.0,"enemies":"Hexaghost","floor":16.0,"turns":8.0},{"damage":0.0,"enemies":"Shell Parasite","floor":18.0,"turns":7.0},{"damage":10.0,"enemies":"Spheric Guardian","floor":20.0,"turns":4.0},{"damage":10.0,"enemies":"Slavers","floor":23.0,"turns":6.0},{"damage":23.0,"enemies":"Book of Stabbing","floor":25.0,"turns":7.0},{"damage":4.0,"enemies":"Centurion and Healer","floor":27.0,"turns":3.0},{"damage":9.0,"enemies":"Snake Plant","floor":28.0,"turns":4.0},{"damage":9.0,"enemies":"Gremlin Leader","floor":29.0,"turns":6.0},{"damage":0.0,"enemies":"Chosen and Byrds","floor":30.0,"turns":4.0},{"damage":4.0,"enemies":"Book of Stabbing","floor":31.0,"turns":5.0},{"damage":96,"enemies":"Champ","floor":33,"turns":15}],"seed_played":"-5101953634109228565","potions_obtained":[{"floor":2.0,"key":"AttackPotion"},{"floor":4.0,"key":"FairyPotion"},{"floor":6.0,"key":"PowerPotion"},{"floor":11.0,"key":"SteroidPotion"},{"floor":18.0,"key":"Fire Potion"},{"floor":23.0,"key":"SmokeBomb"},{"floor":25.0,"key":"SmokeBomb"},{"floor":29.0,"key":"SpeedPotion"}],"is_trial":false,"path_per_floor":["M","M","?","M","?","E","R","E","T","R","E","R","?","M","R","B",null,"M","?","M","$","?","E","$","E","T","M","M","E","M","E","R","B"],"character_chosen":"THE_SILENT","items_purchased":["Potion Belt","Matryoshka"],"campfire_rested":0,"item_purchase_floors":[21,24],"current_hp_per_floor":[63,63,63,63,63,48,48,38,38,38,36,36,36,38,38,42,63,67,67,59,70,64,58,70,51,51,51,46,41,45,45,45,0,0],"gold":336,"neow_bonus":"BOSS_RELIC","is_daily":false,"chose_seed":false,"campfire_upgraded":5,"win_rate":0.0,"timestamp":1610782756,"path_taken":["M","M","?","M","?","E","R","E","T","R","E","R","?","M","R","BOSS","M","?","M","$","?","E","$","E","T","M","M","E","M","E","R","BOSS"],"items_purchased_type":["Relic","Relic"],"build_version":"2020-12-22","purchased_purges":2,"victory":false,"max_hp_per_floor":[70,70,70,70,70,70,70,70,70,70,70,70,70,70,70,70,70,70,70,70,70,70,70,70,70,70,70,70,70,70,70,70,70,70],"card_choices":[{"not_picked":["Dagger Throw","Masterful Stab"],"picked":"Blade Dance","floor":1.0},{"not_picked":["Prepared","Cloak And Dagger"],"picked":"Noxious Fumes","floor":2.0},{"not_picked":["Accuracy","Setup"],"picked":"Adrenaline","floor":4.0},{"not_picked":["Backflip","Flying Knee"],"picked":"Infinite Blades","floor":6.0},{"not_picked":["Endless Agony","Prepared","Bullet Time"],"picked":"SKIP","floor":8.0},{"not_picked":["Dagger Spray","Catalyst","Noxious Fumes"],"picked":"SKIP","floor":11.0},{"not_picked":["Masterful Stab","hubris:Counter"],"picked":"hubris:TrickCloak","floor":14.0},{"not_picked":["Bullet Time","Die Die Die"],"picked":"Venomology","floor":16.0},{"not_picked":["PiercingWail","Well Laid Plans","Catalyst"],"picked":"SKIP","floor":18.0},{"not_picked":["Skewer","Quick Slash","Flechettes+1"],"picked":"SKIP","floor":20.0},{"not_picked":["Skewer","Wraith Form v2"],"picked":"Die Die Die","floor":23.0},{"not_picked":["Dagger Throw","Sucker Punch+1"],"picked":"Deflect","floor":25.0},{"not_picked":["Quick Slash+1","Deflect","Crippling Poison"],"picked":"SKIP","floor":27.0},{"not_picked":["Quick Slash+1","Deflect"],"picked":"Crippling Poison","floor":27.0},{"not_picked":["hubris:TrickCloak","Dagger Throw"],"picked":"Die Die Die","floor":28.0},{"not_picked":["Sucker Punch+1","Crippling Poison","Backstab+1"],"picked":"SKIP","floor":29.0},{"not_picked":["Backstab+1","Infinite Blades","Masterful Stab+1"],"picked":"SKIP","floor":30.0},{"not_picked":["hubris:SlightOfHand+1","Dodge and Roll+1"],"picked":"Choke+1","floor":31.0}],"player_experience":1195907,"relics_obtained":[{"floor":6.0,"key":"MealTicket"},{"floor":8.0,"key":"Bird Faced Urn"},{"floor":9.0,"key":"Ornamental Fan"},{"floor":11.0,"key":"Juzu Bracelet"},{"floor":23.0,"key":"FossilizedHelix"},{"floor":25.0,"key":"MawBank"},{"floor":26.0,"key":"Bag of Preparation"},{"floor":26.0,"key":"Nunchaku"},{"floor":29.0,"key":"Molten Egg 2"},{"floor":31.0,"key":"Calipers"}],"event_choices":[{"damage_healed":0.0,"max_hp_gain":0.0,"max_hp_loss":0.0,"gold_gain":0.0,"event_name":"Liars Game","player_choice":"Ignored","floor":5.0,"gold_loss":0.0,"damage_taken":0.0},{"damage_healed":0.0,"max_hp_gain":0.0,"max_hp_loss":0.0,"gold_gain":100.0,"event_name":"Golden Shrine","player_choice":"Pray","floor":13.0,"gold_loss":0.0,"damage_taken":0.0},{"damage_healed":0.0,"max_hp_gain":0.0,"max_hp_loss":0.0,"gold_gain":0.0,"event_name":"The Mausoleum","player_choice":"Opened","floor":19.0,"gold_loss":0.0,"damage_taken":0.0,"relics_obtained":["TungstenRod"],"cards_obtained":["Writhe"]},{"damage_healed":0.0,"max_hp_gain":0.0,"max_hp_loss":0.0,"gold_gain":75.0,"event_name":"FaceTrader","player_choice":"Touch","floor":22.0,"gold_loss":0.0,"damage_taken":7.0}],"is_beta":false,"boss_relics":[{"not_picked":["Ectoplasm","Snecko Eye"],"picked":"hubris:ScarierMask"}],"items_purged_floors":[21,24],"is_endless":false,"potions_floor_spawned":[2,4,6,11,18,23,25,29],"killed_by":"Champ","ascension_level":6}}