{"host":"bbcqjedmotowk2e9","time":1610814038,"event":{"mods":["AchievementEnabler","Aspiration","BaseMod","Colored Powertips","Energized Spire","GifTheSpireLib","Halation","Hubris","Hyrulean Relics","Infinite Spire","Marisa????????","Minty Spire (QoL Compilation)","Permanent Neow","Quick Restart","Relic Stats","Replay The Spire","Spires And Sneckos","StSLib","Stuff the Spire","Synergy Search","The Disciple"],"gold_per_floor":[118,194,194,119,137,162,162,162,162,162,162,162],"floor_reached":11,"language":"ENG","playtime":300,"items_purged":["Strike_Br"],"score":69,"play_id":"c42b6902-8c55-405c-901b-deed735d2aae","local_time":"20210116192038","is_ascension_mode":false,"campfire_choices":[{"data":"StuffTheSpire:Ambrosia","floor":8,"key":"SMITH"},{"data":"Facsimile","floor":10,"key":"SMITH"}],"circlet_count":0,"master_deck":["Strike_Br","Strike_Br","Strike_Br","Defend_Br","Defend_Br","Defend_Br","Defend_Br","SecondHand","PatternShift","Facsimile","SlimeSpray","Allegro","Facsimile+1","StuffTheSpire:Ambrosia+1"],"relics":["Chronometer","NeowsBlessing","Nitrogen?","hubris:Potato","hubris:64BitClover"],"acts_visited":[],"potions_floor_usage":[11],"damage_taken":[{"damage":0,"enemies":"Small Slimes","floor":1,"turns":1},{"damage":0,"enemies":"2 Louse","floor":5,"turns":1},{"damage":4,"enemies":"3 Sentries","floor":6,"turns":3},{"damage":56,"enemies":"Gremlin Nob","floor":11,"turns":6}],"seed_played":"568235528676635701","potions_obtained":[{"floor":2,"key":"SkillPotion"},{"floor":2,"key":"Doom Potion"},{"floor":5,"key":"EssenceOfSteel"}],"is_trial":false,"path_per_floor":["M","?","?","$","M","E","?","R","T","R","E"],"character_chosen":"CHRONO_CLASS","items_purchased":[],"campfire_rested":0,"item_purchase_floors":[],"current_hp_per_floor":[65,65,65,65,65,61,61,61,61,61,7,7],"gold":162,"neow_bonus":"THREE_ENEMY_KILL","is_daily":false,"chose_seed":false,"campfire_upgraded":2,"win_rate":0.0,"timestamp":1610814038,"path_taken":["M","?","?","$","M","E","?","R","T","R","E"],"items_purchased_type":[],"build_version":"2020-12-22","purchased_purges":1,"victory":false,"max_hp_per_floor":[65,65,65,65,65,65,65,65,65,65,67,67],"relic_stats":{"counters":[4,11],"obtain_stats":[{"Centennial Puzzle":2,"NeowsBlessing":0,"Chronometer":0,"hubris:64BitClover":9,"Nitrogen?":3,"hubris:Potato":6},{"Centennial Puzzle":1,"NeowsBlessing":0,"Chronometer":0,"hubris:64BitClover":3,"Nitrogen?":1,"hubris:Potato":3},{"Centennial Puzzle":1,"NeowsBlessing":0,"Chronometer":0,"hubris:64BitClover":5,"Nitrogen?":1,"hubris:Potato":5}]},"card_choices":[{"not_picked":["HandsUpB","EscortCommand"],"picked":"Tempo","floor":1},{"not_picked":["Engulf","WatchCommand"],"picked":"Facsimile","floor":2},{"not_picked":["TickedOff","Echoward"],"picked":"SlimeSpray","floor":5},{"not_picked":["ReapSow","WakeUpCall"],"picked":"Facsimile","floor":6},{"not_picked":["StuffTheSpire:Rapture","StuffTheSpire:Harmony"],"picked":"StuffTheSpire:Ambrosia","floor":7}],"player_experience":587597,"relics_obtained":[{"floor":2,"key":"Centennial Puzzle"},{"floor":6,"key":"hubris:Potato"},{"floor":9,"key":"hubris:64BitClover"}],"event_choices":[],"is_beta":false,"boss_relics":[],"items_purged_floors":[4],"is_endless":false,"potions_floor_spawned":[5],"killed_by":"Gremlin Nob","ascension_level":0}}