{"host":"t7mx8yfj1no5p62f","time":1610778018,"event":{"mods":["BaseMod","Bestiary","Colored Map","Colored Powertips","Minty Spire (QoL Compilation)","Relic Stats","StSLib","ojb\u0027s Info Mod"],"gold_per_floor":[112,132,146,166,166,166,131,158,182,182,202,202,202,214,214,214,214],"floor_reached":16,"language":"ENG","playtime":388,"items_purged":[],"score":204,"play_id":"c6021232-10cc-4324-9ff9-1c988151d35c","local_time":"20210116012018","is_ascension_mode":true,"campfire_choices":[{"data":"Whirlwind","floor":6,"key":"SMITH"},{"data":"Armaments","floor":10,"key":"SMITH"},{"data":"Feel No Pain","floor":12,"key":"SMITH"},{"data":"Sever Soul","floor":15,"key":"SMITH"}],"circlet_count":0,"master_deck":["AscendersBane","Strike_R","Strike_R","Strike_R","Strike_R","Strike_R","Defend_R","Defend_R","Defend_R","Defend_R","Bash","Sever Soul+1","Feel No Pain+1","Whirlwind+1","Armaments+1","Reaper","Shrug It Off"],"relics":["Burning Blood","Vajra","Boot","Art of War"],"acts_visited":["Exordium"],"potions_floor_usage":[4,16,16],"damage_taken":[{"damage":24,"enemies":"Jaw Worm","floor":1,"turns":4},{"damage":0,"enemies":"2 Louse","floor":2,"turns":2},{"damage":4,"enemies":"Small Slimes","floor":3,"turns":3},{"damage":39,"enemies":"Exordium Thugs","floor":4,"turns":6},{"damage":15,"enemies":"3 Sentries","floor":8,"turns":7},{"damage":0,"enemies":"3 Louse","floor":11,"turns":1},{"damage":3,"enemies":"Blue Slaver","floor":14,"turns":8},{"damage":47,"enemies":"Slime Boss","floor":16,"turns":6}],"seed_played":"-345638967445611418","potions_obtained":[{"floor":3,"key":"Swift Potion"},{"floor":11,"key":"ColorlessPotion"},{"floor":14,"key":"EssenceOfSteel"}],"is_trial":false,"path_per_floor":["M","M","M","M","?","R","?","E","T","R","M","R","?","M","R","B"],"character_chosen":"IRONCLAD","items_purchased":[],"campfire_rested":0,"item_purchase_floors":[],"current_hp_per_floor":[50,56,58,25,25,25,25,16,16,16,22,22,22,30,30,0,0],"gold":214,"neow_bonus":"RANDOM_COMMON_RELIC","is_daily":false,"chose_seed":false,"campfire_upgraded":4,"win_rate":0.0,"timestamp":1610778018,"path_taken":["M","M","M","M","?","R","?","E","T","R","M","R","?","M","R","BOSS"],"items_purchased_type":[],"build_version":"2020-12-22","purchased_purges":0,"victory":false,"max_hp_per_floor":[75,75,75,75,75,75,75,75,75,75,75,75,75,75,75,75,75],"relic_stats":{"counters":[8,37],"Art of War":[4],"Boot":[2],"obtain_stats":[{"Vajra":0,"Art of War":9,"Boot":8,"Burning Blood":0},{"Vajra":0,"Art of War":5,"Boot":5,"Burning Blood":0},{"Vajra":0,"Art of War":22,"Boot":22,"Burning Blood":0}],"Burning Blood":42},"card_choices":[{"not_picked":["Wild Strike","Disarm"],"picked":"Sever Soul","floor":1},{"not_picked":["Shrug It Off","Armaments"],"picked":"Feel No Pain","floor":2},{"not_picked":["Havoc","Pummel"],"picked":"Whirlwind","floor":3},{"not_picked":["Warcry","Twin Strike"],"picked":"Armaments","floor":4},{"not_picked":["Flex","Iron Wave"],"picked":"Reaper","floor":8},{"not_picked":["Blood for Blood","Clothesline"],"picked":"Shrug It Off","floor":11},{"not_picked":["Reckless Charge","Heavy Blade","Thunderclap"],"picked":"SKIP","floor":14}],"player_experience":1777835,"relics_obtained":[{"floor":8,"key":"Boot"},{"floor":9,"key":"Art of War"}],"event_choices":[{"damage_healed":0,"gold_gain":0,"player_choice":"Ignored","damage_taken":0,"max_hp_gain":0,"max_hp_loss":0,"event_name":"Liars Game","floor":5,"gold_loss":0},{"damage_healed":0,"gold_gain":0,"player_choice":"Left Gold","damage_taken":0,"max_hp_gain":0,"max_hp_loss":0,"event_name":"World of Goop","floor":7,"gold_loss":35},{"damage_healed":0,"gold_gain":0,"player_choice":"Ignored","damage_taken":0,"max_hp_gain":0,"max_hp_loss":0,"event_name":"Shining Light","floor":13,"gold_loss":0}],"is_beta":false,"boss_relics":[],"items_purged_floors":[],"is_endless":false,"potions_floor_spawned":[3,11,14],"killed_by":"Slime Boss","ascension_level":20}}