{"host":"e1wc9sdc4kdvhg3d","time":1610779744,"event":{"mods":["AchievementEnabler","BaseMod","BetterRewards","Minty Spire (QoL Compilation)","Relic Stats","StSLib"],"gold_per_floor":[113,188,208,223,298,326,340,367,390,390,390,9,35,48,48,153,153,167,177,276,102,121,121,136,166,166,166,176,176,176,209,209,311,311,322,336,26,0,17,52,52,86,86,86,117,132,132,148,148,148,148],"floor_reached":50,"language":"ENG","playtime":2497,"items_purged":["Strike_R","Strike_R"],"score":1060,"play_id":"d71c3071-dc99-47b9-8561-6948d8e83e68","local_time":"20210116004904","is_ascension_mode":true,"campfire_choices":[{"data":"Armaments","floor":11,"key":"SMITH"},{"data":"Uppercut","floor":15,"key":"SMITH"},{"data":"Barricade","floor":23,"key":"SMITH"},{"floor":27,"key":"RECALL"},{"data":"Inflame","floor":29,"key":"SMITH"},{"data":"Metallicize","floor":32,"key":"SMITH"},{"data":"Inflame","floor":41,"key":"SMITH"},{"data":"Sword Boomerang","floor":44,"key":"SMITH"},{"data":"Juggernaut","floor":47,"key":"SMITH"},{"data":"Bash","floor":49,"key":"SMITH"}],"circlet_count":0,"master_deck":["Strike_R","Strike_R","Strike_R","Defend_R","Defend_R","Defend_R","Defend_R","Bash+1","Inflame+1","Immolate","Armaments+1","Uppercut+1","Sword Boomerang+1","Iron Wave","Metallicize+1","Flame Barrier+1","Barricade+1","Pommel Strike+1","Flex+1","Juggernaut+1","True Grit+1","Offering+1","Heavy Blade+1","Inflame+1","Body Slam+1"],"relics":["Burning Blood","Toxic Egg 2","Red Skull","Blood Vial","Thread and Needle","Bag of Preparation","Philosopher\u0027s Stone","Darkstone Periapt","Calipers","Dream Catcher","Coffee Dripper","Bronze Scales","Red Mask","Matryoshka","Molten Egg 2","Bird Faced Urn","Bottled Lightning","Omamori"],"acts_visited":["Exordium","TheCity","TheBeyond"],"potions_floor_usage":[6,7,16,18,19,31,35,37,40,42,42],"damage_taken":[{"damage":1,"enemies":"Cultist","floor":1,"turns":3},{"damage":0,"enemies":"Small Slimes","floor":3,"turns":3},{"damage":2,"enemies":"Jaw Worm","floor":4,"turns":3},{"damage":5,"enemies":"Gremlin Nob","floor":6,"turns":3},{"damage":3,"enemies":"3 Louse","floor":7,"turns":2},{"damage":42,"enemies":"Lagavulin","floor":8,"turns":7},{"damage":7,"enemies":"3 Sentries","floor":13,"turns":8},{"damage":1,"enemies":"Blue Slaver","floor":14,"turns":3},{"damage":7,"enemies":"Hexaghost","floor":16,"turns":8},{"damage":11,"enemies":"Spheric Guardian","floor":18,"turns":5},{"damage":0,"enemies":"3 Byrds","floor":19,"turns":4},{"damage":22,"enemies":"Shelled Parasite and Fungi","floor":22,"turns":7},{"damage":20,"enemies":"Snecko","floor":24,"turns":5},{"damage":17,"enemies":"Gremlin Leader","floor":25,"turns":5},{"damage":6,"enemies":"Centurion and Healer","floor":28,"turns":6},{"damage":16,"enemies":"Slavers","floor":31,"turns":5},{"damage":30,"enemies":"Champ","floor":33,"turns":11},{"damage":25,"enemies":"3 Shapes","floor":35,"turns":5},{"damage":0,"enemies":"Orb Walker","floor":36,"turns":5},{"damage":31,"enemies":"Jaw Worm Horde","floor":39,"turns":4},{"damage":6,"enemies":"Giant Head","floor":40,"turns":5},{"damage":28,"enemies":"Reptomancer","floor":42,"turns":4},{"damage":6,"enemies":"Giant Head","floor":45,"turns":6},{"damage":0,"enemies":"Maw","floor":46,"turns":6},{"damage":6,"enemies":"Writhing Mass","floor":48,"turns":5},{"damage":133,"enemies":"Awakened One","floor":50,"turns":8}],"seed_played":"6356689954721728997","potions_obtained":[{"floor":1,"key":"Energy Potion"},{"floor":3,"key":"FearPotion"},{"floor":6,"key":"Fire Potion"},{"floor":8,"key":"Weak Potion"},{"floor":14,"key":"Weak Potion"},{"floor":16,"key":"Energy Potion"},{"floor":24,"key":"Explosive Potion"},{"floor":25,"key":"Fire Potion"},{"floor":31,"key":"BloodPotion"},{"floor":35,"key":"Fire Potion"},{"floor":39,"key":"Block Potion"},{"floor":46,"key":"ElixirPotion"}],"is_trial":false,"path_per_floor":["M","?","M","M","?","E","M","E","T","?","R","$","E","M","R","B",null,"M","M","?","$","M","R","M","E","T","R","M","R","?","E","R","B",null,"M","M","$","?","M","E","R","E","T","R","E","M","R","M","R","B"],"character_chosen":"IRONCLAD","items_purchased":["Inflame","Immolate","Thread and Needle","Fire Breathing","Inflame","Bronze Scales","Fruit Juice"],"campfire_rested":0,"item_purchase_floors":[0,0,12,21,37,37,37],"current_hp_per_floor":[77,69,75,79,68,69,72,36,36,24,24,24,25,32,32,33,68,65,73,73,73,59,59,47,38,38,38,40,40,80,70,70,48,72,71,79,84,84,60,62,62,42,42,42,54,72,72,82,82,0,0],"gold":148,"neow_bonus":"","is_daily":false,"chose_seed":false,"campfire_upgraded":9,"win_rate":0.0,"timestamp":1610779744,"path_taken":["M","?","M","?","?","E","M","E","T","?","R","?","E","M","R","BOSS","M","M","?","$","M","R","M","E","T","R","M","R","?","E","R","BOSS","M","?","$","?","M","E","R","E","T","R","E","M","R","M","R","BOSS"],"items_purchased_type":["Card","Card","Relic","Card","Card","Relic","Potion"],"build_version":"2020-12-22","purchased_purges":2,"victory":false,"max_hp_per_floor":[80,80,80,80,80,80,80,80,80,80,80,80,80,80,80,80,80,80,80,80,80,80,80,80,80,80,80,80,80,80,80,80,80,80,80,80,85,85,85,85,85,85,85,85,85,85,85,85,85,85,85],"relic_stats":{"Blood Vial":49,"Darkstone Periapt":0,"Dream Catcher":0,"counters":[52,274],"Bronze Scales":[96],"Bird Faced Urn":[35],"Bag of Preparation":[38],"obtain_stats":[{"Darkstone Periapt":25,"Regal Pillow":25,"Calipers":21,"Gremlin Horn":26,"Incense Burner":10,"Bag of Preparation":13,"Whetstone":14,"Cursed Key":17,"Smiling Mask":9,"Burning Blood":0,"Old Coin":13,"ClockworkSouvenir":0,"Blood Vial":10,"Dream Catcher":27,"Matryoshka":8,"Mummified Hand":6,"Tiny Chest":2,"Philosopher\u0027s Stone":17,"Red Mask":20,"Toxic Egg 2":6,"Red Skull":8,"Blue Candle":23,"Eternal Feather":9,"Thread and Needle":12,"PreservedInsect":0,"Pen Nib":9,"Omamori":10,"MawBank":7,"Bronze Scales":37,"Bird Faced Urn":43,"Molten Egg 2":42,"Coffee Dripper":34,"Bottled Lightning":43},{"Darkstone Periapt":40,"Regal Pillow":13,"Calipers":11,"Gremlin Horn":13,"Incense Burner":22,"Bag of Preparation":33,"Whetstone":8,"Cursed Key":9,"Smiling Mask":21,"Burning Blood":0,"Old Coin":7,"ClockworkSouvenir":16,"Blood Vial":32,"Dream Catcher":14,"Matryoshka":21,"Mummified Hand":20,"Tiny Chest":17,"Philosopher\u0027s Stone":35,"Red Mask":11,"Toxic Egg 2":30,"Red Skull":32,"Blue Candle":12,"Eternal Feather":21,"Thread and Needle":32,"PreservedInsect":0,"Pen Nib":5,"Omamori":6,"MawBank":5,"Bronze Scales":45,"Bird Faced Urn":48,"Molten Egg 2":48,"Coffee Dripper":43,"Bottled Lightning":48},{"Darkstone Periapt":204,"Regal Pillow":63,"Calipers":52,"Gremlin Horn":63,"Incense Burner":111,"Bag of Preparation":167,"Whetstone":30,"Cursed Key":40,"Smiling Mask":104,"Burning Blood":0,"Old Coin":26,"ClockworkSouvenir":80,"Blood Vial":159,"Dream Catcher":71,"Matryoshka":104,"Mummified Hand":99,"Tiny Chest":85,"Philosopher\u0027s Stone":178,"Red Mask":52,"Toxic Egg 2":150,"Red Skull":159,"Blue Candle":58,"Eternal Feather":104,"Thread and Needle":159,"PreservedInsect":0,"Pen Nib":19,"Omamori":24,"MawBank":19,"Bronze Scales":236,"Bird Faced Urn":249,"Molten Egg 2":249,"Coffee Dripper":226,"Bottled Lightning":249}],"Burning Blood":294},"card_choices":[{"not_picked":["Sword Boomerang","Carnage"],"picked":"Armaments","floor":1},{"not_picked":["Shrug It Off","True Grit"],"picked":"Uppercut","floor":3},{"not_picked":["Wild Strike","Body Slam"],"picked":"Sword Boomerang","floor":4},{"not_picked":["Thunderclap","Cleave"],"picked":"Iron Wave","floor":6},{"not_picked":["Perfected Strike","Hemokinesis"],"picked":"Metallicize","floor":7},{"not_picked":["Berserk","Twin Strike"],"picked":"Flame Barrier+1","floor":8},{"not_picked":["Body Slam","Dark Embrace","Thunderclap"],"picked":"SKIP","floor":13},{"not_picked":["Feel No Pain","Sword Boomerang","Havoc+1"],"picked":"SKIP","floor":14},{"not_picked":["Bludgeon","Exhume+1"],"picked":"Barricade","floor":16},{"not_picked":["Armaments+1","Wild Strike"],"picked":"Pommel Strike+1","floor":18},{"not_picked":["Sentinel+1","Cleave","Infernal Blade+1"],"picked":"SKIP","floor":19},{"not_picked":["Clash+1","Twin Strike","Sever Soul"],"picked":"SKIP","floor":22},{"not_picked":["Anger","Seeing Red+1"],"picked":"Flex+1","floor":24},{"not_picked":["Twin Strike","Wild Strike","Armaments+1"],"picked":"SKIP","floor":25},{"not_picked":["Hemokinesis","Clash+1"],"picked":"Juggernaut","floor":28},{"not_picked":["Infernal Blade+1","Warcry+1"],"picked":"True Grit+1","floor":31},{"not_picked":["Immolate","Bludgeon"],"picked":"Offering+1","floor":33},{"not_picked":["Havoc+1","Infernal Blade+1","Wild Strike"],"picked":"SKIP","floor":35},{"not_picked":["Perfected Strike+1","Rampage"],"picked":"Heavy Blade+1","floor":36},{"not_picked":["Heavy Blade+1","Clash","True Grit+1"],"picked":"SKIP","floor":39},{"not_picked":["Sword Boomerang","Twin Strike","Combust+1"],"picked":"SKIP","floor":40},{"not_picked":["Hemokinesis+1","Juggernaut","Havoc+1"],"picked":"SKIP","floor":42},{"not_picked":["Twin Strike+1","Power Through+1"],"picked":"Body Slam+1","floor":45},{"not_picked":["Feel No Pain","Iron Wave+1","Clash+1"],"picked":"SKIP","floor":46},{"not_picked":["Warcry+1","Disarm+1","Clothesline+1"],"picked":"SKIP","floor":48}],"player_experience":460206,"relics_obtained":[{"floor":6,"key":"Toxic Egg 2"},{"floor":8,"key":"Red Skull"},{"floor":13,"key":"Bag of Preparation"},{"floor":25,"key":"Darkstone Periapt"},{"floor":26,"key":"Calipers"},{"floor":31,"key":"Dream Catcher"},{"floor":40,"key":"Matryoshka"},{"floor":42,"key":"Molten Egg 2"},{"floor":43,"key":"Bird Faced Urn"},{"floor":43,"key":"Bottled Lightning"},{"floor":45,"key":"Omamori"}],"event_choices":[{"damage_healed":0,"gold_gain":75,"player_choice":"Touch","damage_taken":8,"max_hp_gain":0,"max_hp_loss":0,"event_name":"FaceTrader","floor":2,"gold_loss":0},{"damage_healed":0,"gold_gain":75,"player_choice":"Gather Gold","damage_taken":11,"max_hp_gain":0,"max_hp_loss":0,"event_name":"World of Goop","floor":5,"gold_loss":0},{"damage_healed":0,"gold_gain":0,"player_choice":"Success","damage_taken":12,"relics_obtained":["Blood Vial"],"max_hp_gain":0,"max_hp_loss":0,"event_name":"Scrap Ooze","floor":10,"gold_loss":0},{"damage_healed":0,"gold_gain":99,"player_choice":"Stole From Cult","damage_taken":0,"max_hp_gain":0,"max_hp_loss":0,"event_name":"Nest","floor":20,"gold_loss":0},{"cards_removed":["Fire Breathing"],"damage_healed":40,"gold_gain":0,"player_choice":"Offered Uncommon","damage_taken":0,"max_hp_gain":0,"max_hp_loss":0,"event_name":"Bonfire Elementals","floor":30,"gold_loss":0},{"damage_healed":0,"gold_gain":0,"player_choice":"Paid","damage_taken":0,"relics_obtained":["Red Mask"],"max_hp_gain":0,"max_hp_loss":0,"event_name":"Tomb of Lord Red Mask","floor":38,"gold_loss":26}],"is_beta":false,"boss_relics":[{"not_picked":["Empty Cage","Runic Cube"],"picked":"Philosopher\u0027s Stone"},{"not_picked":["Tiny House","Velvet Choker"],"picked":"Coffee Dripper"}],"items_purged_floors":[12,21],"is_endless":false,"potions_floor_spawned":[1,3,6,8,14,16,24,25,31,33,35,39,46],"killed_by":"Awakened One","ascension_level":6}}