{"host":"2tgyrzvaa7l04o2e","time":1610809531,"event":{"mods":["BaseMod","Highlight Path","Minty Spire (QoL Compilation)","Permanent Neow","Relic Stats"],"gold_per_floor":[11,11,35,48,48,86,86,122,122,122,122],"floor_reached":10,"language":"ENG","playtime":364,"items_purged":[],"score":118,"play_id":"e0970278-a9dd-4fd6-8881-a642387f3ba5","local_time":"20210116160531","is_ascension_mode":true,"campfire_choices":[{"floor":7,"key":"REST"}],"circlet_count":0,"master_deck":["AscendersBane","Strike_R","Strike_R","Strike_R","Strike_R","Defend_R","Defend_R","Defend_R","Defend_R","Bash","Dark Embrace","Clothesline","Carnage","Cleave"],"relics":["Burning Blood","Dead Branch","Golden Idol","TungstenRod","Mango","Charon\u0027s Ashes"],"acts_visited":["Exordium"],"potions_floor_usage":[6],"damage_taken":[{"damage":5,"enemies":"Small Slimes","floor":1,"turns":3},{"damage":6,"enemies":"Cultist","floor":3,"turns":3},{"damage":12,"enemies":"Jaw Worm","floor":4,"turns":2},{"damage":37,"enemies":"3 Sentries","floor":6,"turns":8},{"damage":38,"enemies":"Lagavulin","floor":8,"turns":6},{"damage":22,"enemies":"3 Sentries","floor":10,"turns":2}],"seed_played":"-6033395480858794630","potions_obtained":[{"floor":4,"key":"Swift Potion"}],"is_trial":false,"path_per_floor":["M","?","M","M","?","E","R","E","T","E"],"character_chosen":"IRONCLAD","items_purchased":[],"campfire_rested":1,"item_purchase_floors":[],"current_hp_per_floor":[73,53,53,47,47,16,40,22,22,0,0],"gold":122,"neow_bonus":"ONE_RARE_RELIC","is_daily":false,"chose_seed":false,"campfire_upgraded":0,"win_rate":0.0,"timestamp":1610809531,"path_taken":["M","?","M","M","?","E","R","E","T","E"],"items_purchased_type":[],"build_version":"2020-12-22","purchased_purges":0,"victory":false,"max_hp_per_floor":[80,80,80,80,80,80,80,94,94,94,94],"relic_stats":{"counters":[6,24],"Golden Idol":23,"Dead Branch":[16],"Charon\u0027s Ashes":[9],"obtain_stats":[{"Golden Idol":2,"Dead Branch":0,"Mango":8,"Charon\u0027s Ashes":9,"Burning Blood":0,"TungstenRod":6},{"Golden Idol":1,"Dead Branch":0,"Mango":5,"Charon\u0027s Ashes":5,"Burning Blood":0,"TungstenRod":4},{"Golden Idol":3,"Dead Branch":0,"Mango":22,"Charon\u0027s Ashes":22,"Burning Blood":0,"TungstenRod":16}],"Burning Blood":30,"TungstenRod":6},"card_choices":[{"not_picked":["Sword Boomerang","Fire Breathing"],"picked":"Dark Embrace","floor":1},{"not_picked":["True Grit","Iron Wave"],"picked":"Clothesline","floor":3},{"not_picked":["True Grit","Metallicize"],"picked":"Carnage","floor":4},{"not_picked":["Clash","Sword Boomerang"],"picked":"Cleave","floor":6},{"not_picked":["Searing Blow","Perfected Strike","Dark Embrace"],"picked":"SKIP","floor":8}],"player_experience":600748,"relics_obtained":[{"floor":6,"key":"TungstenRod"},{"floor":8,"key":"Mango"},{"floor":9,"key":"Charon\u0027s Ashes"}],"event_choices":[{"damage_healed":0,"gold_gain":0,"player_choice":"Take Damage","damage_taken":20,"relics_obtained":["Golden Idol"],"max_hp_gain":0,"max_hp_loss":0,"event_name":"Golden Idol","floor":2,"gold_loss":0},{"cards_removed":["Strike_R"],"damage_healed":0,"gold_gain":0,"player_choice":"Card Removal","damage_taken":0,"max_hp_gain":0,"max_hp_loss":0,"event_name":"Wheel of Change","floor":5,"gold_loss":0}],"is_beta":false,"boss_relics":[],"items_purged_floors":[],"is_endless":false,"potions_floor_spawned":[4],"killed_by":"3 Sentries","ascension_level":11}}