{"host":"l2dnabsh5e0fsksb","time":1610777870,"event":{"mods":["2.2 Compatiblity","BaseMod","Downfall","Minty Spire (QoL Compilation)","Quick Restart","StSLib"],"gold_per_floor":[99,99,99,99,199,209,209,226,126,151,171,171,9,34,52,150,150,150,168,178,178,197,214,294,322,341,354,254,274,274,299,318,318,318,318],"floor_reached":33,"language":"ENG","playtime":2828,"items_purged":[],"score":527,"play_id":"566879ff-d801-437f-af2d-0206a8bbe4f9","local_time":"20210116164750","is_ascension_mode":true,"campfire_choices":[{"floor":1.0,"key":"RECALL"},{"data":"champ:CrookedStrike","floor":9.0,"key":"SMITH"},{"data":"champ:TornadoPunch","floor":12.0,"key":"SMITH"},{"data":"champ:MurderStrike","floor":18,"key":"SMITH"},{"floor":28,"key":"REST"}],"circlet_count":0,"master_deck":["AscendersBane","champ:Strike","champ:Strike","champ:Strike","champ:Strike","champ:Defend","champ:Defend","champ:Defend","champ:Defend","champ:Execute","champ:Taunt+1","champ:Backstep","champ:FanOfKnives","Regret","champ:FanOfKnives","champ:CrookedStrike+1","champ:DefensiveShout","champ:TornadoPunch+1","champ:ArenaPreparation","champ:AdrenalArmor","champ:FanOfKnives","champ:BringItOn","champ:MurderStrike+1","champ:SkillfulDodge","champ:StanceDance","champ:PerfectedStrike","champ:Duel","champ:HoldFirm","champ:Backstep","champ:BringItOn","champ:CheapShot","champ:Shatter","champ:CheapShot"],"relics":["champ:ChampionCrown","downfall:HeartsMalice","Blood Vial","Potion Belt","Bag of Preparation","downfall:HeartBlessingRed","Odd Mushroom","hexamod:BolsterEngine","Nunchaku","expansioncontent:StudyCardRelic","Oddly Smooth Stone","downfall:HeartBlessingBlue","Pear"],"acts_visited":["Exordium","TheCity"],"potions_floor_usage":[16,16,16,16,25,31,33],"damage_taken":[{"damage":0.0,"enemies":"Cultist","floor":2.0,"turns":1.0},{"damage":0.0,"enemies":"Jaw Worm","floor":3.0,"turns":1.0},{"damage":0.0,"enemies":"downfall:LadyInBlue","floor":5.0,"turns":1.0},{"damage":21.0,"enemies":"2 Louse","floor":6.0,"turns":2.0},{"damage":29.0,"enemies":"Exordium Thugs","floor":8.0,"turns":5.0},{"damage":15.0,"enemies":"The Mushroom Lair","floor":10.0,"turns":3.0},{"damage":0.0,"enemies":"Gremlin Gang","floor":11.0,"turns":1.0},{"damage":29.0,"enemies":"downfall:FleeingMerchant","floor":13.0,"turns":4.0},{"damage":17.0,"enemies":"3 Sentries","floor":14.0,"turns":5.0},{"damage":13.0,"enemies":"Blue Slaver","floor":15.0,"turns":3.0},{"damage":59,"enemies":"IC_STATUS_ARCHETYPE","floor":16,"turns":10},{"damage":8,"enemies":"Chosen","floor":19,"turns":4},{"damage":57,"enemies":"3 Byrds","floor":20,"turns":4},{"damage":42,"enemies":"Centurion and Healer","floor":22,"turns":7},{"damage":33,"enemies":"Snake Plant","floor":23,"turns":3},{"damage":13,"enemies":"Book of Stabbing","floor":25,"turns":3},{"damage":9,"enemies":"Shelled Parasite and Fungi","floor":26,"turns":4},{"damage":9,"enemies":"Chosen and Byrds","floor":27,"turns":5},{"damage":14,"enemies":"Snecko","floor":29,"turns":3},{"damage":60,"enemies":"Gremlin Leader","floor":31,"turns":8},{"damage":0,"enemies":"3 Cultists","floor":32,"turns":3},{"damage":193,"enemies":"SI_MIRROR_ARCHETYPE","floor":33,"turns":15}],"seed_played":"1510617981463395343","potions_obtained":[{"floor":5.0,"key":"LiquidMemories"},{"floor":5.0,"key":"Strength Potion"},{"floor":5.0,"key":"LiquidMemories"},{"floor":5.0,"key":"champ:CounterPotion"},{"floor":10.0,"key":"SneckoOil"},{"floor":11.0,"key":"AttackPotion"},{"floor":15,"key":"Weak Potion"},{"floor":23,"key":"Regen Potion"},{"floor":25,"key":"champ:UltimateStancePotion"},{"floor":26,"key":"bronze:BurnAndBuffPotion"},{"floor":29,"key":"hexamod:SoulburnPotion"},{"floor":31,"key":"SpeedPotion"}],"is_trial":false,"path_per_floor":["R","M","M","?","?","M","T","M","R","?","M","R","$","E","M","B",null,"R","M","M","?","M","M","T","E","M","M","R","M","?","E","M","B"],"character_chosen":"THE_CHAMP","items_purchased":["hexamod:BolsterEngine"],"campfire_rested":1,"item_purchase_floors":[13],"current_hp_per_floor":[81,81,81,81,83,74,74,67,67,54,56,56,49,49,38,4,69,69,68,53,53,28,7,7,5,25,23,63,61,61,53,55,0,0,0],"gold":318,"neow_bonus":"THREE_ENEMY_KILL","is_daily":false,"chose_seed":false,"campfire_upgraded":3,"win_rate":0.0,"timestamp":1610777870,"path_taken":["R","M","M","?","?","?","T","M","R","?","M","R","$","E","M","BOSS","R","M","M","?","?","?","T","E","M","M","R","M","?","E","M","BOSS"],"items_purchased_type":["Relic"],"build_version":"2020-12-22","purchased_purges":0,"victory":false,"max_hp_per_floor":[90,90,90,90,90,90,90,90,90,90,90,90,90,90,90,90,90,90,90,90,90,90,90,90,90,90,90,100,100,100,110,110,110,110,110],"card_choices":[{"not_picked":["champ:BladeFlurry","champ:Circumvent"],"picked":"champ:Backstep","floor":2.0},{"not_picked":["champ:EnGarde","champ:SkillfulDodge"],"picked":"champ:FanOfKnives","floor":3.0},{"not_picked":["champ:Circumvent","champ:StanceDance"],"picked":"champ:FanOfKnives","floor":5.0},{"not_picked":["champ:BladeFlurry","champ:CrownThrow"],"picked":"champ:CrookedStrike","floor":6.0},{"not_picked":["champ:Shatter","champ:EnGarde"],"picked":"champ:DefensiveShout","floor":8.0},{"not_picked":["champ:PreciseThrust","champ:DancingMaster"],"picked":"champ:TornadoPunch","floor":10.0},{"not_picked":["champ:SwordSigil","champ:PerfectedStrike"],"picked":"champ:ArenaPreparation","floor":11.0},{"not_picked":["champ:RecklessLeap","champ:EnGarde"],"picked":"champ:AdrenalArmor","floor":13.0},{"not_picked":["champ:GutPunch","champ:PerfectedStrike"],"picked":"champ:FanOfKnives","floor":14.0},{"not_picked":["champ:Parry","champ:BerserkersShout"],"picked":"champ:BringItOn","floor":15},{"not_picked":["champ:SwordThrow","champ:VampiricStrike"],"picked":"champ:MurderStrike","floor":16},{"not_picked":["champ:Shatter","champ:CrownThrow"],"picked":"champ:SkillfulDodge","floor":19},{"not_picked":["champ:EnragedBash","champ:PerfectedStrike"],"picked":"champ:StanceDance","floor":20},{"not_picked":["champ:FaceSlap","champ:FocusedDefense"],"picked":"champ:PerfectedStrike","floor":22},{"not_picked":["champ:CrownThrow+1","champ:Haymaker","champ:Endure"],"picked":"SKIP","floor":23},{"not_picked":["champ:FaceSlap","champ:HeartStrike"],"picked":"champ:Duel","floor":25},{"not_picked":["champ:CrookedStrike","champ:Backstep"],"picked":"champ:HoldFirm","floor":26},{"not_picked":["champ:Haymaker","champ:StanceDance+1"],"picked":"champ:Backstep","floor":27},{"not_picked":["champ:SwordSigil","champ:FalseCounter+1"],"picked":"champ:BringItOn","floor":29},{"not_picked":["champ:ShieldSigil","champ:Circumvent"],"picked":"champ:Shatter","floor":31},{"not_picked":["champ:HeartStrike","champ:Circumvent"],"picked":"champ:CheapShot","floor":32}],"player_experience":1792252,"relics_obtained":[{"floor":5.0,"key":"Potion Belt"},{"floor":7.0,"key":"Bag of Preparation"},{"floor":10.0,"key":"Odd Mushroom"},{"floor":14.0,"key":"Nunchaku"},{"floor":25,"key":"Oddly Smooth Stone"},{"floor":31,"key":"Pear"}],"event_choices":[{"damage_healed":0.0,"max_hp_gain":0.0,"max_hp_loss":0.0,"gold_gain":0.0,"event_name":"Big Fish","player_choice":"Box","floor":4.0,"gold_loss":0.0,"damage_taken":0.0,"relics_obtained":["Blood Vial"],"cards_obtained":["Regret"]},{"damage_healed":0.0,"max_hp_gain":0.0,"max_hp_loss":0.0,"gold_gain":0.0,"event_name":"Mushrooms","player_choice":"Fought Mushrooms","floor":10.0,"gold_loss":0.0,"damage_taken":0.0}],"is_beta":false,"boss_relics":[{"not_picked":["Runic Dome","Sozu"],"picked":"expansioncontent:StudyCardRelic"}],"items_purged_floors":[],"is_endless":false,"potions_floor_spawned":[5,10,11,14,15,23,25,26,29,31],"killed_by":"SI_MIRROR_ARCHETYPE","ascension_level":12}}