{"host":"8pjvbxl6xo882v42","time":1610801774,"event":{"mods":["AchievementEnabler","BaseMod","Minty Spire (QoL Compilation)","Replay The Spire","StSLib","The Cursed"],"gold_per_floor":[118,118,130,55,81,124,124,158,158,179,179,217,217,288,288,375,375,394,444,101,117,136,170,197,251,276,276,276,312,312,312],"floor_reached":30,"language":"FRA","playtime":1335,"items_purged":["Pain"],"score":574,"play_id":"958b37d0-aac5-42e1-9176-dfdf1aface88","local_time":"20210116135614","is_ascension_mode":true,"campfire_choices":[{"data":"ReplayTheSpireMod:LeadingStrike","floor":7,"key":"SMITH"},{"floor":11,"key":"DIG"},{"floor":13,"key":"DIG"},{"data":"ReplayTheSpireMod:LeadingStrike","floor":15,"key":"SMITH"},{"floor":27,"key":"DIG"}],"circlet_count":0,"master_deck":["AscendersBane","Strike_R","Strike_R","Strike_R","Strike_R","Strike_R","Defend_R","Defend_R","Defend_R","Defend_R","Bash","Ghostly Armor","ReplayTheSpireMod:LeadingStrike+1","Perfected Strike","Immolate","True Grit","Replay:Undeath\u0027s Touch","ReplayTheSpireMod:LeadingStrike+1","Immolate","Wild Strike+1","Battle Trance","Ghostly Armor","True Grit","Ghostly","Ghostly","Ghostly","Armaments+1","Flex","Looming Evil","Pot Of Greed","Pot Of Greed","Pot Of Greed"],"relics":["Burning Blood","NeowsBlessing","WarpedTongs","Gremlin Food","CeramicFish","Replay:Multitool","Snack Pack","Replay:Bottled Steam","Replay:Ringing Soul","Pen Nib","Bag of Marbles","Velvet Choker","Replay:Wax Seal","Orichalcum","Peace Pipe","Garlic","Juzu Bracelet","Replay:Towering Pillar of Hats","Grinning Jar"],"acts_visited":["Exordium","TheCity"],"potions_floor_usage":[8,12,16],"damage_taken":[{"damage":0,"enemies":"Jaw Worm","floor":1,"turns":1},{"damage":0,"enemies":"Cultist","floor":3,"turns":1},{"damage":0,"enemies":"Gremlin Nob","floor":6,"turns":1},{"damage":22,"enemies":"Lagavulin","floor":8,"turns":6},{"damage":1,"enemies":"2 Louse","floor":10,"turns":3},{"damage":8,"enemies":"Gremlin Nob","floor":12,"turns":3},{"damage":15,"enemies":"3 Sentries","floor":14,"turns":7},{"damage":76,"enemies":"Hexaghost","floor":16,"turns":10},{"damage":15,"enemies":"Shell Parasite","floor":18,"turns":3},{"damage":8,"enemies":"3 Byrds","floor":21,"turns":4},{"damage":0,"enemies":"Cultist and Chosen","floor":22,"turns":2},{"damage":35,"enemies":"Slavers","floor":23,"turns":3},{"damage":42,"enemies":"Book of Stabbing","floor":30,"turns":6}],"seed_played":"-8904808019701760088","potions_obtained":[{"floor":3,"key":"SteroidPotion"},{"floor":6,"key":"Explosive Potion"},{"floor":12,"key":"BloodPotion"},{"floor":18,"key":"Explosive Potion"}],"is_trial":false,"path_per_floor":["M","?","M","$","T","E","R","E","T","M","R","E","R","?","R","B",null,"M","?","$","M","M","E","R","?","T","R","?","?","E"],"character_chosen":"IRONCLAD","items_purchased":["Replay:Wax Seal","Orichalcum","BloodPotion","Battle Trance"],"campfire_rested":0,"item_purchase_floors":[20,20,20,20],"current_hp_per_floor":[74,74,75,75,75,75,75,59,59,64,64,69,69,67,67,22,69,65,65,68,70,81,57,51,34,34,34,34,37,0,0],"gold":312,"neow_bonus":"THREE_ENEMY_KILL","is_daily":false,"chose_seed":false,"campfire_upgraded":2,"win_rate":0.0,"timestamp":1610801774,"path_taken":["M","?","?","$","?","E","R","E","T","M","R","E","R","?","R","BOSS","M","?","$","M","M","E","R","?","T","R","?","?","E"],"items_purchased_type":["Relic","Relic","Potion","Card"],"build_version":"2020-12-22","purchased_purges":1,"victory":false,"max_hp_per_floor":[75,75,75,75,75,75,75,75,75,75,75,78,78,81,81,84,84,87,87,90,90,93,96,51,54,54,54,54,57,57,57],"card_choices":[{"not_picked":["Havoc","Clothesline"],"picked":"Ghostly Armor","floor":1},{"not_picked":["Headbutt","Clash"],"picked":"ReplayTheSpireMod:LeadingStrike","floor":3},{"not_picked":["Flex","Flame Barrier"],"picked":"Perfected Strike","floor":6},{"not_picked":["Sword Boomerang","ReplayTheSpireMod:Corrosion Curse"],"picked":"Immolate","floor":8},{"not_picked":["ReplayTheSpireMod:Corrosion Curse","Sever Soul"],"picked":"True Grit","floor":10},{"not_picked":["Thunderclap","Searing Blow"],"picked":"Replay:Undeath\u0027s Touch","floor":12},{"not_picked":["Evolve","Havoc"],"picked":"ReplayTheSpireMod:LeadingStrike","floor":14},{"not_picked":["Eclipse","Berserk"],"picked":"Immolate","floor":16},{"not_picked":["Rupture","Sever Soul"],"picked":"Wild Strike+1","floor":18},{"not_picked":["Body Slam","ReplayTheSpireMod:Muscle Training","Sentinel"],"picked":"SKIP","floor":21},{"not_picked":["Hemokinesis","Thunderclap"],"picked":"Ghostly Armor","floor":22},{"not_picked":["Sever Soul","Replay:Undeath\u0027s Touch"],"picked":"True Grit","floor":23},{"not_picked":["Ghostly Armor","Flex"],"picked":"Armaments+1","floor":25},{"not_picked":["Power Through","Dropkick"],"picked":"Flex","floor":25}],"player_experience":340923,"relics_obtained":[{"floor":5,"key":"Gremlin Food"},{"floor":6,"key":"CeramicFish"},{"floor":8,"key":"Replay:Multitool"},{"floor":9,"key":"Snack Pack"},{"floor":11,"key":"Replay:Bottled Steam"},{"floor":12,"key":"Replay:Ringing Soul"},{"floor":13,"key":"Pen Nib"},{"floor":14,"key":"Bag of Marbles"},{"floor":23,"key":"Peace Pipe"},{"floor":25,"key":"Garlic"},{"floor":26,"key":"Juzu Bracelet"},{"floor":27,"key":"Replay:Towering Pillar of Hats"}],"event_choices":[{"damage_healed":0,"gold_gain":0,"player_choice":"Rummage","damage_taken":0,"relics_obtained":["WarpedTongs"],"max_hp_gain":0,"max_hp_loss":0,"event_name":"Accursed Blacksmith","floor":2,"gold_loss":0,"cards_obtained":["Pain"]},{"damage_healed":0,"gold_gain":0,"player_choice":"Searched \u00271\u0027 times","damage_taken":0,"max_hp_gain":0,"max_hp_loss":0,"event_name":"Dead Adventurer","floor":14,"gold_loss":0},{"damage_healed":0,"gold_gain":50,"player_choice":"Stole From Cult","damage_taken":0,"max_hp_gain":0,"max_hp_loss":0,"event_name":"Nest","floor":19,"gold_loss":0},{"damage_healed":0,"gold_gain":0,"player_choice":"Became a Ghost","damage_taken":0,"max_hp_gain":0,"max_hp_loss":48,"event_name":"Ghosts","floor":24,"gold_loss":0,"cards_obtained":["Ghostly","Ghostly","Ghostly"]},{"damage_healed":0,"gold_gain":0,"player_choice":"Ignored","damage_taken":0,"max_hp_gain":0,"max_hp_loss":0,"event_name":"Vampires","floor":28,"gold_loss":0}],"is_beta":false,"boss_relics":[{"not_picked":["Calling Bell","Runic Pyramid"],"picked":"Velvet Choker"}],"items_purged_floors":[4],"is_endless":false,"potions_floor_spawned":[3,6,12,18,22],"killed_by":"Book of Stabbing","ascension_level":20}}