{"host":"4ag909k4xupnj24b","time":1610785580,"event":{"mods":["BaseMod","Minty Spire (QoL Compilation)","StSLib"],"gold_per_floor":[214,32,32,55,83,83,122,122,190,190,216,49,70,70,70,183,183,210,43,63,63,79,79,79,79,130,144,184,184,193,231,231,337,337,351,44,71,99,40,69,69,97,124,40,58,58,67,67,67,67],"floor_reached":51,"language":"ENG","playtime":2196,"items_purged":["Strike_G","Strike_G","Strike_G"],"score":738,"play_id":"8ce7df42-f753-4024-b510-99b0210a93e6","local_time":"20210116002620","is_ascension_mode":false,"campfire_choices":[{"data":"Choke","floor":6.0,"key":"SMITH"},{"data":"Prepared","floor":8.0,"key":"SMITH"},{"floor":10.0,"key":"REST"},{"data":"Wraith Form v2","floor":15.0,"key":"SMITH"},{"data":"Eviscerate","floor":23.0,"key":"SMITH"},{"floor":25.0,"key":"REST"},{"floor":29.0,"key":"REST"},{"data":"A Thousand Cuts","floor":32.0,"key":"SMITH"},{"data":"Storm of Steel","floor":41.0,"key":"SMITH"},{"data":"Accuracy","floor":46,"key":"SMITH"},{"floor":49,"key":"REST"}],"circlet_count":0,"master_deck":["Strike_G+1","Defend_G","Defend_G","Defend_G","Defend_G","Defend_G","Survivor","Neutralize","Flying Knee","Escape Plan","Choke+1","Tactician","Prepared+1","Eviscerate+1","Blade Dance","Underhanded Strike+1","Calculated Gamble","Well Laid Plans","Wraith Form v2+1","Night Terror","Cloak And Dagger+1","Accuracy+1","Blade Dance","Die Die Die","Poisoned Stab","A Thousand Cuts+1","Storm of Steel+1","Footwork","Finisher+1","After Image","Adrenaline","Apotheosis"],"relics":["Ring of the Snake","CeramicFish","PreservedInsect","Meat on the Bone","Regal Pillow","Runic Pyramid","Juzu Bracelet","Singing Bowl","Blood Vial","Snecko Eye","Oddly Smooth Stone","Whetstone","Anchor","Orichalcum"],"acts_visited":["Exordium","TheCity","TheBeyond"],"potions_floor_usage":[50,50],"damage_taken":[{"damage":6.0,"enemies":"Cultist","floor":1.0,"turns":4.0},{"damage":0.0,"enemies":"Small Slimes","floor":4.0,"turns":3.0},{"damage":0.0,"enemies":"2 Louse","floor":5.0,"turns":2.0},{"damage":19.0,"enemies":"3 Sentries","floor":7.0,"turns":8.0},{"damage":0.0,"enemies":"Large Slime","floor":11.0,"turns":3.0},{"damage":0.0,"enemies":"Gremlin Gang","floor":13.0,"turns":1.0},{"damage":40.0,"enemies":"The Guardian","floor":16.0,"turns":12.0},{"damage":12.0,"enemies":"Spheric Guardian","floor":18.0,"turns":10.0},{"damage":8.0,"enemies":"Shell Parasite","floor":20.0,"turns":6.0},{"damage":10.0,"enemies":"Snake Plant","floor":22.0,"turns":2.0},{"damage":3.0,"enemies":"Centurion and Healer","floor":27.0,"turns":6.0},{"damage":34.0,"enemies":"Book of Stabbing","floor":28.0,"turns":6.0},{"damage":18.0,"enemies":"Gremlin Leader","floor":31.0,"turns":5.0},{"damage":57.0,"enemies":"Champ","floor":33.0,"turns":16.0},{"damage":7.0,"enemies":"Orb Walker","floor":35.0,"turns":3.0},{"damage":0.0,"enemies":"3 Darklings","floor":37.0,"turns":2.0},{"damage":29.0,"enemies":"Jaw Worm Horde","floor":38.0,"turns":4.0},{"damage":0.0,"enemies":"Reptomancer","floor":40.0,"turns":5.0},{"damage":4,"enemies":"Transient","floor":42,"turns":5},{"damage":18,"enemies":"Maw","floor":45,"turns":8},{"damage":42,"enemies":"Awakened One","floor":50,"turns":15}],"seed_played":"2747972485420328138","potions_obtained":[{"floor":1.0,"key":"DuplicationPotion"},{"floor":7.0,"key":"Poison Potion"},{"floor":11.0,"key":"Explosive Potion"},{"floor":16.0,"key":"EssenceOfSteel"},{"floor":18.0,"key":"SkillPotion"},{"floor":21.0,"key":"Strength Potion"},{"floor":21.0,"key":"Fire Potion"},{"floor":21.0,"key":"Poison Potion"},{"floor":31.0,"key":"GamblersBrew"},{"floor":35.0,"key":"Poison Potion"},{"floor":38.0,"key":"LiquidBronze"},{"floor":45,"key":"Energy Potion"}],"is_trial":false,"path_per_floor":["M","$","?","M","M","R","E","R","T","R","M","$","M","?","R","B",null,"M","$","M","?","M","R","?","R","T","M","E","R","?","E","R","B",null,"M","$","M","M","$","E","R","M","T","?","M","R","?","?","R","B",null],"character_chosen":"THE_SILENT","items_purchased":["Escape Plan","Choke","Tactician","Calculated Gamble","Well Laid Plans","Accuracy","Blade Dance","Oddly Smooth Stone","Footwork","After Image"],"campfire_rested":4,"item_purchase_floors":[2,2,2,12,12,19,19,36,36,39],"current_hp_per_floor":[64,64,46,46,46,46,27,27,27,48,48,48,48,48,48,20,70,58,58,50,50,40,40,27,64,64,61,39,75,75,57,57,14,75,70,70,72,45,45,49,49,47,47,47,45,45,42,42,81,53],"gold":67,"neow_bonus":"HUNDRED_GOLD","is_daily":false,"chose_seed":false,"campfire_upgraded":7,"win_rate":0.0,"timestamp":1610785580,"path_taken":["M","$","?","M","M","R","E","R","T","R","M","$","M","?","R","BOSS","M","$","M","?","?","R","?","R","T","M","E","R","?","E","R","BOSS","M","$","M","M","$","E","R","M","T","?","M","R","?","?","R","BOSS"],"items_purchased_type":["Card","Card","Card","Card","Card","Card","Card","Relic","Card","Card"],"build_version":"2020-12-22","purchased_purges":3,"victory":true,"max_hp_per_floor":[70,70,70,70,70,70,70,70,70,70,70,70,70,70,70,70,70,70,70,70,70,70,70,75,75,75,75,75,75,75,75,75,75,75,77,77,77,77,77,79,79,79,79,79,81,81,83,83,83,83],"card_choices":[{"not_picked":["Slice","Terror"],"picked":"Flying Knee","floor":1.0},{"not_picked":["Flying Knee","Distraction"],"picked":"Prepared","floor":4.0},{"not_picked":["Leg Sweep","Underhanded Strike"],"picked":"Eviscerate","floor":5.0},{"not_picked":["Prepared","Cloak And Dagger"],"picked":"Blade Dance","floor":7.0},{"not_picked":["Slice","Masterful Stab"],"picked":"Underhanded Strike","floor":11.0},{"not_picked":["Blade Dance","Dagger Throw"],"picked":"Wraith Form v2","floor":13.0},{"not_picked":["Storm of Steel","Envenom"],"picked":"Night Terror","floor":16.0},{"not_picked":["Dagger Spray","Escape Plan"],"picked":"Cloak And Dagger+1","floor":18.0},{"not_picked":["Deflect","Heel Hook","Cloak And Dagger"],"picked":"SKIP","floor":20.0},{"not_picked":["All Out Attack","Blade Dance","Riddle With Holes"],"picked":"SKIP","floor":22.0},{"not_picked":["Bane+1","Sucker Punch","Dodge and Roll"],"picked":"SKIP","floor":27.0},{"not_picked":["Sucker Punch","Blade Dance"],"picked":"Die Die Die","floor":28.0},{"not_picked":["Reflex+1","Backstab"],"picked":"A Thousand Cuts","floor":31.0},{"not_picked":["Corpse Explosion","Grand Finale"],"picked":"Storm of Steel","floor":33.0},{"not_picked":["Dagger Spray","Dodge and Roll+1","Infinite Blades"],"picked":"Singing Bowl","floor":35.0},{"not_picked":["Deadly Poison+1","Expertise"],"picked":"Terror","floor":37.0},{"not_picked":["Sucker Punch","Cloak And Dagger"],"picked":"Finisher+1","floor":38.0},{"not_picked":["Bane","Underhanded Strike+1","Deflect"],"picked":"Singing Bowl","floor":40.0},{"not_picked":["Caltrops","Dash"],"picked":"Adrenaline","floor":42},{"not_picked":["Terror+1","Outmaneuver+1","Deflect"],"picked":"Singing Bowl","floor":45},{"not_picked":["The Bomb","Metamorphosis","Good Instincts"],"picked":"Singing Bowl","floor":47},{"not_picked":["Madness","Panache"],"picked":"Apotheosis","floor":47}],"player_experience":842719,"relics_obtained":[{"floor":7.0,"key":"PreservedInsect"},{"floor":9.0,"key":"Meat on the Bone"},{"floor":14.0,"key":"Regal Pillow"},{"floor":26.0,"key":"Juzu Bracelet"},{"floor":28.0,"key":"Singing Bowl"},{"floor":31.0,"key":"Blood Vial"},{"floor":40.0,"key":"Whetstone"},{"floor":43,"key":"Anchor"}],"event_choices":[{"damage_healed":0.0,"max_hp_gain":0.0,"max_hp_loss":0.0,"gold_gain":0.0,"event_name":"Scrap Ooze","player_choice":"Success","floor":3.0,"gold_loss":0.0,"damage_taken":18.0,"relics_obtained":["CeramicFish"]},{"damage_healed":0.0,"max_hp_gain":0.0,"max_hp_loss":0.0,"gold_gain":0.0,"event_name":"Wheel of Change","player_choice":"Relic","floor":14.0,"gold_loss":0.0,"damage_taken":0.0},{"damage_healed":0.0,"max_hp_gain":0.0,"max_hp_loss":0.0,"gold_gain":0.0,"event_name":"Lab","player_choice":"Got Potions","floor":21.0,"gold_loss":0.0,"damage_taken":0.0},{"damage_healed":0.0,"max_hp_gain":5.0,"max_hp_loss":0.0,"gold_gain":0.0,"event_name":"Forgotten Altar","player_choice":"Shed Blood","floor":24.0,"gold_loss":0.0,"damage_taken":18.0},{"damage_healed":0.0,"max_hp_gain":0.0,"max_hp_loss":0.0,"gold_gain":0.0,"cards_transformed":["Strike_G"],"event_name":"Transmorgrifier","player_choice":"Transformed","floor":30.0,"gold_loss":0.0,"damage_taken":0.0,"cards_obtained":["Poisoned Stab"]},{"damage_healed":0,"gold_gain":0,"player_choice":"Paid Gold","damage_taken":0,"relics_obtained":["Orichalcum"],"max_hp_gain":0,"max_hp_loss":0,"event_name":"WeMeetAgain","floor":44,"gold_loss":84},{"damage_healed":0,"gold_gain":0,"player_choice":"Memory 2","damage_taken":5,"max_hp_gain":0,"max_hp_loss":0,"event_name":"SensoryStone","floor":47,"gold_loss":0},{"cards_removed":["Terror"],"damage_healed":0,"gold_gain":0,"player_choice":"Removed Skill","damage_taken":0,"max_hp_gain":0,"max_hp_loss":0,"event_name":"Falling","floor":48,"gold_loss":0}],"is_beta":false,"boss_relics":[{"not_picked":["Fusion Hammer","Sozu"],"picked":"Runic Pyramid"},{"not_picked":["Philosopher\u0027s Stone","Cursed Key"],"picked":"Snecko Eye"}],"items_purged_floors":[12,19,36],"is_endless":false,"potions_floor_spawned":[1,7,11,16,18,22,27,31,35,38,45],"ascension_level":0}}