{"host":"d85gwtocd8go8gx0","time":1610769081,"event":{"mods":["BaseMod","Highlight Path","Minty Spire (QoL Compilation)","Permanent Neow","Quick Restart","UnlockEverythingMod"],"gold_per_floor":[118,138,186,186,198,229,229,229,229],"floor_reached":8,"language":"ENG","playtime":491,"items_purged":[],"score":112,"play_id":"84c32eb7-47a6-42fb-85bd-8cf20d1914e0","local_time":"20210115195121","is_ascension_mode":true,"campfire_choices":[{"floor":7,"key":"REST"}],"circlet_count":0,"master_deck":["AscendersBane","Strike_P","Strike_P+1","Strike_P","Strike_P","Defend_P","Defend_P","Defend_P","Defend_P","Eruption+1","Vigilance","MasterReality","ClearTheMind","Evaluate","Evaluate","Wish"],"relics":["PureWater","Bag of Marbles","MealTicket"],"acts_visited":["Exordium"],"potions_floor_usage":[6,6,8],"damage_taken":[{"damage":0.0,"enemies":"Cultist","floor":1.0,"turns":3.0},{"damage":1.0,"enemies":"2 Louse","floor":2.0,"turns":6.0},{"damage":0,"enemies":"Jaw Worm","floor":5,"turns":1},{"damage":34,"enemies":"Lagavulin","floor":6,"turns":8},{"damage":36,"enemies":"Gremlin Nob","floor":8,"turns":3}],"seed_played":"-5034531493242041479","potions_obtained":[{"floor":2.0,"key":"Block Potion"},{"floor":5,"key":"Weak Potion"},{"floor":6,"key":"Dexterity Potion"}],"is_trial":false,"path_per_floor":["M","M","T","?","M","E","R","E"],"character_chosen":"WATCHER","items_purchased":[],"campfire_rested":1,"item_purchase_floors":[],"current_hp_per_floor":[61,60,60,40,40,6,26,0,0],"gold":229,"neow_bonus":"ONE_RANDOM_RARE_CARD","is_daily":false,"chose_seed":false,"campfire_upgraded":0,"win_rate":0.0,"timestamp":1610769081,"path_taken":["M","M","?","?","M","E","R","E"],"items_purchased_type":[],"build_version":"2020-12-22","purchased_purges":0,"victory":false,"max_hp_per_floor":[68,68,68,68,68,68,68,68,68],"card_choices":[{"not_picked":["FollowUp","Tantrum"],"picked":"ClearTheMind","floor":1.0},{"not_picked":["Tantrum","Halt"],"picked":"Evaluate","floor":2.0},{"not_picked":["JustLucky","CutThroughFate"],"picked":"Evaluate","floor":5},{"not_picked":["ThirdEye","JustLucky"],"picked":"Wish","floor":6}],"player_experience":11429,"relics_obtained":[{"floor":3.0,"key":"Bag of Marbles"},{"floor":6,"key":"MealTicket"}],"event_choices":[{"damage_healed":0.0,"max_hp_gain":0.0,"max_hp_loss":0.0,"gold_gain":0.0,"event_name":"Shining Light","player_choice":"Entered Light","floor":4.0,"gold_loss":0.0,"damage_taken":20.0,"cards_upgraded":["Strike_P","Eruption"]}],"is_beta":false,"boss_relics":[],"items_purged_floors":[],"is_endless":false,"potions_floor_spawned":[2,5,6],"killed_by":"Gremlin Nob","ascension_level":20}}