{"host":"h1wz0053njowq1zz","time":1610812179,"event":{"mods":["2.2 Compatiblity","AchievementEnabler","BaseMod","DeckTracker","Highlight Path","Minty Spire (QoL Compilation)","Permanent Neow","Poem Panic","Quick Restart","Rare Cards Sparkle","Replay The Spire","Small Relic Pack","StSLib"],"gold_per_floor":[112,112,112,128,128,128,146,176,246,256,256,256,54,69,69,174,174,189,201,216,216,236,236,236,236,236,511,511,530,530,530,530,626,626,646,468,481,90,109,109,68,68,147,165,178,178,193,0,0,0],"floor_reached":51,"language":"POL","playtime":5969,"items_purged":["ReplayGash"],"score":492,"play_id":"f4897a74-4724-46e9-bcaf-b2eb4f62ffb6","local_time":"20210116164939","is_ascension_mode":true,"campfire_choices":[{"data":"Darkness","floor":6,"key":"SMITH"},{"data":"Conserve Battery","floor":12,"key":"SMITH"},{"floor":15,"key":"REST"},{"data":"BasicCrystalCard","floor":23,"key":"SMITH"},{"data":"Multi-Cast","floor":25,"key":"SMITH"},{"data":"Redo","floor":28,"key":"SMITH"},{"data":"Consume","floor":30,"key":"SMITH"},{"data":"Hologram","floor":32,"key":"SMITH"},{"data":"Time Bomb","floor":40,"key":"SMITH"},{"data":"Dualcast","floor":42,"key":"SMITH"},{"data":"Machine Learning","floor":46,"key":"SMITH"},{"floor":49,"key":"REST"}],"circlet_count":0,"master_deck":["Dualcast+1","Multi-Cast+1","Machine Learning+1","Consume+1","Doom and Gloom","Mirror Shield","Darkness+1","Darkness+1","Echo Form+1","Panic Button","Conserve Battery+1","Hologram+1","Leap+1","Redo+1","BasicCrystalCard+1","Reboot+1","BootSequence+1","Glacier","Echo Form","Lockon","Time Bomb+1","Conserve Battery","Redo+1","Rip and Tear+1"],"relics":["Cracked Core","PoemPanic:PoemPanicRelic","Blood Vial","Kunai","Oddly Smooth Stone","Painkiller Herb","The Courier","Ring of Chaos","TheAbacus","War Paint","Letter Opener","Quantum Egg","Red Mask"],"acts_visited":["Exordium","TheCity","TheBeyond"],"potions_floor_usage":[39],"damage_taken":[{"damage":0,"enemies":"Small Slimes","floor":1,"turns":3},{"damage":6,"enemies":"Cultist","floor":4,"turns":3},{"damage":12,"enemies":"Jaw Worm","floor":7,"turns":3},{"damage":2,"enemies":"Replay:BlueRogue","floor":8,"turns":4},{"damage":11,"enemies":"Red Slaver","floor":10,"turns":4},{"damage":12,"enemies":"Looter","floor":14,"turns":3},{"damage":49,"enemies":"Hexaghost","floor":16,"turns":8},{"damage":0,"enemies":"Spheric Guardian","floor":18,"turns":2},{"damage":3,"enemies":"Shell Parasite","floor":19,"turns":3},{"damage":18,"enemies":"Snecko","floor":20,"turns":5},{"damage":10,"enemies":"Snake Plant","floor":22,"turns":4},{"damage":8,"enemies":"Sentry and Sphere","floor":29,"turns":4},{"damage":7,"enemies":"Automaton","floor":33,"turns":10},{"damage":7,"enemies":"Orb Walker","floor":35,"turns":4},{"damage":0,"enemies":"3 Shapes","floor":37,"turns":4},{"damage":9,"enemies":"Transient","floor":39,"turns":5},{"damage":1,"enemies":"Maw","floor":44,"turns":7},{"damage":20,"enemies":"Sphere and 2 Shapes","floor":45,"turns":3},{"damage":29,"enemies":"Jaw Worm Horde","floor":47,"turns":5},{"damage":23,"enemies":"Replay:Hell Engine","floor":50,"turns":10}],"seed_played":"3067205203334765035","potions_obtained":[{"floor":4,"key":"Block Potion"},{"floor":8,"key":"LiquidMemories"},{"floor":10,"key":"Languid Potion"},{"floor":16,"key":"FairyPotion"},{"floor":47,"key":"Reflective Coating"}],"is_trial":false,"path_per_floor":["M","?","?","M","$","R","M","E","T","M","?","R","$","M","R","B",null,"?","?","?","T","?","T","?","T","T","?","T","?","T","?","T","B",null,"?","T","?","T","?","T","T","T","T","?","?","T","?","?","T","B",null],"character_chosen":"DEFECT","items_purchased":["Oddly Smooth Stone","Redo","TheAbacus","Time Bomb","War Paint","Letter Opener","Conserve Battery"],"campfire_rested":2,"item_purchase_floors":[13,13,36,38,38,38,41],"current_hp_per_floor":[75,75,75,69,69,69,57,55,55,46,46,46,46,36,58,11,75,75,72,56,56,48,48,48,48,48,48,48,42,42,42,42,37,75,68,68,70,70,63,63,63,63,63,64,46,46,19,19,41,20],"gold":0,"neow_bonus":"","is_daily":false,"chose_seed":false,"campfire_upgraded":10,"win_rate":0.0,"timestamp":1610812179,"path_taken":["M","?","?","M","$","R","M","E","T","?","?","R","$","M","R","BOSS","?","?","?","T","?","T","?","T","T","?","T","?","T","?","T","BOSS","?","T","?","T","?","T","T","T","T","?","?","T","?","?","T","BOSS"],"items_purchased_type":["Relic","Card","Relic","Card","Relic","Relic","Card"],"build_version":"2020-12-22","purchased_purges":1,"victory":true,"max_hp_per_floor":[75,75,75,75,75,75,75,75,75,75,75,75,75,75,75,75,75,75,75,75,75,75,75,75,75,75,75,75,75,75,75,75,75,75,75,75,75,75,75,75,75,75,75,75,75,75,75,75,75,75],"card_choices":[{"not_picked":["Streamline","Beam Cell","Sweeping Beam"],"picked":"SKIP","floor":1},{"not_picked":["ReplayTheSpireMod:System Scan","Reprogram"],"picked":"Panic Button","floor":4},{"not_picked":["Gash","FTL"],"picked":"Conserve Battery","floor":7},{"not_picked":["Stack","Coolheaded"],"picked":"Hologram","floor":8},{"not_picked":["Double Energy","Panic Button"],"picked":"Leap","floor":10},{"not_picked":["FTL","Darkness"],"picked":"BasicCrystalCard","floor":14},{"not_picked":["Rainbow","Amplify"],"picked":"Reboot","floor":16},{"not_picked":["Tempest+1","Self Repair","Streamline"],"picked":"SKIP","floor":18},{"not_picked":["Turbo","Rebound"],"picked":"BootSequence+1","floor":19},{"not_picked":["Scrape+1","Barrage+1","Steam"],"picked":"SKIP","floor":20},{"not_picked":["Beam Cell","Tempest"],"picked":"Self Repair","floor":22},{"not_picked":["Turbo+1","Sweeping Beam","Streamline+1"],"picked":"SKIP","floor":29},{"not_picked":["Creative AI","Fission"],"picked":"Echo Form","floor":33},{"not_picked":["Hologram","ReplaySolidLightProjector","Go for the Eyes"],"picked":"SKIP","floor":35},{"not_picked":["ReplaySolidLightProjector+1","Barrage"],"picked":"Lockon","floor":37},{"not_picked":["Skim","BasicCrystalCard+1","Steam+1"],"picked":"SKIP","floor":39},{"not_picked":["Gash","Doom and Gloom"],"picked":"Redo+1","floor":44},{"not_picked":["Barrage","ReplayTheSpireMod:Calculation Training","Steam Power+1"],"picked":"SKIP","floor":45},{"not_picked":["Conserve Battery","Gash+1"],"picked":"Rip and Tear+1","floor":47}],"player_experience":184071,"relics_obtained":[{"floor":8,"key":"Blood Vial"},{"floor":9,"key":"Kunai"},{"floor":26,"key":"The Courier"},{"floor":43,"key":"Quantum Egg"}],"event_choices":[{"damage_healed":0,"gold_gain":0,"player_choice":"Forge","damage_taken":0,"max_hp_gain":0,"max_hp_loss":0,"event_name":"Accursed Blacksmith","floor":3,"gold_loss":0,"cards_upgraded":["Darkness"]},{"damage_healed":0,"gold_gain":0,"player_choice":"Grow","damage_taken":0,"max_hp_gain":0,"max_hp_loss":0,"event_name":"Living Wall","floor":11,"gold_loss":0,"cards_upgraded":["Echo Form"]},{"damage_healed":0,"gold_gain":0,"cards_transformed":["Zap","Self Repair"],"player_choice":"Became Test Subject","damage_taken":0,"max_hp_gain":0,"max_hp_loss":0,"event_name":"Drug Dealer","floor":24,"gold_loss":0,"cards_obtained":["Glacier","ReplayGash"]},{"damage_healed":0,"gold_gain":275,"player_choice":"Desecrate","damage_taken":0,"max_hp_gain":0,"max_hp_loss":0,"event_name":"Golden Shrine","floor":27,"gold_loss":0,"cards_obtained":["Regret"]},{"cards_removed":["Regret"],"damage_healed":0,"gold_gain":0,"player_choice":"Purged","damage_taken":0,"max_hp_gain":0,"max_hp_loss":0,"event_name":"Purifier","floor":31,"gold_loss":0},{"damage_healed":0,"gold_gain":0,"player_choice":"Paid","damage_taken":0,"relics_obtained":["Red Mask"],"max_hp_gain":0,"max_hp_loss":0,"event_name":"Tomb of Lord Red Mask","floor":48,"gold_loss":193}],"is_beta":false,"boss_relics":[{"not_picked":["Fusion Hammer","Velvet Choker"],"picked":"Painkiller Herb"},{"not_picked":["PoemPanic:PoemPanicRelic","Honey Jar"],"picked":"Ring of Chaos"}],"items_purged_floors":[36],"is_endless":false,"potions_floor_spawned":[4,8,10,16,22,29,35,37,47],"ascension_level":2}}