{"host":"khkox7sggahain0a","time":1610771909,"event":{"mods":["Act Like it!","Arknights The Spire","BaseMod","Downfall","Gensokyo","Lobotomy","LobotomyExtend","Marisa£®ÏF”Í°°ƒß¿Ì…≥£©","Minty Spire (QoL Compilation)","StSLib","The Animator","Waifu the Spire"],"gold_per_floor":[271,288,143,143,163,193,193,224,277,25,37,66,81,81,81,180,180,194,194,194,194],"floor_reached":20,"language":"ZHS","playtime":1141,"items_purged":["ats:Strike V","ats:Strike C"],"score":227,"play_id":"719b6a21-79ad-4f3b-8864-2e344a62a1e6","local_time":"20210116123829","is_ascension_mode":true,"campfire_choices":[{"data":"ats:Demon Strength","floor":7.0,"key":"SMITH"},{"data":"ats:Armor Crushing Shot","floor":15.0,"key":"SMITH"}],"circlet_count":0,"master_deck":["ats:Strike G","ats:Strike S","ats:Armor Crushing Shot+1","ats:Defend","ats:Defend","ats:Defend","ats:Defend","ats:Emotion Absorption","ats:Demon Strength+1","FieryBird","ats:Cat Scratch","ats:Thermite Blade+1","PunishingBird","Woodsman","CrumblingArmor","ats:Cat Scratch","Scarecrow","ats:Cat Scratch","MeatLantern","ats:Fractured Body"],"relics":["ats:Sanity","CogitoBucket","LetterFromLob","FaceOfCleric","ats:Originium","Kunai","Omamori","Potion Belt","ats:Attack","SkinProphecy","Matryoshka","Black Star"],"acts_visited":["Exordium","TheCity"],"potions_floor_usage":[20,20],"damage_taken":[{"damage":1.0,"enemies":"Cultist","floor":1.0,"turns":3.0},{"damage":7.0,"enemies":"2 Louse","floor":2.0,"turns":3.0},{"damage":14.0,"enemies":"Jaw Worm","floor":5.0,"turns":2.0},{"damage":17.0,"enemies":"Gremlin Nob","floor":6.0,"turns":3.0},{"damage":31.0,"enemies":"Lagavulin","floor":8.0,"turns":6.0},{"damage":55.0,"enemies":"2 Fungi Beasts","floor":11.0,"turns":18.0},{"damage":26.0,"enemies":"3 Sentries","floor":12.0,"turns":7.0},{"damage":13.0,"enemies":"Looter","floor":13.0,"turns":4.0},{"damage":20.0,"enemies":"Slime Boss","floor":16.0,"turns":10.0},{"damage":37.0,"enemies":"3 Byrds","floor":18.0,"turns":7.0},{"damage":83,"enemies":"Chosen","floor":20,"turns":4}],"seed_played":"-6133526200082775287","potions_obtained":[{"floor":1.0,"key":"FearPotion"},{"floor":12.0,"key":"Ancient Potion"},{"floor":13.0,"key":"ats:Emergency Sanity Potion"},{"floor":16.0,"key":"Strength Potion"},{"floor":18.0,"key":"Fruit Juice"}],"is_trial":false,"path_per_floor":["M","M","$","?","M","E","R","E","T","$","M","E","M","?","R","B",null,"M","?","M"],"character_chosen":"DOCTOR_CLASS","items_purchased":["ats:Thermite Blade","ats:Attack"],"campfire_rested":0,"item_purchase_floors":[3,10],"current_hp_per_floor":[71,64,64,64,51,35,35,11,11,11,21,37,27,27,27,40,85,82,82,0,0],"gold":194,"neow_bonus":"","is_daily":false,"chose_seed":false,"campfire_upgraded":2,"win_rate":0.0,"timestamp":1610771909,"path_taken":["M","M","$","?","M","E","R","E","T","$","M","E","?","?","R","BOSS","M","?","M"],"items_purchased_type":["Card","Relic"],"build_version":"2020-12-22","purchased_purges":2,"victory":false,"max_hp_per_floor":[72,72,72,72,73,74,74,75,75,75,76,79,82,82,82,85,85,93,93,97,97],"card_choices":[{"not_picked":["Freischutz","HeroicMonk","BeautyBeast"],"picked":"Singing Bowl","floor":1.0},{"not_picked":["ats:Apocalypse","ats:Cat Scratch"],"picked":"ats:Demon Strength","floor":1.0},{"not_picked":["BigBadWolf","UniverseFragment","LittleHelper"],"picked":"Singing Bowl","floor":2.0},{"not_picked":["OldLady","BeautyBeast"],"picked":"FieryBird","floor":2.0},{"not_picked":["ats:Collapsing Strike","ats:Encircling Forest"],"picked":"ats:Cat Scratch","floor":2.0},{"not_picked":["GalaxyChild","BigBird","ShyLook"],"picked":"Singing Bowl","floor":5.0},{"not_picked":["ats:Thorns","ats:Powerful Strike","ats:Directed Diagnosis"],"picked":"SKIP","floor":5.0},{"not_picked":["DespairKnight","CherryBlossoms"],"picked":"PunishingBird","floor":6.0},{"not_picked":["ats:Poison Spread","ats:Flexible Camouflage","ats:Healing Strengthening"],"picked":"SKIP","floor":6.0},{"not_picked":["HeroicMonk","ShyLook","Bloodbath"],"picked":"Singing Bowl","floor":8.0},{"not_picked":["Mercenary","LaLuna"],"picked":"Woodsman","floor":8.0},{"not_picked":["ats:Burning Ground","ats:Flexible Camouflage","ats:Childhood Dance"],"picked":"SKIP","floor":8.0},{"not_picked":["SpiderBud","Wellcheers","LittleHelper"],"picked":"Singing Bowl","floor":11.0},{"not_picked":["ShyLook","Variant"],"picked":"CrumblingArmor","floor":11.0},{"not_picked":["ats:Poison Spread","ats:Ignite"],"picked":"ats:Cat Scratch","floor":11.0},{"not_picked":["ShyLook","Murderer"],"picked":"Scarecrow","floor":12.0},{"not_picked":["ats:Hammer On","ats:Revitalization"],"picked":"ats:Cat Scratch","floor":12.0},{"not_picked":["GreedKing","SpiderBud"],"picked":"MeatLantern","floor":13.0},{"not_picked":["ats:Healing Drone","ats:Assault Order","ats:Shell Defense"],"picked":"SKIP","floor":13.0},{"not_picked":["Murderer","HeroicMonk","WallGazer"],"picked":"Singing Bowl","floor":16.0},{"not_picked":["ats:Disruption Kick","ats:Nebulous Foxfire"],"picked":"ats:Fractured Body","floor":16.0},{"not_picked":["RedShoes","BigBadWolf","CherryBlossoms"],"picked":"Singing Bowl","floor":18.0},{"not_picked":["ats:Childhood Dance","ats:Revitalization+1","ats:Apocalypse+1"],"picked":"SKIP","floor":18.0}],"player_experience":326854,"relics_obtained":[{"floor":1.0,"key":"LetterFromLob"},{"floor":6.0,"key":"ats:Originium"},{"floor":6.0,"key":"Kunai"},{"floor":8.0,"key":"ats:Originium"},{"floor":8.0,"key":"Omamori"},{"floor":9.0,"key":"Potion Belt"},{"floor":12.0,"key":"ats:Originium"},{"floor":12.0,"key":"Matryoshka"}],"event_choices":[{"damage_healed":0.0,"max_hp_gain":0.0,"max_hp_loss":0.0,"gold_gain":0.0,"event_name":"FaceTrader","player_choice":"Trade","floor":4.0,"gold_loss":0.0,"damage_taken":0.0,"relics_obtained":["FaceOfCleric"]},{"damage_healed":0.0,"max_hp_gain":0.0,"max_hp_loss":0.0,"gold_gain":0.0,"event_name":"Accursed Blacksmith","player_choice":"Forge","floor":14.0,"gold_loss":0.0,"damage_taken":0.0,"cards_upgraded":["ats:Thermite Blade"]},{"damage_healed":0.0,"max_hp_gain":0.0,"max_hp_loss":0.0,"gold_gain":0.0,"event_name":"Vampires","player_choice":"Ignored","floor":19.0,"gold_loss":0.0,"damage_taken":0.0}],"is_beta":false,"boss_relics":[{"not_picked":["Velvet Choker","bronze:MakeshiftBattery"],"picked":"Black Star"}],"items_purged_floors":[3,10],"is_endless":false,"potions_floor_spawned":[1,12,13,16,18],"killed_by":"Chosen","ascension_level":1}}