{"host":"2lo6hma6kymb0g9i","time":1610785477,"event":{"mods":["BaseMod","Colored Map","DeckTracker","Minty Spire (QoL Compilation)"],"gold_per_floor":[115,133,146,146,165,165,177,177,224,250,250,89,123,170,170,242,242,256,256,206,219,233,267,267,45,71,106,120,120,131,145,145,218,218,233,233,233,247,197,197,210,210,210,230,230,255,47,64,64,64,64,64,10,42,42,42],"floor_reached":55,"language":"JPN","playtime":4994,"items_purged":["Strike_B","Stack","Zap","Dualcast","Darkness"],"score":1408,"play_id":"9bf55fd4-7e61-4143-9c28-5fafd8c38f7b","local_time":"20210116172437","is_ascension_mode":true,"campfire_choices":[{"data":"Barrage","floor":6,"key":"SMITH"},{"data":"Glacier","floor":8,"key":"SMITH"},{"floor":11,"key":"REST"},{"data":"Defragment","floor":15,"key":"SMITH"},{"data":"Blizzard","floor":24,"key":"SMITH"},{"data":"White Noise","floor":29,"key":"SMITH"},{"floor":32,"key":"REST"},{"data":"Apotheosis","floor":40,"key":"SMITH"},{"floor":45,"key":"RECALL"},{"floor":49,"key":"REST"},{"data":"BootSequence","floor":52,"key":"SMITH"}],"circlet_count":0,"master_deck":["AscendersBane","Glacier+1","Barrage+1","Leap","Defragment+1","Machine Learning","White Noise+1","Glacier","BootSequence+1","Glacier","Turbo","Blizzard+1","Hologram+1","Seek","Cold Snap","Apotheosis+1","Barrage+1","Conserve Battery"],"relics":["Cracked Core","Bag of Marbles","Bottled Flame","MealTicket","Smiling Mask","Pandora\u0027s Box","Blood Vial","Bronze Scales","Pen Nib","White Beast Statue","Nuclear Battery","Darkstone Periapt","Molten Egg 2","Runic Capacitor","Strawberry"],"acts_visited":["Exordium","TheCity","TheBeyond","TheEnding"],"potions_floor_usage":[10,16,23,23,31,35,50,54,55],"damage_taken":[{"damage":1,"enemies":"Cultist","floor":1,"turns":3},{"damage":9,"enemies":"Jaw Worm","floor":2,"turns":4},{"damage":0,"enemies":"2 Louse","floor":3,"turns":1},{"damage":7,"enemies":"Large Slime","floor":5,"turns":8},{"damage":3,"enemies":"Red Slaver","floor":7,"turns":3},{"damage":28,"enemies":"Gremlin Nob","floor":10,"turns":4},{"damage":20,"enemies":"Lagavulin","floor":13,"turns":10},{"damage":7,"enemies":"The Guardian","floor":16,"turns":19},{"damage":0,"enemies":"Shell Parasite","floor":18,"turns":7},{"damage":11,"enemies":"Spheric Guardian","floor":21,"turns":6},{"damage":6,"enemies":"Chosen and Byrds","floor":22,"turns":5},{"damage":22,"enemies":"Book of Stabbing","floor":23,"turns":9},{"damage":19,"enemies":"Gremlin Leader","floor":27,"turns":5},{"damage":0,"enemies":"3 Cultists","floor":28,"turns":4},{"damage":0,"enemies":"Sentry and Sphere","floor":30,"turns":7},{"damage":20,"enemies":"Snake Plant","floor":31,"turns":4},{"damage":32,"enemies":"Collector","floor":33,"turns":12},{"damage":3,"enemies":"Orb Walker","floor":35,"turns":5},{"damage":29,"enemies":"3 Darklings","floor":38,"turns":4},{"damage":0,"enemies":"Sphere and 2 Shapes","floor":41,"turns":8},{"damage":3,"enemies":"4 Shapes","floor":44,"turns":4},{"damage":31,"enemies":"Reptomancer","floor":46,"turns":8},{"damage":8,"enemies":"3 Darklings","floor":48,"turns":4},{"damage":21,"enemies":"Donu and Deca","floor":50,"turns":13},{"damage":66,"enemies":"Shield and Spear","floor":54,"turns":12},{"damage":85,"enemies":"The Heart","floor":55,"turns":3}],"seed_played":"9062331747753375836","potions_obtained":[{"floor":1,"key":"Swift Potion"},{"floor":5,"key":"Strength Potion"},{"floor":13,"key":"LiquidBronze"},{"floor":16,"key":"EssenceOfSteel"},{"floor":18,"key":"Fire Potion"},{"floor":28,"key":"DuplicationPotion"},{"floor":30,"key":"ColorlessPotion"},{"floor":31,"key":"SmokeBomb"},{"floor":35,"key":"FairyPotion"},{"floor":41,"key":"Dexterity Potion"},{"floor":54,"key":"Dexterity Potion"}],"is_trial":false,"path_per_floor":["M","M","M","?","M","R","M","R","T","E","R","$","E","T","R","B",null,"M","?","$","M","M","E","R","$","T","E","M","R","M","M","R","B",null,"M","?","?","M","$","R","M","?","T","M","R","E","$","M","R","B",null,"R","$","E","B"],"character_chosen":"DEFECT","items_purchased":["Defragment","Bronze Scales","Runic Capacitor","Fire Potion"],"campfire_rested":3,"item_purchase_floors":[12,25,47,53],"current_hp_per_floor":[70,61,61,54,47,47,44,44,44,16,39,39,19,19,19,12,62,62,62,77,66,60,38,38,53,53,36,38,38,40,22,45,15,62,61,61,51,24,39,39,41,41,41,40,40,11,26,20,43,24,65,65,78,19,0,0],"gold":42,"neow_bonus":"TEN_PERCENT_HP_BONUS","is_daily":false,"chose_seed":false,"campfire_upgraded":7,"win_rate":0.0,"timestamp":1610785477,"path_taken":["M","?","M","?","M","R","M","R","T","E","R","$","E","?","R","BOSS","M","?","$","M","M","E","R","$","T","E","M","R","M","M","R","BOSS","M","?","?","M","$","R","M","?","T","M","R","E","$","M","R","BOSS","R","$","E","BOSS"],"items_purchased_type":["Card","Relic","Relic","Potion"],"build_version":"2020-12-22","purchased_purges":5,"victory":false,"max_hp_per_floor":[78,78,78,78,78,78,78,78,78,78,78,78,78,78,78,78,78,78,78,78,78,78,78,78,78,78,78,78,78,78,78,78,78,78,78,78,78,78,78,78,78,78,78,78,78,78,78,78,78,78,78,78,78,85,85,85],"card_choices":[{"not_picked":["Blizzard","Redo","Sweeping Beam"],"picked":"SKIP","floor":1},{"not_picked":["Compile Driver","Tempest","Stack"],"picked":"SKIP","floor":2},{"not_picked":["Steam","Core Surge"],"picked":"Glacier","floor":3},{"not_picked":["Coolheaded","Leap"],"picked":"Barrage","floor":5},{"not_picked":["Ball Lightning","Stack"],"picked":"Leap","floor":7},{"not_picked":["Barrage","Redo","Darkness"],"picked":"SKIP","floor":10},{"not_picked":["Redo","Creative AI","Stack"],"picked":"SKIP","floor":13},{"not_picked":["Fission","Buffer"],"picked":"Machine Learning","floor":16},{"not_picked":["Lockon","Compile Driver","Barrage"],"picked":"SKIP","floor":18},{"not_picked":["Beam Cell","Heatsinks"],"picked":"Turbo","floor":21},{"not_picked":["Leap","Recycle"],"picked":"Blizzard","floor":22},{"not_picked":["Auto Shields+1","Ball Lightning","Beam Cell"],"picked":"SKIP","floor":23},{"not_picked":["Darkness","Sweeping Beam","Machine Learning"],"picked":"SKIP","floor":27},{"not_picked":["Darkness","Sweeping Beam","Machine Learning"],"picked":"SKIP","floor":27},{"not_picked":["Darkness","Sweeping Beam","Machine Learning"],"picked":"SKIP","floor":27},{"not_picked":["Darkness","Sweeping Beam","Machine Learning"],"picked":"SKIP","floor":27},{"not_picked":["Barrage","Ball Lightning","FTL"],"picked":"SKIP","floor":28},{"not_picked":["Go for the Eyes","Ball Lightning"],"picked":"Hologram+1","floor":30},{"not_picked":["Compile Driver","Gash","Beam Cell"],"picked":"SKIP","floor":31},{"not_picked":["Electrodynamics","Multi-Cast"],"picked":"Seek","floor":33},{"not_picked":["Reprogram","Turbo+1"],"picked":"Cold Snap","floor":35},{"not_picked":["The Bomb","Enlightenment"],"picked":"Apotheosis","floor":37},{"not_picked":["Trip","Dramatic Entrance"],"picked":"PanicButton","floor":37},{"not_picked":["Gash","Force Field","Sunder"],"picked":"SKIP","floor":38},{"not_picked":["Go for the Eyes","Rebound","Stack"],"picked":"SKIP","floor":41},{"not_picked":["Sunder","Barrage","Turbo+1"],"picked":"SKIP","floor":44},{"not_picked":["Heatsinks","Blizzard+1","Redo"],"picked":"SKIP","floor":46},{"not_picked":["Scrape+1","Hello World"],"picked":"Barrage+1","floor":48},{"not_picked":["Glacier+1","Self Repair"],"picked":"Conserve Battery","floor":54}],"player_experience":1076588,"relics_obtained":[{"floor":9,"key":"Bag of Marbles"},{"floor":10,"key":"Bottled Flame"},{"floor":13,"key":"MealTicket"},{"floor":14,"key":"Smiling Mask"},{"floor":23,"key":"Blood Vial"},{"floor":26,"key":"Pen Nib"},{"floor":27,"key":"White Beast Statue"},{"floor":46,"key":"Molten Egg 2"},{"floor":54,"key":"Strawberry"}],"event_choices":[{"cards_removed":["Strike_B"],"damage_healed":0,"gold_gain":0,"player_choice":"Card Removal","damage_taken":7,"max_hp_gain":0,"max_hp_loss":0,"event_name":"Golden Wing","floor":4,"gold_loss":0},{"damage_healed":0,"gold_gain":0,"player_choice":"Ignored","damage_taken":0,"max_hp_gain":0,"max_hp_loss":0,"event_name":"Vampires","floor":19,"gold_loss":0},{"damage_healed":0,"gold_gain":0,"player_choice":"Ignored","damage_taken":0,"max_hp_gain":0,"max_hp_loss":0,"event_name":"Tomb of Lord Red Mask","floor":36,"gold_loss":0},{"damage_healed":0,"gold_gain":0,"player_choice":"Memory 3","damage_taken":10,"max_hp_gain":0,"max_hp_loss":0,"event_name":"SensoryStone","floor":37,"gold_loss":0},{"cards_removed":["PanicButton"],"damage_healed":0,"gold_gain":0,"player_choice":"Gave Card","damage_taken":0,"relics_obtained":["Darkstone Periapt"],"max_hp_gain":0,"max_hp_loss":0,"event_name":"WeMeetAgain","floor":42,"gold_loss":0}],"is_beta":false,"boss_relics":[{"not_picked":["SacredBark","Snecko Eye"],"picked":"Pandora\u0027s Box"},{"not_picked":["Velvet Choker","Calling Bell"],"picked":"Nuclear Battery"}],"items_purged_floors":[12,20,25,39,47],"is_endless":false,"potions_floor_spawned":[1,5,13,16,18,22,28,30,31,33,35,38,41,44,46,48,54],"killed_by":"The Heart","ascension_level":19}}