{"host":"qqgw5gp46oujbhdl","time":1610769139,"event":{"mods":["Aspiration","BaseMod","BetterRewards","Downfall","Hermit","Infinite Spire","Minty Spire (QoL Compilation)","StSLib","The Death Knight","The Disciple","The Forsaken","The Hierophant","The Servant 0.9.4","The Spell Scribe","The Valiant","TheBandit","TheFirefly","Wandering Minibosses"],"gold_per_floor":[99,117,117,217,9,9,9,21,6,25,39,72,84,98,109,109,109,109],"floor_reached":16,"language":"POL","playtime":1216,"items_purged":[],"score":104,"play_id":"80df8086-ff4f-40aa-90e0-2ea012918327","local_time":"20210116045219","is_ascension_mode":false,"campfire_choices":[{"floor":1,"key":"RECALL"},{"data":"expansioncontent:StudyTheSpire","floor":6,"key":"SMITH"}],"circlet_count":0,"master_deck":["champ:Strike","champ:Strike","champ:Strike","champ:Strike","champ:Defend","champ:Defend","champ:Defend","champ:Defend","champ:Execute","champ:Taunt","champ:DancingMaster","champ:DefensiveShout","champ:RecklessLeap","expansioncontent:StudyTheSpire+1","champ:PreciseThrust","champ:RisingSlash","champ:StanceDance","champ:SkillfulDodge","champ:PreciseThrust","champ:TornadoPunch","champ:IronFortress","champ:GutPunch"],"relics":["champ:ChampionCrown","Ancient Tea Set","Juzu Bracelet"],"acts_visited":["Exordium"],"potions_floor_usage":[12,12,15,16,16],"damage_taken":[{"damage":29,"enemies":"Cultist","floor":2,"turns":5},{"damage":10,"enemies":"downfall:FleeingMerchant","floor":5,"turns":4},{"damage":0,"enemies":"Small Slimes","floor":8,"turns":3},{"damage":15,"enemies":"downfall:FleeingMerchant","floor":9,"turns":4},{"damage":20,"enemies":"Jaw Worm","floor":10,"turns":4},{"damage":25,"enemies":"2 Fungi Beasts","floor":11,"turns":2},{"damage":20,"enemies":"Lagavulin","floor":12,"turns":7},{"damage":1,"enemies":"3 Louse","floor":13,"turns":3},{"damage":0,"enemies":"Lots of Slimes","floor":14,"turns":2},{"damage":12,"enemies":"Red Slaver","floor":15,"turns":4},{"damage":68,"enemies":"SI_SHIV_ARCHETYPE","floor":16,"turns":10}],"seed_played":"7558009682059993982","potions_obtained":[{"floor":2,"key":"SpeedPotion"},{"floor":10,"key":"AttackPotion"},{"floor":11,"key":"EssenceOfSteel"},{"floor":12,"key":"EssenceOfSteel"},{"floor":14,"key":"sneckomod:MuddlingPotion"}],"is_trial":false,"path_per_floor":["R","M","?","?","$","R","T","M","$","M","M","E","M","M","M","B"],"character_chosen":"THE_CHAMP","items_purchased":["expansioncontent:StudyTheSpire"],"campfire_rested":0,"item_purchase_floors":[5],"current_hp_per_floor":[90,81,69,69,69,69,69,69,64,54,49,29,28,28,26,0,0,0],"gold":109,"neow_bonus":"ONE_RANDOM_RARE_CARD","is_daily":false,"chose_seed":false,"campfire_upgraded":1,"win_rate":0.0,"timestamp":1610769139,"path_taken":["R","M","?","?","$","R","T","M","?","M","M","E","M","M","M","BOSS"],"items_purchased_type":["Card"],"build_version":"2020-12-22","purchased_purges":0,"victory":false,"max_hp_per_floor":[90,90,90,90,90,90,90,90,90,90,90,90,90,90,90,90,90,90],"card_choices":[{"not_picked":["champ:BladeFlurry","champ:Shatter"],"picked":"champ:DefensiveShout","floor":2},{"not_picked":["champ:AdrenalArmor","champ:GutPunch"],"picked":"champ:RecklessLeap","floor":5},{"not_picked":["champ:Circumvent","champ:PerfectedStrike"],"picked":"champ:PreciseThrust","floor":8},{"not_picked":["champ:FlashCut","champ:FocusedBerserking"],"picked":"champ:RisingSlash","floor":9},{"not_picked":["champ:EndlessRage","champ:AdrenalArmor"],"picked":"champ:StanceDance","floor":10},{"not_picked":["champ:BladeFlurry","champ:DefensiveShout"],"picked":"champ:SkillfulDodge","floor":11},{"not_picked":["champ:SetATrap","champ:Endure"],"picked":"champ:PreciseThrust","floor":12},{"not_picked":["champ:SetATrap","champ:FanOfKnives"],"picked":"champ:TornadoPunch","floor":13},{"not_picked":["champ:RecklessLeap","champ:SetATrap"],"picked":"champ:IronFortress","floor":14},{"not_picked":["champ:AdrenalArmor","champ:CrownThrow"],"picked":"champ:GutPunch","floor":15}],"player_experience":354777,"relics_obtained":[{"floor":12,"key":"Juzu Bracelet"}],"event_choices":[{"damage_healed":0,"gold_gain":0,"player_choice":"Success","damage_taken":12,"relics_obtained":["Ancient Tea Set"],"max_hp_gain":0,"max_hp_loss":0,"event_name":"Scrap Ooze","floor":3,"gold_loss":0}],"is_beta":false,"boss_relics":[],"items_purged_floors":[],"is_endless":false,"potions_floor_spawned":[2,10,11,12,14],"killed_by":"SI_SHIV_ARCHETYPE","ascension_level":0}}