{"host":"jpcy2bclvs7juczu","time":1610787099,"event":{"mods":["AchievementEnabler","BaseMod","Block Reminder","Colored Map","Colored Powertips","Curses Come First","Dark Map","Minty Spire (QoL Compilation)","Quick Restart","Relic Stats","StSLib","ojb\u0027s Better Paths Mod","ojb\u0027s Info Mod","slay the spire mod where everything is the same but ironclad has a cowboy hat"],"gold_per_floor":[112,123,34,34,47,47,82,82,82,82,110,160,179,199,199,276,276,288,288,288,300,2,37,37,64,64,64,82,82,82,82],"floor_reached":30,"language":"ENG","playtime":890,"items_purged":["Strike_R"],"score":602,"play_id":"3d0774dd-151b-4bc2-b552-87b68da821dc","local_time":"20210116085139","is_ascension_mode":true,"campfire_choices":[{"data":"Armaments","floor":6.0,"key":"SMITH"},{"data":"Twin Strike","floor":8.0,"key":"SMITH"},{"data":"Hemokinesis","floor":15.0,"key":"SMITH"},{"data":"Whirlwind","floor":24.0,"key":"SMITH"},{"data":"Flame Barrier","floor":27.0,"key":"SMITH"}],"circlet_count":0,"master_deck":["AscendersBane","Strike_R","Strike_R","Strike_R","Strike_R","Defend_R+1","Defend_R","Defend_R","Defend_R","Bash","Anger+1","Armaments+1","Feel No Pain","Twin Strike+1","Impervious","Hemokinesis+1","Fiend Fire","Flame Barrier+1","Whirlwind+1","Dark Embrace","Shrug It Off"],"relics":["Burning Blood","NeowsBlessing","Mercury Hourglass","Red Skull","Pantograph","Philosopher\u0027s Stone","Toolbox","Singing Bowl","Molten Egg 2"],"acts_visited":["Exordium","TheCity"],"potions_floor_usage":[],"damage_taken":[{"damage":0.0,"enemies":"2 Louse","floor":1.0,"turns":1.0},{"damage":0.0,"enemies":"Jaw Worm","floor":2.0,"turns":1.0},{"damage":0.0,"enemies":"Small Slimes","floor":5.0,"turns":1.0},{"damage":17.0,"enemies":"3 Sentries","floor":7.0,"turns":12.0},{"damage":6.0,"enemies":"Gremlin Nob","floor":11.0,"turns":3.0},{"damage":7.0,"enemies":"2 Fungi Beasts","floor":13.0,"turns":3.0},{"damage":1.0,"enemies":"Looter","floor":14.0,"turns":3.0},{"damage":80.0,"enemies":"Hexaghost","floor":16.0,"turns":11.0},{"damage":2.0,"enemies":"Chosen","floor":18.0,"turns":3.0},{"damage":32.0,"enemies":"2 Thieves","floor":21.0,"turns":5.0},{"damage":28.0,"enemies":"Slavers","floor":23.0,"turns":3.0},{"damage":0.0,"enemies":"Gremlin Leader","floor":25.0,"turns":4.0},{"damage":23.0,"enemies":"Chosen and Byrds","floor":28.0,"turns":6.0},{"damage":20,"enemies":"Book of Stabbing","floor":30,"turns":2}],"seed_played":"2934772575869803763","potions_obtained":[{"floor":1.0,"key":"ColorlessPotion"},{"floor":7.0,"key":"Regen Potion"},{"floor":11.0,"key":"BloodPotion"},{"floor":16.0,"key":"Explosive Potion"},{"floor":23.0,"key":"GamblersBrew"}],"is_trial":false,"path_per_floor":["M","M","$","?","M","R","E","R","T","$","E","?","M","M","R","B",null,"M","?","?","M","$","E","R","E","T","R","M","?","E"],"character_chosen":"IRONCLAD","items_purchased":["Feel No Pain","Toolbox","SteroidPotion"],"campfire_rested":0,"item_purchase_floors":[3,22,22],"current_hp_per_floor":[74,75,75,52,58,58,47,47,47,47,47,40,39,44,44,10,59,63,63,63,51,51,31,31,37,37,37,20,20,0,0],"gold":82,"neow_bonus":"THREE_ENEMY_KILL","is_daily":false,"chose_seed":false,"campfire_upgraded":5,"win_rate":0.0,"timestamp":1610787099,"path_taken":["M","M","$","?","M","R","E","R","T","?","E","?","?","M","R","BOSS","M","?","?","M","$","E","R","E","T","R","M","?","E"],"items_purchased_type":["Card","Relic","Potion"],"build_version":"2020-12-22","purchased_purges":1,"victory":false,"max_hp_per_floor":[75,75,75,75,75,75,75,75,75,75,75,75,75,75,75,75,75,75,75,75,75,75,77,77,77,77,77,77,77,77,77],"relic_stats":{"Singing Bowl":2,"counters":[14,58],"Pantograph":25,"obtain_stats":[{"NeowsBlessing":0,"Singing Bowl":23,"Pantograph":11,"Toolbox":22,"Philosopher\u0027s Stone":17,"Molten Egg 2":25,"Burning Blood":0,"Red Skull":9,"Mercury Hourglass":7},{"NeowsBlessing":0,"Singing Bowl":11,"Pantograph":5,"Toolbox":10,"Philosopher\u0027s Stone":8,"Molten Egg 2":12,"Burning Blood":0,"Red Skull":4,"Mercury Hourglass":4},{"NeowsBlessing":0,"Singing Bowl":46,"Pantograph":18,"Toolbox":43,"Philosopher\u0027s Stone":35,"Molten Egg 2":50,"Burning Blood":0,"Red Skull":15,"Mercury Hourglass":15}],"Burning Blood":73,"Mercury Hourglass":[168]},"card_choices":[{"not_picked":["Wild Strike","Headbutt"],"picked":"Anger","floor":1.0},{"not_picked":["Shrug It Off","Headbutt"],"picked":"Armaments","floor":2.0},{"not_picked":["Bloodletting","Flex","Body Slam"],"picked":"SKIP","floor":5.0},{"not_picked":["Anger","Feel No Pain"],"picked":"Twin Strike","floor":7.0},{"not_picked":["Iron Wave","Pommel Strike"],"picked":"Impervious","floor":11.0},{"not_picked":["Havoc","Iron Wave","Clothesline"],"picked":"SKIP","floor":13.0},{"not_picked":["Rupture","Pommel Strike"],"picked":"Hemokinesis","floor":14.0},{"not_picked":["Limit Break","Impervious"],"picked":"Fiend Fire","floor":16.0},{"not_picked":["Pummel","Rage","Perfected Strike"],"picked":"SKIP","floor":18.0},{"not_picked":["Headbutt","Iron Wave"],"picked":"Whirlwind","floor":21.0},{"not_picked":["Headbutt","Searing Blow","Infernal Blade"],"picked":"Singing Bowl","floor":23.0},{"not_picked":["True Grit","Warcry"],"picked":"Dark Embrace","floor":25.0},{"not_picked":["Searing Blow+1","Sword Boomerang+1"],"picked":"Shrug It Off","floor":28.0}],"player_experience":407746,"relics_obtained":[{"floor":7.0,"key":"Mercury Hourglass"},{"floor":9.0,"key":"Red Skull"},{"floor":11.0,"key":"Pantograph"},{"floor":23.0,"key":"Singing Bowl"},{"floor":25.0,"key":"Molten Egg 2"}],"event_choices":[{"damage_healed":0.0,"max_hp_gain":0.0,"max_hp_loss":0.0,"gold_gain":0.0,"event_name":"Shining Light","player_choice":"Entered Light","floor":4.0,"gold_loss":0.0,"damage_taken":23.0,"cards_upgraded":["Defend_R","Anger"]},{"damage_healed":0.0,"max_hp_gain":0.0,"max_hp_loss":0.0,"gold_gain":50.0,"event_name":"FaceTrader","player_choice":"Touch","floor":12.0,"gold_loss":0.0,"damage_taken":7.0},{"damage_healed":0.0,"max_hp_gain":0.0,"max_hp_loss":0.0,"gold_gain":0.0,"event_name":"Vampires","player_choice":"Ignored","floor":19.0,"gold_loss":0.0,"damage_taken":0.0},{"damage_healed":0.0,"max_hp_gain":0.0,"max_hp_loss":0.0,"gold_gain":0.0,"event_name":"The Library","player_choice":"Read","floor":20.0,"gold_loss":0.0,"damage_taken":0.0,"cards_obtained":["Flame Barrier"]},{"damage_healed":0.0,"max_hp_gain":0.0,"max_hp_loss":0.0,"gold_gain":0.0,"event_name":"The Mausoleum","player_choice":"Ignored","floor":29.0,"gold_loss":0.0,"damage_taken":0.0}],"is_beta":false,"boss_relics":[{"not_picked":["Empty Cage","Ectoplasm"],"picked":"Philosopher\u0027s Stone"}],"items_purged_floors":[22],"is_endless":false,"potions_floor_spawned":[1,7,11,13,16,23],"killed_by":"Book of Stabbing","ascension_level":20}}