{"host":"dpbezu80jg8zk7un","time":1610811062,"event":{"mods":["BaseMod","Colored Map","Colored Powertips","Custom Start","DeckTracker","Minty Spire (QoL Compilation)","Quick Restart","SuperFastMode"],"gold_per_floor":[119,269,61,61,61,100,100,0,0,0,40,40,75,95,95,193,193,207,82,103,122,37,83,122,138,138,138,263,263,263,294,294,389,389,414,428,428,761,771,771,796,578,603,603,79,90,120,131,131,131,131,131,131,74,99,99],"floor_reached":57,"language":"KOR","playtime":2142,"items_purged":["Doubt","Strike_P","Strike_P","Strike_P+1","Eruption+1"],"score":3224,"play_id":"65ecede5-5513-438d-ba1d-98ed63ae92a3","local_time":"20210117003102","is_ascension_mode":true,"campfire_choices":[{"data":"Eruption","floor":7.0,"key":"SMITH"},{"data":"Adaptation","floor":10.0,"key":"SMITH"},{"data":"MentalFortress","floor":15.0,"key":"SMITH"},{"data":"Vault","floor":27.0,"key":"SMITH"},{"data":"1","floor":29.0,"key":"LIFT"},{"floor":32.0,"key":"RECALL"},{"data":"2","floor":40.0,"key":"LIFT"},{"data":"3","floor":49.0,"key":"LIFT"},{"data":"InnerPeace","floor":53.0,"key":"SMITH"}],"circlet_count":0,"master_deck":["AscendersBane","Vigilance","MentalFortress+1","Adaptation+1","DeusExMachina","Vault+1","Adaptation+1","Halt+1","ClearTheMind+1","EmptyFist","CrushJoints+1","Tantrum+1","InnerPeace+1"],"relics":["PureWater","NeowsBlessing","FossilizedHelix","Singing Bowl","Kunai","MealTicket","Astrolabe","Ginger","Whetstone","Regal Pillow","Eternal Feather","Girya","Gremlin Horn","Molten Egg 2","Philosopher\u0027s Stone","MawBank","Sundial","Damaru","Mummified Hand"],"acts_visited":["Exordium","TheCity","TheBeyond","TheEnding"],"potions_floor_usage":[56,56],"damage_taken":[{"damage":0.0,"enemies":"2 Louse","floor":1.0,"turns":1.0},{"damage":0.0,"enemies":"Lagavulin","floor":6.0,"turns":1.0},{"damage":0.0,"enemies":"3 Sentries","floor":11.0,"turns":2.0},{"damage":0.0,"enemies":"Lagavulin","floor":13.0,"turns":5.0},{"damage":0.0,"enemies":"Small Slimes","floor":14.0,"turns":2.0},{"damage":8.0,"enemies":"The Guardian","floor":16.0,"turns":11.0},{"damage":0.0,"enemies":"Shell Parasite","floor":18.0,"turns":3.0},{"damage":0.0,"enemies":"3 Byrds","floor":20.0,"turns":6.0},{"damage":0.0,"enemies":"Sentry and Sphere","floor":21.0,"turns":5.0},{"damage":0.0,"enemies":"Slavers","floor":24.0,"turns":4.0},{"damage":16.0,"enemies":"Snake Plant","floor":25.0,"turns":3.0},{"damage":14.0,"enemies":"Colosseum Slavers","floor":28.0,"turns":2.0},{"damage":0.0,"enemies":"Colosseum Nobs","floor":28.0,"turns":3.0},{"damage":0.0,"enemies":"Book of Stabbing","floor":31.0,"turns":4.0},{"damage":0.0,"enemies":"Collector","floor":33.0,"turns":8.0},{"damage":0.0,"enemies":"Orb Walker","floor":35.0,"turns":3.0},{"damage":0.0,"enemies":"3 Shapes","floor":36.0,"turns":4.0},{"damage":0.0,"enemies":"Sphere and 2 Shapes","floor":39.0,"turns":2.0},{"damage":10.0,"enemies":"Reptomancer","floor":41.0,"turns":4.0},{"damage":0.0,"enemies":"Spire Growth","floor":46.0,"turns":2.0},{"damage":0.0,"enemies":"Nemesis","floor":47.0,"turns":2.0},{"damage":0.0,"enemies":"Writhing Mass","floor":48.0,"turns":3.0},{"damage":13.0,"enemies":"Donu and Deca","floor":50.0,"turns":3.0},{"damage":22.0,"enemies":"Time Eater","floor":51.0,"turns":7.0},{"damage":0.0,"enemies":"Shield and Spear","floor":55.0,"turns":2.0},{"damage":69,"enemies":"The Heart","floor":56,"turns":6}],"seed_played":"-5165059802156060579","potions_obtained":[{"floor":1.0,"key":"LiquidMemories"},{"floor":6.0,"key":"StancePotion"},{"floor":41.0,"key":"Ancient Potion"},{"floor":44.0,"key":"Fruit Juice"},{"floor":44.0,"key":"LiquidBronze"},{"floor":46.0,"key":"Swift Potion"},{"floor":47.0,"key":"Explosive Potion"}],"is_trial":false,"path_per_floor":["M","?","$","?","?","E","R","$","T","R","E","?","E","M","R","B",null,"M","$","M","M","?","T","E","M","T","R","?","R","?","E","R","B",null,"M","M","?","?","M","R","E","$","T","?","$","M","E","M","R","B","B",null,"R","$","E","B",null],"character_chosen":"WATCHER","items_purchased":["Adaptation","WheelKick","Tantrum+1","InnerPeace","Sundial","Swift Potion"],"campfire_rested":0,"item_purchase_floors":[3,3,42,45,45,54],"current_hp_per_floor":[61,61,61,61,61,61,61,61,61,61,61,54,56,58,58,50,62,64,68,70,72,72,72,72,58,58,64,52,58,58,60,66,68,77,79,81,81,81,81,84,76,86,86,91,91,93,95,97,97,84,62,88,94,97,99,30],"gold":99,"neow_bonus":"THREE_ENEMY_KILL","is_daily":false,"chose_seed":false,"campfire_upgraded":5,"win_rate":0.0,"timestamp":1610811062,"path_taken":["M","?","$","?","?","E","R","$","T","R","E","?","E","M","R","BOSS","M","$","M","M","?","?","E","M","T","R","?","R","?","E","R","BOSS","M","M","?","?","M","R","E","$","T","?","$","M","E","M","R","BOSS","BOSS","R","$","E","BOSS"],"items_purchased_type":["Card","Card","Card","Card","Relic","Potion"],"build_version":"2020-12-22","purchased_purges":5,"victory":true,"max_hp_per_floor":[68,68,68,68,62,62,62,62,62,62,62,62,64,66,66,66,66,68,68,70,72,72,72,72,74,74,74,76,76,76,78,78,80,80,82,84,84,84,84,84,86,86,86,91,91,93,95,97,97,97,97,97,97,97,99,99],"card_choices":[{"not_picked":["Collect","BattleHymn"],"picked":"MentalFortress","floor":1.0},{"not_picked":["EmptyBody","Pray","ReachHeaven"],"picked":"SKIP","floor":6.0},{"not_picked":["EmptyFist","PathToVictory"],"picked":"DeusExMachina","floor":11.0},{"not_picked":["CarveReality","Consecrate","Tantrum"],"picked":"Singing Bowl","floor":13.0},{"not_picked":["SignatureMove","Evaluate","Swivel"],"picked":"Singing Bowl","floor":14.0},{"not_picked":["Brilliance","Alpha"],"picked":"Vault","floor":16.0},{"not_picked":["TalkToTheHand","ThirdEye","Conclude"],"picked":"Singing Bowl","floor":18.0},{"not_picked":["ThirdEye","Adaptation","EmptyMind"],"picked":"Singing Bowl","floor":20.0},{"not_picked":["WaveOfTheHand","Evaluate+1","Sanctity"],"picked":"Singing Bowl","floor":21.0},{"not_picked":["ThirdEye","Evaluate"],"picked":"EmptyFist","floor":24.0},{"not_picked":["ThirdEye","FlurryOfBlows","TalkToTheHand"],"picked":"Singing Bowl","floor":25.0},{"not_picked":["Crescendo","ClearTheMind","JustLucky+1"],"picked":"Singing Bowl","floor":28.0},{"not_picked":["Consecrate+1","Brilliance+1","Vengeance"],"picked":"Singing Bowl","floor":31.0},{"not_picked":["Establishment","MasterReality","Blasphemy"],"picked":"Singing Bowl","floor":33.0},{"not_picked":["FlyingSleeves+1","Worship","Halt+1"],"picked":"Singing Bowl","floor":35.0},{"not_picked":["Crescendo","Swivel+1","Evaluate"],"picked":"Singing Bowl","floor":36.0},{"not_picked":["BowlingBash+1","PathToVictory+1"],"picked":"CrushJoints+1","floor":39.0},{"not_picked":["FlurryOfBlows+1","Consecrate+1","Halt"],"picked":"Singing Bowl","floor":41.0},{"not_picked":["Prostrate","EmptyFist+1","ForeignInfluence"],"picked":"Singing Bowl","floor":46.0},{"not_picked":["Brilliance+1","Consecrate+1","BowlingBash+1"],"picked":"Singing Bowl","floor":47.0},{"not_picked":["Halt","BowlingBash+1","Adaptation"],"picked":"Singing Bowl","floor":48.0},{"not_picked":["FlurryOfBlows+1","EmptyMind","Protect+1"],"picked":"Singing Bowl","floor":55.0}],"player_experience":2880387,"relics_obtained":[{"floor":6.0,"key":"FossilizedHelix"},{"floor":9.0,"key":"Singing Bowl"},{"floor":11.0,"key":"Kunai"},{"floor":13.0,"key":"MealTicket"},{"floor":23.0,"key":"Whetstone"},{"floor":24.0,"key":"Regal Pillow"},{"floor":26.0,"key":"Eternal Feather"},{"floor":28.0,"key":"Girya"},{"floor":28.0,"key":"Gremlin Horn"},{"floor":31.0,"key":"Molten Egg 2"},{"floor":41.0,"key":"MawBank"},{"floor":47.0,"key":"Damaru"},{"floor":55.0,"key":"Mummified Hand"}],"event_choices":[{"damage_healed":0.0,"max_hp_gain":0.0,"max_hp_loss":0.0,"gold_gain":150.0,"event_name":"Liars Game","player_choice":"AGREE","floor":2.0,"gold_loss":0.0,"damage_taken":0.0,"cards_obtained":["Doubt"]},{"cards_removed":["Defend_P"],"damage_healed":0.0,"max_hp_gain":0.0,"max_hp_loss":0.0,"gold_gain":0.0,"event_name":"Living Wall","player_choice":"Forget","floor":4.0,"gold_loss":0.0,"damage_taken":0.0},{"damage_healed":0.0,"max_hp_gain":0.0,"max_hp_loss":6.0,"gold_gain":0.0,"event_name":"Golden Idol","player_choice":"Lose Max HP","floor":5.0,"gold_loss":0.0,"damage_taken":0.0,"relics_obtained":["Golden Idol"]},{"cards_removed":["Defend_P"],"damage_healed":0.0,"max_hp_gain":0.0,"max_hp_loss":0.0,"gold_gain":0.0,"event_name":"Golden Wing","player_choice":"Card Removal","floor":12.0,"gold_loss":0.0,"damage_taken":7.0},{"damage_healed":0.0,"max_hp_gain":0.0,"max_hp_loss":0.0,"gold_gain":0.0,"event_name":"Addict","player_choice":"Obtained Relic","floor":22.0,"gold_loss":85.0,"damage_taken":0.0,"relics_obtained":["Ginger"]},{"damage_healed":0.0,"max_hp_gain":0.0,"max_hp_loss":0.0,"gold_gain":0.0,"event_name":"Colosseum","player_choice":"Fight","floor":28.0,"gold_loss":0.0,"damage_taken":0.0},{"damage_healed":0.0,"max_hp_gain":0.0,"max_hp_loss":0.0,"gold_gain":0.0,"event_name":"Colosseum","player_choice":"Fought Nobs","floor":28.0,"gold_loss":0.0,"damage_taken":0.0},{"damage_healed":0.0,"max_hp_gain":0.0,"max_hp_loss":0.0,"gold_gain":0.0,"event_name":"Ghosts","player_choice":"Ignored","floor":30.0,"gold_loss":0.0,"damage_taken":0.0},{"cards_removed":["WheelKick"],"damage_healed":0.0,"max_hp_gain":0.0,"max_hp_loss":0.0,"gold_gain":0.0,"event_name":"Falling","player_choice":"Removed Attack","floor":37.0,"gold_loss":0.0,"damage_taken":0.0},{"damage_healed":0.0,"max_hp_gain":0.0,"max_hp_loss":0.0,"gold_gain":333.0,"event_name":"The Moai Head","player_choice":"Gave Idol","floor":38.0,"relics_lost":["Golden Idol"],"gold_loss":0.0,"damage_taken":0.0},{"damage_healed":0.0,"max_hp_gain":0.0,"max_hp_loss":0.0,"gold_gain":0.0,"event_name":"Lab","player_choice":"Got Potions","floor":44.0,"gold_loss":0.0,"damage_taken":0.0}],"is_beta":false,"boss_relics":[{"not_picked":["Tiny House","Sozu"],"picked":"Astrolabe"},{"not_picked":["Cursed Key","Runic Dome"],"picked":"Philosopher\u0027s Stone"}],"items_purged_floors":[3,8,19,42,45],"is_endless":false,"potions_floor_spawned":[1,6,14,18,21,28,35,41,46,47],"ascension_level":20}}