{"host":"znvnxllcillb3rtw","time":1610813930,"event":{"mods":["BaseMod","DeckTracker","Minty Spire (QoL Compilation)","Relic Stats","StSLib","SuperFastMode","everything is the same but u backflip on backflip"],"gold_per_floor":[116,134,134,134,134,134,166,166,220,145,162,192,211,211,211,305,305,330,330,140,140,64,84,84,105,154,169,169,169,169],"floor_reached":29,"language":"KOR","playtime":748,"items_purged":["Strike_B"],"score":512,"play_id":"407b958c-ec57-4cb7-b40d-a1bb3969fc3a","local_time":"20210117011850","is_ascension_mode":true,"campfire_choices":[{"floor":6,"key":"REST"},{"data":"Barrage","floor":8,"key":"SMITH"},{"floor":15,"key":"REST"},{"floor":24,"key":"REST"}],"circlet_count":0,"master_deck":["AscendersBane","Strike_B","Defend_B+1","Defend_B+1","Defend_B","Defend_B","Zap","Dualcast","Barrage+1","Gash","Cold Snap","Genetic Algorithm","FTL","Skim","Creative AI","Coolheaded","Turbo","Compile Driver","Capacitor","Hologram"],"relics":["Cracked Core","NeowsBlessing","PreservedInsect","InkBottle","Bag of Marbles","Centennial Puzzle","Golden Idol","Nuclear Battery","Strawberry"],"acts_visited":["Exordium","TheCity"],"potions_floor_usage":[16,29],"damage_taken":[{"damage":0,"enemies":"Small Slimes","floor":1,"turns":1},{"damage":0,"enemies":"2 Louse","floor":2,"turns":1},{"damage":0,"enemies":"Gremlin Nob","floor":7,"turns":1},{"damage":4,"enemies":"Jaw Worm","floor":11,"turns":3},{"damage":9,"enemies":"Lagavulin","floor":12,"turns":6},{"damage":1,"enemies":"Blue Slaver","floor":13,"turns":3},{"damage":22,"enemies":"Slime Boss","floor":16,"turns":7},{"damage":24,"enemies":"Shell Parasite","floor":18,"turns":6},{"damage":14,"enemies":"3 Byrds","floor":23,"turns":5},{"damage":22,"enemies":"Snake Plant","floor":25,"turns":7},{"damage":5,"enemies":"Centurion and Healer","floor":27,"turns":8},{"damage":21,"enemies":"3 Cultists","floor":29,"turns":4}],"seed_played":"1177915313393493936","potions_obtained":[{"floor":2,"key":"Strength Potion"},{"floor":7,"key":"Fire Potion"},{"floor":18,"key":"PotionOfCapacity"}],"is_trial":false,"path_per_floor":["M","M","?","?","?","R","E","R","T","?","M","E","M","?","R","B",null,"M","?","$","?","$","M","R","M","T","M","T","M"],"character_chosen":"DEFECT","items_purchased":["Turbo","Compile Driver","Capacitor"],"campfire_rested":3,"item_purchase_floors":[20,20,22],"current_hp_per_floor":[64,64,53,32,32,53,53,53,53,53,49,40,39,15,36,14,57,33,33,33,33,33,19,40,18,18,13,20,0,0],"gold":169,"neow_bonus":"THREE_ENEMY_KILL","is_daily":false,"chose_seed":false,"campfire_upgraded":1,"win_rate":0.0,"timestamp":1610813930,"path_taken":["M","M","?","?","?","R","E","R","T","?","M","E","M","?","R","BOSS","M","?","$","?","?","M","R","M","T","M","?","M"],"items_purchased_type":["Card","Card","Card"],"build_version":"2020-12-22","purchased_purges":1,"victory":false,"max_hp_per_floor":[71,71,71,71,71,71,71,71,71,71,71,71,71,71,71,71,71,71,71,71,71,71,71,71,71,71,71,78,78,78],"relic_stats":{"Centennial Puzzle":[21],"counters":[12,52],"Golden Idol":35,"PreservedInsect":29,"obtain_stats":[{"Centennial Puzzle":12,"NeowsBlessing":0,"Golden Idol":14,"Strawberry":28,"PreservedInsect":3,"Bag of Marbles":9,"Cracked Core":0,"InkBottle":7,"Nuclear Battery":17},{"Centennial Puzzle":5,"NeowsBlessing":0,"Golden Idol":6,"Strawberry":11,"PreservedInsect":2,"Bag of Marbles":3,"Cracked Core":0,"InkBottle":3,"Nuclear Battery":7},{"Centennial Puzzle":12,"NeowsBlessing":0,"Golden Idol":15,"Strawberry":48,"PreservedInsect":2,"Bag of Marbles":3,"Cracked Core":0,"InkBottle":3,"Nuclear Battery":22}],"InkBottle":[17]},"card_choices":[{"not_picked":["Leap","Scrape"],"picked":"Barrage","floor":1},{"not_picked":["Fusion","Undo"],"picked":"Gash","floor":2},{"not_picked":["Rebound","Beam Cell"],"picked":"Cold Snap","floor":7},{"not_picked":["Stack","Beam Cell"],"picked":"Genetic Algorithm","floor":11},{"not_picked":["Force Field","Streamline"],"picked":"FTL","floor":12},{"not_picked":["Aggregate","Darkness"],"picked":"Skim","floor":13},{"not_picked":["Fission","Hyperbeam"],"picked":"Creative AI","floor":16},{"not_picked":["Undo","Leap"],"picked":"Coolheaded","floor":18},{"not_picked":["Stack","Turbo","Cold Snap"],"picked":"SKIP","floor":23},{"not_picked":["Coolheaded","Hello World"],"picked":"Hologram","floor":25},{"not_picked":["Double Energy","Conserve Battery","Hologram"],"picked":"SKIP","floor":27}],"player_experience":2884275,"relics_obtained":[{"floor":7,"key":"InkBottle"},{"floor":9,"key":"Bag of Marbles"},{"floor":12,"key":"Centennial Puzzle"},{"floor":28,"key":"Strawberry"}],"event_choices":[{"damage_healed":0,"gold_gain":0,"player_choice":"Success","damage_taken":11,"relics_obtained":["PreservedInsect"],"max_hp_gain":0,"max_hp_loss":0,"event_name":"Scrap Ooze","floor":3,"gold_loss":0},{"damage_healed":0,"gold_gain":0,"player_choice":"Entered Light","damage_taken":21,"max_hp_gain":0,"max_hp_loss":0,"event_name":"Shining Light","floor":4,"gold_loss":0,"cards_upgraded":["Defend_B","Defend_B"]},{"damage_healed":0,"gold_gain":0,"player_choice":"Ignored","damage_taken":0,"max_hp_gain":0,"max_hp_loss":0,"event_name":"Liars Game","floor":5,"gold_loss":0},{"cards_removed":["Strike_B"],"damage_healed":0,"gold_gain":0,"player_choice":"Card Removal","damage_taken":0,"max_hp_gain":0,"max_hp_loss":0,"event_name":"The Cleric","floor":10,"gold_loss":75},{"damage_healed":0,"gold_gain":0,"player_choice":"Take Damage","damage_taken":24,"relics_obtained":["Golden Idol"],"max_hp_gain":0,"max_hp_loss":0,"event_name":"Golden Idol","floor":14,"gold_loss":0},{"cards_removed":["Strike_B"],"damage_healed":0,"gold_gain":0,"player_choice":"Elegance","damage_taken":0,"max_hp_gain":0,"max_hp_loss":0,"event_name":"Back to Basics","floor":19,"gold_loss":0},{"damage_healed":0,"gold_gain":0,"player_choice":"Ignored","damage_taken":0,"max_hp_gain":0,"max_hp_loss":0,"event_name":"The Mausoleum","floor":21,"gold_loss":0}],"is_beta":false,"boss_relics":[{"not_picked":["Cursed Key","Runic Pyramid"],"picked":"Nuclear Battery"}],"items_purged_floors":[20],"is_endless":false,"potions_floor_spawned":[2,7,11,12,18,25],"killed_by":"3 Cultists","ascension_level":20}}