{"host":"mdbnki27vzqujy5q","time":1610776175,"event":{"mods":["BaseMod","Better Note","Better Skull","Colored Map","Colored Powertips","DeckTracker","Highlight Path","Minty Spire (QoL Compilation)","Quick Restart","Rare Cards Sparkle","StSLib"],"gold_per_floor":[114,129,64,64,76,109,121,21,69,82,111,111,122,156,168,275,287,316,347,359,389,401,413,425,464,501,513,555,29,229,329,329,329,329],"floor_reached":33,"language":"ENG","playtime":1438,"items_purged":["Defend_R","Defend_R"],"score":398,"play_id":"8b05b81f-cdca-4492-8570-fcc8ee9a9212","local_time":"20210115214935","is_ascension_mode":true,"campfire_choices":[{"data":"Armaments","floor":12.0,"key":"SMITH"},{"data":"Rampage","floor":15.0,"key":"SMITH"},{"data":"Bash","floor":23.0,"key":"SMITH"},{"floor":27.0,"key":"REST"},{"floor":32,"key":"REST"}],"circlet_count":0,"master_deck":["Defend_R","Defend_R","Bash+1","Pommel Strike","Armaments+1","Shrug It Off","Dropkick","Iron Wave","Clash","Clash","Feed","Rampage+1","Cleave","Barricade","Spot Weakness+1","Dual Wield+1","Clash","Study+1","Bite","Bite","Bite","Bite","Bite","Thunderclap","Flex","Pommel Strike+1"],"relics":["Black Blood","NeowsBlessing","Darkstone Periapt","Juzu Bracelet","Regal Pillow","PreservedInsect","MawBank","Mummified Hand","Boot","Orichalcum","Champion Belt","Bag of Marbles","Ginger","Matryoshka"],"acts_visited":["Exordium","TheCity"],"potions_floor_usage":[],"damage_taken":[{"damage":0.0,"enemies":"Small Slimes","floor":1.0,"turns":1.0},{"damage":0.0,"enemies":"Cultist","floor":2.0,"turns":1.0},{"damage":0.0,"enemies":"Jaw Worm","floor":5.0,"turns":1.0},{"damage":39.0,"enemies":"3 Sentries","floor":6.0,"turns":9.0},{"damage":9.0,"enemies":"Looter","floor":7.0,"turns":3.0},{"damage":0.0,"enemies":"Red Slaver","floor":10.0,"turns":3.0},{"damage":15.0,"enemies":"Gremlin Nob","floor":11.0,"turns":4.0},{"damage":0.0,"enemies":"Exordium Wildlife","floor":13.0,"turns":2.0},{"damage":10.0,"enemies":"3 Sentries","floor":14.0,"turns":7.0},{"damage":44.0,"enemies":"Hexaghost","floor":16.0,"turns":11.0},{"damage":52.0,"enemies":"2 Thieves","floor":18.0,"turns":5.0},{"damage":19.0,"enemies":"Chosen","floor":19.0,"turns":6.0},{"damage":16.0,"enemies":"Snake Plant","floor":21.0,"turns":2.0},{"damage":36.0,"enemies":"Book of Stabbing","floor":25.0,"turns":4.0},{"damage":45.0,"enemies":"Slavers","floor":28.0,"turns":4.0},{"damage":14,"enemies":"Colosseum Slavers","floor":31,"turns":4},{"damage":9,"enemies":"Colosseum Nobs","floor":31,"turns":3},{"damage":86,"enemies":"Automaton","floor":33,"turns":8}],"seed_played":"-4533085314594321782","potions_obtained":[{"floor":6.0,"key":"Swift Potion"},{"floor":7.0,"key":"Energy Potion"},{"floor":11.0,"key":"Energy Potion"},{"floor":14.0,"key":"FearPotion"},{"floor":18.0,"key":"Energy Potion"},{"floor":20.0,"key":"PowerPotion"},{"floor":25.0,"key":"LiquidBronze"}],"is_trial":false,"path_per_floor":["M","M","?","$","M","E","M","$","T","M","E","R","M","E","R","B",null,"M","M","?","M","?","R","?","E","T","R","E","$","?","?","R","B"],"character_chosen":"IRONCLAD","items_purchased":["Clash","Champion Belt","Bag of Marbles"],"campfire_rested":2,"item_purchase_floors":[8,29,29],"current_hp_per_floor":[80,80,80,80,80,47,44,44,44,50,41,41,47,47,47,13,88,51,44,44,40,40,40,40,23,23,56,32,32,32,41,66,0,0],"gold":329,"neow_bonus":"THREE_ENEMY_KILL","is_daily":false,"chose_seed":false,"campfire_upgraded":3,"win_rate":0.0,"timestamp":1610776175,"path_taken":["M","M","?","?","?","E","M","$","T","M","E","R","M","E","R","BOSS","M","M","?","M","?","R","?","E","T","R","E","$","?","?","R","BOSS"],"items_purchased_type":["Card","Relic","Relic"],"build_version":"2020-12-22","purchased_purges":2,"victory":false,"max_hp_per_floor":[80,80,80,80,80,80,80,80,80,80,80,80,80,84,84,88,88,91,91,91,91,91,91,63,63,63,63,66,66,66,66,66,66,66],"card_choices":[{"not_picked":["True Grit","Havoc"],"picked":"Pommel Strike","floor":1.0},{"not_picked":["Body Slam","Havoc"],"picked":"Armaments","floor":2.0},{"not_picked":["Dark Embrace","Twin Strike"],"picked":"Shrug It Off","floor":5.0},{"not_picked":["Perfected Strike","Iron Wave"],"picked":"Dropkick","floor":6.0},{"not_picked":["Wild Strike","Seeing Red"],"picked":"Iron Wave","floor":7.0},{"not_picked":["Body Slam","Armaments"],"picked":"Clash","floor":10.0},{"not_picked":["Warcry","Anger"],"picked":"Feed","floor":11.0},{"not_picked":["Flex","Sword Boomerang"],"picked":"Rampage","floor":13.0},{"not_picked":["Twin Strike","Combust"],"picked":"Cleave","floor":14.0},{"not_picked":["Bludgeon","Immolate"],"picked":"Barricade","floor":16.0},{"not_picked":["Armaments","Thunderclap+1"],"picked":"Spot Weakness+1","floor":18.0},{"not_picked":["Sentinel","Sword Boomerang+1"],"picked":"Dual Wield+1","floor":19.0},{"not_picked":["Warcry","Clothesline+1"],"picked":"Clash","floor":21.0},{"not_picked":["Sword Boomerang","Burning Pact"],"picked":"Thunderclap","floor":25.0},{"not_picked":["Perfected Strike","Bludgeon"],"picked":"Flex","floor":28.0},{"not_picked":["Dropkick","Havoc"],"picked":"Pommel Strike+1","floor":31}],"player_experience":91747,"relics_obtained":[{"floor":6.0,"key":"Juzu Bracelet"},{"floor":9.0,"key":"Regal Pillow"},{"floor":11.0,"key":"PreservedInsect"},{"floor":14.0,"key":"MawBank"},{"floor":25.0,"key":"Mummified Hand"},{"floor":26.0,"key":"Boot"},{"floor":28.0,"key":"Orichalcum"},{"floor":31,"key":"Ginger"},{"floor":31,"key":"Matryoshka"}],"event_choices":[{"damage_healed":0.0,"max_hp_gain":0.0,"max_hp_loss":0.0,"gold_gain":0.0,"event_name":"WeMeetAgain","player_choice":"Paid Gold","floor":3.0,"gold_loss":65.0,"damage_taken":0.0,"relics_obtained":["Darkstone Periapt"]},{"damage_healed":0.0,"max_hp_gain":0.0,"max_hp_loss":0.0,"gold_gain":0.0,"event_name":"Lab","player_choice":"Got Potions","floor":20.0,"gold_loss":0.0,"damage_taken":0.0},{"cards_removed":["Spot Weakness"],"damage_healed":0.0,"max_hp_gain":0.0,"max_hp_loss":0.0,"gold_gain":0.0,"event_name":"betterNote:BetterNote","player_choice":"Take \u0026 Give","floor":22.0,"gold_loss":0.0,"damage_taken":0.0,"cards_obtained":["Study"]},{"damage_healed":0.0,"max_hp_gain":0.0,"max_hp_loss":28.0,"gold_gain":0.0,"event_name":"Vampires","player_choice":"Became a vampire","floor":24.0,"gold_loss":0.0,"damage_taken":0.0,"cards_obtained":["Bite","Bite","Bite","Bite","Bite"]},{"damage_healed":0.0,"max_hp_gain":0.0,"max_hp_loss":0.0,"gold_gain":200.0,"event_name":"Wheel of Change","player_choice":"Gold","floor":30.0,"gold_loss":0.0,"damage_taken":0.0},{"damage_healed":0,"gold_gain":0,"player_choice":"Fight","damage_taken":0,"max_hp_gain":0,"max_hp_loss":0,"event_name":"Colosseum","floor":31,"gold_loss":0},{"damage_healed":0,"gold_gain":0,"player_choice":"Fought Nobs","damage_taken":0,"max_hp_gain":0,"max_hp_loss":0,"event_name":"Colosseum","floor":31,"gold_loss":0}],"is_beta":false,"boss_relics":[{"not_picked":["Snecko Eye","Runic Dome"],"picked":"Black Blood"}],"items_purged_floors":[8,29],"is_endless":false,"potions_floor_spawned":[6,7,11,13,14,18,25,31],"killed_by":"Automaton","ascension_level":3}}