{"host":"3oowddqpmj34xmzc","time":1610804139,"event":{"mods":["100% Spire Juice","2.2 Compatiblity","Act Like it!","Arknights The Spire","Aspiration","BaseMod","Better Third Choice","CapriCore","Conspire","Gensokyo","Gold Saver","Gremlin Mod","GungeonMod","Hallownest","Hermit","Koishi","Marisa£®ÏF”Í°°ƒß¿Ì…≥£©","Minty Spire (QoL Compilation)","Pale of the Ancients","Reimu£®≤©¿ˆ¡È√Œ£©","Relic Stats","Remilia£®¿Ÿ√◊¿Ú—«£©","Replay The Spire","Robot Space Explorer","Spicy Shops","StSLib","The Construct","The Gatherer","The Immortal","The Marked","The Poker Player","The Servant 0.9.4","The Vixen","WarShipGirlsR/’ΩΩ¢…Ÿ≈ÆR mod","Yakumo Yukari mod","Youmu£®ªÍ∆«—˝√Œ£©","Yuyuko","[GremlinLeader]The Maniac"],"gold_per_floor":[111,111,111,127,157,186,186,200,224,107,121,121,2,2,2,2,2],"floor_reached":16,"language":"ZHS","playtime":651,"items_purged":[],"score":123,"play_id":"18ba7398-40d7-4919-a560-a0e597a59821","local_time":"20210116213539","is_ascension_mode":false,"campfire_choices":[{"data":"conspire:Banana","floor":15,"key":"SMITH"}],"circlet_count":0,"master_deck":["ats:Strike C+1","ats:Strike G","ats:Strike S","ats:Strike V","ats:Armor Crushing Shot","ats:Defend","ats:Defend","ats:Defend","ats:Defend","ats:Emotion Absorption","ats:Explosion Area Strengthen+1","ats:Revitalization","ats:Apocalypse","ats:Spore Proliferation","ats:Hammer On","ats:Ignite","ats:Burning Ground","ats:Explosion Area Strengthen","conspire:Banana+1"],"relics":["ats:Sanity","NeowsBlessing","Hallownest:DreamNailRelic","Ginger","ats:Originium","aspiration:ArtOfWarUpgrade","ReplayTheSpireMod:TigerMarble"],"acts_visited":["Hallownest:Greenpath"],"potions_floor_usage":[16],"damage_taken":[{"damage":0,"enemies":"Hallownest:monsterHuskWarrior","floor":1,"turns":1},{"damage":0,"enemies":"Hallownest:monsterHuskGuard","floor":4,"turns":1},{"damage":0,"enemies":"Hallownest:eliteMossKnight","floor":6,"turns":1},{"damage":9,"enemies":"Hallownest:2_MossCreeps","floor":8,"turns":7},{"damage":0,"enemies":"Hallownest:monsterAspidMother","floor":11,"turns":4},{"damage":100,"enemies":"Hallownest:BossBrokenVessel","floor":16,"turns":11}],"seed_played":"1882214147874737233","potions_obtained":[{"floor":6,"key":"Dexterity Potion"},{"floor":8,"key":"FearPotion"}],"is_trial":false,"path_per_floor":["M","?","?","M","?","E","R","M","T","$","M","R","$","?","R","B"],"character_chosen":"DOCTOR_CLASS","items_purchased":["ats:Ignite","ats:Burning Ground","conspire:Banana"],"campfire_rested":0,"item_purchase_floors":[10,10,13],"current_hp_per_floor":[72,72,72,72,72,72,72,72,72,72,72,72,72,72,72,0,0],"gold":2,"neow_bonus":"THREE_ENEMY_KILL","is_daily":false,"chose_seed":false,"campfire_upgraded":1,"win_rate":0.0,"timestamp":1610804139,"path_taken":["M","?","?","?","?","E","R","M","T","$","M","R","$","?","R","BOSS"],"items_purchased_type":["Card","Card","Card"],"build_version":"2020-12-22","purchased_purges":0,"victory":false,"max_hp_per_floor":[72,72,72,72,72,72,72,72,72,72,72,72,72,72,72,74,74],"relic_stats":{"counters":[6,25],"Ginger":[0],"obtain_stats":[{"NeowsBlessing":0,"ats:Originium":6,"aspiration:ArtOfWarUpgrade":12,"DemoMod:GlassGuonStoneRelic":8,"Hallownest:DreamNailRelic":3,"Art of War":6,"ReplayTheSpireMod:TigerMarble":9,"ats:Sanity":0,"Ginger":5},{"NeowsBlessing":0,"ats:Originium":3,"aspiration:ArtOfWarUpgrade":5,"DemoMod:GlassGuonStoneRelic":4,"Hallownest:DreamNailRelic":1,"Art of War":3,"ReplayTheSpireMod:TigerMarble":4,"ats:Sanity":0,"Ginger":2},{"NeowsBlessing":0,"ats:Originium":3,"aspiration:ArtOfWarUpgrade":14,"DemoMod:GlassGuonStoneRelic":10,"Hallownest:DreamNailRelic":1,"Art of War":3,"ReplayTheSpireMod:TigerMarble":10,"ats:Sanity":0,"Ginger":2}]},"card_choices":[{"not_picked":["ats:Powerful Strike","ats:Cat Scratch"],"picked":"ats:Explosion Area Strengthen","floor":1},{"not_picked":["ats:Steam Pump","ats:Cat Scratch"],"picked":"ats:Revitalization","floor":4},{"not_picked":["ats:Soul Rend","ats:Composite Medical Shells"],"picked":"ats:Apocalypse","floor":5},{"not_picked":["ats:Cat Scratch","ats:Durian"],"picked":"ats:Spore Proliferation","floor":6},{"not_picked":["ats:Soul Absorption","ats:Consecutive Shot Auto"],"picked":"ats:Hammer On","floor":8},{"not_picked":["ats:Revitalization","ats:Curse Doll"],"picked":"ats:Explosion Area Strengthen","floor":11}],"player_experience":224177,"relics_obtained":[{"floor":5,"key":"Ginger"},{"floor":6,"key":"ats:Originium"},{"floor":6,"key":"Art of War"},{"floor":9,"key":"ReplayTheSpireMod:TigerMarble"}],"event_choices":[{"damage_healed":0,"gold_gain":0,"player_choice":"Leave","damage_taken":0,"max_hp_gain":0,"max_hp_loss":0,"event_name":"conspire:Investor","floor":14,"gold_loss":0}],"is_beta":false,"boss_relics":[],"items_purged_floors":[],"is_endless":false,"potions_floor_spawned":[6,8],"killed_by":"Hallownest:BossBrokenVessel","ascension_level":0}}