{"host":"by3dnjj711vo194a","time":1610823245,"event":{"mods":["2.2 Compatiblity","AchievementEnabler","BaseMod","Colored Map","DeckTracker","KOR Keyword Fix","Keyboard Shortcuts","Minty Spire (QoL Compilation)","Permanent Neow","Quick Restart","StSLib","SuperFastMode","everything is the same but u backflip on backflip"],"gold_per_floor":[189,189,189,189,189],"floor_reached":6,"language":"KOR","playtime":157,"items_purged":[],"score":601,"play_id":"8ae4854a-db0b-4123-8d7b-cdcaed3b2f8c","local_time":"20210117035405","is_ascension_mode":true,"campfire_choices":[],"circlet_count":0,"master_deck":["Eruption+1","Vigilance+1","InnerPeace+1","Adaptation+1","Tantrum+1","CutThroughFate+1","EmptyMind+1","Adaptation+1","FearNoEvil+1","WheelKick+1","MentalFortress+1","Purity+1","MentalFortress+1"],"relics":["PureWater","Potion Belt","Melange","Tiny Chest","Art of War","Vajra","Peace Pipe","Membership Card","Juzu Bracelet","Shuriken","Bag of Marbles","Sundial","Lantern","VioletLotus","Mummified Hand","HandDrill","Bottled Lightning","Toxic Egg 2","Meat on the Bone","Orrery","Ancient Tea Set","MealTicket","SacredBark","TheAbacus","Oddly Smooth Stone","Orichalcum","Whetstone","Mercury Hourglass","PreservedInsect","MawBank","Toy Ornithopter","Omamori","ClockworkSouvenir","Centennial Puzzle","Art of War","FossilizedHelix","MawBank","Empty Cage","Bag of Marbles","Molten Egg 2","Prayer Wheel","MealTicket","Akabeko","Gremlin Horn","Strawberry","Ice Cream","Black Star","GoldenEye","Anchor","Darkstone Periapt","TeardropLocket","Yang","PreservedInsect","InkBottle","MealTicket","Singing Bowl","DollysMirror","Omamori","Ice Cream","PreservedInsect","Happy Flower","Damaru","Matryoshka","Potion Belt","Runic Pyramid","Ginger","Bag of Preparation","OrangePellets","Letter Opener","Yang","Whetstone","Bronze Scales","Lizard Tail","CaptainsWheel","Nunchaku","Centennial Puzzle","Sozu","Unceasing Top","HornCleat","Mummified Hand","Art of War","War Paint","Gremlin Horn","Tiny Chest","Ectoplasm","Busted Crown"],"acts_visited":["Exordium","TheCity","TheBeyond"],"potions_floor_usage":[],"damage_taken":[{"damage":0,"enemies":"Jaw Worm","floor":1,"turns":1},{"damage":0,"enemies":"The Guardian","floor":1,"turns":1},{"damage":0,"enemies":"Chosen","floor":3,"turns":1},{"damage":0,"enemies":"Automaton","floor":3,"turns":1},{"damage":0,"enemies":"3 Shapes","floor":5,"turns":1},{"damage":0,"enemies":"Awakened One","floor":5,"turns":1}],"seed_played":"-6339764539068278071","potions_obtained":[],"is_trial":false,"path_per_floor":["M",null,"M",null,"M",null],"character_chosen":"WATCHER","items_purchased":[],"campfire_rested":0,"item_purchase_floors":[],"current_hp_per_floor":[159,159,165,165,169],"gold":189,"neow_bonus":"RANDOM_COMMON_RELIC","is_daily":false,"chose_seed":false,"campfire_upgraded":0,"win_rate":0.0,"timestamp":1610823245,"path_taken":["M","BOSS","M","BOSS","M","BOSS"],"items_purchased_type":[],"build_version":"2020-12-22","purchased_purges":0,"victory":true,"max_hp_per_floor":[159,159,165,165,169],"card_choices":[{"not_picked":["Vengeance+1","ReachHeaven+1","PathToVictory+1"],"picked":"Singing Bowl","floor":0},{"not_picked":["Tantrum+1","Halt+1","CutThroughFate+1"],"picked":"Singing Bowl","floor":0},{"not_picked":["ClearTheMind+1","Halt+1","FearNoEvil+1"],"picked":"Singing Bowl","floor":0},{"not_picked":["CrushJoints+1","SandsOfTime+1","Nirvana"],"picked":"Singing Bowl","floor":0},{"not_picked":["ClearTheMind+1","Pray+1","InnerPeace+1"],"picked":"Singing Bowl","floor":0},{"not_picked":["CutThroughFate+1","EmptyMind+1","Evaluate+1"],"picked":"Singing Bowl","floor":1},{"not_picked":["EmptyBody+1","Crescendo+1","Pray+1"],"picked":"Singing Bowl","floor":1},{"not_picked":["Vault+1","LessonLearned+1","Devotion"],"picked":"Singing Bowl","floor":1},{"not_picked":["WaveOfTheHand+1","ReachHeaven+1","Weave+1"],"picked":"Singing Bowl","floor":3},{"not_picked":["EmptyBody+1","FearNoEvil+1","CutThroughFate+1"],"picked":"Singing Bowl","floor":3},{"not_picked":["Scrawl+1","Establishment","MasterReality"],"picked":"Singing Bowl","floor":3},{"not_picked":["BowlingBash+1"],"picked":"Singing Bowl","floor":5},{"not_picked":["Evaluate+1"],"picked":"Singing Bowl","floor":5}],"player_experience":179164,"relics_obtained":[],"event_choices":[],"is_beta":false,"boss_relics":[{"not_picked":["Pandora\u0027s Box","Snecko Eye"],"picked":"Ectoplasm"},{"not_picked":["Coffee Dripper","Empty Cage"],"picked":"Busted Crown"}],"items_purged_floors":[],"is_endless":false,"potions_floor_spawned":[1,1,3,5],"ascension_level":14}}