{"host":"wha9hktbkslqvblg","time":1610841069,"event":{"mods":["BaseMod","Colored Map","Minty Spire (QoL Compilation)","Relic Stats","SuperFastMode","everything is the same but u backflip on backflip"],"gold_per_floor":[112,162,180,180,105,105,140,140,222,255,255,275,290,307,307,381,381,392,392,392],"floor_reached":19,"language":"KOR","playtime":503,"items_purged":[],"score":404,"play_id":"f874c959-0e8f-47cf-a9cc-9f67d8508692","local_time":"20210117085109","is_ascension_mode":true,"campfire_choices":[{"data":"Eruption","floor":6,"key":"SMITH"},{"data":"WheelKick","floor":8,"key":"SMITH"},{"data":"FlurryOfBlows","floor":15,"key":"SMITH"}],"circlet_count":0,"master_deck":["AscendersBane","Strike_P","Strike_P","Strike_P","Defend_P","Defend_P","Defend_P","Eruption+1","Vigilance","WheelKick+1","DeusExMachina","SpiritShield","FlurryOfBlows+1","TalkToTheHand","Ragnarok"],"relics":["PureWater","NeowsBlessing","Bronze Scales","Shuriken","StrikeDummy","Cursed Key"],"acts_visited":["Exordium","TheCity"],"potions_floor_usage":[16],"damage_taken":[{"damage":0,"enemies":"Small Slimes","floor":1,"turns":1},{"damage":0,"enemies":"Cultist","floor":3,"turns":2},{"damage":0,"enemies":"3 Sentries","floor":7,"turns":2},{"damage":22,"enemies":"Lagavulin","floor":10,"turns":7},{"damage":0,"enemies":"Jaw Worm","floor":12,"turns":4},{"damage":0,"enemies":"2 Fungi Beasts","floor":13,"turns":3},{"damage":2,"enemies":"Looter","floor":14,"turns":2},{"damage":20,"enemies":"Hexaghost","floor":16,"turns":5},{"damage":14,"enemies":"Chosen","floor":18,"turns":3},{"damage":0,"enemies":"Shell Parasite","floor":19,"turns":1}],"seed_played":"8292126293566615204","potions_obtained":[{"floor":3,"key":"PowerPotion"},{"floor":7,"key":"Strength Potion"},{"floor":18,"key":"Weak Potion"}],"is_trial":false,"path_per_floor":["M","?","M","?","?","R","E","R","T","E","?","M","M","M","R","B",null,"M","M"],"character_chosen":"WATCHER","items_purchased":[],"campfire_rested":0,"item_purchase_floors":[],"current_hp_per_floor":[61,61,61,61,61,61,61,61,61,39,39,39,39,37,37,17,55,41,41,41],"gold":392,"neow_bonus":"THREE_ENEMY_KILL","is_daily":false,"chose_seed":false,"campfire_upgraded":3,"win_rate":0.0,"timestamp":1610841069,"path_taken":["M","?","?","?","?","R","E","R","T","E","?","M","M","M","R","BOSS","M","M"],"items_purchased_type":[],"build_version":"2020-12-22","purchased_purges":0,"victory":false,"max_hp_per_floor":[68,68,68,68,68,68,68,68,68,68,68,68,68,68,68,68,68,68,68,68],"relic_stats":{"counters":[10,30],"Shuriken":[9],"Bronze Scales":[56],"Cursed Key":0,"obtain_stats":[{"NeowsBlessing":0,"Shuriken":9,"Bronze Scales":7,"PureWater":0,"StrikeDummy":10,"Cursed Key":17},{"NeowsBlessing":0,"Shuriken":3,"Bronze Scales":3,"PureWater":0,"StrikeDummy":4,"Cursed Key":8},{"NeowsBlessing":0,"Shuriken":5,"Bronze Scales":5,"PureWater":0,"StrikeDummy":12,"Cursed Key":26}]},"card_choices":[{"not_picked":["PathToVictory","CutThroughFate","ReachHeaven"],"picked":"SKIP","floor":1},{"not_picked":["CrushJoints","Halt"],"picked":"WheelKick","floor":3},{"not_picked":["Swivel","FlurryOfBlows","Conclude"],"picked":"SKIP","floor":7},{"not_picked":["DeceiveReality","ConjureBlade"],"picked":"DeusExMachina","floor":10},{"not_picked":["Evaluate","FlyingSleeves"],"picked":"FlurryOfBlows","floor":12},{"not_picked":["FlurryOfBlows","ThirdEye","SashWhip"],"picked":"SKIP","floor":13},{"not_picked":["PathToVictory","Pray"],"picked":"TalkToTheHand","floor":14},{"not_picked":["Judgement","Omniscience"],"picked":"Ragnarok","floor":16},{"not_picked":["Crescendo","FlyingSleeves","SashWhip"],"picked":"SKIP","floor":18}],"player_experience":975647,"relics_obtained":[{"floor":7,"key":"Bronze Scales"},{"floor":9,"key":"Shuriken"},{"floor":10,"key":"StrikeDummy"}],"event_choices":[{"damage_healed":0,"gold_gain":50,"player_choice":"Pray","damage_taken":0,"max_hp_gain":0,"max_hp_loss":0,"event_name":"Golden Shrine","floor":2,"gold_loss":0},{"damage_healed":0,"gold_gain":0,"player_choice":"Ignored","damage_taken":0,"max_hp_gain":0,"max_hp_loss":0,"event_name":"Liars Game","floor":4,"gold_loss":0},{"cards_removed":["Defend_P"],"damage_healed":0,"gold_gain":0,"player_choice":"Card Removal","damage_taken":0,"max_hp_gain":0,"max_hp_loss":0,"event_name":"The Cleric","floor":5,"gold_loss":75},{"damage_healed":0,"gold_gain":0,"cards_transformed":["Strike_P"],"player_choice":"Change","damage_taken":0,"max_hp_gain":0,"max_hp_loss":0,"event_name":"Living Wall","floor":11,"gold_loss":0,"cards_obtained":["SpiritShield"]}],"is_beta":false,"boss_relics":[{"not_picked":["Velvet Choker","Busted Crown"],"picked":"Cursed Key"}],"items_purged_floors":[],"is_endless":false,"potions_floor_spawned":[3,7,13,14,18],"killed_by":"Shell Parasite","ascension_level":20}}