{"host":"vumwfieg2b2mnrfl","time":1610764944,"event":{"mods":["AchievementEnabler","BaseMod","Minty Spire (QoL Compilation)","Rare Cards Sparkle","Relic Stats"],"gold_per_floor":[116,266,266,266,278,303,303,29,56,71,71,97,107,118,118,197,197,209,209,209,225,242,271,321,321,348,273,95,95,120,137,137,209,209,220,220,59,59,70,70,99,99,177,212,212,224,224,144,144,144],"floor_reached":51,"language":"ENG","playtime":1995,"items_purged":["Decay","Strike_G"],"score":1426,"play_id":"30009175-a030-4ed5-8974-65c4cdc31253","local_time":"20210115204224","is_ascension_mode":true,"campfire_choices":[{"data":"Leg Sweep","floor":7.0,"key":"SMITH"},{"data":"Noxious Fumes","floor":11.0,"key":"SMITH"},{"floor":15.0,"key":"REST"},{"floor":29.0,"key":"REST"},{"floor":32.0,"key":"REST"},{"floor":40,"key":"REST"},{"floor":42,"key":"REST"},{"floor":45,"key":"REST"},{"floor":49,"key":"REST"}],"circlet_count":0,"master_deck":["AscendersBane","Strike_G","Strike_G","Strike_G","Strike_G","Defend_G","Defend_G","Defend_G","Defend_G","Defend_G","Survivor","Neutralize","Noxious Fumes+1","Leg Sweep+1","Leg Sweep+1","Noxious Fumes+1","Bouncing Flask+1","Bullet Time+1","Backflip+1","Acrobatics+1","Well Laid Plans","Bouncing Flask+1","PiercingWail+1","Footwork+1","Malaise+1","Crippling Poison+1","Prepared+1","Acrobatics+1"],"relics":["Ring of the Snake","NeowsBlessing","Boot","Molten Egg 2","PreservedInsect","Toxic Egg 2","Akabeko","Pen Nib","Fusion Hammer","Orichalcum","Anchor","CaptainsWheel","Busted Crown","Orrery","Mercury Hourglass","HornCleat","The Courier"],"acts_visited":["Exordium","TheCity","TheBeyond"],"potions_floor_usage":[50,50],"damage_taken":[{"damage":0.0,"enemies":"Small Slimes","floor":1.0,"turns":1.0},{"damage":0.0,"enemies":"Jaw Worm","floor":5.0,"turns":1.0},{"damage":0.0,"enemies":"Lagavulin","floor":6.0,"turns":1.0},{"damage":0.0,"enemies":"2 Louse","floor":10.0,"turns":5.0},{"damage":12.0,"enemies":"3 Sentries","floor":12.0,"turns":7.0},{"damage":6.0,"enemies":"2 Fungi Beasts","floor":13.0,"turns":4.0},{"damage":5.0,"enemies":"Large Slime","floor":14.0,"turns":7.0},{"damage":9.0,"enemies":"The Guardian","floor":16.0,"turns":9.0},{"damage":2.0,"enemies":"3 Byrds","floor":18.0,"turns":3.0},{"damage":6.0,"enemies":"Spheric Guardian","floor":21.0,"turns":6.0},{"damage":0.0,"enemies":"Snecko","floor":22.0,"turns":5.0},{"damage":10.0,"enemies":"Book of Stabbing","floor":23.0,"turns":8.0},{"damage":28.0,"enemies":"Gremlin Leader","floor":30.0,"turns":6.0},{"damage":5.0,"enemies":"Centurion and Healer","floor":31.0,"turns":5.0},{"damage":22.0,"enemies":"Collector","floor":33.0,"turns":8.0},{"damage":0.0,"enemies":"3 Darklings","floor":35.0,"turns":5.0},{"damage":0,"enemies":"3 Shapes","floor":39,"turns":5},{"damage":21,"enemies":"Reptomancer","floor":41,"turns":6},{"damage":1,"enemies":"Giant Head","floor":44,"turns":7},{"damage":1,"enemies":"Writhing Mass","floor":46,"turns":6},{"damage":9,"enemies":"Time Eater","floor":50,"turns":15}],"seed_played":"5992760270595264887","potions_obtained":[{"floor":5.0,"key":"GhostInAJar"},{"floor":6.0,"key":"ColorlessPotion"},{"floor":13.0,"key":"Weak Potion"},{"floor":14.0,"key":"Block Potion"},{"floor":22.0,"key":"DistilledChaos"},{"floor":31.0,"key":"Strength Potion"},{"floor":46,"key":"Dexterity Potion"}],"is_trial":false,"path_per_floor":["M","?","?","T","M","E","R","$","T","M","R","E","M","M","R","B",null,"M","?","?","M","M","E","?","?","T","?","$","R","E","M","R","B",null,"M","?","$","?","M","R","E","R","T","E","R","M","?","$","R","B",null],"character_chosen":"THE_SILENT","items_purchased":["Toxic Egg 2","Bouncing Flask+1","PiercingWail+1","Orrery"],"campfire_rested":7,"item_purchase_floors":[8,28,28,37],"current_hp_per_floor":[59,59,54,54,54,54,54,54,54,54,54,42,36,31,50,41,60,58,58,58,52,52,42,42,42,42,42,42,61,33,28,47,25,56,56,56,56,56,56,66,45,64,64,63,66,65,63,63,63,54],"gold":144,"neow_bonus":"THREE_ENEMY_KILL","is_daily":false,"chose_seed":false,"campfire_upgraded":2,"win_rate":0.0,"timestamp":1610764944,"path_taken":["M","?","?","?","M","E","R","$","T","M","R","E","M","M","R","BOSS","M","?","?","M","M","E","?","?","T","?","$","R","E","M","R","BOSS","M","?","$","?","M","R","E","R","T","E","R","?","?","$","R","BOSS"],"items_purchased_type":["Relic","Card","Card","Relic"],"build_version":"2020-12-22","purchased_purges":2,"victory":true,"max_hp_per_floor":[66,66,66,66,66,66,66,66,66,66,66,66,66,66,66,66,66,66,66,66,66,66,66,66,66,66,66,66,66,66,66,66,66,66,66,66,66,66,66,66,66,66,66,66,66,66,63,63,63,63],"relic_stats":{"Busted Crown":20,"counters":[21,120],"PreservedInsect":312,"Pen Nib":[9],"Orichalcum":[60],"Boot":[47],"obtain_stats":[{"NeowsBlessing":0,"PreservedInsect":6,"Pen Nib":12,"The Courier":44,"Orichalcum":23,"Boot":3,"Akabeko":9,"Mercury Hourglass":41,"Anchor":26,"CaptainsWheel":30,"Busted Crown":34,"HornCleat":43,"Orrery":37,"Molten Egg 2":4,"Fusion Hammer":17,"Toxic Egg 2":8,"Ring of the Snake":0},{"NeowsBlessing":0,"PreservedInsect":3,"Pen Nib":5,"The Courier":19,"Orichalcum":12,"Boot":1,"Akabeko":3,"Mercury Hourglass":18,"Anchor":12,"CaptainsWheel":13,"Busted Crown":15,"HornCleat":18,"Orrery":16,"Molten Egg 2":1,"Fusion Hammer":8,"Toxic Egg 2":3,"Ring of the Snake":0},{"NeowsBlessing":0,"PreservedInsect":3,"Pen Nib":15,"The Courier":99,"Orichalcum":57,"Boot":1,"Akabeko":3,"Mercury Hourglass":92,"Anchor":57,"CaptainsWheel":63,"Busted Crown":76,"HornCleat":92,"Orrery":81,"Molten Egg 2":1,"Fusion Hammer":35,"Toxic Egg 2":3,"Ring of the Snake":0}],"Ring of the Snake":[42],"Mercury Hourglass":[75]},"card_choices":[{"not_picked":["Blade Dance","Acrobatics","Bane"],"picked":"SKIP","floor":1.0},{"not_picked":["Sucker Punch+1","Underhanded Strike+1"],"picked":"Noxious Fumes","floor":5.0},{"not_picked":["A Thousand Cuts","Expertise"],"picked":"Leg Sweep","floor":6.0},{"not_picked":["Quick Slash+1","Underhanded Strike+1"],"picked":"Leg Sweep+1","floor":10.0},{"not_picked":["Setup+1","Unload+1"],"picked":"Noxious Fumes","floor":12.0},{"not_picked":["Flying Knee+1","Dodge and Roll+1","Cloak And Dagger+1"],"picked":"SKIP","floor":13.0},{"not_picked":["Deadly Poison+1","Deflect+1"],"picked":"Bouncing Flask+1","floor":14.0},{"not_picked":["A Thousand Cuts","Wraith Form v2"],"picked":"Bullet Time+1","floor":16.0},{"not_picked":["Cloak And Dagger+1","Blade Dance+1"],"picked":"Backflip+1","floor":18.0},{"not_picked":["Masterful Stab+1","Prepared+1"],"picked":"Acrobatics+1","floor":21.0},{"not_picked":["Dagger Throw+1","Wraith Form v2","Masterful Stab+1"],"picked":"SKIP","floor":22.0},{"not_picked":["Leg Sweep+1","Calculated Gamble+1"],"picked":"Well Laid Plans","floor":23.0},{"not_picked":["Reflex+1","Dagger Spray+1"],"picked":"Footwork+1","floor":30.0},{"not_picked":["Heel Hook+1","Slice+1","Choke+1"],"picked":"SKIP","floor":31.0},{"not_picked":["Glass Knife+1","Adrenaline+1"],"picked":"Malaise+1","floor":33.0},{"not_picked":["Blade Dance+1"],"picked":"SKIP","floor":35.0},{"not_picked":[],"picked":"Crippling Poison+1","floor":37},{"not_picked":[],"picked":"Prepared+1","floor":37},{"not_picked":[],"picked":"Acrobatics+1","floor":39},{"not_picked":["Crippling Poison+1"],"picked":"SKIP","floor":41},{"not_picked":["Bane+1"],"picked":"SKIP","floor":44},{"not_picked":["Envenom"],"picked":"SKIP","floor":46}],"player_experience":429190,"relics_obtained":[{"floor":4.0,"key":"Molten Egg 2"},{"floor":6.0,"key":"PreservedInsect"},{"floor":9.0,"key":"Akabeko"},{"floor":12.0,"key":"Pen Nib"},{"floor":23.0,"key":"Orichalcum"},{"floor":26.0,"key":"Anchor"},{"floor":30.0,"key":"CaptainsWheel"},{"floor":41,"key":"Mercury Hourglass"},{"floor":43,"key":"HornCleat"},{"floor":44,"key":"The Courier"}],"event_choices":[{"damage_healed":0.0,"max_hp_gain":0.0,"max_hp_loss":0.0,"gold_gain":150.0,"event_name":"Liars Game","player_choice":"AGREE","floor":2.0,"gold_loss":0.0,"damage_taken":0.0,"cards_obtained":["Doubt"]},{"damage_healed":0.0,"max_hp_gain":0.0,"max_hp_loss":0.0,"gold_gain":0.0,"event_name":"Scrap Ooze","player_choice":"Success","floor":3.0,"gold_loss":0.0,"damage_taken":5.0,"relics_obtained":["Boot"]},{"damage_healed":0.0,"max_hp_gain":0.0,"max_hp_loss":0.0,"gold_gain":0.0,"event_name":"Ghosts","player_choice":"Ignored","floor":19.0,"gold_loss":0.0,"damage_taken":0.0},{"damage_healed":0.0,"max_hp_gain":0.0,"max_hp_loss":0.0,"gold_gain":0.0,"event_name":"Cursed Tome","player_choice":"Ignored","floor":20.0,"gold_loss":0.0,"damage_taken":0.0},{"damage_healed":0.0,"max_hp_gain":0.0,"max_hp_loss":0.0,"gold_gain":50.0,"event_name":"Nest","player_choice":"Stole From Cult","floor":24.0,"gold_loss":0.0,"damage_taken":0.0},{"damage_healed":0.0,"max_hp_gain":0.0,"max_hp_loss":0.0,"gold_gain":0.0,"event_name":"Forgotten Altar","player_choice":"Smashed Altar","floor":25.0,"gold_loss":0.0,"damage_taken":0.0,"cards_obtained":["Decay"]},{"cards_removed":["Doubt"],"damage_healed":0.0,"max_hp_gain":0.0,"max_hp_loss":0.0,"gold_gain":0.0,"event_name":"Beggar","player_choice":"Gave Gold","floor":27.0,"gold_loss":75.0,"damage_taken":0.0},{"damage_healed":0,"gold_gain":0,"player_choice":"Ignored","damage_taken":0,"max_hp_gain":0,"max_hp_loss":0,"event_name":"Mysterious Sphere","floor":36,"gold_loss":0},{"damage_healed":0,"gold_gain":0,"player_choice":"Forge","damage_taken":0,"max_hp_gain":0,"max_hp_loss":0,"event_name":"Accursed Blacksmith","floor":38,"gold_loss":0,"cards_upgraded":["Noxious Fumes"]},{"damage_healed":0,"gold_gain":0,"player_choice":"Max HP","damage_taken":0,"max_hp_gain":0,"max_hp_loss":3,"event_name":"Winding Halls","floor":47,"gold_loss":0}],"is_beta":false,"boss_relics":[{"not_picked":["Ectoplasm","Snecko Eye"],"picked":"Fusion Hammer"},{"not_picked":["Velvet Choker","Philosopher\u0027s Stone"],"picked":"Busted Crown"}],"items_purged_floors":[28,48],"is_endless":false,"potions_floor_spawned":[5,6,13,14,18,22,31,46],"ascension_level":18}}