{"host":"yvb207ks1sg3cxef","time":1610798722,"event":{"mods":["2.2 Compatiblity","BaseMod","Bestiary","Colored Powertips","Minty Spire (QoL Compilation)","Permanent Neow","Quick Restart","Relic Stats","StSLib"],"gold_per_floor":[119,119,131,144,31,31,3,37,37,67,13,0,0,0,0,75,75,90,140,190,210,236,236,236,236,236],"floor_reached":25,"language":"ENG","playtime":911,"items_purged":[],"score":450,"play_id":"b7cd1c7b-0709-4769-a455-e7572361cbc1","local_time":"20210116173522","is_ascension_mode":true,"campfire_choices":[{"data":"Bane","floor":6.0,"key":"SMITH"},{"floor":13,"key":"REST"},{"data":"Footwork","floor":15,"key":"SMITH"},{"data":"Footwork","floor":24,"key":"SMITH"}],"circlet_count":0,"master_deck":["AscendersBane","Strike_G","Strike_G","Strike_G","Strike_G","Defend_G+1","Defend_G","Defend_G","Defend_G+1","Defend_G","Survivor","Neutralize","Footwork+1","Deadly Poison","Bane+1","Footwork+1","Poisoned Stab","Underhanded Strike","Blur","Dagger Throw","Backflip","Corpse Explosion","Backflip"],"relics":["Ring of the Snake","Tough Bandages","White Beast Statue","Orichalcum","Dream Catcher","Coffee Dripper","Smiling Mask"],"acts_visited":["Exordium","TheCity"],"potions_floor_usage":[16,16,18,21,23,23],"damage_taken":[{"damage":0.0,"enemies":"2 Louse","floor":1.0,"turns":3.0},{"damage":4.0,"enemies":"Cultist","floor":3.0,"turns":6.0},{"damage":5.0,"enemies":"Jaw Worm","floor":4.0,"turns":5.0},{"damage":14.0,"enemies":"3 Sentries","floor":8.0,"turns":10.0},{"damage":8,"enemies":"Lagavulin","floor":10,"turns":8},{"damage":10,"enemies":"The Guardian","floor":16,"turns":13},{"damage":0,"enemies":"Shell Parasite","floor":18,"turns":6},{"damage":6,"enemies":"Chosen","floor":21,"turns":5},{"damage":0,"enemies":"Gremlin Leader","floor":23,"turns":3},{"damage":39,"enemies":"Book of Stabbing","floor":25,"turns":7}],"seed_played":"-4667205719735663234","potions_obtained":[{"floor":1.0,"key":"Block Potion"},{"floor":4.0,"key":"Energy Potion"},{"floor":10,"key":"EntropicBrew"},{"floor":16,"key":"Block Potion"},{"floor":18,"key":"Fire Potion"},{"floor":21,"key":"Weak Potion"}],"is_trial":false,"path_per_floor":["M","?","M","M","$","R","$","E","T","E","$","?","R","?","R","B",null,"M","?","?","M","T","E","R","E"],"character_chosen":"THE_SILENT","items_purchased":["Footwork","Poisoned Stab","Underhanded Strike","Dagger Throw"],"campfire_rested":1,"item_purchase_floors":[5,5,7,11],"current_hp_per_floor":[44,44,40,35,35,35,35,21,21,13,13,13,32,12,12,2,50,50,50,44,38,38,38,38,0,0],"gold":236,"neow_bonus":"ONE_RARE_RELIC","is_daily":false,"chose_seed":false,"campfire_upgraded":3,"win_rate":0.0,"timestamp":1610798722,"path_taken":["M","?","M","?","$","R","?","E","T","E","$","?","R","?","R","BOSS","M","?","?","?","?","E","R","E"],"items_purchased_type":["Card","Card","Card","Card"],"build_version":"2020-12-22","purchased_purges":0,"victory":false,"max_hp_per_floor":[66,66,66,66,66,66,66,66,66,66,66,66,66,66,66,66,66,66,66,66,66,66,66,66,66,66],"relic_stats":{"Tough Bandages":[54],"Dream Catcher":1,"counters":[10,66],"Orichalcum":[48],"Smiling Mask":0,"obtain_stats":[{"Tough Bandages":0,"Dream Catcher":10,"Coffee Dripper":17,"Orichalcum":9,"Smiling Mask":22,"White Beast Statue":8,"Ring of the Snake":0},{"Tough Bandages":0,"Dream Catcher":5,"Coffee Dripper":6,"Orichalcum":4,"Smiling Mask":8,"White Beast Statue":4,"Ring of the Snake":0},{"Tough Bandages":0,"Dream Catcher":32,"Coffee Dripper":45,"Orichalcum":24,"Smiling Mask":56,"White Beast Statue":24,"Ring of the Snake":0}],"Ring of the Snake":[20]},"card_choices":[{"not_picked":["Escape Plan","Backflip"],"picked":"Footwork","floor":1.0},{"not_picked":["Finisher","Blur"],"picked":"Deadly Poison","floor":3.0},{"not_picked":["Finisher","Flechettes"],"picked":"Bane","floor":4.0},{"not_picked":["Footwork","Dagger Throw"],"picked":"Blur","floor":8.0},{"not_picked":["Expertise","Distraction","Outmaneuver"],"picked":"SKIP","floor":10},{"not_picked":["Bane","All Out Attack"],"picked":"Backflip","floor":13},{"not_picked":["Storm of Steel","After Image"],"picked":"Corpse Explosion","floor":16},{"not_picked":["Sucker Punch","Endless Agony","Poisoned Stab"],"picked":"SKIP","floor":18},{"not_picked":["Deflect","PiercingWail"],"picked":"Backflip","floor":21}],"player_experience":360902,"relics_obtained":[{"floor":8.0,"key":"White Beast Statue"},{"floor":9.0,"key":"Orichalcum"},{"floor":10,"key":"Dream Catcher"},{"floor":22,"key":"Smiling Mask"}],"event_choices":[{"cards_removed":["Strike_G"],"damage_healed":0.0,"max_hp_gain":0.0,"max_hp_loss":0.0,"gold_gain":0.0,"event_name":"Purifier","player_choice":"Purged","floor":2.0,"gold_loss":0.0,"damage_taken":0.0},{"damage_healed":0,"gold_gain":0,"player_choice":"Left Gold","damage_taken":0,"max_hp_gain":0,"max_hp_loss":0,"event_name":"World of Goop","floor":12,"gold_loss":13},{"damage_healed":0,"gold_gain":0,"player_choice":"Entered Light","damage_taken":20,"max_hp_gain":0,"max_hp_loss":0,"event_name":"Shining Light","floor":14,"gold_loss":0,"cards_upgraded":["Defend_G","Defend_G"]},{"damage_healed":0,"gold_gain":50,"player_choice":"Stole From Cult","damage_taken":0,"max_hp_gain":0,"max_hp_loss":0,"event_name":"Nest","floor":19,"gold_loss":0},{"damage_healed":0,"gold_gain":50,"player_choice":"Touch","damage_taken":6,"max_hp_gain":0,"max_hp_loss":0,"event_name":"FaceTrader","floor":20,"gold_loss":0}],"is_beta":false,"boss_relics":[{"not_picked":["Snecko Eye","Busted Crown"],"picked":"Coffee Dripper"}],"items_purged_floors":[],"is_endless":false,"potions_floor_spawned":[1,4,10,16,18,21,23],"killed_by":"Book of Stabbing","ascension_level":20}}