{"host":"t4313i2190y6fz3q","time":1610832184,"event":{"mods":["2.2 Compatiblity","AchievementEnabler","Act Like it!","BaseMod","Colored Powertips","Downfall","Highlight Path","Minty Spire (QoL Compilation)","Permanent Neow","Quick Restart","Rare Cards Sparkle","StSLib"],"gold_per_floor":[117,136,136,311,184,217,242,255,302,320,320,351,351,385,385,385,385],"floor_reached":16,"language":"ENG","playtime":429,"items_purged":["Doubt"],"score":192,"play_id":"9aa3adae-251a-432a-8e4e-41a5c5fb5ec6","local_time":"20210116132304","is_ascension_mode":true,"campfire_choices":[{"floor":11.0,"key":"REST"},{"floor":13.0,"key":"REST"},{"data":"Bane","floor":15.0,"key":"SMITH"}],"circlet_count":0,"master_deck":["AscendersBane","Strike_G","Strike_G","Strike_G","Strike_G","Strike_G","Defend_G","Defend_G","Defend_G","Defend_G","Defend_G","Survivor","Neutralize","Dagger Throw","Dagger Spray","Bane+1","Quick Slash","Glass Knife","Blur","Corpse Explosion","Glass Knife","Catalyst"],"relics":["Ring of the Snake","Golden Idol","The Courier","Boot","PreservedInsect","Anchor"],"acts_visited":["Exordium"],"potions_floor_usage":[],"damage_taken":[{"damage":0.0,"enemies":"2 Louse","floor":1.0,"turns":3.0},{"damage":1.0,"enemies":"Cultist","floor":2.0,"turns":3.0},{"damage":22.0,"enemies":"Gremlin Nob","floor":6.0,"turns":4.0},{"damage":0.0,"enemies":"Small Slimes","floor":7.0,"turns":2.0},{"damage":9.0,"enemies":"Exordium Wildlife","floor":8.0,"turns":2.0},{"damage":7.0,"enemies":"Large Slime","floor":10.0,"turns":5.0},{"damage":10.0,"enemies":"3 Sentries","floor":12.0,"turns":7.0},{"damage":17.0,"enemies":"Lagavulin","floor":14.0,"turns":4.0},{"damage":0,"enemies":"The Guardian","floor":16,"turns":1}],"seed_played":"1948292677420137558","potions_obtained":[{"floor":2.0,"key":"FearPotion"},{"floor":10.0,"key":"GhostInAJar"},{"floor":12.0,"key":"Fruit Juice"}],"is_trial":false,"path_per_floor":["M","M","?","?","$","E","M","M","T","M","R","E","R","E","R","B"],"character_chosen":"THE_SILENT","items_purchased":["Quick Slash"],"campfire_rested":2,"item_purchase_floors":[5],"current_hp_per_floor":[63,62,45,45,45,23,23,14,14,7,28,23,45,28,28,28,28],"gold":385,"neow_bonus":"THREE_CARDS","is_daily":false,"chose_seed":false,"campfire_upgraded":1,"win_rate":0.0,"timestamp":1610832184,"path_taken":["M","M","?","?","$","E","M","M","T","M","R","E","R","E","R","BOSS"],"items_purchased_type":["Card"],"build_version":"2020-12-22","purchased_purges":1,"victory":false,"max_hp_per_floor":[70,70,70,70,70,70,70,70,70,70,70,75,75,75,75,75,75],"card_choices":[{"not_picked":["Escape Plan","Outmaneuver"],"picked":"Dagger Throw","floor":0.0},{"not_picked":["Deadly Poison","Poisoned Stab"],"picked":"Dagger Spray","floor":1.0},{"not_picked":["Tactician","Prepared"],"picked":"Bane","floor":2.0},{"not_picked":["Dodge and Roll","Quick Slash"],"picked":"Glass Knife","floor":6.0},{"not_picked":["Dagger Throw","Quick Slash","Prepared"],"picked":"SKIP","floor":7.0},{"not_picked":["Caltrops","Cloak And Dagger"],"picked":"Blur","floor":8.0},{"not_picked":["Deflect","Outmaneuver"],"picked":"Corpse Explosion","floor":10.0},{"not_picked":["Outmaneuver","PiercingWail"],"picked":"Glass Knife","floor":12.0},{"not_picked":["Bane","Prepared"],"picked":"Catalyst","floor":14.0}],"player_experience":220365,"relics_obtained":[{"floor":6.0,"key":"The Courier"},{"floor":9.0,"key":"Boot"},{"floor":12.0,"key":"PreservedInsect"},{"floor":14.0,"key":"Anchor"}],"event_choices":[{"damage_healed":0.0,"max_hp_gain":0.0,"max_hp_loss":0.0,"gold_gain":0.0,"event_name":"Golden Idol","player_choice":"Take Damage","floor":3.0,"gold_loss":0.0,"damage_taken":17.0,"relics_obtained":["Golden Idol"]},{"damage_healed":0.0,"max_hp_gain":0.0,"max_hp_loss":0.0,"gold_gain":175.0,"event_name":"Liars Game","player_choice":"AGREE","floor":4.0,"gold_loss":0.0,"damage_taken":0.0,"cards_obtained":["Doubt"]}],"is_beta":false,"boss_relics":[],"items_purged_floors":[5],"is_endless":false,"potions_floor_spawned":[2,10,12],"killed_by":"The Guardian","ascension_level":12}}