{"host":"9jj9tzo2iym4bpat","time":1610811457,"event":{"mods":["Act Like it!","BaseMod","CapriCore","Colored Map","Dark Map","Luminous","Marisa????????","Minty Spire (QoL Compilation)","Permanent Neow","StSLib","Td1madao Mod","The Animator","The Immortal","The Marked","The Servant 0.9.4","Yakumo Yukari mod"],"gold_per_floor":[213,213,8,22,71,71,103,122,122,19,37,37,1,11,11,106,106,118,118,128,0,0,0],"floor_reached":22,"language":"ENG","playtime":515,"items_purged":[],"score":221,"play_id":"d967a585-14ed-4221-a832-3aaed3696d34","local_time":"20210116093737","is_ascension_mode":true,"campfire_choices":[{"floor":6,"key":"REST"},{"floor":12,"key":"REST"},{"data":"Flame Barrier","floor":15,"key":"SMITH"}],"circlet_count":0,"master_deck":["Strike_R","Strike_R","Strike_R","Strike_R","Defend_R","Defend_R","Defend_R","Defend_R","Bash","Armaments","Wild Strike","Pommel Strike","Metallicize","Flame Barrier+1","Reaper","Perfected Strike","Cleave","Shrug It Off","Iron Wave","Perfected Strike","Inflame","Feed","Decay","Rage"],"relics":["Burning Blood","Dream Catcher","Centennial Puzzle","Pantograph","PreservedInsect","Black Star"],"acts_visited":["Exordium","TheCity"],"potions_floor_usage":[16,16,22],"damage_taken":[{"damage":8,"enemies":"Jaw Worm","floor":1,"turns":4},{"damage":1,"enemies":"Cultist","floor":4,"turns":3},{"damage":37,"enemies":"Gremlin Nob","floor":7,"turns":6},{"damage":7,"enemies":"2 Louse","floor":8,"turns":4},{"damage":11,"enemies":"Looter","floor":11,"turns":3},{"damage":6,"enemies":"Lots of Slimes","floor":14,"turns":2},{"damage":32,"enemies":"Slime Boss","floor":16,"turns":8},{"damage":55,"enemies":"Chosen","floor":18,"turns":7},{"damage":31,"enemies":"Spheric Guardian","floor":20,"turns":6},{"damage":13,"enemies":"Snake Plant","floor":22,"turns":1}],"seed_played":"-6688803880297455668","potions_obtained":[{"floor":1,"key":"Explosive Potion"},{"floor":7,"key":"ElixirPotion"},{"floor":8,"key":"DuplicationPotion"},{"floor":16,"key":"PowerPotion"},{"floor":18,"key":"Ancient Potion"}],"is_trial":false,"path_per_floor":["M","?","$","M","T","R","E","M","T","$","M","R","$","M","R","B",null,"M","?","M","?","M"],"character_chosen":"IRONCLAD","items_purchased":["Dream Catcher","Pommel Strike","Cleave","Shrug It Off","Inflame"],"campfire_rested":2,"item_purchase_floors":[3,3,10,10,13],"current_hp_per_floor":[78,78,78,80,80,80,49,54,54,54,53,77,77,80,80,54,80,34,34,12,12,0,0],"gold":0,"neow_bonus":"HUNDRED_GOLD","is_daily":false,"chose_seed":false,"campfire_upgraded":1,"win_rate":0.0,"timestamp":1610811457,"path_taken":["M","?","$","M","?","R","E","M","T","?","?","R","$","M","R","BOSS","M","?","?","?","M"],"items_purchased_type":["Relic","Card","Card","Card","Card"],"build_version":"2020-12-22","purchased_purges":0,"victory":false,"max_hp_per_floor":[80,80,80,80,80,80,80,80,80,80,80,80,80,80,80,80,80,83,83,86,86,86,86],"card_choices":[{"not_picked":["Feel No Pain","Blood for Blood"],"picked":"Armaments","floor":1},{"not_picked":["Headbutt","Dropkick"],"picked":"Metallicize","floor":4},{"not_picked":["Cleave","Pommel Strike"],"picked":"Flame Barrier","floor":6},{"not_picked":["Dark Embrace","Blood for Blood"],"picked":"Reaper","floor":7},{"not_picked":["Hemokinesis","Shrug It Off"],"picked":"Perfected Strike","floor":8},{"not_picked":["True Grit","Pummel"],"picked":"Iron Wave","floor":11},{"not_picked":["Body Slam","Clash"],"picked":"Perfected Strike","floor":12},{"not_picked":["Warcry","Iron Wave","Clash"],"picked":"SKIP","floor":14},{"not_picked":["Demon Form","Bludgeon"],"picked":"Feed","floor":16},{"not_picked":["Armaments+1","Thunderclap","Dropkick"],"picked":"SKIP","floor":18},{"not_picked":["Battle Trance","Iron Wave"],"picked":"Rage","floor":20}],"player_experience":262531,"relics_obtained":[{"floor":5,"key":"Centennial Puzzle"},{"floor":7,"key":"Pantograph"},{"floor":9,"key":"PreservedInsect"}],"event_choices":[{"damage_healed":0,"gold_gain":0,"cards_transformed":["Strike_R"],"player_choice":"Change","damage_taken":0,"max_hp_gain":0,"max_hp_loss":0,"event_name":"Living Wall","floor":2,"gold_loss":0,"cards_obtained":["Wild Strike"]},{"damage_healed":0,"gold_gain":0,"player_choice":"Cursed","damage_taken":0,"max_hp_gain":0,"max_hp_loss":0,"event_name":"Wheel of Change","floor":19,"gold_loss":0,"cards_obtained":["Decay"]},{"damage_healed":0,"gold_gain":0,"player_choice":"Paid Fearfully","damage_taken":0,"max_hp_gain":0,"max_hp_loss":0,"event_name":"Masked Bandits","floor":21,"gold_loss":128}],"is_beta":false,"boss_relics":[{"not_picked":["Fusion Hammer","Tiny House"],"picked":"Black Star"}],"items_purged_floors":[],"is_endless":false,"potions_floor_spawned":[1,7,8,16,18],"killed_by":"Snake Plant","ascension_level":4}}