{"host":"4qkvkh7pd9qr2mca","time":1610755459,"event":{"mods":["AchievementEnabler","Act Like it!","BaseMod","Colored Map","Colored Powertips","Highlight Path","Minty Spire (QoL Compilation)","Pale of the Ancients","Permanent Neow","Quick Restart","Relic Stats","StSLib","SuperFastMode"],"gold_per_floor":[115,115,139,159,184,215,215,215,269,309,327,352,352,352,352,450,450,370,370,370,19,19,19,19,19,19,19,19,19,19,19,19,19,19,19,19,19,19,19,19,19,19,19,19,19,19,19,19,19,19,19],"floor_reached":52,"language":"ENG","playtime":3274,"items_purged":[],"score":2103,"play_id":"b3c4af3f-edef-4f9d-b53d-a3413bbaee75","local_time":"20210116010419","is_ascension_mode":true,"campfire_choices":[{"data":"Terror","floor":7,"key":"SMITH"},{"data":"Footwork","floor":13,"key":"SMITH"},{"data":"Glass Knife","floor":15,"key":"SMITH"},{"floor":28,"key":"REST"},{"data":"Well Laid Plans","floor":30,"key":"SMITH"},{"floor":32,"key":"REST"},{"floor":40,"key":"REST"},{"data":"Accuracy","floor":42,"key":"SMITH"},{"floor":47,"key":"REST"},{"floor":49,"key":"REST"}],"circlet_count":0,"master_deck":["AscendersBane","Strike_G","Strike_G","Strike_G","Strike_G","Strike_G","Defend_G","Defend_G","Defend_G","Defend_G","Defend_G","Survivor","Neutralize","Glass Knife+1","Slice","Blur","Terror+1","Blade Dance+1","Footwork+1","PiercingWail+1","Malaise+1","Crippling Poison+1","Well Laid Plans+1","Backflip+1","Corpse Explosion+1","Malaise+1","Blur+1","Blur+1","Night Terror+1","Accuracy+1","Deflect+1","Blade Dance+1","Riddle With Holes","Finisher","Escape Plan+1","Blur+1"],"relics":["Ring of the Snake","Golden Idol","Toxic Egg 2","Boot","Nunchaku","Ectoplasm","Bottled Tornado","Lizard Tail","Darkstone Periapt","Oddly Smooth Stone","Pear","Busted Crown","Vajra","Juzu Bracelet","Omamori","TungstenRod"],"acts_visited":["Exordium","TheCity","TheBeyond"],"potions_floor_usage":[4,6,18,25,41,41,50,51],"damage_taken":[{"damage":0.0,"enemies":"2 Louse","floor":1.0,"turns":3.0},{"damage":1.0,"enemies":"Small Slimes","floor":3.0,"turns":5.0},{"damage":0,"enemies":"Jaw Worm","floor":4,"turns":1},{"damage":13,"enemies":"Lots of Slimes","floor":5,"turns":8},{"damage":0,"enemies":"Gremlin Nob","floor":6,"turns":3},{"damage":17,"enemies":"3 Sentries","floor":10,"turns":7},{"damage":0,"enemies":"3 Louse","floor":11,"turns":3},{"damage":0,"enemies":"Blue Slaver","floor":12,"turns":2},{"damage":13,"enemies":"Slime Boss","floor":16,"turns":9},{"damage":0,"enemies":"2 Thieves","floor":18,"turns":4},{"damage":3,"enemies":"3 Byrds","floor":20,"turns":5},{"damage":2,"enemies":"Snecko","floor":22,"turns":7},{"damage":0,"enemies":"Gremlin Leader","floor":23,"turns":9},{"damage":13,"enemies":"Sentry and Sphere","floor":24,"turns":4},{"damage":9,"enemies":"Book of Stabbing","floor":25,"turns":7},{"damage":4,"enemies":"Gremlin Leader","floor":27,"turns":5},{"damage":0,"enemies":"3 Cultists","floor":31,"turns":3},{"damage":6,"enemies":"Collector","floor":33,"turns":13},{"damage":1,"enemies":"3 Shapes","floor":35,"turns":5},{"damage":2,"enemies":"3 Darklings","floor":36,"turns":3},{"damage":0,"enemies":"4 Shapes","floor":37,"turns":5},{"damage":24,"enemies":"Sphere and 2 Shapes","floor":38,"turns":5},{"damage":26,"enemies":"Reptomancer","floor":41,"turns":8},{"damage":21,"enemies":"Giant Head","floor":44,"turns":7},{"damage":4,"enemies":"Jaw Worm Horde","floor":45,"turns":3},{"damage":4,"enemies":"Nemesis","floor":46,"turns":7},{"damage":2,"enemies":"Writhing Mass","floor":48,"turns":8},{"damage":26,"enemies":"Time Eater","floor":50,"turns":16},{"damage":18,"enemies":"Awakened One","floor":51,"turns":19}],"seed_played":"-5277486272136085258","potions_obtained":[{"floor":3.0,"key":"FearPotion"},{"floor":5,"key":"LiquidMemories"},{"floor":6,"key":"Dexterity Potion"},{"floor":11,"key":"SkillPotion"},{"floor":22,"key":"DuplicationPotion"},{"floor":27,"key":"LiquidBronze"},{"floor":31,"key":"Regen Potion"},{"floor":38,"key":"Swift Potion"},{"floor":41,"key":"Weak Potion"},{"floor":45,"key":"Weak Potion"},{"floor":48,"key":"PowerPotion"}],"is_trial":false,"path_per_floor":["M","?","M","M","M","E","R","?","T","E","M","M","R","T","R","B",null,"M","$","M","$","M","E","M","E","T","E","R","?","R","M","R","B",null,"M","M","M","M","$","R","E","R","T","E","M","E","R","M","R","B","B",null],"character_chosen":"THE_SILENT","items_purchased":["Well Laid Plans","Bottled Tornado"],"campfire_rested":5,"item_purchase_floors":[21,21],"current_hp_per_floor":[59,59,58,58,45,45,45,45,45,28,28,28,28,28,28,15,49,49,49,46,46,44,44,31,22,22,28,49,29,29,29,51,45,68,67,65,65,41,41,63,52,52,52,31,27,23,45,43,65,39,21],"gold":19,"neow_bonus":"ONE_RANDOM_RARE_CARD","is_daily":false,"chose_seed":false,"campfire_upgraded":5,"win_rate":0.0,"timestamp":1610755459,"path_taken":["M","?","M","M","M","E","R","?","T","E","M","M","R","?","R","BOSS","M","$","M","$","?","E","M","E","T","E","R","?","R","M","R","BOSS","M","M","M","M","$","R","E","R","T","E","M","E","R","M","R","BOSS","BOSS"],"items_purchased_type":["Card","Relic"],"build_version":"2020-12-22","purchased_purges":0,"victory":true,"max_hp_per_floor":[66,60,60,60,60,60,60,60,60,60,60,60,60,60,60,60,60,60,60,60,60,60,60,60,60,60,70,70,75,75,75,75,75,75,75,75,75,75,75,75,75,75,75,75,75,75,75,75,75,75,75],"relic_stats":{"Darkstone Periapt":0,"Nunchaku":[38],"Lizard Tail":0,"Busted Crown":18,"counters":[29,184],"Golden Idol":204,"Ectoplasm":656,"Juzu Bracelet":0,"Boot":[242],"obtain_stats":[{"Darkstone Periapt":25,"Pear":27,"Golden Idol":2,"Oddly Smooth Stone":26,"Vajra":41,"Juzu Bracelet":43,"Omamori":44,"Bottled Tornado":21,"Boot":9,"Nunchaku":10,"Lizard Tail":23,"Busted Crown":34,"Ectoplasm":17,"Toxic Egg 2":6,"TungstenRod":46,"Ring of the Snake":0},{"Darkstone Periapt":15,"Pear":16,"Golden Idol":1,"Oddly Smooth Stone":15,"Vajra":23,"Juzu Bracelet":23,"Omamori":24,"Bottled Tornado":11,"Boot":5,"Nunchaku":6,"Lizard Tail":13,"Busted Crown":18,"Ectoplasm":9,"Toxic Egg 2":5,"TungstenRod":26,"Ring of the Snake":0},{"Darkstone Periapt":77,"Pear":82,"Golden Idol":3,"Oddly Smooth Stone":77,"Vajra":124,"Juzu Bracelet":124,"Omamori":131,"Bottled Tornado":50,"Boot":20,"Nunchaku":27,"Lizard Tail":66,"Busted Crown":98,"Ectoplasm":41,"Toxic Egg 2":20,"TungstenRod":141,"Ring of the Snake":0}],"TungstenRod":5,"Ring of the Snake":[58]},"card_choices":[{"not_picked":["Outmaneuver","Deflect","Concentrate"],"picked":"SKIP","floor":1.0},{"not_picked":["Accuracy","Expertise"],"picked":"Slice","floor":3.0},{"not_picked":["Deflect","Crippling Poison"],"picked":"Blur","floor":4},{"not_picked":["Acrobatics","Underhanded Strike"],"picked":"Terror","floor":5},{"not_picked":["Flying Knee","Terror+1"],"picked":"Blade Dance+1","floor":6},{"not_picked":["Deflect+1","Wraith Form v2"],"picked":"Footwork","floor":10},{"not_picked":["Quick Slash","Predator","Dagger Throw"],"picked":"SKIP","floor":11},{"not_picked":["Deflect+1","Prepared+1"],"picked":"PiercingWail+1","floor":12},{"not_picked":["Bullet Time+1","Adrenaline+1"],"picked":"Malaise+1","floor":16},{"not_picked":["Bane","Slice","Backstab"],"picked":"SKIP","floor":18},{"not_picked":["PiercingWail+1","Deadly Poison+1"],"picked":"Crippling Poison+1","floor":20},{"not_picked":["Outmaneuver+1","Catalyst+1"],"picked":"Backflip+1","floor":22},{"not_picked":["Quick Slash+1","All Out Attack"],"picked":"Corpse Explosion+1","floor":23},{"not_picked":["Bane","Backflip+1","Quick Slash"],"picked":"SKIP","floor":24},{"not_picked":["Flying Knee","Dash"],"picked":"Malaise+1","floor":25},{"not_picked":["Footwork","Dagger Throw"],"picked":"Blur+1","floor":27},{"not_picked":["Quick Slash","Masterful Stab"],"picked":"Blur+1","floor":31},{"not_picked":["Glass Knife","Grand Finale"],"picked":"Night Terror+1","floor":33},{"not_picked":[],"picked":"Accuracy","floor":35},{"not_picked":[],"picked":"Deflect+1","floor":36},{"not_picked":[],"picked":"Blade Dance+1","floor":37},{"not_picked":["Riddle With Holes"],"picked":"SKIP","floor":38},{"not_picked":[],"picked":"Riddle With Holes","floor":38},{"not_picked":["Catalyst+1"],"picked":"SKIP","floor":41},{"not_picked":[],"picked":"Finisher","floor":44},{"not_picked":[],"picked":"Escape Plan+1","floor":45},{"not_picked":["Dash"],"picked":"SKIP","floor":46},{"not_picked":[],"picked":"Blur+1","floor":48}],"player_experience":561907,"relics_obtained":[{"floor":6,"key":"Toxic Egg 2"},{"floor":9,"key":"Boot"},{"floor":10,"key":"Nunchaku"},{"floor":23,"key":"Lizard Tail"},{"floor":25,"key":"Darkstone Periapt"},{"floor":26,"key":"Oddly Smooth Stone"},{"floor":27,"key":"Pear"},{"floor":41,"key":"Vajra"},{"floor":43,"key":"Juzu Bracelet"},{"floor":44,"key":"Omamori"},{"floor":46,"key":"TungstenRod"}],"event_choices":[{"damage_healed":0.0,"max_hp_gain":0.0,"max_hp_loss":6.0,"gold_gain":0.0,"event_name":"Golden Idol","player_choice":"Lose Max HP","floor":2.0,"gold_loss":0.0,"damage_taken":0.0,"relics_obtained":["Golden Idol"]},{"damage_healed":0,"gold_gain":0,"player_choice":"Ignored","damage_taken":0,"max_hp_gain":0,"max_hp_loss":0,"event_name":"Liars Game","floor":8,"gold_loss":0},{"damage_healed":0,"gold_gain":0,"player_choice":"Shed Blood","damage_taken":25,"max_hp_gain":5,"max_hp_loss":0,"event_name":"Forgotten Altar","floor":29,"gold_loss":0}],"is_beta":false,"boss_relics":[{"not_picked":["SacredBark","Snecko Eye"],"picked":"Ectoplasm"},{"not_picked":["Velvet Choker","Tiny House"],"picked":"Busted Crown"}],"items_purged_floors":[],"is_endless":false,"potions_floor_spawned":[3,5,6,11,16,22,27,31,38,41,45,48],"ascension_level":20}}