{"host":"q0qnzbgdx8oqogg9","time":1610764811,"event":{"mods":["BaseMod","Minty Spire (QoL Compilation)","Slay-I","StSLib"],"gold_per_floor":[117,135,100,117,131,131,154,154,177,203,216,216,236,256,256,355,355,366,381,400,221,236,236,236,264,264,276,293,293,312,312,312],"floor_reached":31,"language":"ENG","playtime":1380,"items_purged":["Strike_R"],"score":355,"play_id":"e5fdb3bc-7ac6-4f54-ab4f-8249510efdd9","local_time":"20210115214011","is_ascension_mode":true,"campfire_choices":[{"data":"Bash","floor":6,"key":"SMITH"},{"floor":12,"key":"REST"},{"floor":15,"key":"REST"},{"data":"Armaments","floor":23,"key":"SMITH"},{"floor":29,"key":"REST"}],"circlet_count":0,"master_deck":["Strike_R","Strike_R","Strike_R","Defend_R","Defend_R","Defend_R+1","Defend_R","Bash+1","Twin Strike","Flame Barrier","Offering","Headbutt","True Grit+1","Perfected Strike","Ghostly Armor","Spot Weakness","Demon Form","Evolve","Power Through+1","Armaments+1","Heavy Blade","Wild Strike"],"relics":["SlaversCollar","Odd Mushroom","Akabeko","War Paint","Busted Crown","Mummified Hand","TungstenRod"],"acts_visited":["Exordium","TheCity"],"potions_floor_usage":[5,7,10,18,20,20,22,25],"damage_taken":[{"damage":14,"enemies":"2 Louse","floor":1,"turns":4},{"damage":0,"enemies":"Small Slimes","floor":2,"turns":4},{"damage":3,"enemies":"Jaw Worm","floor":4,"turns":4},{"damage":1,"enemies":"Looter","floor":5,"turns":4},{"damage":26,"enemies":"The Mushroom Lair","floor":7,"turns":5},{"damage":14,"enemies":"Lagavulin","floor":10,"turns":5},{"damage":16,"enemies":"Gremlin Gang","floor":11,"turns":7},{"damage":16,"enemies":"Lots of Slimes","floor":13,"turns":5},{"damage":3,"enemies":"2 Fungi Beasts","floor":14,"turns":3},{"damage":2,"enemies":"The Guardian","floor":16,"turns":13},{"damage":10,"enemies":"Shell Parasite","floor":18,"turns":4},{"damage":1,"enemies":"Spheric Guardian","floor":19,"turns":3},{"damage":9,"enemies":"Centurion and Healer","floor":20,"turns":5},{"damage":12,"enemies":"Snecko","floor":22,"turns":6},{"damage":21,"enemies":"Slavers","floor":25,"turns":4},{"damage":16,"enemies":"Snake Plant","floor":27,"turns":4},{"damage":1,"enemies":"Centurion and Healer","floor":28,"turns":11},{"damage":21,"enemies":"Chosen and Byrds","floor":30,"turns":6},{"damage":9,"enemies":"3 Cultists","floor":31,"turns":3}],"seed_played":"5329641861472956376","potions_obtained":[{"floor":1,"key":"LiquidMemories"},{"floor":4,"key":"EssenceOfSteel"},{"floor":5,"key":"CultistPotion"},{"floor":13,"key":"Energy Potion"},{"floor":16,"key":"LiquidMemories"},{"floor":18,"key":"AttackPotion"},{"floor":19,"key":"SkillPotion"},{"floor":30,"key":"BlessingOfTheForge"}],"is_trial":false,"path_per_floor":["M","M","?","M","M","R","?","?","T","E","M","R","M","M","R","B",null,"M","M","M","$","M","R","?","E","T","M","M","R","M","M"],"character_chosen":"IRONCLAD","items_purchased":["Armaments","Swift Potion"],"campfire_rested":3,"item_purchase_floors":[21,21],"current_hp_per_floor":[58,58,78,75,74,74,48,48,48,34,18,42,26,23,47,45,71,61,60,51,51,39,39,39,18,18,2,1,25,4,0,0],"gold":312,"neow_bonus":"BOSS_RELIC","is_daily":false,"chose_seed":false,"campfire_upgraded":2,"win_rate":0.0,"timestamp":1610764811,"path_taken":["M","M","?","M","M","R","?","?","T","E","M","R","?","M","R","BOSS","M","M","M","$","M","R","?","E","T","M","?","R","M","M"],"items_purchased_type":["Card","Potion"],"build_version":"2020-12-22","purchased_purges":1,"victory":false,"max_hp_per_floor":[80,80,80,80,80,80,80,80,80,80,80,80,80,80,80,80,80,80,80,80,80,80,80,80,80,80,80,80,80,80,80,80],"card_choices":[{"not_picked":["Rupture","Shrug It Off"],"picked":"Twin Strike","floor":1},{"not_picked":["Havoc","Anger"],"picked":"Flame Barrier","floor":2},{"not_picked":["Second Wind","Body Slam","Infernal Blade"],"picked":"SKIP","floor":4},{"not_picked":["Infernal Blade","Anger"],"picked":"Offering","floor":5},{"not_picked":["Armaments","Sever Soul"],"picked":"Headbutt","floor":7},{"not_picked":["Dropkick","Pommel Strike"],"picked":"True Grit","floor":10},{"not_picked":["Heavy Blade","True Grit"],"picked":"Perfected Strike","floor":11},{"not_picked":["Heavy Blade","Dual Wield"],"picked":"Ghostly Armor","floor":13},{"not_picked":["Hemokinesis","Dark Embrace"],"picked":"Spot Weakness","floor":14},{"not_picked":["Brutality","Impervious"],"picked":"Demon Form","floor":16},{"not_picked":["Blood for Blood"],"picked":"SKIP","floor":18},{"not_picked":[],"picked":"Evolve","floor":19},{"not_picked":[],"picked":"Power Through+1","floor":20},{"not_picked":[],"picked":"Heavy Blade","floor":22},{"not_picked":["Offering"],"picked":"SKIP","floor":25},{"not_picked":["Twin Strike"],"picked":"SKIP","floor":27},{"not_picked":["Heavy Blade+1"],"picked":"SKIP","floor":28},{"not_picked":[],"picked":"Wild Strike","floor":30}],"player_experience":223636,"relics_obtained":[{"floor":7,"key":"Odd Mushroom"},{"floor":9,"key":"Akabeko"},{"floor":10,"key":"War Paint"},{"floor":25,"key":"Mummified Hand"},{"floor":26,"key":"TungstenRod"}],"event_choices":[{"damage_healed":20,"gold_gain":0,"player_choice":"Healed","damage_taken":0,"max_hp_gain":0,"max_hp_loss":0,"event_name":"The Cleric","floor":3,"gold_loss":35},{"damage_healed":0,"gold_gain":0,"player_choice":"Fought Mushrooms","damage_taken":0,"max_hp_gain":0,"max_hp_loss":0,"event_name":"Mushrooms","floor":7,"gold_loss":0},{"damage_healed":0,"gold_gain":0,"player_choice":"Ignored","damage_taken":0,"max_hp_gain":0,"max_hp_loss":0,"event_name":"Liars Game","floor":8,"gold_loss":0},{"cards_removed":["Strike_R"],"damage_healed":0,"gold_gain":0,"player_choice":"Purged","damage_taken":0,"max_hp_gain":0,"max_hp_loss":0,"event_name":"Purifier","floor":24,"gold_loss":0}],"is_beta":false,"boss_relics":[{"not_picked":["Astrolabe","Runic Pyramid"],"picked":"Busted Crown"}],"items_purged_floors":[21],"is_endless":false,"potions_floor_spawned":[1,4,5,13,16,18,19,30],"killed_by":"3 Cultists","ascension_level":7}}