{"host":"xm0tf1maiknh0fp9","time":1610771859,"event":{"mods":["BaseMod","Colored Map","Colored Powertips","Googly Eyes","Minty Spire (QoL Compilation)","Replay The Spire","StSLib"],"gold_per_floor":[15,65,152,164,69,103,103,29,29,57,70,70,100,115,115,115,115,128,53,69,69,97,97,426,346,396,321,321,321,321,332,332,437,437,437,437,437,474,484,484,515,94,118,118,130,130,155,170,170,170],"floor_reached":51,"language":"ENG","playtime":1727,"items_purged":["Regret"],"score":1153,"play_id":"fac94a03-5bc4-43cb-88a9-e87f5cac016d","local_time":"20210115233739","is_ascension_mode":true,"campfire_choices":[{"data":"ReplayTheSpireMod:Scrap Shanks","floor":7.0,"key":"SMITH"},{"floor":12.0,"key":"REST"},{"floor":15.0,"key":"REST"},{"data":"Accuracy","floor":23.0,"key":"SMITH"},{"floor":32.0,"key":"REST"},{"data":"Prepared","floor":40,"key":"SMITH"},{"data":"Tactician","floor":44,"key":"SMITH"},{"floor":49,"key":"REST"}],"circlet_count":0,"master_deck":["Strike_G+1","Strike_G+1","Strike_G","Defend_G","Defend_G","Defend_G","Defend_G","Defend_G","Survivor","Neutralize+1","Adrenaline","Dagger Throw","Backstab","Prepared+1","ReplayTheSpireMod:Scrap Shanks+1","Concentrate","Finisher","Prepared+1","Underhanded Strike","Die Die Die","Backstab","Accuracy+1","Shame","Amnesia","Accuracy+1","Tactician+1","Hallucinations","Adrenaline","Flash of Steel","Flash of Steel","Normality","ReplayTheSpireMod:IOU","ReplayTheSpireMod:Splinters","Prepared+1","Prepared+1","Master of Strategy","Finesse","Acrobatics+1","Tactician+1","Overencumbered"],"relics":["Ring of the Serpent","Ring of Fury","Ring of Greed","MawBank","Replay:Wax Seal","ClockworkSouvenir","Potion Belt","Pocketwatch","White Beast Statue","Darkstone Periapt","Toy Ornithopter","Old Coin","ReplayTheSpireMod:Lightbulb","Frozen Egg 2","Lizard Tail","Strawberry","Empty Cage","Du-Vu Doll","Simple Rune","DollysMirror","Orichalcum","Iron Hammer"],"acts_visited":["Exordium","TheCity","TheBeyond"],"potions_floor_usage":[41,41,41,41,47,50,50],"damage_taken":[{"damage":0.0,"enemies":"Small Slimes","floor":1.0,"turns":2.0},{"damage":9.0,"enemies":"Gremlin Nob","floor":6.0,"turns":4.0},{"damage":32.0,"enemies":"Replay:BlueRogue","floor":8.0,"turns":5.0},{"damage":9.0,"enemies":"Lagavulin","floor":10.0,"turns":5.0},{"damage":0.0,"enemies":"Jaw Worm","floor":11.0,"turns":1.0},{"damage":7.0,"enemies":"3 Sentries","floor":13.0,"turns":5.0},{"damage":4.0,"enemies":"2 Louse","floor":14.0,"turns":2.0},{"damage":14.0,"enemies":"Hexaghost","floor":16.0,"turns":6.0},{"damage":0.0,"enemies":"3 Byrds","floor":18.0,"turns":3.0},{"damage":14.0,"enemies":"Shell Parasite","floor":20.0,"turns":2.0},{"damage":23.0,"enemies":"Slavers","floor":24.0,"turns":4.0},{"damage":7.0,"enemies":"Cultist and Chosen","floor":25.0,"turns":3.0},{"damage":17.0,"enemies":"Book of Stabbing","floor":27.0,"turns":3.0},{"damage":34.0,"enemies":"Snake Plant","floor":31.0,"turns":3.0},{"damage":70.0,"enemies":"Automaton","floor":33.0,"turns":7.0},{"damage":11.0,"enemies":"Orb Walker","floor":35.0,"turns":2.0},{"damage":0,"enemies":"3 Darklings","floor":39,"turns":3},{"damage":26,"enemies":"Nemesis","floor":41,"turns":5},{"damage":0,"enemies":"Transient","floor":45,"turns":5},{"damage":0,"enemies":"Reptomancer","floor":47,"turns":2},{"damage":0,"enemies":"Sphere and 2 Shapes","floor":48,"turns":2},{"damage":12,"enemies":"Donu and Deca","floor":50,"turns":3}],"seed_played":"1369030785542549060","potions_obtained":[{"floor":8.0,"key":"LifebloodPotion"},{"floor":10.0,"key":"DuplicationPotion"},{"floor":11.0,"key":"Fire Potion"},{"floor":13.0,"key":"SkillPotion"},{"floor":14.0,"key":"SpeedPotion"},{"floor":16.0,"key":"Explosive Potion"},{"floor":18.0,"key":"Weak Potion"},{"floor":20.0,"key":"Elixir"},{"floor":24.0,"key":"LiquidBronze"},{"floor":25.0,"key":"Fire Potion"},{"floor":27.0,"key":"Weak Potion"},{"floor":31.0,"key":"Cursed Concoction"},{"floor":33.0,"key":"SteroidPotion"},{"floor":35,"key":"BlessingOfTheForge"},{"floor":39,"key":"DistilledChaos"},{"floor":41,"key":"SkillPotion"},{"floor":45,"key":"Elixir"},{"floor":47,"key":"DuplicationPotion"},{"floor":48,"key":"Languid Potion"}],"is_trial":false,"path_per_floor":["M","?","?","?","$","E","R","E","T","E","M","R","E","M","R","B",null,"M","$","M","?","$","R","E","M","T","E","?","?","T","M","R","B",null,"M","?","?","?","M","R","E","$","T","R","M","?","E","M","R_BF","B",null],"character_chosen":"THE_SILENT","items_purchased":["ClockworkSouvenir","Backstab","Prepared","ReplayTheSpireMod:Scrap Shanks","Accuracy","DollysMirror","Master of Strategy","Finesse"],"campfire_rested":4,"item_purchase_floors":[5,5,5,5,22,42,42,42],"current_hp_per_floor":[70,70,59,59,59,50,50,18,18,9,15,37,30,26,48,44,76,76,76,67,67,79,79,84,77,77,75,75,75,82,48,81,22,119,108,98,98,87,87,87,81,81,81,81,81,81,86,92,134,132],"gold":170,"neow_bonus":"TRANSFORM_TWO_CARDS","is_daily":false,"chose_seed":false,"campfire_upgraded":4,"win_rate":0.0,"timestamp":1610771859,"path_taken":["M","?","?","?","$","E","R","E","T","E","M","R","E","M","R","BOSS","M","$","M","?","?","R","E","M","T","E","?","?","?","?","R","BOSS","M","?","?","?","M","R","E","?","T","R","?","?","E","M","R_BF","BOSS"],"items_purchased_type":["Relic","Card","Card","Card","Card","Relic","Card","Card"],"build_version":"2020-12-22","purchased_purges":1,"victory":true,"max_hp_per_floor":[70,70,70,70,70,70,70,70,70,70,76,76,76,76,76,76,76,76,76,76,76,88,88,106,106,106,106,106,106,113,113,113,119,119,119,119,119,137,137,137,137,137,137,137,137,137,137,143,143,143],"card_choices":[{"not_picked":["Dodge and Roll","Finisher","Outmaneuver"],"picked":"SKIP","floor":1.0},{"not_picked":["Caltrops","Riddle With Holes"],"picked":"Concentrate","floor":6.0},{"not_picked":["Dagger Spray","Outmaneuver","Endless Agony"],"picked":"SKIP","floor":8.0},{"not_picked":["All Out Attack","Quick Slash"],"picked":"Finisher","floor":10.0},{"not_picked":["Dagger Spray","Endless Agony"],"picked":"Prepared","floor":11.0},{"not_picked":["Choke","ReplayTheSpireMod:From All Sides"],"picked":"Underhanded Strike","floor":13.0},{"not_picked":["Draining Mist","Dagger Spray","Deflect"],"picked":"SKIP","floor":14.0},{"not_picked":["Corpse Explosion","Replay:Bag of Tricks"],"picked":"Die Die Die","floor":16.0},{"not_picked":["Quick Slash","Skewer+1","Catalyst"],"picked":"SKIP","floor":18.0},{"not_picked":["Deadly Poison+1","Flying Knee+1"],"picked":"Backstab","floor":20.0},{"not_picked":["Setup","Heel Hook","Leg Sweep+1"],"picked":"SKIP","floor":24.0},{"not_picked":["Dagger Spray","Deadly Poison","Flying Knee"],"picked":"SKIP","floor":25.0},{"not_picked":["Backflip+1","Hidden Blade+1"],"picked":"Accuracy+1","floor":27.0},{"not_picked":["Fluid Movement+1","Choke"],"picked":"Tactician","floor":31.0},{"not_picked":["Venomology","Night Terror"],"picked":"Adrenaline","floor":33.0},{"not_picked":["Backflip+1","Flying Knee+1","Slice"],"picked":"SKIP","floor":35},{"not_picked":["Specialist+1","Midas Touch"],"picked":"Flash of Steel","floor":36},{"not_picked":["Transmutation","Dramatic Entrance"],"picked":"Flash of Steel","floor":36},{"not_picked":["Bane","Footwork+1"],"picked":"Prepared+1","floor":38},{"not_picked":["Backflip+1","Setup+1","Terror+1"],"picked":"SKIP","floor":39},{"not_picked":["Quick Slash","Sucker Punch+1","Slice"],"picked":"SKIP","floor":41},{"not_picked":["Dodge and Roll","Caltrops+1"],"picked":"Acrobatics+1","floor":45},{"not_picked":["Flying Knee","Endless Agony","Bane"],"picked":"SKIP","floor":47},{"not_picked":["PiercingWail+1","Backstab","Heel Hook+1"],"picked":"SKIP","floor":48}],"player_experience":125218,"relics_obtained":[{"floor":2.0,"key":"Ring of Fury"},{"floor":2.0,"key":"Ring of Greed"},{"floor":2.0,"key":"MawBank"},{"floor":2.0,"key":"Replay:Wax Seal"},{"floor":6.0,"key":"Potion Belt"},{"floor":8.0,"key":"Pocketwatch"},{"floor":9.0,"key":"White Beast Statue"},{"floor":10.0,"key":"Darkstone Periapt"},{"floor":13.0,"key":"Toy Ornithopter"},{"floor":24.0,"key":"Old Coin"},{"floor":26.0,"key":"ReplayTheSpireMod:Lightbulb"},{"floor":27.0,"key":"Frozen Egg 2"},{"floor":30.0,"key":"Strawberry"},{"floor":38,"key":"Du-Vu Doll"},{"floor":41,"key":"Simple Rune"},{"floor":43,"key":"Orichalcum"},{"floor":47,"key":"Iron Hammer"}],"event_choices":[{"damage_healed":0.0,"max_hp_gain":0.0,"max_hp_loss":0.0,"gold_gain":75.0,"event_name":"World of Goop","player_choice":"Gather Gold","floor":3.0,"gold_loss":0.0,"damage_taken":11.0},{"damage_healed":0.0,"max_hp_gain":0.0,"max_hp_loss":0.0,"gold_gain":0.0,"event_name":"Upgrade Shrine","player_choice":"Upgraded","floor":21.0,"gold_loss":0.0,"damage_taken":0.0,"cards_upgraded":["Prepared"]},{"damage_healed":0.0,"max_hp_gain":0.0,"max_hp_loss":0.0,"gold_gain":0.0,"event_name":"Ghosts","player_choice":"Ignored","floor":29.0,"gold_loss":0.0,"damage_taken":0.0},{"damage_healed":0,"gold_gain":0,"player_choice":"Memory 3","damage_taken":10,"max_hp_gain":0,"max_hp_loss":0,"event_name":"SensoryStone","floor":36,"gold_loss":0},{"damage_healed":0,"gold_gain":0,"player_choice":"Ignored","damage_taken":0,"max_hp_gain":0,"max_hp_loss":0,"event_name":"Tomb of Lord Red Mask","floor":37,"gold_loss":0},{"damage_healed":0,"gold_gain":0,"player_choice":"Copied","damage_taken":0,"max_hp_gain":0,"max_hp_loss":0,"event_name":"Duplicator","floor":46,"gold_loss":0,"cards_obtained":["Tactician"]}],"is_beta":false,"boss_relics":[{"not_picked":["Replay:Grab Bag","Cursed Key"],"picked":"Ring of the Serpent"},{"not_picked":["Ring of Chaos","ReplayTheSpireMod:DimensionalGlitch"],"picked":"Empty Cage"}],"items_purged_floors":[19],"is_endless":false,"potions_floor_spawned":[8,10,11,13,14,16,18,20,24,25,27,31,33,35,39,41,45,47,48],"ascension_level":3}}