{"host":"kdt6w7ix8lwe69i9","time":1610759199,"event":{"mods":["100% Spire Juice","Bartender","BaseMod","ChefMod","Downfall","Fiend Mod","Jorbs\u0027s Wanderer Trilogy","Minty Spire (QoL Compilation)","Reimu（博丽灵梦）","Robot Space Explorer","Shade Mod","StSLib","The Caster","The Cursed","The Disciple","The Dragon Tamer","The Druid","The Fake Hero","The Forsaken","The Gatherer","The Marked","TheBandit","TheSwordswoman"],"gold_per_floor":[510,785,797,44,44,77,77,92,92,106,31,31,45,45,45,45,45],"floor_reached":16,"language":"ENG","playtime":581,"items_purged":["luka_mod:Wait"],"score":127,"play_id":"46b41fbd-6163-41d2-aed9-9a28ef7aa507","local_time":"20210115200639","is_ascension_mode":false,"campfire_choices":[{"data":"Mayhem","floor":7,"key":"SMITH"},{"data":"luka_mod:Edging","floor":12,"key":"SMITH"},{"floor":15,"key":"REST"}],"circlet_count":0,"master_deck":["luka_mod:StrikeLukaOne","luka_mod:StrikeLukaTwo","luka_mod:StrikeLukaThree","luka_mod:StrikeLukaFour","luka_mod:StrikeLukaFive","luka_mod:StrikeLukaSix","luka_mod:Salt","luka_mod:Guard","luka_mod:Edging+1","luka_mod:FlailWildly","luka_mod:Meditation","luka_mod:WaterSlash","Regret","luka_mod:Overexert","Mayhem+1","luka_mod:AngryLuka","luka_mod:WaterSlash+1","luka_mod:EndlessGuard","luka_mod:Gnome"],"relics":["luka_mod:KeepsakeRing","NeowsBlessing","White Beast Statue","Incense Burner","Molten Egg 2","MealTicket"],"acts_visited":["Exordium"],"potions_floor_usage":[13,14,16,16],"damage_taken":[{"damage":0,"enemies":"2 Louse","floor":1,"turns":1},{"damage":0,"enemies":"Cultist","floor":3,"turns":1},{"damage":0,"enemies":"3 Sentries","floor":6,"turns":1},{"damage":11,"enemies":"Small Slimes","floor":8,"turns":4},{"damage":2,"enemies":"Exordium Wildlife","floor":10,"turns":3},{"damage":0,"enemies":"Blue Slaver","floor":13,"turns":1},{"damage":0,"enemies":"3 Louse","floor":14,"turns":1},{"damage":0,"enemies":"Slime Boss","floor":16,"turns":3}],"seed_played":"-5215995958666911391","potions_obtained":[{"floor":1,"key":"AttackPotion"},{"floor":6,"key":"PowerPotion"},{"floor":8,"key":"Dexterity Potion"},{"floor":13,"key":"SmokeBomb"}],"is_trial":false,"path_per_floor":["M","?","M","$","?","E","R","M","T","M","$","R","M","M","R","B"],"character_chosen":"LUKA_CLASS","items_purchased":["White Beast Statue","Incense Burner","Mayhem"],"campfire_rested":1,"item_purchase_floors":[4,4,4],"current_hp_per_floor":[40,40,40,40,40,40,40,40,40,38,40,40,3,3,15,1,1],"gold":45,"neow_bonus":"THREE_ENEMY_KILL","is_daily":false,"chose_seed":false,"campfire_upgraded":2,"win_rate":0.0,"timestamp":1610759199,"path_taken":["M","?","?","?","?","E","R","M","T","M","?","R","M","M","R","BOSS"],"items_purchased_type":["Relic","Relic","Card"],"build_version":"2020-12-22","purchased_purges":1,"victory":false,"max_hp_per_floor":[40,40,40,40,40,40,40,40,40,40,40,40,42,42,42,42,42],"card_choices":[{"not_picked":["luka_mod:HeavenlyDemonRevival","luka_mod:OiAlice"],"picked":"luka_mod:WaterSlash","floor":1},{"not_picked":["luka_mod:DeathSwordChaosStar","luka_mod:WaterSlash"],"picked":"luka_mod:Overexert","floor":3},{"not_picked":["luka_mod:Feel","luka_mod:EarthRumblingDecapitation+1"],"picked":"luka_mod:AngryLuka","floor":6},{"not_picked":["luka_mod:PeacePreach","luka_mod:Feel"],"picked":"luka_mod:WaterSlash+1","floor":8},{"not_picked":["luka_mod:Overexert+1","luka_mod:IliasesJudgement+1"],"picked":"luka_mod:EndlessGuard","floor":10},{"not_picked":["luka_mod:HeroicStrike+1","luka_mod:WindSlash+1"],"picked":"luka_mod:Gnome","floor":13}],"player_experience":1828533,"relics_obtained":[{"floor":6,"key":"Molten Egg 2"},{"floor":9,"key":"MealTicket"}],"event_choices":[{"damage_healed":0,"gold_gain":275,"player_choice":"Desecrate","damage_taken":0,"max_hp_gain":0,"max_hp_loss":0,"event_name":"Golden Shrine","floor":2,"gold_loss":0,"cards_obtained":["Regret"]},{"cards_removed":["luka_mod:Surrender"],"damage_healed":0,"gold_gain":0,"player_choice":"Forget","damage_taken":0,"max_hp_gain":0,"max_hp_loss":0,"event_name":"Living Wall","floor":5,"gold_loss":0}],"is_beta":false,"boss_relics":[],"items_purged_floors":[11],"is_endless":false,"potions_floor_spawned":[1,6,8,10,13,14],"killed_by":"Slime Boss","ascension_level":0}}