{"host":"r2b8ojg4o4pyvjvq","time":1610815520,"event":{"mods":["Arknights The Spire","BaseMod","Colored Map","Highlight Path","Hubris","Minty Spire (QoL Compilation)","Quick Restart","Replay The Spire","StSLib","SuperFastMode"],"gold_per_floor":[110,127,127,127,13,48,48,75,75,90,90,15,33,48,48,147,147,164,181,121,81,81,115,115,115],"floor_reached":24,"language":"ENG","playtime":805,"items_purged":["ats:Strike S"],"score":249,"play_id":"35ec7ee3-ee8c-4428-9929-244972456e46","local_time":"20210116174520","is_ascension_mode":false,"campfire_choices":[{"data":"ats:Cat Scratch","floor":7,"key":"SMITH"},{"data":"ats:Overload","floor":11,"key":"SMITH"},{"data":"ats:Wolf Pack","floor":15,"key":"SMITH"}],"circlet_count":0,"master_deck":["ats:Strike C","ats:Strike G+1","ats:Strike V","ats:Armor Crushing Shot","ats:Defend+1","ats:Defend","ats:Defend","ats:Defend","ats:Emotion Absorption","ats:Cat Scratch+1","ats:Shadow Assault+1","ats:Overload+1","ats:Explosion Area Strengthen","ats:Wolf Pack+1","ats:Soul Rend","ats:Hammer On+1","ats:Apocalypse"],"relics":["ats:Sanity","NeowsBlessing","ats:Originium","Mummified Hand","Tiny Chest","ats:Military Tradition","ats:Omniscience","Happy Flower"],"acts_visited":["Exordium","TheCity"],"potions_floor_usage":[8,16,16,23],"damage_taken":[{"damage":0,"enemies":"2 Louse","floor":1,"turns":1},{"damage":0,"enemies":"Jaw Worm","floor":2,"turns":1},{"damage":0,"enemies":"Lagavulin","floor":6,"turns":1},{"damage":20,"enemies":"Gremlin Nob","floor":8,"turns":4},{"damage":1,"enemies":"Cultist","floor":10,"turns":3},{"damage":4,"enemies":"Red Slaver","floor":13,"turns":2},{"damage":4,"enemies":"Blue Slaver","floor":14,"turns":2},{"damage":28,"enemies":"Hexaghost","floor":16,"turns":8},{"damage":0,"enemies":"Chosen","floor":18,"turns":6},{"damage":4,"enemies":"3 Byrds","floor":19,"turns":5},{"damage":81,"enemies":"Gremlin Leader","floor":23,"turns":11},{"damage":19,"enemies":"Snake Plant","floor":24,"turns":3}],"seed_played":"-4116017409428581750","potions_obtained":[{"floor":1,"key":"Adrenaline Potion"},{"floor":6,"key":"Explosive Potion"},{"floor":8,"key":"AttackPotion"},{"floor":18,"key":"Energy Potion"},{"floor":19,"key":"SpeedPotion"}],"is_trial":false,"path_per_floor":["M","M","?","?","$","E","R","E","T","M","R","$","M","M","R","B",null,"M","M","?","?","T","E","M"],"character_chosen":"DOCTOR_CLASS","items_purchased":["ats:Shadow Assault+1"],"campfire_rested":0,"item_purchase_floors":[5],"current_hp_per_floor":[72,72,77,77,77,77,77,57,57,56,56,56,52,48,48,20,77,77,73,73,73,73,10,0,0],"gold":115,"neow_bonus":"THREE_ENEMY_KILL","is_daily":false,"chose_seed":false,"campfire_upgraded":3,"win_rate":0.0,"timestamp":1610815520,"path_taken":["M","M","?","?","?","E","R","E","T","?","R","$","M","M","R","BOSS","M","M","?","?","?","E","M"],"items_purchased_type":["Card"],"build_version":"2020-12-22","purchased_purges":1,"victory":false,"max_hp_per_floor":[72,72,77,77,77,77,77,77,77,77,77,77,77,77,77,77,77,77,77,77,77,77,77,77,77],"card_choices":[{"not_picked":["ats:Composite Medical Shells","ats:Apocalypse","ats:Ignite"],"picked":"SKIP","floor":1},{"not_picked":["ats:Childhood Dance","ats:Assault Order"],"picked":"ats:Cat Scratch","floor":2},{"not_picked":["ats:Part Time Job","ats:Automatic Cover","ats:LN2 Cannon"],"picked":"SKIP","floor":6},{"not_picked":["ats:Curse Doll","ats:LN2 Cannon"],"picked":"ats:Overload","floor":8},{"not_picked":["ats:Poison Spread","ats:Burning Ground"],"picked":"ats:Explosion Area Strengthen","floor":10},{"not_picked":["ats:Flexible Camouflage","ats:Explosion Area Strengthen"],"picked":"ats:Wolf Pack","floor":13},{"not_picked":["ats:Powerful Strike","ats:Childhood Dance","ats:Burning Ground"],"picked":"SKIP","floor":14},{"not_picked":["ats:Shadow Assault","ats:Fractured Body"],"picked":"ats:Soul Rend","floor":16},{"not_picked":["ats:Poison Spread+1","ats:Steam Pump"],"picked":"ats:Hammer On+1","floor":18},{"not_picked":["ats:Consecutive Shot Auto+1","ats:Shell Defense"],"picked":"ats:Apocalypse","floor":19},{"not_picked":["ats:Hook Shot","ats:Leaping Hammer","ats:Durian"],"picked":"SKIP","floor":23}],"player_experience":380591,"relics_obtained":[{"floor":6,"key":"ats:Originium"},{"floor":6,"key":"Mummified Hand"},{"floor":8,"key":"ats:Originium"},{"floor":8,"key":"Tiny Chest"},{"floor":9,"key":"ats:Military Tradition"},{"floor":23,"key":"ats:Originium"},{"floor":23,"key":"Happy Flower"}],"event_choices":[{"damage_healed":0,"gold_gain":0,"player_choice":"Donut","damage_taken":0,"max_hp_gain":5,"max_hp_loss":0,"event_name":"Big Fish","floor":3,"gold_loss":0},{"damage_healed":0,"gold_gain":0,"player_choice":"Upgraded Two","damage_taken":0,"max_hp_gain":0,"max_hp_loss":0,"event_name":"Designer","floor":21,"gold_loss":40,"cards_upgraded":["ats:Strike G","ats:Defend"]}],"is_beta":false,"boss_relics":[{"not_picked":["Cursed Key","Replay:Grab Bag"],"picked":"ats:Omniscience"}],"items_purged_floors":[12],"is_endless":false,"potions_floor_spawned":[1,6,8,18,19],"killed_by":"Snake Plant","ascension_level":0}}