{"host":"bpjv6cqpnmybtr57","time":1610765746,"event":{"mods":["BaseMod","Bestiary","Minty Spire (QoL Compilation)","Relic Stats"],"gold_per_floor":[117,133,113,13,31,57,57,88,88,106,122,45,45,45,45,146,146,165,165,182,199,210,243,257,257,333,351,386,386,101,126,126,228,228,246,265,265,265,265,265,277,303,329,364,374,374,218,230,230,230,230,230,130,157,157,157],"floor_reached":55,"language":"ENG","playtime":1561,"items_purged":["Strike_R","Strike_R"],"score":772,"play_id":"0b0c7baa-a1e8-445c-81d2-0fe7bba3ca69","local_time":"20210115185546","is_ascension_mode":false,"campfire_choices":[{"data":"Whirlwind","floor":7,"key":"SMITH"},{"data":"Pummel","floor":13,"key":"SMITH"},{"data":"Shrug It Off","floor":15,"key":"SMITH"},{"data":"Inflame","floor":25,"key":"SMITH"},{"floor":32,"key":"REST"},{"data":"Inflame","floor":40,"key":"SMITH"},{"floor":46,"key":"RECALL"},{"floor":49,"key":"REST"},{"data":"Feel No Pain","floor":52,"key":"SMITH"}],"circlet_count":0,"master_deck":["Strike_R","Strike_R+1","Defend_R","Defend_R","Defend_R","Defend_R","Bash+1","Shrug It Off+1","Pummel+1","Whirlwind+1","Clothesline","Dropkick","Spot Weakness","Inflame+1","Feed","Inflame+1","Dark Embrace+1","Disarm+1","Double Tap","Feel No Pain+1","Flex"],"relics":["Burning Blood","NeowsBlessing","Bag of Marbles","Ice Cream","Mercury Hourglass","Busted Crown","Mummified Hand","Shuriken","Dead Branch","Lizard Tail","FossilizedHelix","Sozu","Happy Flower","Oddly Smooth Stone","Whetstone","Red Skull","Du-Vu Doll"],"acts_visited":["Exordium","TheCity","TheBeyond","TheEnding"],"potions_floor_usage":[23,33],"damage_taken":[{"damage":0,"enemies":"Cultist","floor":1,"turns":1},{"damage":0,"enemies":"Small Slimes","floor":2,"turns":1},{"damage":0,"enemies":"Jaw Worm","floor":5,"turns":1},{"damage":28,"enemies":"Gremlin Nob","floor":6,"turns":5},{"damage":24,"enemies":"3 Sentries","floor":8,"turns":6},{"damage":16,"enemies":"Blue Slaver","floor":10,"turns":3},{"damage":5,"enemies":"Lots of Slimes","floor":11,"turns":2},{"damage":38,"enemies":"The Guardian","floor":16,"turns":11},{"damage":13,"enemies":"3 Byrds","floor":18,"turns":3},{"damage":10,"enemies":"Spheric Guardian","floor":20,"turns":3},{"damage":20,"enemies":"Centurion and Healer","floor":21,"turns":4},{"damage":5,"enemies":"Cultist and Chosen","floor":22,"turns":3},{"damage":0,"enemies":"Slavers","floor":23,"turns":1},{"damage":3,"enemies":"Snecko","floor":24,"turns":3},{"damage":10,"enemies":"Chosen and Byrds","floor":27,"turns":2},{"damage":31,"enemies":"Book of Stabbing","floor":28,"turns":4},{"damage":35,"enemies":"Slavers","floor":31,"turns":3},{"damage":81,"enemies":"Champ","floor":33,"turns":15},{"damage":0,"enemies":"3 Darklings","floor":35,"turns":2},{"damage":0,"enemies":"Orb Walker","floor":36,"turns":3},{"damage":0,"enemies":"3 Darklings","floor":41,"turns":1},{"damage":32,"enemies":"Giant Head","floor":42,"turns":6},{"damage":22,"enemies":"Reptomancer","floor":44,"turns":4},{"damage":16,"enemies":"Spire Growth","floor":45,"turns":3},{"damage":4,"enemies":"Maw","floor":48,"turns":4},{"damage":28,"enemies":"Donu and Deca","floor":50,"turns":5},{"damage":66,"enemies":"Shield and Spear","floor":54,"turns":5},{"damage":102,"enemies":"The Heart","floor":55,"turns":5}],"seed_played":"1364856252447248297","potions_obtained":[{"floor":1,"key":"Strength Potion"},{"floor":2,"key":"SmokeBomb"},{"floor":3,"key":"SneckoOil"},{"floor":16,"key":"Fire Potion"},{"floor":24,"key":"Weak Potion"},{"floor":27,"key":"FairyPotion"},{"floor":33,"key":"Weak Potion"}],"is_trial":false,"path_per_floor":["M","M","?","$","M","E","R","E","T","M","M","$","R","?","R","B",null,"M","?","M","M","M","E","M","R","T","M","E","T","$","E","R","B",null,"M","M","?","?","?","R","M","E","T","E","M","R","$","M","R","B",null,"R","$","E","B"],"character_chosen":"IRONCLAD","items_purchased":["FairyPotion","Inflame","Lizard Tail","Feel No Pain"],"campfire_rested":2,"item_purchase_floors":[4,12,30,47],"current_hp_per_floor":[80,80,80,80,80,58,58,40,40,30,31,31,31,57,57,25,80,73,73,69,55,56,62,65,65,65,64,39,39,39,10,34,30,83,83,83,83,83,83,83,83,57,57,41,31,31,31,36,61,39,86,86,86,26,0,0],"gold":157,"neow_bonus":"THREE_ENEMY_KILL","is_daily":false,"chose_seed":false,"campfire_upgraded":6,"win_rate":0.0,"timestamp":1610765746,"path_taken":["M","?","?","?","M","E","R","E","T","?","M","$","R","?","R","BOSS","M","?","M","?","M","E","M","R","T","M","E","?","$","E","R","BOSS","M","M","?","?","?","R","M","E","T","E","?","R","$","M","R","BOSS","R","$","E","BOSS"],"items_purchased_type":["Potion","Card","Relic","Card"],"build_version":"2020-12-22","purchased_purges":2,"victory":false,"max_hp_per_floor":[80,80,80,80,80,80,80,80,80,80,80,80,80,80,80,80,80,80,80,80,80,80,80,80,80,80,83,83,83,83,83,83,83,83,83,83,83,83,83,83,83,83,83,83,83,83,83,86,86,86,86,86,86,86,86,86],"relic_stats":{"Sozu":3,"Lizard Tail":43,"Busted Crown":36,"Happy Flower":[11],"counters":[28,107],"Mummified Hand":[45],"Shuriken":[13],"Dead Branch":[26],"Whetstone":["Strike_R","Bash"],"obtain_stats":[{"Ice Cream":8,"NeowsBlessing":0,"Happy Flower":39,"Dead Branch":29,"Oddly Smooth Stone":42,"Whetstone":43,"Burning Blood":0,"Mercury Hourglass":9,"Sozu":34,"Du-Vu Doll":54,"Lizard Tail":30,"Busted Crown":17,"Mummified Hand":23,"Shuriken":28,"Bag of Marbles":6,"FossilizedHelix":31,"Red Skull":44},{"Ice Cream":5,"NeowsBlessing":0,"Happy Flower":20,"Dead Branch":16,"Oddly Smooth Stone":22,"Whetstone":22,"Burning Blood":0,"Mercury Hourglass":5,"Sozu":18,"Du-Vu Doll":27,"Lizard Tail":16,"Busted Crown":8,"Mummified Hand":13,"Shuriken":16,"Bag of Marbles":4,"FossilizedHelix":17,"Red Skull":23},{"Ice Cream":14,"NeowsBlessing":0,"Happy Flower":74,"Dead Branch":51,"Oddly Smooth Stone":81,"Whetstone":81,"Burning Blood":0,"Mercury Hourglass":14,"Sozu":69,"Du-Vu Doll":102,"Lizard Tail":51,"Busted Crown":29,"Mummified Hand":42,"Shuriken":51,"Bag of Marbles":8,"FossilizedHelix":54,"Red Skull":85}],"Burning Blood":126,"Mercury Hourglass":[336]},"card_choices":[{"not_picked":["Seeing Red","Havoc"],"picked":"Shrug It Off","floor":1},{"not_picked":["Flex","Sword Boomerang"],"picked":"Pummel","floor":2},{"not_picked":["Shrug It Off","Bloodletting","Warcry"],"picked":"SKIP","floor":5},{"not_picked":["True Grit","Berserk"],"picked":"Whirlwind","floor":6},{"not_picked":["Shrug It Off","Clash"],"picked":"Clothesline","floor":8},{"not_picked":["Seeing Red","Warcry"],"picked":"Dropkick","floor":10},{"not_picked":["Wild Strike","Reckless Charge"],"picked":"Spot Weakness","floor":11},{"not_picked":["Corruption","Berserk"],"picked":"Feed","floor":16},{"not_picked":["Clash"],"picked":"SKIP","floor":18},{"not_picked":["Perfected Strike+1"],"picked":"SKIP","floor":20},{"not_picked":["Iron Wave"],"picked":"SKIP","floor":21},{"not_picked":[],"picked":"Inflame","floor":22},{"not_picked":["Cleave"],"picked":"SKIP","floor":23},{"not_picked":["Sword Boomerang"],"picked":"SKIP","floor":24},{"not_picked":["Sentinel"],"picked":"SKIP","floor":27},{"not_picked":["Rupture"],"picked":"SKIP","floor":28},{"not_picked":[],"picked":"Dark Embrace+1","floor":31},{"not_picked":[],"picked":"Disarm+1","floor":35},{"not_picked":["Anger"],"picked":"SKIP","floor":36},{"not_picked":["Pommel Strike+1"],"picked":"SKIP","floor":41},{"not_picked":[],"picked":"Double Tap","floor":42},{"not_picked":["Cleave+1"],"picked":"SKIP","floor":44},{"not_picked":["Twin Strike"],"picked":"SKIP","floor":45},{"not_picked":["Rupture"],"picked":"SKIP","floor":48},{"not_picked":[],"picked":"Flex","floor":54}],"player_experience":72191,"relics_obtained":[{"floor":6,"key":"Bag of Marbles"},{"floor":8,"key":"Ice Cream"},{"floor":9,"key":"Mercury Hourglass"},{"floor":23,"key":"Mummified Hand"},{"floor":28,"key":"Shuriken"},{"floor":29,"key":"Dead Branch"},{"floor":31,"key":"FossilizedHelix"},{"floor":42,"key":"Oddly Smooth Stone"},{"floor":43,"key":"Whetstone"},{"floor":44,"key":"Red Skull"},{"floor":54,"key":"Du-Vu Doll"}],"event_choices":[{"damage_healed":0,"gold_gain":0,"player_choice":"Bought 1 Potion","damage_taken":0,"max_hp_gain":0,"max_hp_loss":0,"event_name":"The Woman in Blue","floor":3,"gold_loss":0},{"damage_healed":26,"gold_gain":0,"player_choice":"Banana","damage_taken":0,"max_hp_gain":0,"max_hp_loss":0,"event_name":"Big Fish","floor":14,"gold_loss":0},{"cards_removed":["Strike_R"],"damage_healed":0,"gold_gain":0,"player_choice":"Purged","damage_taken":0,"max_hp_gain":0,"max_hp_loss":0,"event_name":"Purifier","floor":19,"gold_loss":0},{"damage_healed":0,"gold_gain":0,"player_choice":"Ignored","damage_taken":0,"max_hp_gain":0,"max_hp_loss":0,"event_name":"Mysterious Sphere","floor":37,"gold_loss":0},{"damage_healed":0,"gold_gain":0,"player_choice":"Ignored","damage_taken":0,"max_hp_gain":0,"max_hp_loss":0,"event_name":"Tomb of Lord Red Mask","floor":38,"gold_loss":0},{"damage_healed":0,"gold_gain":0,"player_choice":"Gave Potion","damage_taken":0,"relics_obtained":["Happy Flower"],"max_hp_gain":0,"max_hp_loss":0,"event_name":"WeMeetAgain","floor":39,"gold_loss":0}],"is_beta":false,"boss_relics":[{"not_picked":["SlaversCollar","Calling Bell"],"picked":"Busted Crown"},{"not_picked":["Runic Cube","Black Blood"],"picked":"Sozu"}],"items_purged_floors":[47,53],"is_endless":false,"potions_floor_spawned":[1,2,8,16,24,27,33,41,45,48],"killed_by":"The Heart","ascension_level":0}}