{"host":"03a85bwj0a5skoit","time":1610775112,"event":{"mods":["BaseMod","Block Reminder","Minty Spire (QoL Compilation)","Relic Stats","StSLib"],"gold_per_floor":[99,99,99,99,99,99,99,99,99,59,59,59,59,59,59,59,59],"floor_reached":16,"language":"ENG","playtime":446,"items_purged":[],"score":224,"play_id":"c33cab90-b5b0-43c4-a7db-13cd6cd3d0bb","local_time":"20210116160152","is_ascension_mode":true,"campfire_choices":[{"floor":6,"key":"REST"},{"data":"Armaments","floor":8,"key":"SMITH"},{"floor":15,"key":"REST"}],"circlet_count":0,"master_deck":["AscendersBane","Strike_R","Strike_R","Strike_R","Strike_R","Strike_R","Defend_R","Defend_R+1","Defend_R+1","Defend_R","Bash","Disarm","Cleave","Decay","Armaments+1","Rampage","Dual Wield","Burning Pact","Evolve","Shrug It Off"],"relics":["Ectoplasm","Oddly Smooth Stone","Golden Idol","War Paint","MealTicket","Ginger"],"acts_visited":["Exordium"],"potions_floor_usage":[11,11,14,16],"damage_taken":[{"damage":0,"enemies":"Small Slimes","floor":1,"turns":3},{"damage":1,"enemies":"Cultist","floor":2,"turns":3},{"damage":0,"enemies":"Jaw Worm","floor":7,"turns":5},{"damage":2,"enemies":"Looter","floor":10,"turns":4},{"damage":17,"enemies":"3 Sentries","floor":11,"turns":5},{"damage":0,"enemies":"Red Slaver","floor":12,"turns":5},{"damage":8,"enemies":"Lagavulin","floor":13,"turns":7},{"damage":0,"enemies":"3 Louse","floor":14,"turns":1},{"damage":27,"enemies":"The Guardian","floor":16,"turns":2}],"seed_played":"-1524493565616832193","potions_obtained":[{"floor":1,"key":"ColorlessPotion"},{"floor":2,"key":"SkillPotion"},{"floor":12,"key":"Explosive Potion"},{"floor":14,"key":"PowerPotion"}],"is_trial":false,"path_per_floor":["M","M","?","?","?","R","M","R","T","M","E","M","E","M","R","B"],"character_chosen":"IRONCLAD","items_purchased":[],"campfire_rested":2,"item_purchase_floors":[],"current_hp_per_floor":[68,67,11,11,11,31,31,31,31,29,12,12,4,4,24,0,0],"gold":59,"neow_bonus":"BOSS_RELIC","is_daily":false,"chose_seed":false,"campfire_upgraded":1,"win_rate":0.0,"timestamp":1610775112,"path_taken":["M","M","?","?","?","R","M","R","T","M","E","M","E","M","R","BOSS"],"items_purchased_type":[],"build_version":"2020-12-22","purchased_purges":0,"victory":false,"max_hp_per_floor":[75,75,75,68,68,68,68,68,68,68,68,68,68,68,68,68,68],"relic_stats":{"counters":[9,35],"Golden Idol":28,"MealTicket":0,"Ectoplasm":234,"Ginger":[0],"War Paint":["Defend_R","Defend_R"],"obtain_stats":[{"Golden Idol":4,"Oddly Smooth Stone":3,"MealTicket":11,"Ectoplasm":0,"Ginger":13,"War Paint":9,"Burning Blood":0},{"Golden Idol":2,"Oddly Smooth Stone":2,"MealTicket":5,"Ectoplasm":0,"Ginger":7,"War Paint":3,"Burning Blood":0},{"Golden Idol":6,"Oddly Smooth Stone":6,"MealTicket":20,"Ectoplasm":0,"Ginger":32,"War Paint":11,"Burning Blood":0}]},"card_choices":[{"not_picked":["Dropkick","True Grit"],"picked":"Disarm","floor":1},{"not_picked":["Thunderclap","Sentinel"],"picked":"Cleave","floor":2},{"not_picked":["Flex","Wild Strike"],"picked":"Armaments","floor":7},{"not_picked":["Blood for Blood","Perfected Strike"],"picked":"Rampage","floor":10},{"not_picked":["Bloodletting","Armaments"],"picked":"Dual Wield","floor":11},{"not_picked":["Ghostly Armor","Havoc"],"picked":"Burning Pact","floor":12},{"not_picked":["Flex","Barricade"],"picked":"Evolve","floor":13},{"not_picked":["Ghostly Armor","Pommel Strike"],"picked":"Shrug It Off","floor":14}],"player_experience":2339689,"relics_obtained":[{"floor":9,"key":"War Paint"},{"floor":11,"key":"MealTicket"},{"floor":13,"key":"Ginger"}],"event_choices":[{"damage_healed":0,"gold_gain":0,"player_choice":"Success","damage_taken":56,"relics_obtained":["Oddly Smooth Stone"],"max_hp_gain":0,"max_hp_loss":0,"event_name":"Scrap Ooze","floor":3,"gold_loss":0},{"damage_healed":0,"gold_gain":0,"player_choice":"Lose Max HP","damage_taken":0,"relics_obtained":["Golden Idol"],"max_hp_gain":0,"max_hp_loss":7,"event_name":"Golden Idol","floor":4,"gold_loss":0},{"damage_healed":0,"gold_gain":0,"player_choice":"Cursed","damage_taken":0,"max_hp_gain":0,"max_hp_loss":0,"event_name":"Wheel of Change","floor":5,"gold_loss":0,"cards_obtained":["Decay"]}],"is_beta":false,"boss_relics":[],"items_purged_floors":[],"is_endless":false,"potions_floor_spawned":[1,2,12,14],"killed_by":"The Guardian","ascension_level":20}}