{"host":"7zdktqb5xjtif29d","time":1610761576,"event":{"mods":["AchievementEnabler","BaseMod","Colored Map","Colored Powertips","Highlight Path","Minty Spire (QoL Compilation)","Rare Cards Sparkle","SuperFastMode","Waifu the Spire","everything is the same but u backflip on backflip"],"gold_per_floor":[217,236,186,196,166,166,200,200,200,226,151,177,177,195,195,292,292,306,333,56,56,74,108,198,229,284,313,333,333,333,345,345,440,440,454,502,513,513,530,563,563,576,603,934,586,602,191,201,201,201],"floor_reached":51,"language":"ENG","playtime":2239,"items_purged":["Strike_G","Strike_G","Strike_G"],"score":989,"play_id":"cf1071ac-edb2-42f9-a716-8676ece1421c","local_time":"20210116014616","is_ascension_mode":true,"campfire_choices":[{"data":"Accuracy","floor":6.0,"key":"SMITH"},{"data":"Finisher","floor":8.0,"key":"SMITH"},{"floor":15.0,"key":"REST"},{"floor":30.0,"key":"REST"},{"data":"RitualDagger","floor":32.0,"key":"SMITH"},{"data":"Accuracy","floor":41.0,"key":"SMITH"},{"floor":49,"key":"REST"}],"circlet_count":0,"master_deck":["Defend_G","Defend_G","Defend_G","Defend_G","Defend_G","Survivor","Neutralize","Finisher+1","Accuracy+1","Cloak And Dagger","Blade Dance+1","Finisher","Backflip","Die Die Die","Backstab","Accuracy+1","RitualDagger+1","Blade Dance","Cloak And Dagger+1","Deflect+1","Blade Dance+1","Blade Dance+1","Slice","Slice+1","Backstab","Slice+1","Accuracy"],"relics":["Ring of the Snake","Torii","Shuriken","Bag of Preparation","Kunai","SlaversCollar","Red Mask","Gremlin Horn","Prayer Wheel","Dead Branch","Centennial Puzzle","Darkstone Periapt","WristBlade","The Specimen","Dream Catcher","Old Coin","Happy Flower","Bird Faced Urn"],"acts_visited":["Exordium","TheCity","TheBeyond"],"potions_floor_usage":[44,48,50],"damage_taken":[{"damage":0.0,"enemies":"Jaw Worm","floor":1.0,"turns":4.0},{"damage":4.0,"enemies":"Small Slimes","floor":2.0,"turns":4.0},{"damage":1.0,"enemies":"Cultist","floor":4.0,"turns":4.0},{"damage":0.0,"enemies":"Looter","floor":5.0,"turns":4.0},{"damage":26.0,"enemies":"Lagavulin","floor":7.0,"turns":8.0},{"damage":10.0,"enemies":"3 Sentries","floor":10.0,"turns":6.0},{"damage":1.0,"enemies":"Gremlin Nob","floor":12.0,"turns":3.0},{"damage":0.0,"enemies":"Exordium Wildlife","floor":14.0,"turns":1.0},{"damage":3.0,"enemies":"Hexaghost","floor":16.0,"turns":5.0},{"damage":0.0,"enemies":"Shell Parasite","floor":18.0,"turns":1.0},{"damage":18.0,"enemies":"Masked Bandits","floor":19.0,"turns":4.0},{"damage":1.0,"enemies":"Chosen","floor":22.0,"turns":2.0},{"damage":0.0,"enemies":"Gremlin Leader","floor":23.0,"turns":2.0},{"damage":2.0,"enemies":"Book of Stabbing","floor":25.0,"turns":2.0},{"damage":1.0,"enemies":"Gremlin Leader","floor":27.0,"turns":2.0},{"damage":0.0,"enemies":"3 Cultists","floor":28.0,"turns":2.0},{"damage":1.0,"enemies":"Snake Plant","floor":31.0,"turns":3.0},{"damage":1.0,"enemies":"Automaton","floor":33.0,"turns":4.0},{"damage":0.0,"enemies":"3 Darklings","floor":35.0,"turns":4.0},{"damage":10.0,"enemies":"2 Orb Walkers","floor":36.0,"turns":2.0},{"damage":12.0,"enemies":"Orb Walker","floor":37.0,"turns":2.0},{"damage":0.0,"enemies":"Spire Growth","floor":39.0,"turns":1.0},{"damage":1.0,"enemies":"Giant Head","floor":40.0,"turns":4.0},{"damage":15.0,"enemies":"4 Shapes","floor":42.0,"turns":2.0},{"damage":0,"enemies":"Nemesis","floor":44,"turns":1},{"damage":0,"enemies":"Transient","floor":46,"turns":5},{"damage":0,"enemies":"Spire Growth","floor":48,"turns":2},{"damage":20,"enemies":"Donu and Deca","floor":50,"turns":3}],"seed_played":"-735987135177696292","potions_obtained":[{"floor":4.0,"key":"Fruit Juice"},{"floor":7.0,"key":"ColorlessPotion"},{"floor":14.0,"key":"PowerPotion"},{"floor":16.0,"key":"EssenceOfSteel"},{"floor":25.0,"key":"FearPotion"},{"floor":36.0,"key":"Strength Potion"},{"floor":39.0,"key":"Poison Potion"},{"floor":42.0,"key":"Regen Potion"}],"is_trial":false,"path_per_floor":["M","M","?","M","M","R","E","R","T","E","$","E","?","M","R","B",null,"M","?","$","?","M","E","?","E","T","E","M","?","R","M","R","B",null,"M","?","M","?","M","E","R","M","T","E","$","M","$","M","R","B",null],"character_chosen":"THE_SILENT","items_purchased":["Backstab","Gremlin Horn","Happy Flower","FairyPotion","Bird Faced Urn"],"campfire_rested":3,"item_purchase_floors":[20,20,45,45,47],"current_hp_per_floor":[70,66,66,70,70,70,44,44,44,34,34,33,33,33,55,52,75,75,57,57,57,56,56,44,42,42,41,41,35,57,56,56,55,75,75,65,53,53,53,52,52,37,37,37,37,37,37,44,66,50],"gold":201,"neow_bonus":"HUNDRED_GOLD","is_daily":false,"chose_seed":false,"campfire_upgraded":4,"win_rate":0.0,"timestamp":1610761576,"path_taken":["M","M","?","M","M","R","E","R","T","E","$","E","?","M","R","BOSS","M","?","$","?","M","E","?","E","T","E","?","?","R","M","R","BOSS","M","?","M","?","M","E","R","M","T","E","$","M","$","M","R","BOSS"],"items_purchased_type":["Card","Relic","Relic","Potion","Relic"],"build_version":"2020-12-22","purchased_purges":3,"victory":true,"max_hp_per_floor":[70,70,70,75,75,75,75,75,75,75,75,75,75,75,75,75,75,75,75,75,75,75,75,75,75,75,75,75,75,75,75,75,75,75,75,75,75,75,75,75,75,75,75,75,75,75,75,75,75,75],"card_choices":[{"not_picked":["Backflip","All Out Attack"],"picked":"Finisher","floor":1.0},{"not_picked":["PiercingWail","Dagger Spray"],"picked":"Accuracy","floor":2.0},{"not_picked":["Bane","Setup"],"picked":"Cloak And Dagger","floor":4.0},{"not_picked":["Dash","Deadly Poison","Tools of the Trade"],"picked":"SKIP","floor":5.0},{"not_picked":["Acrobatics","Poisoned Stab"],"picked":"Blade Dance","floor":7.0},{"not_picked":["Bane","Footwork"],"picked":"Finisher","floor":10.0},{"not_picked":["Acrobatics","Leg Sweep","Dash"],"picked":"SKIP","floor":12.0},{"not_picked":["Quick Slash","Poisoned Stab"],"picked":"Backflip","floor":14.0},{"not_picked":["Glass Knife","Venomology"],"picked":"Die Die Die","floor":16.0},{"not_picked":["Tactician","Noxious Fumes","Footwork"],"picked":"SKIP","floor":18.0},{"not_picked":["Finisher","Acrobatics","Underhanded Strike"],"picked":"SKIP","floor":22.0},{"not_picked":["Bouncing Flask","Eviscerate","Bane"],"picked":"SKIP","floor":23.0},{"not_picked":["Footwork+1","Masterful Stab+1","Concentrate+1"],"picked":"SKIP","floor":25.0},{"not_picked":["Dodge and Roll","Adrenaline","Quick Slash"],"picked":"SKIP","floor":27.0},{"not_picked":["Crippling Poison","Underhanded Strike","Masterful Stab+1"],"picked":"SKIP","floor":28.0},{"not_picked":["Prepared","Backflip","Bane"],"picked":"SKIP","floor":28.0},{"not_picked":["Deflect","Backflip"],"picked":"Blade Dance","floor":31.0},{"not_picked":["Poisoned Stab+1","Blade Dance","Flechettes"],"picked":"SKIP","floor":31.0},{"not_picked":["Acrobatics","Dagger Throw"],"picked":"Cloak And Dagger+1","floor":35.0},{"not_picked":["Backflip+1","Dagger Throw"],"picked":"Deflect+1","floor":35.0},{"not_picked":["PiercingWail+1","Sucker Punch"],"picked":"Blade Dance+1","floor":36.0},{"not_picked":["Dodge and Roll+1","Deadly Poison+1"],"picked":"Blade Dance+1","floor":37.0},{"not_picked":["Sucker Punch","Prepared","Poisoned Stab"],"picked":"SKIP","floor":37.0},{"not_picked":["Infinite Blades","Crippling Poison"],"picked":"Slice","floor":39.0},{"not_picked":["Masterful Stab+1","Dodge and Roll","Cloak And Dagger"],"picked":"SKIP","floor":39.0},{"not_picked":["Terror+1","Leg Sweep"],"picked":"Slice+1","floor":40.0},{"not_picked":["Bullet Time","Backflip"],"picked":"Backstab","floor":42.0},{"not_picked":["Deadly Poison+1","Bouncing Flask","Deflect+1"],"picked":"SKIP","floor":42.0},{"not_picked":["Blade Dance+1","Bane+1"],"picked":"Slice+1","floor":44},{"not_picked":["Flying Knee","Backflip","Outmaneuver+1"],"picked":"SKIP","floor":46},{"not_picked":["Masterful Stab","Noxious Fumes+1","Dash+1"],"picked":"SKIP","floor":46},{"not_picked":["Expertise","Slice+1"],"picked":"Accuracy","floor":48},{"not_picked":["Sucker Punch","Underhanded Strike","PiercingWail"],"picked":"SKIP","floor":48}],"player_experience":228024,"relics_obtained":[{"floor":7.0,"key":"Torii"},{"floor":9.0,"key":"Shuriken"},{"floor":10.0,"key":"Bag of Preparation"},{"floor":12.0,"key":"Kunai"},{"floor":19.0,"key":"Red Mask"},{"floor":23.0,"key":"Prayer Wheel"},{"floor":25.0,"key":"Dead Branch"},{"floor":26.0,"key":"Centennial Puzzle"},{"floor":27.0,"key":"Darkstone Periapt"},{"floor":36.0,"key":"The Specimen"},{"floor":40.0,"key":"Dream Catcher"},{"floor":44,"key":"Old Coin"}],"event_choices":[{"cards_removed":["Strike_G"],"damage_healed":0.0,"max_hp_gain":0.0,"max_hp_loss":0.0,"gold_gain":0.0,"event_name":"The Cleric","player_choice":"Card Removal","floor":3.0,"gold_loss":50.0,"damage_taken":0.0},{"damage_healed":0.0,"max_hp_gain":0.0,"max_hp_loss":0.0,"gold_gain":0.0,"event_name":"Living Wall","player_choice":"Grow","floor":13.0,"gold_loss":0.0,"damage_taken":0.0,"cards_upgraded":["Blade Dance"]},{"damage_healed":0.0,"max_hp_gain":0.0,"max_hp_loss":0.0,"gold_gain":0.0,"event_name":"Masked Bandits","player_choice":"Fought Bandits","floor":19.0,"gold_loss":0.0,"damage_taken":0.0},{"damage_healed":0.0,"max_hp_gain":0.0,"max_hp_loss":0.0,"gold_gain":0.0,"event_name":"The Library","player_choice":"Read","floor":21.0,"gold_loss":0.0,"damage_taken":0.0,"cards_obtained":["Accuracy"]},{"damage_healed":0.0,"max_hp_gain":0.0,"max_hp_loss":0.0,"gold_gain":90.0,"event_name":"Knowing Skull","player_choice":"GOLD ","floor":24.0,"potions_obtained":[],"gold_loss":0.0,"damage_taken":12.0,"cards_obtained":[]},{"damage_healed":0.0,"max_hp_gain":0.0,"max_hp_loss":0.0,"gold_gain":0.0,"event_name":"Nest","player_choice":"Joined the Cult","floor":29.0,"gold_loss":0.0,"damage_taken":6.0,"cards_obtained":["RitualDagger"]},{"damage_healed":0.0,"max_hp_gain":0.0,"max_hp_loss":0.0,"gold_gain":0.0,"event_name":"Mysterious Sphere","player_choice":"Fight","floor":36.0,"gold_loss":0.0,"damage_taken":0.0},{"cards_removed":["Strike_G"],"damage_healed":0.0,"max_hp_gain":0.0,"max_hp_loss":0.0,"gold_gain":0.0,"event_name":"Falling","player_choice":"Removed Attack","floor":38.0,"gold_loss":0.0,"damage_taken":0.0}],"is_beta":false,"boss_relics":[{"not_picked":["Fusion Hammer","SacredBark"],"picked":"SlaversCollar"},{"not_picked":["Snecko Eye","Velvet Choker"],"picked":"WristBlade"}],"items_purged_floors":[11,45,47],"is_endless":false,"potions_floor_spawned":[4,7,14,16,19,23,25,27,36,39,42,46],"ascension_level":2}}