{"host":"oje6be5eir840l9r","time":1610766796,"event":{"mods":["2.2 Compatiblity","AchievementEnabler","Alarm Clock","BaseMod","Colored Map","DeckTracker","Highlight Path","Minty Spire (QoL Compilation)","Random Character Button","Rare Cards Sparkle"],"gold_per_floor":[114,36,51,126,141,141,171,171,196,196,196,196,196,196,196,296,296,281,296,296,46,46,46,61,61,111,111,111,161,173,185,197,309,321,348,375,387,414,426,438,450,285,285,285,8,8,8,8,8,8,8],"floor_reached":50,"language":"POL","playtime":3234,"items_purged":[],"score":503,"play_id":"8f1d5705-417a-493e-b1f8-67a37777884a","local_time":"20210116041316","daily_mods":["Allstar","Flight","Night Terrors"],"is_ascension_mode":false,"campfire_choices":[{"data":"Neutralize","floor":6,"key":"SMITH"},{"data":"Blade Dance","floor":8,"key":"SMITH"},{"data":"Mayhem","floor":10,"key":"SMITH"},{"data":"Well Laid Plans","floor":12,"key":"SMITH"},{"floor":15,"key":"REST"},{"data":"Venomology","floor":23,"key":"SMITH"},{"data":"Calculated Gamble","floor":27,"key":"SMITH"},{"data":"Poisoned Stab","floor":32,"key":"SMITH"},{"data":"Phantasmal Killer","floor":40,"key":"SMITH"},{"data":"Blade Dance","floor":44,"key":"SMITH"},{"data":"Apotheosis","floor":47,"key":"SMITH"},{"data":"Accuracy","floor":49,"key":"SMITH"}],"circlet_count":0,"master_deck":["Defend_G","Defend_G","Defend_G+1","Defend_G","Survivor","Neutralize+1","Impatience","Dark Shackles","Panacea","Mayhem+1","PanicButton+1","Blade Dance+1","Well Laid Plans+1","Acrobatics","Poisoned Stab+1","Dodge and Roll","Venomology+1","Slice+1","Infinite Blades","Blade Dance+1","Calculated Gamble+1","Bite","Bite","Bite","Bite","Bite","Phantasmal Killer+1","Footwork+1","Blade Dance+1","Apotheosis+1","Accuracy+1","Blade Dance","Madness","Madness"],"relics":["Ring of the Snake","PreservedInsect","Orichalcum","Philosopher\u0027s Stone","Eternal Feather","MawBank","Busted Crown","Toy Ornithopter","HornCleat"],"acts_visited":["Exordium","TheCity","TheBeyond"],"potions_floor_usage":[18,33,33,33,33,33,33,36,38,38,50,50,50],"damage_taken":[{"damage":1,"enemies":"2 Louse","floor":1,"turns":4},{"damage":0,"enemies":"Small Slimes","floor":3,"turns":4},{"damage":0,"enemies":"Jaw Worm","floor":5,"turns":5},{"damage":18,"enemies":"Gremlin Nob","floor":7,"turns":5},{"damage":9,"enemies":"Slime Boss","floor":16,"turns":14},{"damage":8,"enemies":"2 Thieves","floor":18,"turns":4},{"damage":10,"enemies":"Spheric Guardian","floor":19,"turns":4},{"damage":25,"enemies":"3 Cultists","floor":24,"turns":6},{"damage":61,"enemies":"Collector","floor":33,"turns":11},{"damage":56,"enemies":"3 Darklings","floor":35,"turns":8},{"damage":2,"enemies":"Orb Walker","floor":36,"turns":3},{"damage":22,"enemies":"Jaw Worm Horde","floor":38,"turns":6},{"damage":107,"enemies":"Time Eater","floor":50,"turns":10}],"seed_played":"2700428786693623746","potions_obtained":[{"floor":3,"key":"Strength Potion"},{"floor":16,"key":"DistilledChaos"},{"floor":38,"key":"Poison Potion"}],"is_trial":false,"path_per_floor":["M","$","M","?","M","R","E","R","T","R","?","R","$","?","R","B",null,"M","M","?","$","$","R","M","?","T","R","?","T","$","?","R","B",null,"M","M","?","M","?","R","?","$","T","R","$","?","R","?","R","B"],"character_chosen":"THE_SILENT","items_purchased":["Well Laid Plans","Eternal Feather","Blade Dance","Toy Ornithopter","Apotheosis","Accuracy","Blade Dance"],"campfire_rested":1,"item_purchase_floors":[2,21,42,42,45,45,45],"current_hp_per_floor":[69,69,69,58,58,58,40,40,40,40,45,45,45,30,70,61,70,62,52,52,52,52,67,42,42,42,57,57,57,57,44,59,32,75,33,38,38,34,34,49,49,49,49,64,64,64,75,66,75,0,0],"gold":8,"neow_bonus":"","is_daily":true,"chose_seed":false,"campfire_upgraded":11,"win_rate":0.0,"timestamp":1610766796,"path_taken":["M","$","M","?","M","R","E","R","T","R","?","R","?","?","R","BOSS","M","M","?","?","$","R","M","?","T","R","?","?","$","?","R","BOSS","M","M","?","?","?","R","?","$","T","R","$","?","R","?","R","BOSS"],"items_purchased_type":["Card","Relic","Card","Relic","Card","Card","Card"],"build_version":"2020-12-22","purchased_purges":0,"victory":false,"max_hp_per_floor":[70,70,70,70,70,70,70,70,70,70,75,75,75,75,70,70,70,70,70,70,70,70,70,70,70,70,70,70,70,70,75,75,75,75,75,75,75,75,75,75,75,75,75,75,75,75,75,75,75,75,75],"card_choices":[{"not_picked":["Deadly Poison","Noxious Fumes"],"picked":"Blade Dance","floor":1},{"not_picked":["Deflect","Catalyst"],"picked":"Acrobatics","floor":3},{"not_picked":["Dodge and Roll","Outmaneuver"],"picked":"Poisoned Stab","floor":5},{"not_picked":["Reflex","Wraith Form v2"],"picked":"Dodge and Roll","floor":7},{"not_picked":["Die Die Die","Glass Knife"],"picked":"Venomology","floor":16},{"not_picked":["Dagger Spray","Riddle With Holes"],"picked":"Slice+1","floor":18},{"not_picked":["Flying Knee","Dagger Throw"],"picked":"Infinite Blades","floor":19},{"not_picked":["Dagger Throw+1","Flechettes"],"picked":"Calculated Gamble","floor":24},{"not_picked":["Doppelganger","Burst"],"picked":"Phantasmal Killer","floor":33},{"not_picked":["PiercingWail"],"picked":"SKIP","floor":35},{"not_picked":["Acrobatics+1"],"picked":"SKIP","floor":36},{"not_picked":[],"picked":"Footwork+1","floor":38}],"player_experience":30930,"relics_obtained":[{"floor":7,"key":"PreservedInsect"},{"floor":9,"key":"Orichalcum"},{"floor":26,"key":"Blood Vial"},{"floor":29,"key":"MawBank"},{"floor":43,"key":"HornCleat"}],"event_choices":[{"damage_healed":0,"gold_gain":75,"player_choice":"Gather Gold","damage_taken":11,"max_hp_gain":0,"max_hp_loss":0,"event_name":"World of Goop","floor":4,"gold_loss":0},{"damage_healed":0,"gold_gain":0,"player_choice":"Donut","damage_taken":0,"max_hp_gain":5,"max_hp_loss":0,"event_name":"Big Fish","floor":11,"gold_loss":0},{"damage_healed":0,"gold_gain":0,"player_choice":"Entered Light","damage_taken":15,"max_hp_gain":0,"max_hp_loss":0,"event_name":"Shining Light","floor":14,"gold_loss":0,"cards_upgraded":["PanicButton","Defend_G"]},{"damage_healed":0,"gold_gain":0,"player_choice":"Copied","damage_taken":0,"max_hp_gain":0,"max_hp_loss":0,"event_name":"Duplicator","floor":20,"gold_loss":0,"cards_obtained":["Blade Dance"]},{"damage_healed":0,"gold_gain":0,"player_choice":"Ignored","damage_taken":0,"max_hp_gain":0,"max_hp_loss":0,"event_name":"Ghosts","floor":25,"gold_loss":0},{"damage_healed":0,"gold_gain":0,"player_choice":"Became a vampire (Vial)","damage_taken":0,"max_hp_gain":0,"max_hp_loss":0,"event_name":"Vampires","floor":28,"relics_lost":["Blood Vial"],"gold_loss":0,"cards_obtained":["Bite","Bite","Bite","Bite","Bite"]},{"damage_healed":0,"gold_gain":0,"player_choice":"Shed Blood","damage_taken":18,"max_hp_gain":5,"max_hp_loss":0,"event_name":"Forgotten Altar","floor":31,"gold_loss":0},{"damage_healed":0,"gold_gain":0,"player_choice":"Bought 0 Potions","damage_taken":0,"max_hp_gain":0,"max_hp_loss":0,"event_name":"The Woman in Blue","floor":37,"gold_loss":0},{"damage_healed":0,"gold_gain":0,"player_choice":"Ignored","damage_taken":0,"max_hp_gain":0,"max_hp_loss":0,"event_name":"The Moai Head","floor":39,"gold_loss":0},{"cards_removed":["Defend_G"],"damage_healed":0,"gold_gain":0,"player_choice":"Removed Skill","damage_taken":0,"max_hp_gain":0,"max_hp_loss":0,"event_name":"Falling","floor":41,"gold_loss":0},{"damage_healed":0,"gold_gain":0,"player_choice":"Ignored","damage_taken":0,"max_hp_gain":0,"max_hp_loss":0,"event_name":"Mysterious Sphere","floor":46,"gold_loss":0},{"damage_healed":0,"gold_gain":0,"player_choice":"Embrace Madness","damage_taken":9,"max_hp_gain":0,"max_hp_loss":0,"event_name":"Winding Halls","floor":48,"gold_loss":0,"cards_obtained":["Madness","Madness"]}],"is_beta":false,"boss_relics":[{"not_picked":["Runic Dome","Fusion Hammer"],"picked":"Philosopher\u0027s Stone"},{"not_picked":["SlaversCollar","Runic Pyramid"],"picked":"Busted Crown"}],"items_purged_floors":[],"is_endless":false,"potions_floor_spawned":[3,16,36,38],"killed_by":"Time Eater","ascension_level":0}}