{"host":"t9zjxed0utvsfjwc","time":1610796543,"event":{"mods":["2.2 Compatiblity","Aspiration","BaseMod","Better Altar","Better Match","Better Note","Better Sensory Stone","Better Skull","Better Third Choice","Block Reminder","Colored Map","Colored Powertips","Hermit","Highlight Path","Hubris","Infinite Spire","Ironclad Rager","Minty Spire (QoL Compilation)","Quick Restart","Replay The Spire","StSLib","The Cursed","The Marked","Unceasing Turn Reminder","everything is the same but u backflip on backflip"],"gold_per_floor":[113,132,132,132,155,190,190,465,488,521,536,536,561,576,576,695,695,708,726,204,220,220,263,263,299,325,325,339,357,0,24,24,149,149,192,192,152,185,210,210,303,303,328,165,165,165,226,226,226,226,226],"floor_reached":50,"language":"ENG","playtime":3413,"items_purged":["Regret","hermit:Strike_Hermit","hermit:Defend_Hermit","Burn"],"score":745,"play_id":"7f9c1994-9b70-46c1-ad20-51731f2f2438","local_time":"20210116112903","is_ascension_mode":false,"campfire_choices":[{"floor":7,"key":"REST"},{"floor":15,"key":"REST"},{"floor":24,"key":"REST"},{"floor":27,"key":"REST"},{"floor":32,"key":"REST"},{"floor":40,"key":"REST"},{"floor":42,"key":"REST"},{"floor":49,"key":"DIG"}],"circlet_count":0,"master_deck":["hermit:Strike_Hermit","hermit:Strike_Hermit","hermit:Strike_Hermit","hermit:Snapshot","hermit:Covet","hermit:CursedWeapon","hermit:HighCaliber","hermit:Deadeye","hermit:Quickdraw","hermit:Enervate","hermit:TakeAim","hermit:BlackWind","hermit:Quickdraw","infinitespire:Collect+1","hermit:Quickdraw","hermit:GoldenBullet","hermit:DeadOrAlive","hermit:BlackWind+1","hermit:FinalCanter+1","hermit:PistolWhip+1","hermit:Glare+1","hermit:Quickdraw","hermit:GoldenBullet","hermit:Quickdraw"],"relics":["hermit:Momento","aspiration:Nostalgia","Burning Blood","Golden Idol","Blood Vial","Shuriken","infinitespire:Lucky Rock","hubris:Metronome","Fusion Hammer","hubris:PeanutButter","Bag of Marbles","Replay:Rubber Ducky","Mirror","Happy Flower","ReplayTheSpireMod:Shallot","Astrolabe","infinitespire:EvilPickle","infinitespire:Broken Mirror","Tiny Chest","hubris:MobiusCoin","Boot","Durian","hubris:Icosahedron","Nunchaku"],"acts_visited":["Exordium","TheCity","TheBeyond"],"potions_floor_usage":[6,11,14,16,16,25,28,33,33,39,39,39,39,39,39],"damage_taken":[{"damage":1,"enemies":"Jaw Worm","floor":1,"turns":3},{"damage":1,"enemies":"Cultist","floor":2,"turns":4},{"damage":7,"enemies":"Small Slimes","floor":5,"turns":3},{"damage":24,"enemies":"Gremlin Nob","floor":6,"turns":4},{"damage":33,"enemies":"Lagavulin","floor":10,"turns":5},{"damage":3,"enemies":"Red Slaver","floor":11,"turns":2},{"damage":2,"enemies":"Large Slime","floor":13,"turns":4},{"damage":10,"enemies":"Exordium Thugs","floor":14,"turns":3},{"damage":43,"enemies":"The Guardian","floor":16,"turns":5},{"damage":3,"enemies":"Chosen","floor":18,"turns":3},{"damage":27,"enemies":"3 Byrds","floor":19,"turns":5},{"damage":10,"enemies":"Centurion and Healer","floor":21,"turns":4},{"damage":20,"enemies":"Nightmare","floor":23,"turns":4},{"damage":4,"enemies":"Gremlin Leader","floor":25,"turns":5},{"damage":0,"enemies":"Snecko","floor":28,"turns":3},{"damage":0,"enemies":"Shelled Parasite and Fungi","floor":29,"turns":1},{"damage":0,"enemies":"Cultist and Chosen","floor":31,"turns":2},{"damage":42,"enemies":"Pondfish","floor":33,"turns":11},{"damage":6,"enemies":"3 Darklings","floor":35,"turns":3},{"damage":3,"enemies":"3 Shapes","floor":38,"turns":2},{"damage":0,"enemies":"Transient","floor":39,"turns":5},{"damage":17,"enemies":"Giant Head","floor":41,"turns":6},{"damage":26,"enemies":"2 Orb Walkers","floor":47,"turns":3},{"damage":64,"enemies":"hubris:GrandSnecko","floor":50,"turns":7}],"seed_played":"7796625140514271693","potions_obtained":[{"floor":5,"key":"PowerPotion"},{"floor":6,"key":"Ancient Potion"},{"floor":10,"key":"LifebloodPotion"},{"floor":11,"key":"Elixir"},{"floor":13,"key":"Elixir"},{"floor":23,"key":"PowerPotion"},{"floor":25,"key":"EssenceOfSteel"},{"floor":28,"key":"Weak Potion"},{"floor":29,"key":"Dexterity Potion"},{"floor":37,"key":"EntropicBrew"},{"floor":37,"key":"AttackPotion"},{"floor":37,"key":"LiquidMemories"},{"floor":39,"key":"SpeedPotion"}],"is_trial":false,"path_per_floor":["M","M","?","T","M","E","R","?","T","E","M","?","M","M","R","B",null,"M","M","$","M","?","NM","R","E","T","R","M","M","$","M","R","B",null,"M","?","?","M","M","R","E","R","T","$","T","AVR","?","?","R_BF","B"],"character_chosen":"HERMIT","items_purchased":["hubris:PeanutButter","hermit:Quickdraw","Bag of Marbles","ReplayTheSpireMod:Shallot","hermit:GoldenBullet"],"campfire_rested":7,"item_purchase_floors":[20,20,20,30,44],"current_hp_per_floor":[75,75,57,57,58,42,64,64,64,39,44,44,50,48,70,35,75,75,54,54,52,52,40,62,66,66,75,75,75,75,75,75,39,75,75,75,75,75,75,75,64,75,75,75,75,75,60,60,60,0,0],"gold":226,"neow_bonus":"NOSTALGIA","is_daily":false,"chose_seed":false,"campfire_upgraded":0,"win_rate":0.0,"timestamp":1610796543,"path_taken":["M","M","?","?","?","E","R","?","T","E","?","?","M","M","R","BOSS","M","M","$","M","?","NM","R","E","T","R","M","?","?","M","R","BOSS","M","?","?","?","M","R","E","R","T","$","?","AVR","?","?","R_BF","BOSS"],"items_purchased_type":["Relic","Card","Relic","Relic","Card"],"build_version":"2020-12-22","purchased_purges":4,"victory":false,"max_hp_per_floor":[75,75,75,75,75,75,75,75,75,75,75,75,75,75,75,75,75,75,75,75,75,75,75,75,75,75,75,75,75,75,75,75,75,75,75,75,75,75,75,75,75,75,75,75,75,75,80,80,80,80,80],"card_choices":[{"not_picked":["hermit:HoleUp","hermit:Manifest","hermit:Determination"],"picked":"SKIP","floor":1},{"not_picked":["hermit:Coalescence","hermit:Quickdraw"],"picked":"hermit:CursedWeapon","floor":2},{"not_picked":["hermit:Desperado","hermit:Snipe"],"picked":"hermit:HighCaliber","floor":5},{"not_picked":["hermit:HighCaliber","hermit:WideOpen"],"picked":"hermit:Deadeye","floor":6},{"not_picked":["hermit:Grudge","hermit:TrackingShot","hermit:Roughhouse"],"picked":"SKIP","floor":10},{"not_picked":["hermit:TrackingShot","hermit:Ricochet"],"picked":"hermit:Quickdraw","floor":11},{"not_picked":["hermit:WideOpen","hermit:CalledShot"],"picked":"hermit:Enervate","floor":13},{"not_picked":["hermit:Quickdraw","hermit:Misfire"],"picked":"hermit:TakeAim","floor":14},{"not_picked":["hermit:FatalDesire","hermit:OverwhelmingPower"],"picked":"hermit:BlackWind","floor":16},{"not_picked":["hermit:EyeOfTheStorm","hermit:CalledShot","hermit:Misfire"],"picked":"SKIP","floor":18},{"not_picked":["hermit:FlashPowder","hermit:Cheat","hermit:TrackingShot+1"],"picked":"SKIP","floor":19},{"not_picked":["hermit:Dive+1","hermit:Desperado","hermit:Glare"],"picked":"SKIP","floor":21},{"not_picked":["hermit:WideOpen","hermit:HoleUp"],"picked":"hermit:Quickdraw","floor":23},{"not_picked":["hermit:CursedWeapon","hermit:Spite","hermit:LoneWolf"],"picked":"SKIP","floor":25},{"not_picked":["hermit:Desperado","hermit:Maintenance","hermit:TakeAim"],"picked":"SKIP","floor":28},{"not_picked":["hermit:ShadowCloak","hermit:Virtue"],"picked":"hermit:GoldenBullet","floor":29},{"not_picked":["hermit:TrackingShot","hermit:Desperado+1","hermit:ShadowCloak"],"picked":"SKIP","floor":31},{"not_picked":["hermit:HighNoon","hermit:FromBeyond"],"picked":"hermit:DeadOrAlive","floor":33},{"not_picked":["hermit:Dive","hermit:Vantage+1","hermit:PistolWhip"],"picked":"SKIP","floor":35},{"not_picked":["hermit:Grudge","hermit:WideOpen+1"],"picked":"hermit:Glare+1","floor":38},{"not_picked":["hermit:Misfire+1","hermit:GoldenBullet"],"picked":"hermit:Quickdraw","floor":39},{"not_picked":["hermit:LuckOfTheDraw+1","hermit:HoleUp+1","hermit:Dive+1"],"picked":"SKIP","floor":41},{"not_picked":["hermit:ItchyTrigger","hermit:Determination"],"picked":"hermit:Quickdraw","floor":47}],"player_experience":345129,"relics_obtained":[{"floor":4,"key":"Blood Vial"},{"floor":6,"key":"Shuriken"},{"floor":9,"key":"infinitespire:Lucky Rock"},{"floor":10,"key":"hubris:Metronome"},{"floor":23,"key":"Replay:Rubber Ducky"},{"floor":25,"key":"Mirror"},{"floor":26,"key":"Happy Flower"},{"floor":41,"key":"infinitespire:Broken Mirror"},{"floor":43,"key":"Tiny Chest"},{"floor":45,"key":"hubris:MobiusCoin"},{"floor":47,"key":"Durian"},{"floor":49,"key":"Nunchaku"}],"event_choices":[{"damage_healed":0,"gold_gain":0,"player_choice":"Take Damage","damage_taken":18,"relics_obtained":["Golden Idol"],"max_hp_gain":0,"max_hp_loss":0,"event_name":"Golden Idol","floor":3,"gold_loss":0},{"damage_healed":0,"gold_gain":275,"player_choice":"Desecrate","damage_taken":0,"max_hp_gain":0,"max_hp_loss":0,"event_name":"Golden Shrine","floor":8,"gold_loss":0,"cards_obtained":["Regret"]},{"damage_healed":44,"gold_gain":0,"player_choice":"Embrace Burn","damage_taken":0,"max_hp_gain":0,"max_hp_loss":75,"event_name":"betterThird:BetterShining","floor":12,"gold_loss":0},{"cards_removed":["hermit:CursedWeapon"],"damage_healed":0,"gold_gain":0,"player_choice":"Take \u0026 Give","damage_taken":0,"max_hp_gain":0,"max_hp_loss":0,"event_name":"betterNote:BetterNote","floor":22,"gold_loss":0,"cards_obtained":["infinitespire:Collect"]},{"damage_healed":0,"gold_gain":0,"player_choice":"Ignored","damage_taken":0,"max_hp_gain":0,"max_hp_loss":0,"event_name":"The Moai Head","floor":36,"gold_loss":0},{"damage_healed":0,"gold_gain":0,"player_choice":"Bought 3 Potions","damage_taken":0,"max_hp_gain":0,"max_hp_loss":0,"event_name":"The Woman in Blue","floor":37,"gold_loss":0},{"damage_healed":0,"gold_gain":0,"player_choice":"Fight","damage_taken":0,"max_hp_gain":0,"max_hp_loss":0,"event_name":"Mysterious Sphere","floor":47,"gold_loss":0}],"is_beta":false,"boss_relics":[{"not_picked":["aspiration:WatcherSkillbook","Replay:Bronze Core"],"picked":"Fusion Hammer"},{"not_picked":["hubris:TerracottaHorce","aspiration:SecretTechniqueScroll"],"picked":"Astrolabe"}],"items_purged_floors":[20,30,44,46],"is_endless":true,"potions_floor_spawned":[5,6,10,11,13,23,25,28,29,38,39],"killed_by":"hubris:GrandSnecko","ascension_level":0}}