{"host":"u94b8se4p65mmtuf","time":1610767658,"event":{"mods":["BaseMod","Hubris","Infinite Spire","Jorbs\u0027s Wanderer Trilogy","Minty Spire (QoL Compilation)","Replay The Spire","StSLib","SuperFastMode","The Animator","The Jungle"],"gold_per_floor":[114,114,114,114,144,144,178,178,178,193,193,211,211,211,211,311,311,325,345,365,365,12,12,29,39,39,39,39,39,54,54,54],"floor_reached":31,"language":"ENG","playtime":1288,"items_purged":[],"score":310,"play_id":"5d1b8663-652b-43df-a322-018329e04f8c","local_time":"20210115222738","is_ascension_mode":false,"campfire_choices":[{"data":"animator:ElricEdward","floor":6,"key":"SMITH"},{"data":"animator:WinryRockbell","floor":8,"key":"SMITH"},{"data":"animator:ElricEdward","floor":13,"key":"SMITH"},{"data":"animator:ElricAlphonse","floor":15,"key":"SMITH"},{"floor":23,"key":"REST"},{"data":"hubris:Fate","floor":27,"key":"SMITH"}],"circlet_count":0,"master_deck":["animator:Strike_FullmetalAlchemist","animator:Defend_FullmetalAlchemist","animator:Strike","animator:Strike","animator:Strike","animator:Defend","animator:Defend","animator:Defend","animator:ElricEdward+1","animator:ElricAlphonse+1","animator:ElricEdward+1","animator:WinryRockbell+1","Delirium","animator:Eve+1","animator:ElricEdward","animator:ElricAlphonse","hubris:Fate+1","animator:ElricEdward","animator:MaesHughes","animator:MaesHughes+1","animator:Greed"],"relics":["animator:VividPicture","animator:TheMissingPiece","animator:PurgingStone","animator:Buoy","hubris:Towel","hubris:Zylophone","Juzu Bracelet","animator:WizardHat","ReplayTheSpireMod:Ring of Exchange","Ring of Misfortune","infinitespire:Bottled Soul","Anchor","Nloth\u0027s Gift"],"acts_visited":["Exordium","TheCity"],"potions_floor_usage":[24,30],"damage_taken":[{"damage":1,"enemies":"2 Louse","floor":1,"turns":4},{"damage":2,"enemies":"Jaw Worm","floor":5,"turns":3},{"damage":21,"enemies":"Replay:BlueRogue","floor":7,"turns":4},{"damage":0,"enemies":"Small Slimes","floor":10,"turns":2},{"damage":6,"enemies":"Looter","floor":12,"turns":3},{"damage":0,"enemies":"Slime Boss","floor":16,"turns":7},{"damage":5,"enemies":"Shell Parasite","floor":18,"turns":3},{"damage":10,"enemies":"Chosen","floor":19,"turns":4},{"damage":29,"enemies":"Centurion and Healer","floor":20,"turns":3},{"damage":18,"enemies":"Shelled Parasite and Fungi","floor":24,"turns":5},{"damage":0,"enemies":"Chosen and Byrds","floor":25,"turns":4},{"damage":0,"enemies":"Centurion and Healer","floor":30,"turns":2},{"damage":21,"enemies":"Gremlin Leader","floor":31,"turns":3}],"seed_played":"-615677709022319506","potions_obtained":[{"floor":1,"key":"Doom Potion"},{"floor":5,"key":"Reflective Coating"},{"floor":20,"key":"SkillPotion"},{"floor":24,"key":"FearPotion"},{"floor":25,"key":"Strength Potion"}],"is_trial":false,"path_per_floor":["M","?","?","?","M","R","E","R","T","M","?","M","R","?","R","B",null,"M","M","M","?","$","R","M","M","T","R","?","?","M","E"],"character_chosen":"THE_ANIMATOR","items_purchased":["infinitespire:Bottled Soul","animator:ElricEdward","animator:MaesHughes"],"campfire_rested":1,"item_purchase_floors":[22,22,22],"current_hp_per_floor":[65,65,65,65,63,63,44,44,44,46,70,66,66,66,66,66,72,67,59,30,13,13,35,17,19,19,19,19,19,20,0,0],"gold":54,"neow_bonus":"RANDOM_COMMON_RELIC","is_daily":false,"chose_seed":false,"campfire_upgraded":5,"win_rate":0.0,"timestamp":1610767658,"path_taken":["M","?","?","?","?","R","E","R","T","M","?","M","R","?","R","BOSS","M","M","M","?","$","R","M","M","T","R","?","?","M","E"],"items_purchased_type":["Relic","Card","Card"],"build_version":"2020-12-22","purchased_purges":0,"victory":false,"max_hp_per_floor":[66,66,66,66,66,66,68,68,68,70,70,72,72,72,72,72,72,72,74,74,74,74,74,74,76,76,76,76,76,77,77,77],"card_choices":[{"not_picked":["animator:Emonzaemon","animator:UneriGinkaku"],"picked":"animator:ElricEdward","floor":1},{"not_picked":["animator:Viivi","animator:ShinjiMatou"],"picked":"animator:WinryRockbell","floor":5},{"not_picked":["animator:EmiyaShirou","animator:Cocytus","animator:Rider"],"picked":"Singing Bowl","floor":7},{"not_picked":["animator:SakuraMatou","animator:Rena","animator:Gluttony"],"picked":"Singing Bowl","floor":10},{"not_picked":["animator:RoryMercury","animator:Gillette","animator:Ara"],"picked":"Singing Bowl","floor":12},{"not_picked":["animator:ItamiYouji","animator:HigakiRinne"],"picked":"animator:Eve","floor":16},{"not_picked":["animator:Tatsumaki","animator:Cocytus"],"picked":"animator:ElricEdward","floor":18},{"not_picked":["animator:Guy","animator:Ciel","animator:Archer"],"picked":"Singing Bowl","floor":19},{"not_picked":["animator:Tatsumaki+1","animator:Albedo"],"picked":"animator:ElricAlphonse","floor":20},{"not_picked":["ReplayTheSpireMod:Echoes of Time","infinitespire:DeathsTouch"],"picked":"hubris:Fate","floor":21},{"not_picked":["animator:TukaLunaMarceau","animator:Mikaela+1"],"picked":"animator:MaesHughes+1","floor":24},{"not_picked":["animator:ChaikaBohdan","animator:MumenRider","animator:Fredrika"],"picked":"Singing Bowl","floor":25},{"not_picked":["animator:Emonzaemon","animator:Assassin+1"],"picked":"animator:Greed","floor":30}],"player_experience":109216,"relics_obtained":[{"floor":3,"key":"hubris:Zylophone"},{"floor":7,"key":"Juzu Bracelet"},{"floor":9,"key":"animator:WizardHat"},{"floor":14,"key":"ReplayTheSpireMod:Ring of Exchange"},{"floor":14,"key":"Ring of Misfortune"},{"floor":26,"key":"Anchor"}],"event_choices":[{"damage_healed":0,"gold_gain":0,"player_choice":"Gave Potion","damage_taken":0,"relics_obtained":["Singing Bowl"],"max_hp_gain":0,"max_hp_loss":0,"event_name":"WeMeetAgain","floor":4,"gold_loss":0},{"damage_healed":24,"gold_gain":0,"player_choice":"Full Heal","damage_taken":0,"max_hp_gain":0,"max_hp_loss":0,"event_name":"Wheel of Change","floor":11,"gold_loss":0},{"damage_healed":0,"gold_gain":0,"player_choice":"Traded Relic","damage_taken":0,"relics_obtained":["Nloth\u0027s Gift"],"max_hp_gain":0,"max_hp_loss":0,"event_name":"N\u0027loth","floor":29,"relics_lost":["Singing Bowl"],"gold_loss":0}],"is_beta":false,"boss_relics":[{"not_picked":["Coffee Dripper","hubris:HollowSoul"],"picked":"animator:VividPicture"}],"items_purged_floors":[],"is_endless":false,"potions_floor_spawned":[1,5,20,24,25],"killed_by":"Gremlin Leader","ascension_level":0}}