{"host":"st1kg310ms6sytc5","time":1610812943,"event":{"mods":["Act Like it!","BaseMod","CapriCore","Downfall","Minty Spire (QoL Compilation)","StSLib","SuperFastMode"],"gold_per_floor":[99,99,99,99,99,29,53,53,67,83,109,9,26,56,72,171,171,71,88,88,98,98,116,116,147,232,249,199,211,21,46,61,161,161,161,179,193,243,254,254,325,340,351,384,81,81,91,124,138,138,138],"floor_reached":50,"language":"ZHS","playtime":5765,"items_purged":["bronze:Shell","bronze:Strike","bronze:Strike"],"score":604,"play_id":"08a61dfe-49ff-4d89-8a8b-d68ce4e85b25","local_time":"20210117000222","is_ascension_mode":false,"campfire_choices":[{"data":"bronze:Replicate","floor":1.0,"key":"SMITH"},{"data":"bronze:BuggyMess","floor":12.0,"key":"SMITH"},{"data":"bronze:Goto","floor":18.0,"key":"SMITH"},{"data":"bronze:SpaghettiCode","floor":35.0,"key":"SMITH"},{"data":"bronze:Shell","floor":40.0,"key":"SMITH"},{"data":"bronze:Boost","floor":46.0,"key":"SMITH"}],"circlet_count":0,"master_deck":["bronze:Strike","bronze:Strike","bronze:Defend","bronze:Defend","bronze:Defend","bronze:Defend","bronze:Replicate+1","bronze:Goto+1","bronze:BuggyMess+1","bronze:Replicate+1","bronze:Virus","bronze:MaxOutput+1","bronze:ItsAFeature+1","bronze:FineTuning","bronze:Iterate","bronze:Boost+1","bronze:FineTuning","bronze:BitShift","bronze:RecursiveStrike","bronze:Shell+1","bronze:FollowUp+1","bronze:Repulsor+1","bronze:ClassDefault+1","bronze:ChildClass","bronze:SpaghettiCode+1","bronze:ChosenStrike+1","bronze:Return+1","bronze:Fortify+1","bronze:Invalidate+1"],"relics":["bronze:BronzeCore","downfall:HeartsMalice","downfall:ShatteredFragment","Frozen Egg 2","Omamori","downfall:HeartBlessingGreen","StrikeDummy","Sozu","downfall:HeartBlessingBlue","Enchiridion","Kunai","Letter Opener","Guardian:PocketSentry","champ:DeflectingBracers","Philosopher\u0027s Stone","Shovel","Shuriken","Smiling Mask","OrangePellets","Pen Nib","Blue Candle","Juzu Bracelet"],"acts_visited":["Exordium","TheCity","TheBeyond"],"potions_floor_usage":[],"damage_taken":[{"damage":0.0,"enemies":"Small Slimes","floor":2.0,"turns":1.0},{"damage":0.0,"enemies":"downfall:FleeingMerchant","floor":6.0,"turns":1.0},{"damage":0.0,"enemies":"Jaw Worm","floor":8.0,"turns":1.0},{"damage":0.0,"enemies":"Cultist","floor":9.0,"turns":2.0},{"damage":12.0,"enemies":"Exordium Thugs","floor":10.0,"turns":4.0},{"damage":0.0,"enemies":"Lagavulin","floor":11.0,"turns":4.0},{"damage":0.0,"enemies":"Blue Slaver","floor":13.0,"turns":3.0},{"damage":14.0,"enemies":"Gremlin Nob","floor":14.0,"turns":3.0},{"damage":0.0,"enemies":"2 Fungi Beasts","floor":15.0,"turns":2.0},{"damage":22.0,"enemies":"IC_STATUS_ARCHETYPE","floor":16.0,"turns":4.0},{"damage":0.0,"enemies":"Chosen","floor":19.0,"turns":2.0},{"damage":0.0,"enemies":"3 Byrds","floor":21.0,"turns":3.0},{"damage":8.0,"enemies":"Snecko","floor":23.0,"turns":5.0},{"damage":15.0,"enemies":"Slavers","floor":25.0,"turns":4.0},{"damage":0.0,"enemies":"Snake Plant","floor":27.0,"turns":4.0},{"damage":6.0,"enemies":"Cultist and Chosen","floor":29.0,"turns":3.0},{"damage":0.0,"enemies":"downfall:FleeingMerchant","floor":30.0,"turns":4.0},{"damage":14.0,"enemies":"Book of Stabbing","floor":31.0,"turns":4.0},{"damage":0.0,"enemies":"3 Cultists","floor":32.0,"turns":3.0},{"damage":4.0,"enemies":"SI_MIRROR_ARCHETYPE","floor":33.0,"turns":6.0},{"damage":5.0,"enemies":"Orb Walker","floor":36.0,"turns":2.0},{"damage":18.0,"enemies":"3 Shapes","floor":37.0,"turns":3.0},{"damage":0.0,"enemies":"3 Shapes","floor":38.0,"turns":3.0},{"damage":0.0,"enemies":"Sphere and 2 Shapes","floor":39.0,"turns":3.0},{"damage":0.0,"enemies":"Maw","floor":42.0,"turns":4.0},{"damage":33.0,"enemies":"4 Shapes","floor":43.0,"turns":5.0},{"damage":4.0,"enemies":"Giant Head","floor":44.0,"turns":5.0},{"damage":0.0,"enemies":"downfall:FleeingMerchant","floor":45.0,"turns":3.0},{"damage":0.0,"enemies":"3 Darklings","floor":47.0,"turns":3.0},{"damage":5.0,"enemies":"Nemesis","floor":48.0,"turns":5.0},{"damage":0.0,"enemies":"Writhing Mass","floor":49.0,"turns":5.0},{"damage":17,"enemies":"DF_ARCHETYPE_ORBS","floor":50,"turns":2}],"seed_played":"1629929771984387514","potions_obtained":[{"floor":10.0,"key":"SkillPotion"},{"floor":13.0,"key":"Swift Potion"},{"floor":15.0,"key":"PowerPotion"}],"is_trial":false,"path_per_floor":["R","M","?","T","?","$","T","M","M","M","E","R","M","E","M","B",null,"R","M","?","M","?","M","T","E","?","M","?","M","$","E","M","B",null,"R","M","M","?","M","R","T","M","M","E","$","R","M","E","M","B"],"character_chosen":"THE_AUTOMATON","items_purchased":["bronze:MaxOutput+1","OrangePellets","Pen Nib","Blue Candle"],"campfire_rested":0,"item_purchase_floors":[6,45,45,45],"current_hp_per_floor":[70,70,49,49,49,49,49,49,49,37,37,37,37,23,23,1,70,80,80,64,64,64,56,56,41,27,27,57,51,51,37,37,33,80,80,75,57,57,57,57,57,57,24,20,20,20,20,15,15,0,0],"gold":138,"neow_bonus":"THREE_ENEMY_KILL","is_daily":false,"chose_seed":false,"campfire_upgraded":6,"win_rate":0.0,"timestamp":1610812942,"path_taken":["R","M","?","?","?","$","T","?","M","M","E","R","M","E","M","BOSS","R","M","?","M","?","M","T","E","?","M","?","M","$","E","M","BOSS","R","M","M","?","M","R","T","M","M","E","$","R","M","E","M","BOSS"],"items_purchased_type":["Card","Relic","Relic","Relic"],"build_version":"2020-12-22","purchased_purges":3,"victory":false,"max_hp_per_floor":[70,70,70,70,70,70,70,70,70,70,70,70,70,70,70,70,70,80,80,80,80,80,80,80,80,80,80,80,80,80,80,80,80,80,80,80,80,80,80,80,80,80,80,80,80,80,80,80,80,80,80],"card_choices":[{"not_picked":["bronze:DelayedGuard","bronze:ForceShield"],"picked":"bronze:BuggyMess","floor":2.0},{"not_picked":["bronze:ItsAFeature+1","bronze:Repulsor+1"],"picked":"bronze:Virus","floor":6.0},{"not_picked":["bronze:OilSpill","bronze:Fortify"],"picked":"bronze:ItsAFeature+1","floor":8.0},{"not_picked":["bronze:Iterate","bronze:Backtrace"],"picked":"bronze:FineTuning","floor":9.0},{"not_picked":["bronze:Backtrace","bronze:BuggyMess"],"picked":"bronze:Iterate","floor":10.0},{"not_picked":["bronze:Deprecate","bronze:ItsAFeature+1"],"picked":"bronze:Boost","floor":11.0},{"not_picked":["bronze:CutThrough","bronze:ItsAFeature+1"],"picked":"bronze:FineTuning","floor":13.0},{"not_picked":["bronze:Frontload","bronze:Branch"],"picked":"bronze:BitShift","floor":14.0},{"not_picked":["bronze:OilSpill","bronze:Frontload","bronze:MaxOutput+1"],"picked":"SKIP","floor":15.0},{"not_picked":["bronze:ShipIt","bronze:HyperBeam"],"picked":"bronze:RecursiveStrike","floor":16.0},{"not_picked":["bronze:OilSpill+1","bronze:BitShift","bronze:Shield"],"picked":"SKIP","floor":19.0},{"not_picked":["bronze:BitShift","bronze:CutThrough"],"picked":"bronze:Shell","floor":21.0},{"not_picked":["bronze:BugBarrage+1","bronze:DelayedSlice","bronze:OilSpill"],"picked":"SKIP","floor":23.0},{"not_picked":["bronze:ForceShield","bronze:ThunderWave"],"picked":"bronze:FollowUp+1","floor":25.0},{"not_picked":["bronze:CutThrough+1","bronze:BitShift+1"],"picked":"bronze:Repulsor+1","floor":27.0},{"not_picked":["bronze:BronzeArmor","bronze:Frontload","bronze:DigitalCarnage"],"picked":"SKIP","floor":29.0},{"not_picked":["bronze:Repulsor+1","bronze:CutThrough+1","bronze:ForceShield+1"],"picked":"SKIP","floor":30.0},{"not_picked":["bronze:BitShift+1","bronze:Safeguard+1"],"picked":"bronze:ClassDefault+1","floor":31.0},{"not_picked":["bronze:WhirlingStrike","bronze:WildBeam+1"],"picked":"bronze:ChildClass","floor":32.0},{"not_picked":["bronze:Verify+1","bronze:Assembly"],"picked":"bronze:SpaghettiCode","floor":33.0},{"not_picked":["bronze:ClassDefault+1","bronze:DelayedGuard+1","bronze:DelayedSlice"],"picked":"SKIP","floor":36.0},{"not_picked":["bronze:BugBarrage","bronze:Fortify+1","bronze:Shield+1"],"picked":"SKIP","floor":37.0},{"not_picked":["bronze:Invalidate","bronze:Philosophize","bronze:Iterate+1"],"picked":"SKIP","floor":39.0},{"not_picked":["bronze:CutThrough+1","bronze:Repair+1"],"picked":"bronze:ChosenStrike+1","floor":42.0},{"not_picked":["bronze:DarkDash+1","bronze:BurnOut","bronze:BronzeArmor"],"picked":"SKIP","floor":43.0},{"not_picked":["bronze:DelayedSlice+1","bronze:Mutator+1"],"picked":"bronze:Return+1","floor":44.0},{"not_picked":["bronze:Deprecate","bronze:Break"],"picked":"bronze:Fortify+1","floor":45.0},{"not_picked":["bronze:BitShift","bronze:Frontload","bronze:Repulsor+1"],"picked":"SKIP","floor":47.0},{"not_picked":["bronze:Repair","bronze:Overheat+1"],"picked":"bronze:Invalidate+1","floor":48.0},{"not_picked":["bronze:DigitalCarnage+1","bronze:Deprecate","bronze:CutThrough"],"picked":"SKIP","floor":49.0}],"player_experience":1541538,"relics_obtained":[{"floor":4.0,"key":"Frozen Egg 2"},{"floor":11.0,"key":"Omamori"},{"floor":14.0,"key":"StrikeDummy"},{"floor":20.0,"key":"Enchiridion"},{"floor":24.0,"key":"Letter Opener"},{"floor":25.0,"key":"Guardian:PocketSentry"},{"floor":31.0,"key":"champ:DeflectingBracers"},{"floor":38.0,"key":"Shovel"},{"floor":41.0,"key":"Shuriken"},{"floor":44.0,"key":"Smiling Mask"},{"floor":48.0,"key":"Juzu Bracelet"}],"event_choices":[],"is_beta":false,"boss_relics":[{"not_picked":["Tiny House","Empty Cage"],"picked":"Sozu"},{"not_picked":["Astrolabe","SacredBark"],"picked":"Philosopher\u0027s Stone"}],"items_purged_floors":[30,30,45],"is_endless":false,"potions_floor_spawned":[10,13,15,21,25,29,31,38,43,44,47],"killed_by":"DF_ARCHETYPE_ORBS","ascension_level":0}}