{"host":"bycas0s5rx7l5h3x","time":1610799576,"event":{"mods":["AchievementEnabler","Arknights The Spire","BaseMod","Minty Spire (QoL Compilation)","StSLib"],"gold_per_floor":[111,111,129,129,144,144,172,142,142,142,142,142],"floor_reached":11,"language":"ZHS","playtime":807,"items_purged":[],"score":71,"play_id":"44f6d610-3d84-4aea-97da-081b9bdccde0","local_time":"20210116201936","is_ascension_mode":false,"campfire_choices":[{"data":"ats:Shell Defense","floor":6,"key":"SMITH"},{"floor":10,"key":"REST"}],"circlet_count":0,"master_deck":["ats:Strike C","ats:Strike G","ats:Strike S","ats:Strike V","ats:Armor Crushing Shot","ats:Defend","ats:Defend","ats:Defend","ats:Defend","ats:Emotion Absorption","ats:Shell Defense+1","ats:Automatic Cover","ats:Cat Scratch","ats:Support Order","ats:Blood Oath"],"relics":["ats:Sanity","ats:Originium","PreservedInsect","Sundial"],"acts_visited":["Exordium"],"potions_floor_usage":[],"damage_taken":[{"damage":13,"enemies":"Jaw Worm","floor":1,"turns":6},{"damage":2,"enemies":"Small Slimes","floor":3,"turns":4},{"damage":0,"enemies":"2 Louse","floor":5,"turns":4},{"damage":36,"enemies":"Lagavulin","floor":7,"turns":14},{"damage":7,"enemies":"Looter","floor":8,"turns":4},{"damage":13,"enemies":"Gremlin Nob","floor":11,"turns":4}],"seed_played":"-6802904455763794381","potions_obtained":[{"floor":3,"key":"Fruit Juice"},{"floor":5,"key":"Dexterity Potion"}],"is_trial":false,"path_per_floor":["M","?","M","?","M","R","E","M","T","R","E"],"character_chosen":"DOCTOR_CLASS","items_purchased":[],"campfire_rested":1,"item_purchase_floors":[],"current_hp_per_floor":[66,66,64,64,67,67,37,30,30,53,46,46],"gold":142,"neow_bonus":"TEN_PERCENT_HP_BONUS","is_daily":false,"chose_seed":false,"campfire_upgraded":1,"win_rate":0.0,"timestamp":1610799576,"path_taken":["M","?","M","?","M","R","E","M","T","R","E"],"items_purchased_type":[],"build_version":"2020-12-22","purchased_purges":0,"victory":false,"max_hp_per_floor":[79,79,79,79,79,79,79,79,79,79,79,79],"card_choices":[{"not_picked":["ats:Apocalypse","ats:Powerful Strike"],"picked":"ats:Shell Defense","floor":1},{"not_picked":["ats:Support Order","ats:Poison Spread"],"picked":"ats:Automatic Cover","floor":3},{"not_picked":["ats:Poison Spread","ats:Powerful Strike"],"picked":"ats:Cat Scratch","floor":5},{"not_picked":["ats:Demon Strength","ats:Ignite"],"picked":"ats:Support Order","floor":7},{"not_picked":["ats:Consecutive Shot Auto","ats:Cat Scratch"],"picked":"ats:Blood Oath","floor":8}],"player_experience":26878,"relics_obtained":[{"floor":7,"key":"ats:Originium"},{"floor":7,"key":"PreservedInsect"},{"floor":9,"key":"Sundial"}],"event_choices":[{"damage_healed":0,"gold_gain":0,"player_choice":"Ignored","damage_taken":0,"max_hp_gain":0,"max_hp_loss":0,"event_name":"Golden Idol","floor":2,"gold_loss":0},{"damage_healed":0,"gold_gain":0,"player_choice":"Ignored","damage_taken":0,"max_hp_gain":0,"max_hp_loss":0,"event_name":"Shining Light","floor":4,"gold_loss":0}],"is_beta":false,"boss_relics":[],"items_purged_floors":[],"is_endless":false,"potions_floor_spawned":[3,5],"killed_by":"Gremlin Nob","ascension_level":0}}