{"host":"ik8ww1p4uabx5gam","time":1610765845,"event":{"mods":["Always Whale","Aspiration","BaseMod","Beaked The Cultist","Better Third Choice","BetterRewards","Colored Map","Colored Powertips","Conspire","Energized Spire","FetchMod","GifTheSpireLib","Hubris","Infinite Spire","Ironclad Rager","Jedi Mod","Minty Spire (QoL Compilation)","Random Character Button","Replay The Spire","Shop Mod","Spicy Shops","Spikes Relics","StSLib","Stuff the Spire","The Bladedancer","The Blue Laboratory","The Gatherer","Wandering Minibosses","??????REMEMod"],"gold_per_floor":[113,130,147,159,169,169,198,198,198,198,198,198,216,243,243,345,345,355,355,355,370,386,413,426,438,485,485,485,485,495,495,495,600,600,614,614,627,927,945,956,971,971,971,988,988,988,1002,1015,1015,1015],"floor_reached":51,"language":"ENG","playtime":2400,"items_purged":[],"score":860,"play_id":"bbe04e3c-204a-4b0d-9a57-3ab041ddd0bd","local_time":"20210115205725","is_ascension_mode":false,"metric_token":1873,"campfire_choices":[{"data":"Gatherer:Bulldoze","floor":6,"key":"SMITH"},{"data":"Gatherer:FinishingStrike","floor":8,"key":"SMITH"},{"data":"Gatherer:Bulldoze+1","floor":12,"key":"SMITH"},{"data":"Gatherer:Bulldoze+2","floor":15,"key":"SMITH"},{"data":"Gatherer:Overflowing","floor":27,"key":"SMITH"},{"data":"Gatherer:MindSearch","floor":29,"key":"SMITH"},{"data":"Gatherer:FruitForce+1","floor":32,"key":"SMITH"},{"data":"Gatherer:FruitForce+2","floor":42,"key":"SMITH"},{"data":"Gatherer:FruitForce+3","floor":49,"key":"SMITH"}],"circlet_count":0,"master_deck":["Gatherer:Strike_Gatherer","Gatherer:Strike_Gatherer","Gatherer:Strike_Gatherer","Gatherer:Strike_Gatherer","Gatherer:Defend_Gatherer","Gatherer:Defend_Gatherer","Gatherer:Defend_Gatherer","Gatherer:Defend_Gatherer","Gatherer:Defend_Gatherer","Gatherer:Centralize","Gatherer:FlowerWhip","Gatherer:FinishingStrike+1","Gatherer:QuickSynthesis","Gatherer:TreeGrowth","Gatherer:Bulldoze+3","Gatherer:FruitForce+4","Gatherer:GlowingPlant","Gatherer:Shadow","Gatherer:Light","Gatherer:EnergyBasket","Gatherer:SmartManeuver+1","Gatherer:Snatch+1","Gatherer:Transmute+1","Gatherer:Overflowing+1","Gatherer:MindSearch+1","Gatherer:UpgradeBag+1","Gatherer:SealedBomb+1","Gatherer:ScherryThrow+1"],"relics":["Gatherer:AlchemyBag","infinitespire:FocusingShard","conspire:InfiniteJournal","StuffTheSpire:OldFever","aspiration:SecretTechniqueScroll","aspiration:Stabinomicon","Nloth\u0027s Gift","hubris:TinFlute","infinitespire:PuzzleCube","wanderingMiniBosses:OtherGremlinHorn","aspiration:RandomNobGenerator","RetroEgg","hubris:NiceRug","Pet Ghost","aspiration:EmptySkull","StuffTheSpire:HistoryBook","Vajra","Meat on the Bone","Lee\u0027s Waffle","ReplayTheSpireMod:Lightbulb"],"acts_visited":["Exordium","TheCity","TheBeyond"],"potions_floor_usage":[7,16,23,30,30,38,40,40,40,50,50,50],"damage_taken":[{"damage":0,"enemies":"conspire:RoseBush","floor":1,"turns":2},{"damage":0,"enemies":"Jaw Worm","floor":2,"turns":2},{"damage":0,"enemies":"Cultist","floor":3,"turns":2},{"damage":7,"enemies":"Blue Slaver","floor":4,"turns":3},{"damage":1,"enemies":"Exordium Thugs","floor":5,"turns":5},{"damage":5,"enemies":"Gremlin Nob","floor":7,"turns":4},{"damage":0,"enemies":"3 Louse","floor":13,"turns":2},{"damage":4,"enemies":"3 Sentries","floor":14,"turns":4},{"damage":2,"enemies":"The Guardian","floor":16,"turns":8},{"damage":0,"enemies":"conspire:FuzzyDice","floor":18,"turns":2},{"damage":0,"enemies":"Shell Parasite","floor":21,"turns":2},{"damage":0,"enemies":"Snecko","floor":22,"turns":2},{"damage":0,"enemies":"Replay:Snechameleon","floor":23,"turns":2},{"damage":0,"enemies":"Shelled Parasite and Fungi","floor":24,"turns":2},{"damage":0,"enemies":"Sentry and Sphere","floor":25,"turns":3},{"damage":10,"enemies":"Snecko","floor":30,"turns":5},{"damage":11,"enemies":"Champ","floor":33,"turns":3},{"damage":0,"enemies":"3 Darklings","floor":35,"turns":2},{"damage":0,"enemies":"Orb Walker","floor":37,"turns":1},{"damage":0,"enemies":"hubris:Merchant","floor":38,"turns":4},{"damage":0,"enemies":"Jaw Worm Horde","floor":39,"turns":2},{"damage":0,"enemies":"Writhing Mass","floor":40,"turns":2},{"damage":0,"enemies":"Maw","floor":41,"turns":1},{"damage":0,"enemies":"Jaw Worm Horde","floor":44,"turns":2},{"damage":2,"enemies":"4 Shapes","floor":47,"turns":1},{"damage":0,"enemies":"Spire Growth","floor":48,"turns":1},{"damage":0,"enemies":"Time Eater","floor":50,"turns":2}],"seed_played":"-6877163664054761706","potions_obtained":[{"floor":3,"key":"blueLaboratory:HorrorPotion"},{"floor":14,"key":"ColorlessPotion"},{"floor":16,"key":"Block Potion"},{"floor":18,"key":"Energy Potion"},{"floor":23,"key":"jedi:tentaclejuice"},{"floor":24,"key":"blueLaboratory:HorrorPotion"},{"floor":30,"key":"blueLaboratory:PyrophylliteBrew"},{"floor":35,"key":"BloodPotion"},{"floor":38,"key":"Explosive Potion"},{"floor":38,"key":"Poison Potion"},{"floor":38,"key":"jedi:StrikingPotion"},{"floor":41,"key":"SteroidPotion"},{"floor":44,"key":"Adrenaline Potion"},{"floor":48,"key":"Regen Potion"}],"is_trial":false,"path_per_floor":["M","M","M","M","M","R","E","R","T","?","?","R","M","E","R","B",null,"M","?","?","M","M","E","M","M","T","R","?","R","M","?","R","B",null,"M","?","M","$","M","M","M","R","T","M","?","$","M","M","R","B",null],"character_chosen":"THE_GATHERER","items_purchased":[],"campfire_rested":0,"item_purchase_floors":[],"current_hp_per_floor":[51,51,51,44,47,47,42,42,42,50,50,50,50,46,46,44,76,76,60,60,60,60,60,60,60,60,60,60,60,50,50,50,39,76,76,76,76,83,83,83,83,83,83,83,83,83,81,81,81,81],"gold":1015,"neow_bonus":"THREE_RARE_CARDS","is_daily":false,"chose_seed":false,"campfire_upgraded":9,"win_rate":0.0,"timestamp":1610765845,"path_taken":["M","M","M","M","M","R","E","R","T","?","?","R","M","E","R","BOSS","M","?","?","M","M","E","M","?","T","R","?","R","?","?","R","BOSS","M","?","?","$","M","M","M","R","T","M","?","?","?","M","R","BOSS"],"items_purchased_type":[],"build_version":"2020-12-22","purchased_purges":0,"victory":true,"max_hp_per_floor":[72,72,72,72,76,76,76,76,76,76,76,76,76,76,76,76,76,76,76,76,76,76,76,76,76,76,76,76,76,76,76,76,76,76,76,76,76,83,83,83,83,83,83,83,83,83,83,83,83,83],"card_choices":[{"not_picked":["Gatherer:Bulldoze","Gatherer:ColorfulGarden"],"picked":"Gatherer:FinishingStrike","floor":0},{"not_picked":["Gatherer:TacticalStrike","Gatherer:BalancedGrowth","Gatherer:Frenzy"],"picked":"SKIP","floor":1},{"not_picked":["Gatherer:FeelingFine","Gatherer:FlowerFalling"],"picked":"Gatherer:QuickSynthesis","floor":2},{"not_picked":["Gatherer:PotentialSlash","Gatherer:DrugPower"],"picked":"Gatherer:TreeGrowth","floor":3},{"not_picked":["Gatherer:BalancedGrowth","Gatherer:Enchant"],"picked":"Gatherer:Bulldoze","floor":4},{"not_picked":["Gatherer:AcidicSpray","Gatherer:GatherMaterial"],"picked":"Gatherer:FruitForce","floor":5},{"not_picked":["Gatherer:FinishingStrike","Gatherer:Enchant","Gatherer:Convert"],"picked":"SKIP","floor":7},{"not_picked":["Gatherer:AcidicSpray","Gatherer:FlowerFalling"],"picked":"Gatherer:GlowingPlant","floor":13},{"not_picked":["Gatherer:Herbalism","Gatherer:TreeGrowth"],"picked":"Gatherer:EnergyBasket","floor":14},{"not_picked":["Gatherer:WitheringStrike","Gatherer:FlowerShield","Gatherer:TacticalStrike+1"],"picked":"SKIP","floor":18},{"not_picked":["Gatherer:TreeGrowth+1","Gatherer:AromaProtection"],"picked":"Gatherer:SmartManeuver+1","floor":21},{"not_picked":["Gatherer:FlowerFalling+1","Gatherer:TreeGrowth+1"],"picked":"Gatherer:Snatch+1","floor":22},{"not_picked":["Gatherer:CarefulStrike","Gatherer:Misfortune"],"picked":"Gatherer:Transmute+1","floor":23},{"not_picked":["Gatherer:SaveValuables","Gatherer:EnergyBasket"],"picked":"Gatherer:Overflowing","floor":24},{"not_picked":["Gatherer:WoolGloves","Gatherer:BigPouch"],"picked":"Gatherer:MindSearch","floor":25},{"not_picked":["Gatherer:FlowerShield+1","Gatherer:Frenzy"],"picked":"Gatherer:UpgradeBag+1","floor":30},{"not_picked":["Gatherer:Convert","Gatherer:GatherMaterial"],"picked":"Gatherer:SealedBomb+1","floor":35},{"not_picked":["Gatherer:EnergyBasket","Gatherer:FlowerShield","Gatherer:TacticalStrike+1"],"picked":"SKIP","floor":37},{"not_picked":[],"picked":"Gatherer:ScherryThrow","floor":38},{"not_picked":["Gatherer:PotentialSlash"],"picked":"SKIP","floor":38},{"not_picked":["Gatherer:Convert"],"picked":"SKIP","floor":38},{"not_picked":["Gatherer:VenomBarrier+1"],"picked":"SKIP","floor":38},{"not_picked":["Gatherer:FlowerPower"],"picked":"SKIP","floor":38},{"not_picked":["Discovery"],"picked":"SKIP","floor":38},{"not_picked":["REME_EyeOfCthun"],"picked":"SKIP","floor":38},{"not_picked":["Gatherer:PotentialSlash+1","Gatherer:Polymorphism+1","Gatherer:Photoscythe"],"picked":"SKIP","floor":39},{"not_picked":["Gatherer:CollectorsShot","Gatherer:FlowerFalling","Gatherer:FragileHammer"],"picked":"SKIP","floor":40},{"not_picked":["Gatherer:DrugPower+1","Gatherer:FlowerPower","Gatherer:PotentialSlash+1"],"picked":"SKIP","floor":41},{"not_picked":["Gatherer:FragileHammer","Gatherer:FlowerBeam+1","Gatherer:FlowerPower"],"picked":"SKIP","floor":44},{"not_picked":["Gatherer:ScherryThrow+1","Gatherer:Uplift+1","Gatherer:Examine"],"picked":"SKIP","floor":47},{"not_picked":["Gatherer:SmartManeuver","Gatherer:WoolGloves","Gatherer:EnergyBasket"],"picked":"SKIP","floor":48}],"player_experience":1018661,"relics_obtained":[{"floor":7,"key":"infinitespire:FocusingShard"},{"floor":9,"key":"conspire:InfiniteJournal"},{"floor":14,"key":"StuffTheSpire:OldFever"},{"floor":19,"key":"aspiration:Stabinomicon"},{"floor":23,"key":"hubris:TinFlute"},{"floor":26,"key":"infinitespire:PuzzleCube"},{"floor":30,"key":"wanderingMiniBosses:OtherGremlinHorn"},{"floor":38,"key":"Pet Ghost"},{"floor":38,"key":"aspiration:EmptySkull"},{"floor":38,"key":"StuffTheSpire:HistoryBook"},{"floor":38,"key":"Vajra"},{"floor":38,"key":"Meat on the Bone"},{"floor":38,"key":"Lee\u0027s Waffle"},{"floor":43,"key":"ReplayTheSpireMod:Lightbulb"}],"event_choices":[{"damage_healed":0,"gold_gain":0,"player_choice":"Ignored","damage_taken":0,"max_hp_gain":0,"max_hp_loss":0,"event_name":"NoteForYourself","floor":11,"gold_loss":0},{"damage_healed":0,"gold_gain":0,"player_choice":"Obtained Book","damage_taken":16,"max_hp_gain":0,"max_hp_loss":0,"event_name":"Cursed Tome","floor":19,"gold_loss":0},{"damage_healed":0,"gold_gain":0,"player_choice":"Traded Relic","damage_taken":0,"relics_obtained":["Nloth\u0027s Gift"],"max_hp_gain":0,"max_hp_loss":0,"event_name":"N\u0027loth","floor":20,"relics_lost":["REME_ComplimentaryCards"],"gold_loss":0},{"cards_removed":["Gatherer:Strike_Gatherer"],"damage_healed":0,"gold_gain":0,"player_choice":"Purged","damage_taken":0,"max_hp_gain":0,"max_hp_loss":0,"event_name":"Purifier","floor":28,"gold_loss":0},{"damage_healed":0,"gold_gain":0,"player_choice":"Gave Potion","damage_taken":0,"relics_obtained":["RetroEgg"],"max_hp_gain":0,"max_hp_loss":0,"event_name":"WeMeetAgain","floor":36,"gold_loss":0},{"damage_healed":0,"gold_gain":0,"player_choice":"Ignored","damage_taken":0,"max_hp_gain":0,"max_hp_loss":0,"event_name":"Tomb of Lord Red Mask","floor":45,"gold_loss":0}],"is_beta":false,"boss_relics":[{"not_picked":["conspire:RunicOctahedron","Astrolabe"],"picked":"aspiration:SecretTechniqueScroll"},{"not_picked":["aspiration:RunicSpoon","Snecko Eye"],"picked":"aspiration:RandomNobGenerator"}],"items_purged_floors":[],"is_endless":false,"potions_floor_spawned":[3,14,16,18,23,24,30,35,41,44,48],"ascension_level":0}}