{"host":"pletss163z7s8pvv","time":1610765867,"event":{"mods":["AchievementEnabler","BaseMod","Colored Map","Colored Powertips","Minty Spire (QoL Compilation)"],"gold_per_floor":[114,189,204,204,219,219,249,249,274,274,7,7,182,182,182,282,282,267,282,282,282,13,13,13,13,63,63,63,63,12,12,12,112,112,127,142,142,157,157,157,157,157,207,219,47,62,62,0,0,0,0],"floor_reached":50,"language":"ENG","playtime":1179,"items_purged":[],"score":453,"play_id":"f1a72101-814e-4bdb-a0ea-ba76c87d130c","local_time":"20210115205747","daily_mods":["Allstar","Flight","Night Terrors"],"is_ascension_mode":false,"campfire_choices":[{"data":"Mayhem","floor":6,"key":"SMITH"},{"floor":8,"key":"REST"},{"data":"A Thousand Cuts","floor":10,"key":"SMITH"},{"data":"Accuracy","floor":12,"key":"SMITH"},{"data":"Blade Dance","floor":15,"key":"SMITH"},{"floor":23,"key":"REST"},{"data":"Envenom","floor":24,"key":"SMITH"},{"data":"Infinite Blades","floor":27,"key":"SMITH"},{"data":"Dramatic Entrance","floor":28,"key":"SMITH"},{"data":"Setup","floor":29,"key":"SMITH"},{"data":"RitualDagger","floor":32,"key":"SMITH"},{"floor":40,"key":"REST"},{"data":"Glass Knife","floor":41,"key":"SMITH"},{"data":"Dark Shackles","floor":42,"key":"SMITH"},{"data":"Panacea","floor":44,"key":"SMITH"},{"floor":47,"key":"REST"},{"data":"Infinite Blades","floor":49,"key":"SMITH"}],"circlet_count":0,"master_deck":["Strike_G","Strike_G","Strike_G","Strike_G","Strike_G","Defend_G","Defend_G","Defend_G","Defend_G","Defend_G","Survivor","Neutralize","Impatience","Dark Shackles+1","Panacea+1","Mayhem+1","PanicButton","Blade Dance+1","Flying Knee","Finisher","A Thousand Cuts+1","Accuracy+1","Setup+1","Poisoned Stab","Sucker Punch","Doubt","Envenom+1","Riddle With Holes","Infinite Blades+1","Decay","Dramatic Entrance+1","Quick Slash","Outmaneuver","RitualDagger+1","Glass Knife+1","Dagger Spray+1","Flying Knee","Backflip","Infinite Blades+1","Cloak And Dagger+1"],"relics":["Ring of the Snake","PreservedInsect","Orichalcum","Philosopher\u0027s Stone","Boot","Blood Vial","SlaversCollar","MawBank","TwistedFunnel","Red Mask"],"acts_visited":["Exordium","TheCity","TheBeyond"],"potions_floor_usage":[16,16,16,33,36,50,50],"damage_taken":[{"damage":11,"enemies":"2 Louse","floor":1,"turns":4},{"damage":0,"enemies":"Small Slimes","floor":3,"turns":3},{"damage":14,"enemies":"Jaw Worm","floor":5,"turns":5},{"damage":13,"enemies":"Gremlin Nob","floor":7,"turns":5},{"damage":18,"enemies":"Slime Boss","floor":16,"turns":7},{"damage":21,"enemies":"2 Thieves","floor":18,"turns":4},{"damage":24,"enemies":"Spheric Guardian","floor":19,"turns":4},{"damage":53,"enemies":"Collector","floor":33,"turns":7},{"damage":33,"enemies":"3 Darklings","floor":35,"turns":6},{"damage":9,"enemies":"Orb Walker","floor":36,"turns":3},{"damage":49,"enemies":"Jaw Worm Horde","floor":38,"turns":4},{"damage":34,"enemies":"Maw","floor":46,"turns":8},{"damage":75,"enemies":"Time Eater","floor":50,"turns":6}],"seed_played":"2700428786693623746","potions_obtained":[{"floor":3,"key":"Strength Potion"},{"floor":7,"key":"BlessingOfTheForge"},{"floor":18,"key":"Weak Potion"},{"floor":36,"key":"Fruit Juice"},{"floor":38,"key":"Strength Potion"},{"floor":46,"key":"BlessingOfTheForge"}],"is_trial":false,"path_per_floor":["M","?","M","?","M","R","E","R","T","R","$","R","?","?","R","B",null,"M","M","?","?","$","R","R","?","T","R","R","R","$","?","R","B",null,"M","M","?","M","?","R","R","R","T","R","$","M","R","?","R","B"],"character_chosen":"THE_SILENT","items_purchased":["Accuracy","Setup","Poisoned Stab","Sucker Punch","Strength Potion","Dramatic Entrance","Boot","Quick Slash","Outmaneuver","TwistedFunnel","Infinite Blades"],"campfire_rested":4,"item_purchase_floors":[11,11,11,11,11,22,22,22,30,45,45],"current_hp_per_floor":[59,48,48,53,39,39,26,70,70,70,70,70,70,70,70,52,70,49,25,25,25,25,65,65,65,65,65,65,65,65,59,59,8,65,32,30,61,12,12,56,56,56,56,56,56,22,51,51,51,0,0],"gold":0,"neow_bonus":"","is_daily":true,"chose_seed":false,"campfire_upgraded":13,"win_rate":0.0,"timestamp":1610765867,"path_taken":["M","?","M","?","M","R","E","R","T","R","?","R","?","?","R","BOSS","M","M","?","?","$","R","R","?","T","R","R","R","$","?","R","BOSS","M","M","?","M","?","R","R","R","T","R","$","?","R","?","R","BOSS"],"items_purchased_type":["Card","Card","Card","Card","Potion","Card","Relic","Card","Card","Relic","Card"],"build_version":"2020-12-22","purchased_purges":0,"victory":false,"max_hp_per_floor":[70,70,70,75,75,75,75,70,70,70,70,70,70,70,70,70,70,70,70,70,70,70,65,65,65,65,65,65,65,65,65,65,65,65,65,70,61,61,61,56,56,56,56,56,56,56,51,51,51,51,51],"card_choices":[{"not_picked":["Deadly Poison","Noxious Fumes"],"picked":"Blade Dance","floor":1},{"not_picked":["Eviscerate","Concentrate"],"picked":"Flying Knee","floor":3},{"not_picked":["Acrobatics","Phantasmal Killer"],"picked":"Finisher","floor":5},{"not_picked":["Escape Plan","Dodge and Roll"],"picked":"A Thousand Cuts","floor":7},{"not_picked":["Malaise","Night Terror"],"picked":"Envenom","floor":16},{"not_picked":["Dagger Spray","Slice+1"],"picked":"Riddle With Holes","floor":18},{"not_picked":["Flying Knee","Dagger Throw"],"picked":"Infinite Blades","floor":19},{"not_picked":["Night Terror","Tools of the Trade"],"picked":"Glass Knife","floor":33},{"not_picked":["PiercingWail+1","Skewer+1"],"picked":"Dagger Spray+1","floor":35},{"not_picked":["Reflex+1","Acrobatics+1"],"picked":"Flying Knee","floor":36},{"not_picked":["Quick Slash","Acrobatics+1"],"picked":"Backflip","floor":38},{"not_picked":["Doppelganger","Dagger Spray"],"picked":"Cloak And Dagger+1","floor":46}],"player_experience":419216,"relics_obtained":[{"floor":7,"key":"PreservedInsect"},{"floor":9,"key":"Orichalcum"},{"floor":26,"key":"Blood Vial"},{"floor":43,"key":"MawBank"}],"event_choices":[{"damage_healed":0,"gold_gain":75,"player_choice":"Gather Gold","damage_taken":11,"max_hp_gain":0,"max_hp_loss":0,"event_name":"World of Goop","floor":2,"gold_loss":0},{"damage_healed":0,"gold_gain":0,"player_choice":"Donut","damage_taken":0,"max_hp_gain":5,"max_hp_loss":0,"event_name":"Big Fish","floor":4,"gold_loss":0},{"damage_healed":0,"gold_gain":175,"player_choice":"AGREE","damage_taken":0,"max_hp_gain":0,"max_hp_loss":0,"event_name":"Liars Game","floor":13,"gold_loss":0,"cards_obtained":["Doubt"]},{"damage_healed":0,"gold_gain":0,"player_choice":"Bought 0 Potions","damage_taken":0,"max_hp_gain":0,"max_hp_loss":0,"event_name":"The Woman in Blue","floor":14,"gold_loss":0},{"damage_healed":0,"gold_gain":0,"player_choice":"Ignored","damage_taken":0,"max_hp_gain":0,"max_hp_loss":0,"event_name":"Ghosts","floor":20,"gold_loss":0},{"damage_healed":0,"gold_gain":0,"player_choice":"Smashed Altar","damage_taken":0,"max_hp_gain":0,"max_hp_loss":0,"event_name":"Forgotten Altar","floor":21,"gold_loss":0,"cards_obtained":["Decay"]},{"damage_healed":0,"gold_gain":0,"player_choice":"Ignored","damage_taken":0,"max_hp_gain":0,"max_hp_loss":0,"event_name":"Vampires","floor":25,"gold_loss":0},{"damage_healed":0,"gold_gain":0,"player_choice":"Joined the Cult","damage_taken":6,"max_hp_gain":0,"max_hp_loss":0,"event_name":"Nest","floor":31,"gold_loss":0,"cards_obtained":["RitualDagger"]},{"damage_healed":61,"gold_gain":0,"player_choice":"Heal","damage_taken":0,"max_hp_gain":0,"max_hp_loss":9,"event_name":"The Moai Head","floor":37,"gold_loss":0},{"damage_healed":0,"gold_gain":0,"player_choice":"0 cards matched","damage_taken":0,"max_hp_gain":0,"max_hp_loss":0,"event_name":"Match and Keep!","floor":39,"gold_loss":0,"cards_obtained":[]},{"damage_healed":0,"gold_gain":0,"player_choice":"Paid","damage_taken":0,"relics_obtained":["Red Mask"],"max_hp_gain":0,"max_hp_loss":0,"event_name":"Tomb of Lord Red Mask","floor":48,"gold_loss":62}],"is_beta":false,"boss_relics":[{"not_picked":["Runic Dome","Fusion Hammer"],"picked":"Philosopher\u0027s Stone"},{"not_picked":["Runic Pyramid","Busted Crown"],"picked":"SlaversCollar"}],"items_purged_floors":[],"is_endless":false,"potions_floor_spawned":[3,7,18,36,38,46],"killed_by":"Time Eater","ascension_level":0}}