{"host":"xs2umar4czbsv0xl","time":1610768184,"event":{"mods":["AchievementEnabler","Act Like it!","BaseMod","Gensokyo","Marisa????????","Minty Spire (QoL Compilation)","Reimu??????","Remilia??????","Replay The Spire","StSLib","The Hierophant","The Wild Card"],"gold_per_floor":[117,135,155,175,175,175,120,120,120,120,11,11,45,65,65,166,166,183,253,253,272,73,83,83,108,132,132,132,149,46,64,64,169,169,188,188,188,6,22,48,48,48,48,48,83,99,117,133,133,133,133,133,16,41,41],"floor_reached":56,"language":"ENG","playtime":3413,"items_purged":[],"score":1400,"play_id":"0f616eba-6d6b-4cc3-80d2-ce79eb86f920","local_time":"20210115213624","is_ascension_mode":true,"campfire_choices":[{"floor":6,"key":"RECALL"},{"data":"Barricade","floor":8,"key":"SMITH"},{"data":"ReplayTheSpireMod:LeadingStrike","floor":12,"key":"SMITH"},{"floor":27,"key":"REST"},{"floor":32,"key":"REST"},{"data":"Eclipse","floor":41,"key":"SMITH"},{"data":"Entrench","floor":44,"key":"SMITH"},{"floor":49,"key":"REST"},{"data":"Steam","floor":52,"key":"SMITH"}],"circlet_count":0,"master_deck":["Strike_R+1","Strike_R+1","Strike_R+1","Strike_R+1","Strike_R+1","Defend_R+1","Defend_R+1","Defend_R+1","Defend_R+1","Bash","Iron Wave+1","Barricade+1","Perfected Strike+1","Perfected Strike+1","Flame Barrier+1","Shrug It Off+1","ReplayTheSpireMod:LeadingStrike+1","Shrug It Off","ReplayTheSpireMod:Strike From Hell","Eclipse+1","Intimidate","Pommel Strike","Twin Strike","Entrench+1","Clothesline","Pommel Strike","Wild Strike","Clash","Ghostly Armor","Whirlwind+1","Replay:Undeath\u0027s Touch","Replay:Undeath\u0027s Touch+1","Juggernaut","Armaments+1","Secret Weapon","Shrug It Off+1","hierophant:Zeal+1","hierophant:Sermon+1","RainPray2:ReiMu+1","OctopathBindingBorder2:ReiMu+1","Steam+1","Conserve Battery","theWildCard:Abstinence+1","Double Tap","Iron Wave","Gensokyo:SalamanderShield"],"relics":["Burning Blood","NeowsBlessing","Replay:Bottled Eggs","Pocketwatch","Shuriken","Ring of Chaos","Smiling Mask","Dream Catcher","Ring of Searing","Another Sword","Pen Nib","Honey Jar","PrismaticShard","Replay:Ringing Soul","Orichalcum","Turnip","Mummified Hand"],"acts_visited":["Exordium","TheCity","TheBeyond","TheEnding"],"potions_floor_usage":[4,23,25,33,45,45,55,55,55,55],"damage_taken":[{"damage":0,"enemies":"Cultist","floor":1,"turns":1},{"damage":0,"enemies":"2 Louse","floor":2,"turns":1},{"damage":0,"enemies":"Jaw Worm","floor":3,"turns":1},{"damage":0,"enemies":"2 Fungi Beasts","floor":4,"turns":2},{"damage":0,"enemies":"3 Sentries","floor":13,"turns":4},{"damage":0,"enemies":"Blue Slaver","floor":14,"turns":2},{"damage":0,"enemies":"Fading Forest","floor":16,"turns":11},{"damage":10,"enemies":"2 Thieves","floor":18,"turns":3},{"damage":7,"enemies":"Shell Parasite","floor":21,"turns":3},{"damage":9,"enemies":"Snake Plant","floor":23,"turns":6},{"damage":36,"enemies":"Slavers","floor":25,"turns":6},{"damage":5,"enemies":"Sentry and Sphere","floor":29,"turns":2},{"damage":8,"enemies":"Centurion and Healer","floor":31,"turns":2},{"damage":24,"enemies":"Automaton","floor":33,"turns":3},{"damage":15,"enemies":"3 Shapes","floor":35,"turns":3},{"damage":5,"enemies":"Orb Walker","floor":39,"turns":2},{"damage":10,"enemies":"Nemesis","floor":40,"turns":3},{"damage":16,"enemies":"Reptomancer","floor":45,"turns":2},{"damage":28,"enemies":"Writhing Mass","floor":46,"turns":3},{"damage":13,"enemies":"Jaw Worm Horde","floor":47,"turns":4},{"damage":8,"enemies":"3 Darklings","floor":48,"turns":3},{"damage":30,"enemies":"Time Eater","floor":50,"turns":8},{"damage":37,"enemies":"Shield and Spear","floor":54,"turns":5},{"damage":89,"enemies":"The Heart","floor":55,"turns":8}],"seed_played":"-2992758244756783022","potions_obtained":[{"floor":2,"key":"Toxic Potion"},{"floor":13,"key":"BlessingOfTheForge"},{"floor":16,"key":"LifebloodPotion"},{"floor":18,"key":"Languid Potion"},{"floor":19,"key":"BlessingOfTheForge"},{"floor":29,"key":"Explosive Potion"},{"floor":33,"key":"BlessingOfTheForge"},{"floor":40,"key":"DistilledChaos"},{"floor":46,"key":"ElixirPotion"},{"floor":48,"key":"Regen Potion"},{"floor":54,"key":"SteroidPotion"}],"is_trial":false,"path_per_floor":["M","M","M","M","T","R","$","R","T","?","$","R","E","M","R","B",null,"M","?","?","M","$","M","?","E","T","R","?","M","$","M","R","B",null,"M","?","?","$","M","E","R","?","T","R","E","M","M","M","R","B",null,"R","$","E","B",null],"character_chosen":"IRONCLAD","items_purchased":["Flame Barrier+1","Shrug It Off+1","ReplayTheSpireMod:LeadingStrike","Dream Catcher","Pommel Strike","Exhume+1","Shrug It Off+1","PrismaticShard","Double Tap","Iron Wave"],"campfire_rested":3,"item_purchase_floors":[7,11,11,22,22,30,38,38,53,53],"current_hp_per_floor":[80,80,80,80,80,80,80,80,80,80,80,80,80,80,80,80,80,76,76,76,75,75,72,72,42,42,66,66,67,67,65,80,62,80,71,71,90,90,90,89,89,89,89,89,82,63,59,60,94,70,108,108,111,83,15],"gold":41,"neow_bonus":"THREE_ENEMY_KILL","is_daily":false,"chose_seed":false,"campfire_upgraded":5,"win_rate":0.0,"timestamp":1610768184,"path_taken":["M","M","?","?","?","R","$","R","T","?","?","R","E","M","R","BOSS","M","?","?","M","$","M","?","E","T","R","?","M","$","M","R","BOSS","M","?","?","$","?","E","R","?","T","R","E","M","M","M","R","BOSS","R","$","E","BOSS"],"items_purchased_type":["Card","Card","Card","Relic","Card","Card","Card","Relic","Card","Card"],"build_version":"2020-12-22","purchased_purges":0,"victory":true,"max_hp_per_floor":[80,80,80,80,80,80,80,80,80,80,80,80,80,80,80,80,80,80,80,80,80,80,80,80,80,80,80,80,80,80,80,80,80,80,80,80,90,90,90,93,93,93,93,93,96,99,102,105,108,108,108,108,111,114,114],"card_choices":[{"not_picked":["Warcry","Shrug It Off"],"picked":"Iron Wave","floor":1},{"not_picked":["Flex","Headbutt"],"picked":"Barricade","floor":2},{"not_picked":["Twin Strike","Fire Breathing"],"picked":"Perfected Strike","floor":3},{"not_picked":["Searing Blow","Twin Strike"],"picked":"Perfected Strike","floor":4},{"not_picked":["Sentinel","Havoc"],"picked":"Shrug It Off","floor":13},{"not_picked":["Twin Strike","Clothesline"],"picked":"ReplayTheSpireMod:Strike From Hell","floor":14},{"not_picked":["Corruption","Double Tap"],"picked":"Eclipse","floor":16},{"not_picked":["Evolve+1","Sword Boomerang"],"picked":"Intimidate","floor":18},{"not_picked":["Cleave","Evolve"],"picked":"Pommel Strike","floor":19},{"not_picked":["Dual Wield","Shockwave+1"],"picked":"Twin Strike","floor":19},{"not_picked":["True Grit","Rampage+1"],"picked":"Clothesline","floor":21},{"not_picked":["True Grit+1","Fire Breathing+1"],"picked":"Wild Strike","floor":23},{"not_picked":["Clothesline","True Grit"],"picked":"Clash","floor":25},{"not_picked":["Seeing Red+1","Thunderclap+1"],"picked":"Ghostly Armor","floor":27},{"not_picked":["Shrug It Off+1","Replay:Undeath\u0027s Touch+1"],"picked":"Whirlwind+1","floor":29},{"not_picked":["Defy Death","Replay:Many Hands"],"picked":"Replay:Undeath\u0027s Touch","floor":31},{"not_picked":["Shrug It Off+1","ReplayTheSpireMod:Corrosion Curse"],"picked":"Replay:Undeath\u0027s Touch+1","floor":32},{"not_picked":["Bludgeon","Demonic Infusion"],"picked":"Juggernaut","floor":33},{"not_picked":["Feel No Pain","Searing Blow","Flex+1"],"picked":"Armaments+1","floor":35},{"not_picked":["Finesse","ReplayTheSpireMod:Trickstab","ReplayTheSpireMod:Necrogeddon"],"picked":"Secret Weapon","floor":36},{"not_picked":["BasicCrystalCard","SubcavityInstant:ReiMu","hierophant:SecretStash"],"picked":"hierophant:Zeal+1","floor":39},{"not_picked":["Specialist","EquivalentExchange","WitchLeyline"],"picked":"hierophant:Sermon+1","floor":40},{"not_picked":["Gash+1","TightArray:ReiMu","ScarletDevil+1"],"picked":"RainPray2:ReiMu+1","floor":45},{"not_picked":["Headbutt","Sword Boomerang","Evolve+1"],"picked":"OctopathBindingBorder2:ReiMu+1","floor":46},{"not_picked":["hierophant:Remorse+1","InherentArray:ReiMu","Maim"],"picked":"Steam","floor":47},{"not_picked":["ChargeUpSpray+1","PiercingWail+1","Sweeping Beam"],"picked":"Conserve Battery","floor":48},{"not_picked":["theWildCard:Patience+1","theWildCard:UnderLockAndKey+1","Warcry+1"],"picked":"theWildCard:Abstinence+1","floor":49},{"not_picked":["Conquer:ReiMu+1","YinYang:ReiMu","Turbo+1"],"picked":"Gensokyo:SalamanderShield","floor":54}],"player_experience":179519,"relics_obtained":[{"floor":9,"key":"Replay:Bottled Eggs"},{"floor":13,"key":"Shuriken"},{"floor":19,"key":"Smiling Mask"},{"floor":24,"key":"Ring of Searing"},{"floor":25,"key":"Another Sword"},{"floor":26,"key":"Pen Nib"},{"floor":40,"key":"Replay:Ringing Soul"},{"floor":43,"key":"Orichalcum"},{"floor":45,"key":"Turnip"},{"floor":54,"key":"Mummified Hand"}],"event_choices":[{"damage_healed":0,"gold_gain":0,"player_choice":"Searched \u00271\u0027 times","damage_taken":0,"relics_obtained":["Pocketwatch"],"max_hp_gain":0,"max_hp_loss":0,"event_name":"Dead Adventurer","floor":10,"gold_loss":0},{"damage_healed":0,"gold_gain":0,"player_choice":"Read","damage_taken":0,"max_hp_gain":0,"max_hp_loss":0,"event_name":"The Library","floor":20,"gold_loss":0,"cards_obtained":["Entrench"]},{"damage_healed":0,"gold_gain":0,"player_choice":"Simplicity","damage_taken":0,"max_hp_gain":0,"max_hp_loss":0,"event_name":"Back to Basics","floor":28,"gold_loss":0,"cards_upgraded":["Strike_R","Strike_R","Strike_R","Strike_R","Strike_R","Defend_R","Defend_R","Defend_R","Defend_R"]},{"damage_healed":0,"gold_gain":0,"player_choice":"Memory 1","damage_taken":0,"max_hp_gain":0,"max_hp_loss":0,"event_name":"SensoryStone","floor":36,"gold_loss":0},{"cards_removed":["Exhume"],"damage_healed":9,"gold_gain":0,"player_choice":"Offered Rare","damage_taken":0,"max_hp_gain":10,"max_hp_loss":0,"event_name":"Bonfire Elementals","floor":37,"gold_loss":0},{"damage_healed":0,"gold_gain":0,"player_choice":"Ignored","damage_taken":0,"max_hp_gain":0,"max_hp_loss":0,"event_name":"Mysterious Sphere","floor":42,"gold_loss":0}],"is_beta":false,"boss_relics":[{"not_picked":["Busted Crown","Snecko Eye"],"picked":"Ring of Chaos"},{"not_picked":["Replay:Wanted Poster","Replay:Grab Bag"],"picked":"Honey Jar"}],"items_purged_floors":[],"is_endless":false,"potions_floor_spawned":[2,13,16,18,29,33,40,46,48,54],"ascension_level":1}}