{"host":"kos1s9q8ffr8fqos","time":1610837779,"event":{"mods":["BaseMod","Bestiary","Better Altar","Better Match","Better Note","Better Sensory Stone","Better Skull","Better Third Choice","Better Vampires","Colored Map","Colored Powertips","Curses Come First","Downfall","Hermit","Infinite Spire","Minty Spire (QoL Compilation)","Quick Restart","Random Character Button","Relic Stats","StSLib","The Blue Laboratory","The Disciple"],"gold_per_floor":[99,109,124,142,207,107,134,163,163,163,178,190,27,61,76,179,179,79,96,107,120,120,120,190,203,236,236,253,268,118,151,167,267,267,267,277,277,25,25,25,25,53,53,71,89,89,101,129,142,142],"floor_reached":51,"language":"ENG","playtime":2761,"items_purged":["champ:Strike"],"score":970,"play_id":"c40335cb-a7b7-4aee-84a5-3f249fa7a77e","local_time":"20210116165619","is_ascension_mode":true,"campfire_choices":[{"floor":1,"key":"RECALL"},{"data":"champ:TripleStrike","floor":6,"key":"SMITH"},{"data":"champ:EnGarde","floor":10,"key":"SMITH"},{"data":"champ:StrikeOfGenius","floor":18,"key":"SMITH"},{"data":"champ:StanceDance","floor":35,"key":"SMITH"},{"data":"expansioncontent:StudyTheSpire","floor":40,"key":"SMITH"},{"data":"champ:SwordSigil","floor":43,"key":"SMITH"}],"circlet_count":0,"master_deck":["champ:Strike","champ:Strike","champ:Defend+1","champ:Defend","champ:Execute","champ:Taunt","champ:DeathBlow","champ:FanOfKnives","champ:EnGarde+1","champ:TripleStrike+1","champ:StanceDance+1","champ:TripleStrike+1","champ:Lariat+1","champ:CheapShot","champ:Improvising","champ:PerfectedStrike","champ:StrikeOfGenius+1","champ:SwordSigil+1","champ:FlashCut","champ:FalseCounter","champ:Lariat+1","Ghostly","champ:Backstep","champ:AdrenalArmor+1","champ:RecklessLeap","expansioncontent:StudyTheSpire+1","champ:CrookedStrike","expansioncontent:HyperBeam","champ:GutPunch","champ:FanOfKnives+1"],"relics":["champ:ChampionCrownUpgraded","Akabeko","downfall:HeartBlessingRed","Anchor","Bag of Marbles","Toolbox","Pear","downfall:HeartBlessingGreen","Happy Flower","Busted Crown","infinitespire:EmpoweringShard","War Paint","champ:DefensiveTrainingManual","Kunai","Sozu","Thread and Needle","Du-Vu Doll","Pen Nib"],"acts_visited":["Exordium","TheCity","TheBeyond"],"potions_floor_usage":[5,12,14],"damage_taken":[{"damage":16,"enemies":"Cultist","floor":2,"turns":5},{"damage":25,"enemies":"Small Slimes","floor":3,"turns":3},{"damage":17,"enemies":"2 Louse","floor":4,"turns":2},{"damage":43,"enemies":"Gremlin Nob","floor":5,"turns":4},{"damage":21,"enemies":"Lagavulin","floor":8,"turns":3},{"damage":0,"enemies":"Red Slaver","floor":11,"turns":1},{"damage":10,"enemies":"Lots of Slimes","floor":12,"turns":1},{"damage":45,"enemies":"downfall:FleeingMerchant","floor":13,"turns":4},{"damage":20,"enemies":"Gremlin Nob","floor":14,"turns":1},{"damage":0,"enemies":"2 Fungi Beasts","floor":15,"turns":1},{"damage":77,"enemies":"DF_ARCHETYPE_STREAMLINE","floor":16,"turns":8},{"damage":30,"enemies":"Shell Parasite","floor":19,"turns":2},{"damage":27,"enemies":"Snake Plant","floor":20,"turns":2},{"damage":49,"enemies":"Shelled Parasite and Fungi","floor":21,"turns":2},{"damage":20,"enemies":"3 Cultists","floor":25,"turns":4},{"damage":46,"enemies":"Book of Stabbing","floor":26,"turns":3},{"damage":20,"enemies":"Snake Plant","floor":28,"turns":2},{"damage":10,"enemies":"Centurion and Healer","floor":29,"turns":2},{"damage":40,"enemies":"Slavers","floor":31,"turns":2},{"damage":25,"enemies":"3 Cultists","floor":32,"turns":2},{"damage":50,"enemies":"WA_ARCHETYPE_CALM","floor":33,"turns":4},{"damage":55,"enemies":"3 Darklings","floor":36,"turns":3},{"damage":55,"enemies":"downfall:FleeingMerchant","floor":38,"turns":4},{"damage":55,"enemies":"Giant Head","floor":42,"turns":4},{"damage":25,"enemies":"Orb Walker","floor":44,"turns":1},{"damage":44,"enemies":"4 Shapes","floor":45,"turns":3},{"damage":81,"enemies":"Transient","floor":47,"turns":5},{"damage":40,"enemies":"Reptomancer","floor":48,"turns":4},{"damage":10,"enemies":"Sphere and 2 Shapes","floor":49,"turns":1},{"damage":80,"enemies":"SI_POISON_ARCHETYPE","floor":50,"turns":5}],"seed_played":"1311446253248639719","potions_obtained":[{"floor":2,"key":"sneckomod:MuddlingPotion"},{"floor":4,"key":"LiquidMemories"},{"floor":5,"key":"DuplicationPotion"},{"floor":12,"key":"blueLaboratory:TrueEctoplasm"},{"floor":16,"key":"blueLaboratory:PyrophylliteBrew"},{"floor":21,"key":"blueLaboratory:Moonshine"},{"floor":25,"key":"Block Potion"},{"floor":31,"key":"blueLaboratory:BottleOfVodka"}],"is_trial":false,"path_per_floor":["R","M","M","M","?","R","T","E","?","R","M","M","$","E","M","B",null,"R","M","M","M","?","AVR","T","M","E","?","M","M","?","E","M","B",null,"R","M","?","$","$","R","T","E","R","M","M","?","M","E","M","B",null],"character_chosen":"THE_CHAMP","items_purchased":["Toolbox","expansioncontent:StudyTheSpire","Thread and Needle","champ:CrookedStrike"],"campfire_rested":0,"item_purchase_floors":[13,38,38,38],"current_hp_per_floor":[81,75,70,63,55,55,55,49,49,49,49,49,44,54,54,21,91,91,91,89,85,85,85,85,85,79,79,79,79,79,74,74,91,91,91,91,91,91,91,91,91,91,91,91,82,82,86,86,86,81],"gold":142,"neow_bonus":"REMOVE_TWO","is_daily":false,"chose_seed":false,"campfire_upgraded":6,"win_rate":0.0,"timestamp":1610837779,"path_taken":["R","M","M","?","?","R","T","E","?","R","M","M","$","E","M","BOSS","R","M","M","M","?","AVR","T","?","E","?","M","M","?","E","M","BOSS","R","M","?","?","$","R","T","E","R","M","?","?","M","E","M","BOSS"],"items_purchased_type":["Relic","Card","Relic","Card"],"build_version":"2020-12-22","purchased_purges":1,"victory":true,"max_hp_per_floor":[81,81,81,81,81,81,81,81,81,81,81,81,81,91,91,91,91,91,91,91,91,91,91,91,91,91,91,91,91,91,91,91,91,91,91,91,91,91,91,91,91,91,91,91,91,91,91,91,91,91],"relic_stats":{"Sozu":2,"Busted Crown":40,"Happy Flower":[16],"counters":[30,88],"Pen Nib":[2],"Kunai":[21],"War Paint":["champ:Defend","champ:Lariat"],"obtain_stats":[{"Pear":14,"downfall:HeartBlessingRed":6,"Happy Flower":23,"champ:ChampionCrown":0,"downfall:HeartBlessingGreen":18,"Thread and Needle":38,"champ:ChampionCrownUpgraded":17,"Pen Nib":48,"War Paint":26,"Akabeko":5,"Sozu":34,"Du-Vu Doll":42,"Anchor":7,"Busted Crown":23,"champ:DefensiveTrainingManual":27,"Toolbox":13,"Bag of Marbles":8,"infinitespire:EmpoweringShard":24,"Kunai":31},{"Pear":9,"downfall:HeartBlessingRed":4,"Happy Flower":14,"champ:ChampionCrown":0,"downfall:HeartBlessingGreen":11,"Thread and Needle":23,"champ:ChampionCrownUpgraded":11,"Pen Nib":28,"War Paint":16,"Akabeko":4,"Sozu":21,"Du-Vu Doll":24,"Anchor":4,"Busted Crown":14,"champ:DefensiveTrainingManual":16,"Toolbox":8,"Bag of Marbles":5,"infinitespire:EmpoweringShard":14,"Kunai":19},{"Pear":24,"downfall:HeartBlessingRed":14,"Happy Flower":39,"champ:ChampionCrown":0,"downfall:HeartBlessingGreen":33,"Thread and Needle":65,"champ:ChampionCrownUpgraded":33,"Pen Nib":82,"War Paint":46,"Akabeko":14,"Sozu":58,"Du-Vu Doll":69,"Anchor":14,"Busted Crown":39,"champ:DefensiveTrainingManual":46,"Toolbox":23,"Bag of Marbles":17,"infinitespire:EmpoweringShard":39,"Kunai":52}]},"card_choices":[{"not_picked":["champ:CrownThrow","champ:PerfectedStrike"],"picked":"champ:DeathBlow","floor":2},{"not_picked":["champ:ShieldSigil","champ:FancyFootwork"],"picked":"champ:FanOfKnives","floor":3},{"not_picked":["champ:PreciseThrust","champ:FaceSlap"],"picked":"champ:EnGarde","floor":4},{"not_picked":["champ:CrownThrow","champ:TornadoPunch"],"picked":"champ:TripleStrike","floor":5},{"not_picked":["champ:PreciseThrust","champ:AdrenalArmor"],"picked":"champ:StanceDance","floor":8},{"not_picked":["champ:Shatter","champ:IronFortress"],"picked":"champ:Lariat","floor":11},{"not_picked":["champ:FanOfKnives","champ:Haymaker","champ:Encircle"],"picked":"SKIP","floor":12},{"not_picked":["champ:FancyFootwork","champ:Circumvent"],"picked":"champ:CheapShot","floor":13},{"not_picked":["champ:CrownThrow","champ:AdrenalArmor"],"picked":"champ:Improvising","floor":14},{"not_picked":["champ:RapidStrikes","champ:ShieldWall"],"picked":"champ:PerfectedStrike","floor":15},{"not_picked":["champ:Improvising","champ:IgnorePain"],"picked":"champ:StrikeOfGenius","floor":16},{"not_picked":["champ:BladeFlurry","champ:ShieldWall","champ:TornadoPunch"],"picked":"SKIP","floor":19},{"not_picked":["champ:BladeFlurry","champ:ShieldWall","champ:TornadoPunch"],"picked":"SKIP","floor":19},{"not_picked":["champ:Circumvent","champ:PreciseThrust"],"picked":"champ:SwordSigil","floor":20},{"not_picked":["champ:DeathBlow","champ:ShieldWall"],"picked":"champ:FlashCut","floor":21},{"not_picked":["champ:SetATrap"],"picked":"SKIP","floor":25},{"not_picked":[],"picked":"champ:FalseCounter","floor":26},{"not_picked":[],"picked":"champ:Lariat+1","floor":28},{"not_picked":["champ:DefensiveStyle"],"picked":"SKIP","floor":29},{"not_picked":["champ:DeathBlow"],"picked":"SKIP","floor":31},{"not_picked":["champ:Backstep"],"picked":"SKIP","floor":32},{"not_picked":[],"picked":"champ:Backstep","floor":32},{"not_picked":[],"picked":"champ:AdrenalArmor+1","floor":36},{"not_picked":["champ:Backstep"],"picked":"SKIP","floor":38},{"not_picked":["champ:PreciseThrust+1"],"picked":"SKIP","floor":42},{"not_picked":["champ:Parry"],"picked":"SKIP","floor":44},{"not_picked":["champ:Circumvent"],"picked":"SKIP","floor":45},{"not_picked":[],"picked":"expansioncontent:HyperBeam","floor":46},{"not_picked":[],"picked":"champ:GutPunch","floor":47},{"not_picked":["champ:Backstep"],"picked":"SKIP","floor":48},{"not_picked":[],"picked":"champ:FanOfKnives+1","floor":49}],"player_experience":1297153,"relics_obtained":[{"floor":5,"key":"Akabeko"},{"floor":7,"key":"Anchor"},{"floor":8,"key":"Bag of Marbles"},{"floor":14,"key":"Pear"},{"floor":24,"key":"infinitespire:EmpoweringShard"},{"floor":26,"key":"War Paint"},{"floor":31,"key":"Kunai"},{"floor":42,"key":"Du-Vu Doll"},{"floor":48,"key":"Pen Nib"}],"event_choices":[],"is_beta":false,"boss_relics":[{"not_picked":["Calling Bell","Philosopher\u0027s Stone"],"picked":"champ:ChampionCrownUpgraded"},{"not_picked":["Runic Pyramid","SacredBark"],"picked":"Sozu"}],"items_purged_floors":[23],"is_endless":false,"potions_floor_spawned":[2,4,5,12,16,21,25,31,42,47],"ascension_level":2}}