{"host":"n6lk97i3f9btdmiv","time":1610822008,"event":{"mods":["BaseMod","Better Note","Colored Map","Downfall","Highlight Path","Minty Spire (QoL Compilation)","StSLib"],"gold_per_floor":[99,118,138,48,123,123,178,207,207,224,224,241,256,285,299,394,394,394,413,427,437,246,273,273,286,286,286,286],"floor_reached":26,"language":"ENG","playtime":3034,"items_purged":["Slimebound:Strike_Slimebound","Slimebound:Strike_Slimebound"],"score":230,"play_id":"5426c0ca-aede-468b-a7bd-3fb0eb221c79","local_time":"20210116133328","is_ascension_mode":false,"campfire_choices":[{"data":"Slimebound:Split","floor":1,"key":"SMITH"},{"data":"Slimebound:CorrosiveSpit","floor":6,"key":"SMITH"},{"data":"Slimebound:SamplingLick","floor":9,"key":"SMITH"},{"data":"Slimebound:RejuvenatingLick","floor":11,"key":"SMITH"},{"floor":18,"key":"RECALL"}],"circlet_count":0,"master_deck":["Slimebound:Strike_Slimebound","Slimebound:Tackle","Slimebound:Defend_Slimebound","Slimebound:Defend_Slimebound","Slimebound:Defend_Slimebound","Slimebound:Defend_Slimebound","Slimebound:Split+1","Slimebound:CorrosiveSpit+1","Slimebound:SamplingLick+1","Slimebound:RejuvenatingLick+1","Slimebound:LeechEnergy","Slimebound:Prepare","Slimebound:Prepare","Slimebound:MegaLick","Slimebound:LeadByExample","Slimebound:TongueLash","Slimebound:WasteNot","Slimebound:GrowthPunch+1","Slimebound:Schlurp","Slimebound:LeadByExample","Slimebound:SpikyOuterGoop","Slimebound:Dissolve","Slimebound:DuplicatedForm"],"relics":["Slimebound:AbsorbEndCombatUpgraded","Strawberry","Odd Mushroom","Unceasing Top","Pantograph"],"acts_visited":["Exordium","TheCity"],"potions_floor_usage":[20,22,25],"damage_taken":[{"damage":9,"enemies":"2 Louse","floor":2,"turns":2},{"damage":0,"enemies":"Jaw Worm","floor":3,"turns":3},{"damage":3,"enemies":"downfall:FleeingMerchant","floor":4,"turns":4},{"damage":29,"enemies":"3 Sentries","floor":8,"turns":9},{"damage":0,"enemies":"Small Slimes","floor":10,"turns":2},{"damage":0,"enemies":"2 Fungi Beasts","floor":12,"turns":4},{"damage":1,"enemies":"Gremlin Gang","floor":13,"turns":5},{"damage":0,"enemies":"The Mushroom Lair","floor":14,"turns":4},{"damage":0,"enemies":"Large Slime","floor":15,"turns":5},{"damage":48,"enemies":"DF_ARCHETYPE_STREAMLINE","floor":16,"turns":11},{"damage":11,"enemies":"Shell Parasite","floor":19,"turns":4},{"damage":0,"enemies":"Spheric Guardian","floor":20,"turns":4},{"damage":21,"enemies":"Centurion and Healer","floor":21,"turns":6},{"damage":0,"enemies":"downfall:FleeingMerchant","floor":22,"turns":4},{"damage":46,"enemies":"Slavers","floor":23,"turns":5},{"damage":11,"enemies":"Snake Plant","floor":25,"turns":4},{"damage":0,"enemies":"Gremlin Leader","floor":26,"turns":1}],"seed_played":"6947594901007883439","potions_obtained":[{"floor":8,"key":"GamblersBrew"},{"floor":10,"key":"SpeedPotion"},{"floor":12,"key":"Energy Potion"},{"floor":13,"key":"DistilledChaos"},{"floor":15,"key":"PowerPotion"},{"floor":20,"key":"Weak Potion"},{"floor":25,"key":"Slimebound:SlimyTonguePotion"}],"is_trial":false,"path_per_floor":["R","M","M","$","?","R","T","E","R","M","R","M","M","?","M","B",null,"R","M","M","M","$","E","T","M","E"],"character_chosen":"SLIMEBOUND","items_purchased":["Slimebound:SpikyOuterGoop"],"campfire_rested":0,"item_purchase_floors":[22],"current_hp_per_floor":[71,63,67,68,68,68,68,52,52,54,54,58,60,65,71,40,78,78,75,78,67,75,39,39,34,34,34,34],"gold":286,"neow_bonus":"TEN_PERCENT_HP_BONUS","is_daily":false,"chose_seed":false,"campfire_upgraded":4,"win_rate":0.0,"timestamp":1610822008,"path_taken":["R","M","M","$","?","R","T","E","R","M","R","M","M","?","M","BOSS","R","M","M","M","$","E","T","M","E"],"items_purchased_type":["Card"],"build_version":"2020-12-22","purchased_purges":2,"victory":false,"max_hp_per_floor":[71,71,71,71,71,71,71,78,78,78,78,78,78,78,78,78,78,78,78,78,78,78,78,78,78,78,78,78],"card_choices":[{"not_picked":["Slimebound:SplitLeeching","Slimebound:Dissolve"],"picked":"Slimebound:SamplingLick","floor":2},{"not_picked":["Slimebound:Nibble","Slimebound:TongueLash"],"picked":"Slimebound:RejuvenatingLick","floor":3},{"not_picked":["Slimebound:SlimeSpikes","Slimebound:GrowthPunch"],"picked":"Slimebound:LeechEnergy","floor":4},{"not_picked":["Slimebound:SlimeBarrage","Slimebound:ProtectTheBoss","Slimebound:PressTheAttack"],"picked":"SKIP","floor":8},{"not_picked":["Slimebound:Chomp","Slimebound:LeechingTouch"],"picked":"Slimebound:Prepare","floor":10},{"not_picked":["Slimebound:ProtectTheBoss","Slimebound:SplitLeeching"],"picked":"Slimebound:Prepare","floor":12},{"not_picked":["Slimebound:GrowthPunch","Slimebound:PrepareCrush"],"picked":"Slimebound:MegaLick","floor":13},{"not_picked":["Slimebound:ViciousTackle","Slimebound:FinishingTackle"],"picked":"Slimebound:LeadByExample","floor":14},{"not_picked":["Slimebound:RollThrough","Slimebound:PressTheAttack"],"picked":"Slimebound:TongueLash","floor":15},{"not_picked":["Slimebound:MassRepurpose","Slimebound:Overexert"],"picked":"Slimebound:WasteNot","floor":16},{"not_picked":["Slimebound:Dissolve","Slimebound:SplitBruiser+1"],"picked":"Slimebound:GrowthPunch+1","floor":19},{"not_picked":["Slimebound:FlameTackle+1","Slimebound:SlimeTap","Slimebound:GrowthPunch"],"picked":"SKIP","floor":20},{"not_picked":["Slimebound:SplitLeeching","Slimebound:SplitMire+1"],"picked":"Slimebound:Schlurp","floor":21},{"not_picked":["Slimebound:FinishingTackle","Slimebound:SplitBruiser+1"],"picked":"Slimebound:LeadByExample","floor":22},{"not_picked":["Slimebound:SamplingLick","Slimebound:Nibble"],"picked":"Slimebound:Dissolve","floor":23},{"not_picked":["Slimebound:PressTheAttack","Slimebound:SlimeSpikes+1"],"picked":"Slimebound:DuplicatedForm","floor":25}],"player_experience":436081,"relics_obtained":[{"floor":8,"key":"Strawberry"},{"floor":14,"key":"Odd Mushroom"},{"floor":23,"key":"Unceasing Top"},{"floor":24,"key":"Pantograph"}],"event_choices":[{"damage_healed":0,"gold_gain":0,"player_choice":"Fought Mushrooms","damage_taken":0,"max_hp_gain":0,"max_hp_loss":0,"event_name":"Mushrooms","floor":14,"gold_loss":0}],"is_beta":false,"boss_relics":[{"not_picked":["Calling Bell","Pandora\u0027s Box"],"picked":"Slimebound:AbsorbEndCombatUpgraded"}],"items_purged_floors":[4,22],"is_endless":false,"potions_floor_spawned":[8,10,12,13,15,20,25],"killed_by":"Gremlin Leader","ascension_level":0}}