{"host":"Timothy","time":1610833770,"event":{"mods":["AchievementEnabler","BaseMod","Bestiary","Highlight Path","Minty Spire (QoL Compilation)","Quick Restart","Slay-I"],"gold_per_floor":[109,119,133,93,168,195,195,43,43,43,43,59,234,234,234,234,234],"floor_reached":16,"language":"ENG","playtime":639,"items_purged":["Strike_G"],"score":98,"play_id":"36949c1d-295e-481d-abdb-bb3ef409db93","local_time":"20210116134930","is_ascension_mode":false,"campfire_choices":[{"floor":7.0,"key":"REST"},{"data":"Footwork","floor":10.0,"key":"SMITH"},{"floor":15.0,"key":"REST"}],"circlet_count":0,"master_deck":["Strike_G","Strike_G+1","Defend_G+1","Defend_G","Defend_G","Defend_G","Survivor","Neutralize","Escape Plan","Well Laid Plans","Cloak And Dagger","Accuracy","Backflip","Footwork+1","Backflip","Doubt"],"relics":["Empty Cage","Kunai"],"acts_visited":["Exordium"],"potions_floor_usage":[16],"damage_taken":[{"damage":1.0,"enemies":"Cultist","floor":1.0,"turns":6.0},{"damage":0.0,"enemies":"Small Slimes","floor":2.0,"turns":5.0},{"damage":5.0,"enemies":"Jaw Worm","floor":3.0,"turns":8.0},{"damage":41.0,"enemies":"Lagavulin","floor":6.0,"turns":8.0},{"damage":0.0,"enemies":"Looter","floor":12.0,"turns":5.0},{"damage":57,"enemies":"Hexaghost","floor":16,"turns":21}],"seed_played":"5662818298556080880","potions_obtained":[{"floor":1.0,"key":"SkillPotion"},{"floor":2.0,"key":"Regen Potion"},{"floor":6.0,"key":"DistilledChaos"}],"is_trial":false,"path_per_floor":["M","M","M","$","?","E","R","$","T","R","?","M","?","?","R","B"],"character_chosen":"THE_SILENT","items_purchased":["Accuracy","Footwork"],"campfire_rested":2,"item_purchase_floors":[4,8],"current_hp_per_floor":[69,69,64,64,53,27,48,48,48,48,41,41,41,27,48,0,0],"gold":234,"neow_bonus":"BOSS_RELIC","is_daily":false,"chose_seed":false,"campfire_upgraded":1,"win_rate":0.0,"timestamp":1610833770,"path_taken":["M","M","?","$","?","E","R","$","T","R","?","M","?","?","R","BOSS"],"items_purchased_type":["Card","Card"],"build_version":"2020-12-18","purchased_purges":1,"victory":false,"max_hp_per_floor":[70,70,70,70,70,70,70,70,70,70,70,70,70,70,70,70,70],"card_choices":[{"not_picked":["Skewer","Dash"],"picked":"Escape Plan","floor":1.0},{"not_picked":["Distraction","Expertise"],"picked":"Well Laid Plans","floor":2.0},{"not_picked":["Flying Knee","Tactician"],"picked":"Cloak And Dagger","floor":3.0},{"not_picked":["PiercingWail","Heel Hook"],"picked":"Backflip","floor":6.0},{"not_picked":["Skewer","Riddle With Holes"],"picked":"Backflip","floor":12.0}],"player_experience":829564,"relics_obtained":[{"floor":6.0,"key":"Kunai"}],"event_choices":[{"damage_healed":0.0,"max_hp_gain":0.0,"max_hp_loss":0.0,"gold_gain":75.0,"event_name":"World of Goop","player_choice":"Gather Gold","floor":5.0,"gold_loss":0.0,"damage_taken":11.0},{"cards_removed":["Defend_G"],"damage_healed":0.0,"max_hp_gain":0.0,"max_hp_loss":0.0,"gold_gain":0.0,"event_name":"Golden Wing","player_choice":"Card Removal","floor":11.0,"gold_loss":0.0,"damage_taken":7.0},{"damage_healed":0.0,"max_hp_gain":0.0,"max_hp_loss":0.0,"gold_gain":175.0,"event_name":"Liars Game","player_choice":"AGREE","floor":13.0,"gold_loss":0.0,"damage_taken":0.0,"cards_obtained":["Doubt"]},{"damage_healed":0.0,"max_hp_gain":0.0,"max_hp_loss":0.0,"gold_gain":0.0,"event_name":"Shining Light","player_choice":"Entered Light","floor":14.0,"gold_loss":0.0,"damage_taken":14.0,"cards_upgraded":["Strike_G","Defend_G"]}],"is_beta":true,"boss_relics":[],"items_purged_floors":[8],"is_endless":false,"potions_floor_spawned":[1,2,6],"killed_by":"Hexaghost","ascension_level":0}}