{"host":"px2oznrenyeljk7o","time":1610796184,"event":{"mods":["100% Spire Juice","A Magickal Journey","AchievementEnabler","Arknights The Spire","BaseMod","Better Altar","Better Match","Better Note","Better Sensory Stone","Better Third Choice","ChefMod","Colored Map","Conspire","Curses Come First","Evolution","GifTheSpireLib","GungeonMod","Hermit","KinomotoSakuraMod(????)","Koishi","Lobotomy","LobotomyExtend","Marisa????????","Minty Spire (QoL Compilation)","Nova Terra(??·??)","Poor People Problems","Potionbrewer","Random Character Button","Rare Cards Sparkle","Reimu??????","Replay The Spire","Robot Space Explorer","Small Relic Pack","Somnambulant","Spicy Shops","StSLib","Stuff the Spire","The Administrix","The Alterego","The Blackbeard","The Blue Laboratory","The Bug Knight","The Construct","The Cursed","The Disciple","The Gatherer","The Hayseed","The Hierophant","The Jungle","The Marked","The Poker Player","The Runesmith","TheWitcher","Yakumo Yukari mod","Yuri Mod","everything is the same but u backflip on backflip","slay the spire mod where everything is the same but ironclad has a cowboy hat","??????REMEMod"],"gold_per_floor":[117,133,6,25,42,42,62,77,151,151,166,166,181,181,181,279,279,295,305,305,325,325,325,325,325,325,340,353,368,368,368,368,388,388,485,485,500,555,574,574,11,11,30,49,49,66,66,66,66,80,80,80],"floor_reached":53,"language":"ENG","playtime":7084,"items_purged":[],"score":630,"play_id":"6208959c-3be5-4675-8a50-3284fe203fd7","local_time":"20210116122304","is_ascension_mode":false,"campfire_choices":[{"data":"Amulet:ReiMu","floor":6.0,"key":"SMITH"},{"floor":10.0,"key":"REST"},{"floor":12.0,"key":"REST"},{"data":"TightArray:ReiMu","floor":15.0,"key":"SMITH"},{"floor":23.0,"key":"REST"},{"floor":25.0,"key":"REST"},{"floor":32.0,"key":"REST"},{"floor":34.0,"key":"REST"},{"floor":42,"key":"REST"},{"floor":47,"key":"REST"},{"floor":51,"key":"REST"}],"circlet_count":0,"master_deck":["Strike_Lin:ReiMu","Strike_Lin:ReiMu","Strike_Lin:ReiMu","Defend_Lin:ReiMu","Defend_Lin:ReiMu","Defend_Lin:ReiMu","Defend_Lin:ReiMu","NB:ReiMu","Stagnation:ReiMu","TightArray:ReiMu+1","RainPray2:ReiMu","YinYangSange:ReiMu","SpringWay:ReiMu","CareerPray:ReiMu","Amulet:ReiMu+1","SafetyPray:ReiMu+1","InherentArray:ReiMu","Crusade:ReiMu","SubcavityInstant:ReiMu","CleanRite:ReiMu","LovePray:ReiMu","FineLineFantasy:ReiMu+1","After Image","FantasyMoon:ReiMu","Enchanting:ReiMu","WonderfulDomain:ReiMu+1","SpreadBorder2:ReiMu+1","Conquer:ReiMu","PrayRite:ReiMu","PrepareRite:ReiMu+1","Meditation:ReiMu+1","Authority:ReiMu","Magnetism","SpringWay:ReiMu+1","SealNeedle:ReiMu","ShadowOfCrow2:ReiMu","ForcedLanding:ReiMu+1"],"relics":["FlyPower:ReiMu","LetterFromLob","potionbrewer:BottledElixir","construct:WeddingRing","DemoMod:DecoyRelic","StuffTheSpire:Kangaroo","CatCart","StuffTheSpire:Rhapsscallions","StuffTheSpire:BottledEssence","DemoMod:GreenGuonStone","ReplayTheSpireMod:Shallot"],"acts_visited":["Exordium","TheCity","TheBeyond"],"potions_floor_usage":[46,50,52],"damage_taken":[{"damage":1.0,"enemies":"Small Slimes","floor":1.0,"turns":5.0},{"damage":2.0,"enemies":"Cultist","floor":2.0,"turns":5.0},{"damage":0.0,"enemies":"Jaw Worm","floor":4.0,"turns":4.0},{"damage":1.0,"enemies":"2 Fungi Beasts","floor":5.0,"turns":3.0},{"damage":7.0,"enemies":"Large Slime","floor":7.0,"turns":8.0},{"damage":13.0,"enemies":"3 Louse","floor":8.0,"turns":4.0},{"damage":13.0,"enemies":"Exordium Wildlife","floor":11.0,"turns":8.0},{"damage":1.0,"enemies":"2 Fungi Beasts","floor":13.0,"turns":5.0},{"damage":53.0,"enemies":"Slime Boss","floor":16.0,"turns":12.0},{"damage":8.0,"enemies":"Shell Parasite","floor":18.0,"turns":6.0},{"damage":14.0,"enemies":"Spheric Guardian","floor":19.0,"turns":6.0},{"damage":22.0,"enemies":"Snake Plant","floor":21.0,"turns":6.0},{"damage":36.0,"enemies":"Sentry and Sphere","floor":27.0,"turns":8.0},{"damage":23.0,"enemies":"Chosen and Byrds","floor":28.0,"turns":6.0},{"damage":9.0,"enemies":"Snecko","floor":29.0,"turns":6.0},{"damage":6.0,"enemies":"Cultist and Chosen","floor":33.0,"turns":9.0},{"damage":11.0,"enemies":"conspire:MysteriousRune","floor":35.0,"turns":11.0},{"damage":13,"enemies":"3 Shapes","floor":37,"turns":7},{"damage":38,"enemies":"Orin","floor":38,"turns":10},{"damage":11,"enemies":"3 Darklings","floor":39,"turns":11},{"damage":41,"enemies":"Transient","floor":44,"turns":5},{"damage":21,"enemies":"Sphere and 2 Shapes","floor":46,"turns":10},{"damage":1,"enemies":"Jaw Worm Horde","floor":50,"turns":5},{"damage":101,"enemies":"Time Eater","floor":52,"turns":17}],"seed_played":"1103889608199501963","potions_obtained":[{"floor":4.0,"key":"SpeedPotion"},{"floor":5.0,"key":"Ancient Potion"},{"floor":8.0,"key":"SpeedPotion"},{"floor":13.0,"key":"blueLaboratory:LouseDecoction"},{"floor":19.0,"key":"Strength Potion"},{"floor":29.0,"key":"blueLaboratory:PyrophylliteBrew"},{"floor":33.0,"key":"potionbrewer:NoxiousPotion"},{"floor":44,"key":"potionbrewer:FreezingPotion"},{"floor":46,"key":"ZuzhouPotion:ReiMu"},{"floor":50,"key":"Weak Potion"}],"is_trial":false,"path_per_floor":["M","M","$","M","M","R","M","M","T","R","M","R","M","?","R","B",null,"M","M","?","M","?","R","?","R","T","M","M","M","PTL","PTL","R","M","R","B",null,"M","?","M","?","$","R","?","M","T","M","R","?","?","M","R","B",null],"character_chosen":"REIMU","items_purchased":["YinYangSange:ReiMu","SpringWay:ReiMu","StuffTheSpire:Rhapsscallions","Magnetism","StuffTheSpire:BottledEssence"],"campfire_rested":9,"item_purchase_floors":[3,3,41,41,41],"current_hp_per_floor":[70,68,68,68,67,67,60,47,47,68,55,71,70,70,70,17,71,63,49,49,27,27,48,48,69,69,33,10,1,1,1,22,16,37,26,71,58,20,9,27,28,49,21,24,24,9,30,30,38,47,68,32],"gold":80,"neow_bonus":"TEN_PERCENT_HP_BONUS","is_daily":false,"chose_seed":false,"campfire_upgraded":2,"win_rate":0.0,"timestamp":1610796184,"path_taken":["M","M","$","M","M","R","M","M","T","R","M","R","M","?","R","BOSS","M","?","?","M","?","R","?","R","T","M","M","M","PTL","PTL","R","M","R","BOSS","M","?","M","?","?","R","?","?","T","M","R","?","?","M","R","BOSS"],"items_purchased_type":["Card","Card","Relic","Card","Relic"],"build_version":"2020-12-22","purchased_purges":0,"victory":true,"max_hp_per_floor":[71,71,71,71,71,71,71,71,71,71,71,71,71,71,71,71,71,71,71,71,71,71,71,71,71,71,71,71,71,71,71,71,71,71,71,71,71,71,71,71,72,72,72,72,72,72,72,72,72,72,72,72],"card_choices":[{"not_picked":["SafetyPray:ReiMu","AirStrike:ReiMu"],"picked":"TightArray:ReiMu","floor":1.0},{"not_picked":["LearningPray:ReiMu","SpiritualOutbreak2:ReiMu"],"picked":"RainPray2:ReiMu","floor":2.0},{"not_picked":["Dreaming2:ReiMu","Enchanting:ReiMu"],"picked":"CareerPray:ReiMu","floor":4.0},{"not_picked":["MikOfLucky:ReiMu","Enchanting:ReiMu"],"picked":"Amulet:ReiMu","floor":5.0},{"not_picked":["SubAcupoint:ReiMu","OrbThrow:ReiMu"],"picked":"SafetyPray:ReiMu","floor":7.0},{"not_picked":["OrbThrow:ReiMu","FineLineFantasy:ReiMu"],"picked":"InherentArray:ReiMu","floor":8.0},{"not_picked":["Meditation:ReiMu","YinYang:ReiMu"],"picked":"Crusade:ReiMu","floor":11.0},{"not_picked":["WonderfulDomain:ReiMu","Intuition:ReiMu"],"picked":"SubcavityInstant:ReiMu","floor":13.0},{"not_picked":["Dreaming:ReiMu","Shading:ReiMu"],"picked":"CleanRite:ReiMu","floor":16.0},{"not_picked":["PassingAway:ReiMu","MikOfLucky:ReiMu"],"picked":"LovePray:ReiMu","floor":18.0},{"not_picked":["InherentArray:ReiMu","WonderfulDomain:ReiMu+1"],"picked":"FineLineFantasy:ReiMu+1","floor":19.0},{"not_picked":["CareerPray:ReiMu","PhosphorusFlame:ReiMu"],"picked":"FantasyMoon:ReiMu","floor":21.0},{"not_picked":["SpringWay:ReiMu","AirStrike:ReiMu+1"],"picked":"Enchanting:ReiMu","floor":27.0},{"not_picked":["CareerPray:ReiMu","AlertArray:ReiMu+1"],"picked":"WonderfulDomain:ReiMu+1","floor":28.0},{"not_picked":["SpringWay:ReiMu","Amulet:ReiMu+1"],"picked":"SpreadBorder2:ReiMu+1","floor":29.0},{"not_picked":["Crusade:ReiMu+1","WonderfulDomain:ReiMu"],"picked":"Conquer:ReiMu","floor":33.0},{"not_picked":["SubcavityFantasy:ReiMu","CardOfSanctity:ReiMu"],"picked":"PrayRite:ReiMu","floor":35.0},{"not_picked":["SpringWay:ReiMu","WonderfulDomain:ReiMu+1"],"picked":"PrepareRite:ReiMu+1","floor":37},{"not_picked":["ForcedLanding:ReiMu","WonderfulDomain:ReiMu+1"],"picked":"Meditation:ReiMu+1","floor":38},{"not_picked":["SpringWay:ReiMu+1","TightArray:ReiMu+1"],"picked":"Authority:ReiMu","floor":39},{"not_picked":["AirStrike:ReiMu","SubAcupoint:ReiMu+1"],"picked":"SpringWay:ReiMu+1","floor":43},{"not_picked":["Mountainwind:ReiMu+1","FoulBorder2:ReiMu+1"],"picked":"SealNeedle:ReiMu","floor":44},{"not_picked":["Enchanting:ReiMu","Meditation:ReiMu"],"picked":"ShadowOfCrow2:ReiMu","floor":46},{"not_picked":["Enchanting:ReiMu","SealNeedle:ReiMu"],"picked":"ForcedLanding:ReiMu+1","floor":50}],"player_experience":473845,"relics_obtained":[{"floor":1.0,"key":"LetterFromLob"},{"floor":9.0,"key":"potionbrewer:BottledElixir"},{"floor":26.0,"key":"DemoMod:DecoyRelic"},{"floor":38,"key":"CatCart"},{"floor":43,"key":"DemoMod:GreenGuonStone"},{"floor":45,"key":"ReplayTheSpireMod:Shallot"}],"event_choices":[{"damage_healed":0.0,"max_hp_gain":0.0,"max_hp_loss":0.0,"gold_gain":0.0,"event_name":"Accursed Blacksmith","player_choice":"Forge","floor":14.0,"gold_loss":0.0,"damage_taken":0.0,"cards_upgraded":["SafetyPray:ReiMu"]},{"cards_removed":["SafetyPray:ReiMu"],"damage_healed":0.0,"max_hp_gain":0.0,"max_hp_loss":0.0,"gold_gain":0.0,"event_name":"betterNote:BetterNote","player_choice":"Take \u0026 Give","floor":20.0,"gold_loss":0.0,"damage_taken":0.0,"cards_obtained":["After Image"]},{"damage_healed":0,"gold_gain":0,"player_choice":"Fight","damage_taken":0,"max_hp_gain":0,"max_hp_loss":0,"event_name":"OrinTheCat","floor":38,"gold_loss":0},{"damage_healed":18,"gold_gain":0,"player_choice":"Writhe","damage_taken":0,"max_hp_gain":0,"max_hp_loss":0,"event_name":"Winding Halls","floor":40,"gold_loss":0,"cards_obtained":["Writhe"]},{"cards_removed":["Strike_Lin:ReiMu"],"damage_healed":0,"gold_gain":0,"player_choice":"Removed Attack","damage_taken":0,"max_hp_gain":0,"max_hp_loss":0,"event_name":"Falling","floor":48,"gold_loss":0}],"is_beta":false,"boss_relics":[{"not_picked":["SacredBark","Empty Cage"],"picked":"construct:WeddingRing"},{"not_picked":["Runic Pyramid","ChewingGum"],"picked":"StuffTheSpire:Kangaroo"}],"items_purged_floors":[],"is_endless":false,"potions_floor_spawned":[4,5,8,13,19,29,33,44,46,50],"ascension_level":0}}