{"host":"94aus4jnk6thj94q","time":1610792257,"event":{"mods":["BaseMod","Minty Spire (QoL Compilation)","Quick Restart","StSLib"],"gold_per_floor":[115,115,135,135,86,86,130,130,153,153,173,173,25,53,53,53,53],"floor_reached":16,"language":"ENG","playtime":635,"items_purged":[],"score":96,"play_id":"72ead4a1-77b4-433e-a13f-0076965bc731","local_time":"20210116121737","is_ascension_mode":false,"campfire_choices":[{"floor":6,"key":"REST"},{"floor":8,"key":"REST"},{"floor":10,"key":"RECALL"},{"data":"Sucker Punch","floor":12,"key":"SMITH"},{"floor":15,"key":"REST"}],"circlet_count":0,"master_deck":["Strike_G","Strike_G","Strike_G","Strike_G","Strike_G","Defend_G","Defend_G","Defend_G","Defend_G","Defend_G","Survivor","Neutralize","Sucker Punch","Sucker Punch+1","Poisoned Stab","Sucker Punch","Deadly Poison"],"relics":["Ring of the Snake","Golden Idol","Thread and Needle","Sling","Odd Mushroom"],"acts_visited":["Exordium"],"potions_floor_usage":[16],"damage_taken":[{"damage":5,"enemies":"Jaw Worm","floor":1,"turns":6},{"damage":0,"enemies":"Small Slimes","floor":3,"turns":3},{"damage":29,"enemies":"Lagavulin","floor":7,"turns":8},{"damage":0,"enemies":"Cultist","floor":11,"turns":3},{"damage":11,"enemies":"The Mushroom Lair","floor":14,"turns":4},{"damage":55,"enemies":"Slime Boss","floor":16,"turns":10}],"seed_played":"3813340079691466504","potions_obtained":[{"floor":7,"key":"Weak Potion"},{"floor":14,"key":"Dexterity Potion"}],"is_trial":false,"path_per_floor":["M","?","M","?","$","R","E","R","T","R","M","R","$","?","R","B"],"character_chosen":"THE_SILENT","items_purchased":["Poisoned Stab","Sling"],"campfire_rested":3,"item_purchase_floors":[5,13],"current_hp_per_floor":[58,58,58,58,58,83,54,79,79,79,79,79,79,68,84,29,29],"gold":53,"neow_bonus":"TWENTY_PERCENT_HP_BONUS","is_daily":false,"chose_seed":false,"campfire_upgraded":1,"win_rate":0.0,"timestamp":1610792257,"path_taken":["M","?","M","?","$","R","E","R","T","R","M","R","$","?","R","BOSS"],"items_purchased_type":["Card","Relic"],"build_version":"2020-12-22","purchased_purges":0,"victory":false,"max_hp_per_floor":[84,84,84,84,84,84,84,84,84,84,84,84,84,84,84,84,84],"card_choices":[{"not_picked":["Outmaneuver","All Out Attack"],"picked":"Sucker Punch","floor":1},{"not_picked":["Accuracy","Riddle With Holes"],"picked":"Sucker Punch","floor":3},{"not_picked":["Masterful Stab","Phantasmal Killer"],"picked":"Sucker Punch","floor":7},{"not_picked":["Underhanded Strike","Escape Plan"],"picked":"Deadly Poison","floor":11}],"player_experience":5770546,"relics_obtained":[{"floor":7,"key":"Thread and Needle"},{"floor":14,"key":"Odd Mushroom"}],"event_choices":[{"damage_healed":0,"gold_gain":0,"player_choice":"Take Wound","damage_taken":0,"relics_obtained":["Golden Idol"],"max_hp_gain":0,"max_hp_loss":0,"event_name":"Golden Idol","floor":2,"gold_loss":0,"cards_obtained":["Injury"]},{"cards_removed":["Injury"],"damage_healed":0,"gold_gain":0,"player_choice":"Forget","damage_taken":0,"max_hp_gain":0,"max_hp_loss":0,"event_name":"Living Wall","floor":4,"gold_loss":0},{"damage_healed":0,"gold_gain":0,"player_choice":"Fought Mushrooms","damage_taken":0,"max_hp_gain":0,"max_hp_loss":0,"event_name":"Mushrooms","floor":14,"gold_loss":0}],"is_beta":false,"boss_relics":[],"items_purged_floors":[],"is_endless":false,"potions_floor_spawned":[7,14],"killed_by":"Slime Boss","ascension_level":0}}