{"host":"gs0b57ogvki1o7r7","time":1610812091,"event":{"mods":["2.2 Compatiblity","BaseMod","Colored Map","DeckTracker","Highlight Path","KOR Keyword Fix","Keyboard Shortcuts","Minty Spire (QoL Compilation)","Permanent Neow","Quick Restart","StSLib","SuperFastMode","everything is the same but u backflip on backflip"],"gold_per_floor":[116,135,4,79,90,90,90,110,110,90,90,15,15,30,30,30,30],"floor_reached":16,"language":"KOR","playtime":494,"items_purged":["Strike_R"],"score":90,"play_id":"026bc0d9-b372-45ae-b4da-532e21907d0b","local_time":"20210117004811","is_ascension_mode":false,"campfire_choices":[{"data":"Body Slam","floor":6,"key":"SMITH"},{"data":"Entrench","floor":11,"key":"SMITH"},{"data":"Shrug It Off","floor":13,"key":"SMITH"},{"data":"Defend_R","floor":15,"key":"SMITH"}],"circlet_count":0,"master_deck":["Strike_R","Strike_R","Defend_R+1","Defend_R","Defend_R","Defend_R","Bash","Heavy Blade","Shrug It Off+1","Body Slam+1","Entrench+1"],"relics":["Burning Blood","Self Forming Clay"],"acts_visited":["Exordium"],"potions_floor_usage":[],"damage_taken":[{"damage":2,"enemies":"2 Louse","floor":1,"turns":3},{"damage":0,"enemies":"Small Slimes","floor":2,"turns":3},{"damage":8,"enemies":"Cultist","floor":5,"turns":5},{"damage":25,"enemies":"Large Slime","floor":8,"turns":12},{"damage":1,"enemies":"Exordium Wildlife","floor":14,"turns":3},{"damage":58,"enemies":"Slime Boss","floor":16,"turns":12}],"seed_played":"1235162563918042952","potions_obtained":[{"floor":5,"key":"AttackPotion"},{"floor":10,"key":"SteroidPotion"},{"floor":14,"key":"EssenceOfSteel"}],"is_trial":false,"path_per_floor":["M","M","$","?","M","R","?","M","T","?","R","$","R","M","R","B"],"character_chosen":"IRONCLAD","items_purchased":["Body Slam","Entrench"],"campfire_rested":0,"item_purchase_floors":[3,3],"current_hp_per_floor":[60,66,66,55,53,53,79,60,60,60,60,60,60,65,65,7,7],"gold":30,"neow_bonus":"REMOVE_TWO","is_daily":false,"chose_seed":false,"campfire_upgraded":4,"win_rate":0.0,"timestamp":1610812091,"path_taken":["M","M","$","?","M","R","?","M","T","?","R","$","R","M","R","BOSS"],"items_purchased_type":["Card","Card"],"build_version":"2020-12-22","purchased_purges":1,"victory":false,"max_hp_per_floor":[80,80,80,80,80,80,80,80,80,80,80,80,80,80,80,80,80],"card_choices":[{"not_picked":["Anger","Iron Wave"],"picked":"Heavy Blade","floor":1},{"not_picked":["Warcry","Armaments"],"picked":"Shrug It Off","floor":2},{"not_picked":["Dark Embrace","Spot Weakness","Pummel"],"picked":"SKIP","floor":5},{"not_picked":["Fiend Fire","Perfected Strike","Iron Wave"],"picked":"SKIP","floor":8},{"not_picked":["Clash","Headbutt","Sever Soul"],"picked":"SKIP","floor":14}],"player_experience":115873,"relics_obtained":[{"floor":9,"key":"Self Forming Clay"}],"event_choices":[{"damage_healed":0,"gold_gain":75,"player_choice":"Gather Gold","damage_taken":11,"max_hp_gain":0,"max_hp_loss":0,"event_name":"World of Goop","floor":4,"gold_loss":0},{"damage_healed":26,"gold_gain":0,"player_choice":"Banana","damage_taken":0,"max_hp_gain":0,"max_hp_loss":0,"event_name":"Big Fish","floor":7,"gold_loss":0},{"damage_healed":0,"gold_gain":0,"player_choice":"Bought 1 Potion","damage_taken":0,"max_hp_gain":0,"max_hp_loss":0,"event_name":"The Woman in Blue","floor":10,"gold_loss":0}],"is_beta":false,"boss_relics":[],"items_purged_floors":[12],"is_endless":false,"potions_floor_spawned":[5,14],"killed_by":"Slime Boss","ascension_level":0}}