{"host":"yuhy0i501zzmn1iz","time":1610764548,"event":{"mods":["AchievementEnabler","AlwaysNeverKeys","BaseMod","Bestiary","Better Match","Better Third Choice","Curses Come First","Downfall","Minty Spire (QoL Compilation)","StSLib","slay the spire mod where everything is the same but ironclad has a cowboy hat"],"gold_per_floor":[110,110,127,227,245,278,292,12,12,12,25,25,25],"floor_reached":12,"language":"ENG","playtime":469,"items_purged":["Strike_G"],"score":100,"play_id":"a3649ebf-c611-420a-8eaa-3b1f732bbada","local_time":"20210115213548","is_ascension_mode":true,"campfire_choices":[{"floor":10,"key":"REST"}],"circlet_count":0,"master_deck":["Strike_G","Strike_G","Strike_G","Strike_G","Defend_G","Defend_G","Defend_G","Defend_G","Defend_G","Survivor","Neutralize","Backflip","Grand Finale","Sucker Punch","Tools of the Trade","Blade Dance","Calculated Gamble"],"relics":["Ring of the Snake","NeowsBlessing","Lantern","HandDrill","The Courier"],"acts_visited":["Exordium"],"potions_floor_usage":[7,12],"damage_taken":[{"damage":0,"enemies":"Jaw Worm","floor":1,"turns":1},{"damage":0,"enemies":"Cultist","floor":3,"turns":1},{"damage":0,"enemies":"Small Slimes","floor":5,"turns":1},{"damage":66,"enemies":"3 Sentries","floor":6,"turns":14},{"damage":0,"enemies":"Blue Slaver","floor":7,"turns":4},{"damage":0,"enemies":"Looter","floor":11,"turns":4},{"damage":41,"enemies":"Gremlin Nob","floor":12,"turns":4}],"seed_played":"6894055575599123708","potions_obtained":[{"floor":6,"key":"Explosive Potion"},{"floor":11,"key":"GamblersBrew"}],"is_trial":false,"path_per_floor":["M","$","M","?","M","E","M","$","T","R","M","E"],"character_chosen":"THE_SILENT","items_purchased":["Blade Dance","HandDrill"],"campfire_rested":1,"item_purchase_floors":[8,8],"current_hp_per_floor":[70,70,70,70,70,4,4,4,4,25,25,0,0],"gold":25,"neow_bonus":"THREE_ENEMY_KILL","is_daily":false,"chose_seed":false,"campfire_upgraded":0,"win_rate":0.0,"timestamp":1610764548,"path_taken":["M","$","M","?","M","E","M","?","T","R","M","E"],"items_purchased_type":["Card","Relic"],"build_version":"2020-12-22","purchased_purges":1,"victory":false,"max_hp_per_floor":[70,70,70,70,70,70,70,70,70,70,70,70,70],"card_choices":[{"not_picked":["Bane","Acrobatics"],"picked":"Backflip","floor":1},{"not_picked":["Backflip","Flying Knee"],"picked":"Grand Finale","floor":3},{"not_picked":["Acrobatics","Underhanded Strike"],"picked":"Sucker Punch","floor":5},{"not_picked":["Outmaneuver","Sucker Punch","Bane"],"picked":"SKIP","floor":6},{"not_picked":["Prepared","Riddle With Holes"],"picked":"Tools of the Trade","floor":7},{"not_picked":["Flechettes","Concentrate"],"picked":"Calculated Gamble","floor":11}],"player_experience":295105,"relics_obtained":[{"floor":6,"key":"Lantern"},{"floor":9,"key":"The Courier"}],"event_choices":[{"damage_healed":0,"gold_gain":100,"player_choice":"Gold","damage_taken":0,"max_hp_gain":0,"max_hp_loss":0,"event_name":"Wheel of Change","floor":4,"gold_loss":0}],"is_beta":false,"boss_relics":[],"items_purged_floors":[8],"is_endless":false,"potions_floor_spawned":[6,11],"killed_by":"Gremlin Nob","ascension_level":5}}