{"host":"4axoa1rfjgnprp9l","time":1610774184,"event":{"mods":["2.2 Compatiblity","AchievementEnabler","BaseMod","Colored Map","DeckTracker","Highlight Path","Minty Spire (QoL Compilation)","Permanent Neow","StSLib","SuperFastMode"],"gold_per_floor":[211,53,73,90,102,131,131,193,218,245,320,27,44,64,64,162,162,177,194,194,207,225,259,259,292,292,392,99,99,129,161,173,282,294,326,2,2,16,28,55,71,90,117,148,148,0,35,55,55,55],"floor_reached":51,"language":"KOR","playtime":32189,"items_purged":["Strike_P"],"score":1310,"play_id":"0f54a63e-290e-4bb7-aa0e-32af41be7e91","local_time":"20210116141624","is_ascension_mode":true,"campfire_choices":[{"data":"Judgement","floor":7.0,"key":"SMITH"},{"data":"Eruption","floor":15.0,"key":"SMITH"},{"data":"Adaptation","floor":29.0,"key":"SMITH"},{"data":"Tantrum","floor":32.0,"key":"SMITH"},{"data":"WreathOfFlame","floor":45.0,"key":"SMITH"},{"data":"MentalFortress","floor":49.0,"key":"SMITH"}],"circlet_count":0,"master_deck":["Strike_P+1","Strike_P+1","Strike_P+1","Defend_P+1","Defend_P+1","Defend_P+1","Defend_P+1","Eruption+1","Vigilance","Tantrum+1","Judgement+1","InnerPeace","WreathOfFlame+1","FollowUp+1","EmptyFist+1","Collect+1","EmptyMind+1","Protect+1","Scrawl+1","ClearTheMind+1","WaveOfTheHand+1","DeceiveReality+1","Blasphemy+1","Adaptation+1","MentalFortress+1","BattleHymn","Halt+1","Study+1"],"relics":["HolyWater","MealTicket","Akabeko","Lantern","Toxic Egg 2","Pen Nib","SacredBark","Eternal Feather","Anchor","Shovel","Bird Faced Urn","Bottled Lightning","Whetstone","HandDrill","MawBank","Mummified Hand","PreservedInsect","Strawberry","Blood Vial","Bag of Marbles","Toy Ornithopter"],"acts_visited":["Exordium","TheCity","TheBeyond"],"potions_floor_usage":[50,50],"damage_taken":[{"damage":0.0,"enemies":"Cultist","floor":1.0,"turns":2.0},{"damage":0.0,"enemies":"2 Louse","floor":3.0,"turns":2.0},{"damage":0.0,"enemies":"Small Slimes","floor":4.0,"turns":2.0},{"damage":0.0,"enemies":"Exordium Wildlife","floor":5.0,"turns":2.0},{"damage":16.0,"enemies":"Gremlin Nob","floor":6.0,"turns":3.0},{"damage":0.0,"enemies":"Lagavulin Event","floor":8.0,"turns":2.0},{"damage":0.0,"enemies":"3 Sentries","floor":10.0,"turns":2.0},{"damage":7.0,"enemies":"Large Slime","floor":13.0,"turns":3.0},{"damage":37.0,"enemies":"Blue Slaver","floor":14.0,"turns":5.0},{"damage":0.0,"enemies":"Hexaghost","floor":16.0,"turns":7.0},{"damage":0.0,"enemies":"Shell Parasite","floor":18.0,"turns":1.0},{"damage":0.0,"enemies":"3 Byrds","floor":19.0,"turns":3.0},{"damage":0.0,"enemies":"Snake Plant","floor":21.0,"turns":2.0},{"damage":2.0,"enemies":"Centurion and Healer","floor":22.0,"turns":4.0},{"damage":7.0,"enemies":"Gremlin Leader","floor":23.0,"turns":5.0},{"damage":6.0,"enemies":"Book of Stabbing","floor":25.0,"turns":3.0},{"damage":0.0,"enemies":"Colosseum Slavers","floor":27.0,"turns":3.0},{"damage":0.0,"enemies":"Colosseum Nobs","floor":27.0,"turns":2.0},{"damage":0.0,"enemies":"Slavers","floor":30.0,"turns":3.0},{"damage":0.0,"enemies":"Snecko","floor":31.0,"turns":1.0},{"damage":42.0,"enemies":"Collector","floor":33.0,"turns":9.0},{"damage":0.0,"enemies":"Orb Walker","floor":35.0,"turns":1.0},{"damage":12.0,"enemies":"3 Shapes","floor":38.0,"turns":4.0},{"damage":0.0,"enemies":"Transient","floor":39.0,"turns":5.0},{"damage":0.0,"enemies":"Giant Head","floor":40.0,"turns":4.0},{"damage":0.0,"enemies":"Jaw Worm Horde","floor":41.0,"turns":1.0},{"damage":0.0,"enemies":"3 Darklings","floor":42.0,"turns":1.0},{"damage":0.0,"enemies":"Reptomancer","floor":44.0,"turns":1.0},{"damage":0.0,"enemies":"Giant Head","floor":47.0,"turns":4.0},{"damage":0.0,"enemies":"Sphere and 2 Shapes","floor":48.0,"turns":1.0},{"damage":0,"enemies":"Awakened One","floor":50,"turns":4}],"seed_played":"2118708076822665967","potions_obtained":[{"floor":3.0,"key":"Energy Potion"},{"floor":5.0,"key":"Ancient Potion"},{"floor":6.0,"key":"Fruit Juice"},{"floor":8.0,"key":"Strength Potion"},{"floor":10.0,"key":"Weak Potion"},{"floor":16.0,"key":"Block Potion"},{"floor":18.0,"key":"Fire Potion"},{"floor":25.0,"key":"SneckoOil"},{"floor":30.0,"key":"Explosive Potion"},{"floor":31.0,"key":"Explosive Potion"},{"floor":37.0,"key":"Fruit Juice"},{"floor":37.0,"key":"EntropicBrew"},{"floor":37.0,"key":"SteroidPotion"},{"floor":38.0,"key":"FairyPotion"},{"floor":40.0,"key":"LiquidBronze"},{"floor":41.0,"key":"SteroidPotion"}],"is_trial":false,"path_per_floor":["M","$","M","M","M","E","R","?","T","E","?","$","M","M","R","B",null,"M","M","?","M","M","E","?","E","T","?","$","R","E","M","R","B",null,"M","$","?","M","M","E","M","M","T","E","R","$","E","M","R","B",null],"character_chosen":"WATCHER","items_purchased":["Judgement","Pen Nib","Collect+1","Whetstone","HandDrill","Mummified Hand","BattleHymn","Bag of Marbles"],"campfire_rested":0,"item_purchase_floors":[2,12,12,28,28,36,36,46],"current_hp_per_floor":[72,72,72,72,72,61,61,61,61,61,50,65,58,21,21,21,77,77,77,77,77,75,68,68,62,62,62,77,77,77,77,77,35,77,77,77,87,75,81,87,87,87,94,94,94,94,94,94,94,94],"gold":55,"neow_bonus":"HUNDRED_GOLD","is_daily":false,"chose_seed":false,"campfire_upgraded":6,"win_rate":0.0,"timestamp":1610774184,"path_taken":["M","$","M","M","?","E","R","?","T","E","?","?","M","M","R","BOSS","M","M","?","M","M","E","?","E","T","?","?","R","E","M","R","BOSS","M","$","?","?","M","E","M","?","T","E","R","?","E","M","R","BOSS"],"items_purchased_type":["Card","Relic","Card","Relic","Relic","Relic","Card","Relic"],"build_version":"2020-12-22","purchased_purges":1,"victory":true,"max_hp_per_floor":[72,72,72,72,72,77,77,77,77,77,77,77,77,77,77,77,77,77,77,77,77,77,77,77,77,77,77,77,77,77,77,77,77,77,77,77,87,87,87,87,87,87,94,94,94,94,94,94,94,94],"card_choices":[{"not_picked":["Prostrate","Wallop"],"picked":"Tantrum","floor":1.0},{"not_picked":["JustLucky","DeceiveReality"],"picked":"InnerPeace","floor":3.0},{"not_picked":["PathToVictory","JustLucky"],"picked":"WreathOfFlame","floor":4.0},{"not_picked":["CrushJoints","SandsOfTime","Tantrum"],"picked":"SKIP","floor":5.0},{"not_picked":["Halt","EmptyFist"],"picked":"FollowUp","floor":6.0},{"not_picked":["Consecrate","Crescendo+1"],"picked":"EmptyFist","floor":10.0},{"not_picked":["CarveReality","Fasting2"],"picked":"EmptyMind+1","floor":13.0},{"not_picked":["Protect+1","EmptyFist","FlyingSleeves"],"picked":"SKIP","floor":14.0},{"not_picked":["EmptyFist","FlyingSleeves"],"picked":"Protect+1","floor":14.0},{"not_picked":["SpiritShield+1","Omniscience+1"],"picked":"Scrawl+1","floor":16.0},{"not_picked":["ThirdEye+1","JustLucky+1"],"picked":"ClearTheMind+1","floor":18.0},{"not_picked":["WreathOfFlame+1","Crescendo+1"],"picked":"WaveOfTheHand+1","floor":19.0},{"not_picked":["Conclude","Evaluate+1"],"picked":"DeceiveReality+1","floor":21.0},{"not_picked":["BowlingBash+1","Worship+1","Devotion"],"picked":"SKIP","floor":22.0},{"not_picked":["Pray+1","Meditate+1"],"picked":"Blasphemy+1","floor":23.0},{"not_picked":["InnerPeace+1","SashWhip"],"picked":"MentalFortress","floor":25.0},{"not_picked":["Perseverance+1","Sanctity+1","EmptyBody+1"],"picked":"SKIP","floor":30.0},{"not_picked":["EmptyMind+1","Evaluate+1","ReachHeaven"],"picked":"SKIP","floor":31.0},{"not_picked":["BowlingBash+1","Swivel+1","Conclude"],"picked":"SKIP","floor":35.0},{"not_picked":["EmptyFist+1","Crescendo+1","EmptyMind+1"],"picked":"SKIP","floor":38.0},{"not_picked":["Protect+1","Vengeance+1","TalkToTheHand+1"],"picked":"SKIP","floor":39.0},{"not_picked":["JustLucky+1","FearNoEvil","BowlingBash+1"],"picked":"SKIP","floor":40.0},{"not_picked":["FlyingSleeves+1","Pray+1"],"picked":"Halt+1","floor":41.0},{"not_picked":["Establishment","ForeignInfluence+1","Tantrum+1"],"picked":"SKIP","floor":42.0},{"not_picked":["ForeignInfluence+1","CutThroughFate"],"picked":"Study+1","floor":44.0},{"not_picked":["FollowUp+1","FlurryOfBlows+1","Swivel+1"],"picked":"SKIP","floor":47.0},{"not_picked":["Meditate+1","EmptyFist","JustLucky+1"],"picked":"SKIP","floor":48.0}],"player_experience":817835,"relics_obtained":[{"floor":6.0,"key":"MealTicket"},{"floor":8.0,"key":"Akabeko"},{"floor":9.0,"key":"Lantern"},{"floor":10.0,"key":"Toxic Egg 2"},{"floor":23.0,"key":"Eternal Feather"},{"floor":25.0,"key":"Anchor"},{"floor":26.0,"key":"Shovel"},{"floor":27.0,"key":"Bird Faced Urn"},{"floor":27.0,"key":"Bottled Lightning"},{"floor":30.0,"key":"MawBank"},{"floor":40.0,"key":"PreservedInsect"},{"floor":43.0,"key":"Strawberry"},{"floor":44.0,"key":"Blood Vial"},{"floor":47.0,"key":"Toy Ornithopter"}],"event_choices":[{"damage_healed":0.0,"max_hp_gain":0.0,"max_hp_loss":0.0,"gold_gain":0.0,"event_name":"Dead Adventurer","player_choice":"Searched \u00271\u0027 times","floor":8.0,"gold_loss":0.0,"damage_taken":0.0},{"damage_healed":0.0,"max_hp_gain":0.0,"max_hp_loss":0.0,"gold_gain":75.0,"event_name":"World of Goop","player_choice":"Gather Gold","floor":11.0,"gold_loss":0.0,"damage_taken":11.0},{"damage_healed":0.0,"max_hp_gain":0.0,"max_hp_loss":0.0,"gold_gain":0.0,"event_name":"Back to Basics","player_choice":"Simplicity","floor":20.0,"gold_loss":0.0,"damage_taken":0.0,"cards_upgraded":["Strike_P","Strike_P","Strike_P","Defend_P","Defend_P","Defend_P","Defend_P"]},{"damage_healed":0.0,"max_hp_gain":0.0,"max_hp_loss":0.0,"gold_gain":0.0,"event_name":"The Library","player_choice":"Read","floor":24.0,"gold_loss":0.0,"damage_taken":0.0,"cards_obtained":["Adaptation"]},{"damage_healed":0.0,"max_hp_gain":0.0,"max_hp_loss":0.0,"gold_gain":0.0,"event_name":"Colosseum","player_choice":"Fight","floor":27.0,"gold_loss":0.0,"damage_taken":0.0},{"damage_healed":0.0,"max_hp_gain":0.0,"max_hp_loss":0.0,"gold_gain":0.0,"event_name":"Colosseum","player_choice":"Fought Nobs","floor":27.0,"gold_loss":0.0,"damage_taken":0.0},{"damage_healed":0.0,"max_hp_gain":0.0,"max_hp_loss":0.0,"gold_gain":0.0,"event_name":"Lab","player_choice":"Got Potions","floor":37.0,"gold_loss":0.0,"damage_taken":0.0}],"is_beta":false,"boss_relics":[{"not_picked":["Coffee Dripper","Tiny House"],"picked":"SacredBark"},{"not_picked":["Snecko Eye","Runic Dome"],"picked":"HolyWater"}],"items_purged_floors":[12],"is_endless":false,"potions_floor_spawned":[3,5,6,8,10,16,18,22,25,30,31,38,40,41,44],"ascension_level":3}}