{"host":"ibonnlq6s1c814xj","time":1610781748,"event":{"mods":["BaseMod","BetterRewards","Minty Spire (QoL Compilation)","Shop Mod","【功能Mod】聪明的最终Boss","【遗物卡牌】REMEMod"],"gold_per_floor":[110,110,110,385,403,403,415,415,415,26,44,75,86,104,104,209,209,223,322,334,334,109,136,156,183,235,235,249,268,280,299,299,398,398,413,432,432,112,112,112,131,161,188,208,238,254,270,286,286,316,316],"floor_reached":50,"language":"ZHS","playtime":4660,"items_purged":["Strike_G","Storm of Steel","Regret","Night Terror+1","Wraith Form v2"],"score":793,"play_id":"6667da62-ee91-4247-9259-acee3c2a0c28","local_time":"20210116152228","is_ascension_mode":true,"campfire_choices":[{"floor":6,"key":"REST"},{"data":"Apotheosis","floor":8,"key":"SMITH"},{"floor":15,"key":"REST"},{"data":"After Image","floor":27,"key":"SMITH"},{"floor":32,"key":"REST"},{"data":"REME_GreenPollution","floor":40,"key":"SMITH"},{"data":"Tools of the Trade","floor":49,"key":"SMITH"}],"circlet_count":0,"master_deck":["Survivor","Apotheosis+1","Prepared","Distraction","Tools of the Trade+1","Blade Dance","Adrenaline","Blade Dance","After Image+1","Accuracy+1","Flying Knee+1","Infinite Blades","Infinite Blades","REME_GreenPollution+1","Blur+1","REME_LeechingPoison","Reflex+1","Escape Plan","REME_ShadowForm","A Thousand Cuts","Expertise","Venomology","Footwork","Concentrate","Footwork","Deflect+1","REME_SpectralBlade","Tactician","Finisher+1","Tactician"],"relics":["Ring of the Snake","REME_ComplimentaryCards","Thread and Needle","MerchantsRug","Prayer Wheel","Orichalcum","Pear","REME_PuzzleBoxRelic","Gremlin Horn","Astrolabe","Ginger","Ice Cream","Potion Belt","Pandora\u0027s Box","PreservedInsect","Strawberry","Frozen Egg 2","Nunchaku","Toy Ornithopter"],"acts_visited":["Exordium","TheCity","TheBeyond"],"potions_floor_usage":[16,23,33,35,35,36,36,41,42,45,45,46,46,46,46,47,50,50,50],"damage_taken":[{"damage":11.0,"enemies":"Small Slimes","floor":1.0,"turns":4.0},{"damage":3,"enemies":"Jaw Worm","floor":5,"turns":4},{"damage":6,"enemies":"2 Louse","floor":7,"turns":3},{"damage":0,"enemies":"Gremlin Gang","floor":11,"turns":5},{"damage":15,"enemies":"3 Sentries","floor":12,"turns":7},{"damage":0,"enemies":"Blue Slaver","floor":13,"turns":4},{"damage":0,"enemies":"Exordium Wildlife","floor":14,"turns":2},{"damage":48,"enemies":"The Guardian","floor":16,"turns":10},{"damage":0,"enemies":"3 Byrds","floor":18,"turns":4},{"damage":2,"enemies":"Chosen","floor":20,"turns":5},{"damage":7,"enemies":"Book of Stabbing","floor":23,"turns":4},{"damage":10,"enemies":"Sentry and Sphere","floor":24,"turns":4},{"damage":4,"enemies":"REME_1_Revenger","floor":25,"turns":5},{"damage":2,"enemies":"Chosen and Byrds","floor":28,"turns":6},{"damage":27,"enemies":"Snake Plant","floor":29,"turns":5},{"damage":0,"enemies":"3 Cultists","floor":30,"turns":4},{"damage":5,"enemies":"Snecko","floor":31,"turns":4},{"damage":0,"enemies":"Collector","floor":33,"turns":6},{"damage":5,"enemies":"3 Shapes","floor":35,"turns":3},{"damage":27,"enemies":"3 Darklings","floor":36,"turns":4},{"damage":80,"enemies":"Transient","floor":41,"turns":5},{"damage":0,"enemies":"Giant Head","floor":42,"turns":6},{"damage":17,"enemies":"4 Shapes","floor":44,"turns":4},{"damage":6,"enemies":"Reptomancer","floor":45,"turns":3},{"damage":0,"enemies":"Jaw Worm Horde","floor":46,"turns":2},{"damage":2,"enemies":"3 Darklings","floor":47,"turns":3},{"damage":0,"enemies":"Maw","floor":48,"turns":5},{"damage":134,"enemies":"Time Eater","floor":50,"turns":16}],"seed_played":"-2436971564667436948","potions_obtained":[{"floor":5,"key":"BlessingOfTheForge"},{"floor":12,"key":"Weak Potion"},{"floor":13,"key":"FairyPotion"},{"floor":20,"key":"LiquidBronze"},{"floor":23,"key":"Energy Potion"},{"floor":24,"key":"SpeedPotion"},{"floor":30,"key":"SteroidPotion"},{"floor":31,"key":"GamblersBrew"},{"floor":33,"key":"GamblersBrew"},{"floor":35,"key":"ColorlessPotion"},{"floor":44,"key":"EssenceOfSteel"},{"floor":45,"key":"SneckoOil"}],"is_trial":false,"path_per_floor":["M","?","?","?","M","R","M","R","T","$","M","E","M","M","R","B",null,"M","?","M","?","$","E","M","E","T","R","M","M","M","M","R","B",null,"M","M","?","$","?","R","M","E","T","M","E","M","M","M","R","B"],"character_chosen":"THE_SILENT","items_purchased":["Apotheosis","Thread and Needle","MerchantsRug","REME_PuzzleBoxRelic","Infinite Blades","Blade Dance","REME_GreenPollution","PreservedInsect"],"campfire_rested":3,"item_purchase_floors":[0,0,0,10,10,10,22,38],"current_hp_per_floor":[27,9,9,9,6,27,30,30,40,40,50,35,35,35,59,15,80,80,80,78,78,78,71,61,57,57,57,55,28,28,23,47,58,80,75,53,53,53,60,60,26,32,32,35,29,49,52,63,63,0,0],"gold":316,"neow_bonus":"","is_daily":false,"chose_seed":false,"campfire_upgraded":4,"win_rate":0.0,"timestamp":1610781748,"path_taken":["M","?","?","?","M","R","M","R","T","$","M","E","M","?","R","BOSS","M","?","M","?","$","E","M","E","T","R","M","?","M","M","R","BOSS","M","M","?","$","?","R","M","E","T","M","E","M","M","?","R","BOSS"],"items_purchased_type":["Card","Relic","Relic","Relic","Card","Card","Card","Relic"],"build_version":"2020-12-22","purchased_purges":5,"victory":false,"max_hp_per_floor":[70,70,70,70,70,70,70,70,80,80,80,80,80,80,80,80,80,80,80,80,80,80,80,80,80,80,80,80,80,80,80,80,80,80,80,80,80,80,87,87,87,87,87,87,87,87,87,87,87,87,87],"card_choices":[{"not_picked":["Sucker Punch","Dagger Throw"],"picked":"Prepared","floor":1.0},{"not_picked":["Backstab","Backflip","Cloak And Dagger"],"picked":"SKIP","floor":1.0},{"not_picked":["All Out Attack","Well Laid Plans"],"picked":"Distraction","floor":5},{"not_picked":["Deadly Poison","Underhanded Strike","Backflip"],"picked":"SKIP","floor":5},{"not_picked":["Quick Slash","Deflect"],"picked":"Tools of the Trade","floor":7},{"not_picked":["Acrobatics","Dagger Spray","Bane"],"picked":"SKIP","floor":7},{"not_picked":["Outmaneuver","Sucker Punch","Dash"],"picked":"SKIP","floor":11},{"not_picked":["Dagger Spray","Flying Knee","Deadly Poison"],"picked":"SKIP","floor":11},{"not_picked":["Bane","Setup"],"picked":"Adrenaline","floor":12},{"not_picked":["Caltrops","Sucker Punch","Poisoned Stab"],"picked":"SKIP","floor":13},{"not_picked":["Predator","Flying Knee","Poisoned Stab"],"picked":"SKIP","floor":13},{"not_picked":["REME_GreenPollution","Acrobatics"],"picked":"Blade Dance","floor":14},{"not_picked":["Outmaneuver","Underhanded Strike","Quick Slash"],"picked":"SKIP","floor":14},{"not_picked":["Venomology","REME_LeechingPoison"],"picked":"After Image","floor":16},{"not_picked":["Slice","Dagger Throw+1"],"picked":"Infinite Blades","floor":18},{"not_picked":["Deadly Poison+1","Poisoned Stab","PiercingWail+1"],"picked":"SKIP","floor":18},{"not_picked":["Masterful Stab","Slice"],"picked":"Infinite Blades","floor":20},{"not_picked":["Underhanded Strike","Concentrate","Crippling Poison"],"picked":"SKIP","floor":20},{"not_picked":["All Out Attack+1","Dagger Spray+1","Outmaneuver+1"],"picked":"SKIP","floor":23},{"not_picked":["Finisher","Poisoned Stab"],"picked":"Blur+1","floor":24},{"not_picked":["Dagger Spray","Deadly Poison+1","All Out Attack"],"picked":"SKIP","floor":24},{"not_picked":["Masterful Stab","Noxious Fumes","Dodge and Roll"],"picked":"SKIP","floor":25},{"not_picked":["Unload","Quick Slash","Blade Dance"],"picked":"SKIP","floor":28},{"not_picked":["Crippling Poison","Dodge and Roll+1","Prepared"],"picked":"SKIP","floor":28},{"not_picked":["Dodge and Roll+1","Bane+1","Sucker Punch+1"],"picked":"SKIP","floor":29},{"not_picked":["Quick Slash+1","Underhanded Strike","Backflip"],"picked":"SKIP","floor":29},{"not_picked":["Deadly Poison","Noxious Fumes+1"],"picked":"REME_LeechingPoison","floor":30},{"not_picked":["PiercingWail","Underhanded Strike","Concentrate+1"],"picked":"SKIP","floor":30},{"not_picked":["Dash","Escape Plan","Underhanded Strike"],"picked":"Reflex+1","floor":31},{"not_picked":["Dodge and Roll","Outmaneuver+1","Flechettes+1"],"picked":"Escape Plan","floor":31},{"not_picked":["Adrenaline","Wraith Form v2"],"picked":"REME_ShadowForm","floor":33},{"not_picked":["Prepared","Poisoned Stab+1"],"picked":"Footwork","floor":35},{"not_picked":["Dodge and Roll","Deadly Poison+1","Escape Plan"],"picked":"SKIP","floor":35},{"not_picked":["Calculated Gamble","PiercingWail"],"picked":"Deflect+1","floor":36},{"not_picked":["Poisoned Stab","Bane+1","Cloak And Dagger"],"picked":"SKIP","floor":36},{"not_picked":["Acrobatics","Dagger Spray","Leg Sweep"],"picked":"SKIP","floor":41},{"not_picked":["Slice","Dagger Throw","Blade Dance+1"],"picked":"SKIP","floor":41},{"not_picked":["Deflect","Blade Dance","Skewer"],"picked":"SKIP","floor":42},{"not_picked":["Dagger Spray+1","Outmaneuver+1"],"picked":"REME_SpectralBlade","floor":44},{"not_picked":["Outmaneuver","Escape Plan+1","Distraction+1"],"picked":"SKIP","floor":44},{"not_picked":["Deadly Poison+1","Dagger Throw+1","Dagger Spray"],"picked":"SKIP","floor":45},{"not_picked":["PiercingWail+1","Expertise+1"],"picked":"Tactician","floor":46},{"not_picked":["Masterful Stab","Catalyst+1","Riddle With Holes"],"picked":"SKIP","floor":46},{"not_picked":["Eviscerate+1","Backflip+1","Backstab"],"picked":"SKIP","floor":47},{"not_picked":["Outmaneuver+1","Storm of Steel","Expertise+1"],"picked":"SKIP","floor":47},{"not_picked":["Cloak And Dagger","Slice+1"],"picked":"Finisher+1","floor":48},{"not_picked":["Cloak And Dagger","Underhanded Strike"],"picked":"Tactician","floor":48}],"player_experience":248182,"relics_obtained":[{"floor":9,"key":"Pear"},{"floor":12,"key":"Gremlin Horn"},{"floor":23,"key":"Ginger"},{"floor":25,"key":"Ice Cream"},{"floor":26,"key":"Potion Belt"},{"floor":42,"key":"Frozen Egg 2"},{"floor":43,"key":"Nunchaku"},{"floor":45,"key":"Toy Ornithopter"}],"event_choices":[{"damage_healed":0.0,"max_hp_gain":0.0,"max_hp_loss":0.0,"gold_gain":0.0,"event_name":"Scrap Ooze","player_choice":"Success","floor":2.0,"gold_loss":0.0,"damage_taken":18.0,"relics_obtained":["Orichalcum"]},{"damage_healed":0,"gold_gain":275,"player_choice":"Desecrate","damage_taken":0,"max_hp_gain":0,"max_hp_loss":0,"event_name":"Golden Shrine","floor":4,"gold_loss":0,"cards_obtained":["Regret"]},{"damage_healed":0,"gold_gain":99,"player_choice":"Stole From Cult","damage_taken":0,"max_hp_gain":0,"max_hp_loss":0,"event_name":"Nest","floor":19,"gold_loss":0},{"cards_removed":["Strike_G"],"damage_healed":0,"gold_gain":0,"player_choice":"Card Removal","damage_taken":0,"max_hp_gain":0,"max_hp_loss":0,"event_name":"Wheel of Change","floor":21,"gold_loss":0},{"cards_removed":["Neutralize"],"damage_healed":0,"gold_gain":0,"player_choice":"Removed Attack","damage_taken":0,"max_hp_gain":0,"max_hp_loss":0,"event_name":"Falling","floor":37,"gold_loss":0},{"cards_removed":["Infinite Blades"],"damage_healed":0,"gold_gain":0,"player_choice":"Gave Card","damage_taken":0,"relics_obtained":["Strawberry"],"max_hp_gain":0,"max_hp_loss":0,"event_name":"WeMeetAgain","floor":39,"gold_loss":0}],"is_beta":false,"boss_relics":[{"not_picked":["Sozu","Calling Bell"],"picked":"Astrolabe"},{"not_picked":["REME_DemonsWealth","Velvet Choker"],"picked":"Pandora\u0027s Box"}],"items_purged_floors":[0,0,10,22,38],"is_endless":false,"potions_floor_spawned":[5,12,13,20,23,24,30,31,33,35,44,45],"killed_by":"Time Eater","ascension_level":2}}