{"host":"6es90lqcwaoc0kgm","time":1610790923,"event":{"mods":["Act Like it!","Bard","BaseMod","Hallownest","HololiveMod","Jorbs\u0027s Wanderer Trilogy","Marisa£®ÏF”Í°°ƒß¿Ì…≥£©","Minty Spire (QoL Compilation)","Quick Restart","StSLib","The Administrix","The Animator","The Bug Knight","The Cursed","The Hierophant","The Runesmith","[GremlinLeader]The Maniac"],"gold_per_floor":[366,85,111,186,212,254,305,327,327,327,327],"floor_reached":10,"language":"ZHS","playtime":717,"items_purged":["hierophant:Strike_Hierophant"],"score":95,"play_id":"c3ff66ed-604c-4e8b-9716-c27c7c1925ba","local_time":"20210116175523","is_ascension_mode":false,"campfire_choices":[],"circlet_count":0,"master_deck":["hierophant:Strike_Hierophant","hierophant:Strike_Hierophant","hierophant:Strike_Hierophant","hierophant:Punish","hierophant:Defend_Hierophant","hierophant:Defend_Hierophant","hierophant:Defend_Hierophant","hierophant:Defend_Hierophant","hierophant:ChurchCoffers","hierophant:Doubloon","hierophant:Remorse","hierophant:Doubloon","hierophant:Community","hierophant:EyeForCoin","hierophant:Doubloon","hierophant:Doubloon","hierophant:Exaltation","hierophant:Doubloon","hierophant:Doubloon","hierophant:Remorse","hierophant:Doubloon"],"relics":["hierophant:PropheticMaskRelic","Strange Spoon","Smiling Mask","Sundial"],"acts_visited":["Exordium"],"potions_floor_usage":[6],"damage_taken":[{"damage":0,"enemies":"2 Louse","floor":1,"turns":2},{"damage":5,"enemies":"Jaw Worm","floor":3,"turns":4},{"damage":2,"enemies":"Small Slimes","floor":5,"turns":3},{"damage":29,"enemies":"HollowMod:MossKnight","floor":6,"turns":21},{"damage":1,"enemies":"3 Louse","floor":7,"turns":3},{"damage":17,"enemies":"Exordium Wildlife","floor":8,"turns":6},{"damage":0,"enemies":"3 Sentries","floor":10,"turns":1}],"seed_played":"4404520826960874157","potions_obtained":[{"floor":5,"key":"Regen Potion"},{"floor":6,"key":"CultistPotion"},{"floor":8,"key":"FairyPotion"}],"is_trial":false,"path_per_floor":["M","$","M","?","M","E","M","M","T","E"],"character_chosen":"HIEROPHANT","items_purchased":["Strange Spoon","hierophant:Doubloon"],"campfire_rested":0,"item_purchase_floors":[2,2],"current_hp_per_floor":[54,54,49,38,36,22,21,4,4,4,4],"gold":327,"neow_bonus":"TWO_FIFTY_GOLD","is_daily":false,"chose_seed":false,"campfire_upgraded":0,"win_rate":0.0,"timestamp":1610790923,"path_taken":["M","$","M","?","M","E","M","M","T","E"],"items_purchased_type":["Relic","Card"],"build_version":"2020-12-22","purchased_purges":1,"victory":false,"max_hp_per_floor":[75,75,75,75,75,75,75,75,75,75,75],"card_choices":[{"not_picked":["hierophant:DisplayOfPower","hierophant:Doubloon"],"picked":"hierophant:Remorse","floor":1},{"not_picked":["hierophant:Chorus","hierophant:RepressedViolence"],"picked":"hierophant:Community","floor":3},{"not_picked":["hierophant:Sermon","hierophant:Zeal"],"picked":"hierophant:EyeForCoin","floor":5},{"not_picked":["hierophant:SolarFlare","hierophant:MorningPrayer"],"picked":"hierophant:Exaltation","floor":6},{"not_picked":["hierophant:FlamingChariot","hierophant:Mercenaries"],"picked":"hierophant:Remorse","floor":7},{"not_picked":["hierophant:Prophecy","hierophant:PassingBell","hierophant:AuricBeam"],"picked":"SKIP","floor":8}],"player_experience":690725,"relics_obtained":[{"floor":6,"key":"Smiling Mask"},{"floor":9,"key":"Sundial"}],"event_choices":[{"damage_healed":0,"gold_gain":75,"player_choice":"Gather Gold","damage_taken":11,"max_hp_gain":0,"max_hp_loss":0,"event_name":"World of Goop","floor":4,"gold_loss":0}],"is_beta":false,"boss_relics":[],"items_purged_floors":[2],"is_endless":false,"potions_floor_spawned":[5,6,8],"killed_by":"3 Sentries","ascension_level":0}}