{"host":"7zdktqb5xjtif29d","time":1610758523,"event":{"mods":["AchievementEnabler","BaseMod","Colored Map","Colored Powertips","Highlight Path","Minty Spire (QoL Compilation)","Rare Cards Sparkle","SuperFastMode","Waifu the Spire","everything is the same but u backflip on backflip"],"gold_per_floor":[111,121,121,140,140,169,49,49,74,74,74],"floor_reached":10,"language":"ENG","playtime":371,"items_purged":[],"score":73,"play_id":"1c6ef305-cd8a-40ca-923e-c338dfa7b053","local_time":"20210116005523","is_ascension_mode":true,"campfire_choices":[],"circlet_count":0,"master_deck":["Strike_G","Strike_G","Strike_G","Strike_G","Defend_G","Defend_G","Defend_G","Defend_G","Defend_G","Survivor","Neutralize","Storm of Steel","Blade Dance","Accuracy","Cloak And Dagger"],"relics":["Ring of the Snake","Paper Crane","Ancient Tea Set","Regal Pillow","Vajra"],"acts_visited":["Exordium"],"potions_floor_usage":[6,10],"damage_taken":[{"damage":0,"enemies":"2 Louse","floor":1,"turns":3},{"damage":0,"enemies":"Cultist","floor":2,"turns":3},{"damage":2,"enemies":"Jaw Worm","floor":4,"turns":5},{"damage":39,"enemies":"Lagavulin","floor":6,"turns":10},{"damage":7,"enemies":"3 Sentries","floor":10,"turns":2}],"seed_played":"4396899707363705197","potions_obtained":[{"floor":1,"key":"Poison Potion"},{"floor":4,"key":"Explosive Potion"}],"is_trial":false,"path_per_floor":["M","M","?","M","T","E","$","?","T","E"],"character_chosen":"THE_SILENT","items_purchased":["Accuracy","Cloak And Dagger"],"campfire_rested":0,"item_purchase_floors":[7,7],"current_hp_per_floor":[49,49,49,47,47,8,8,5,5,0,0],"gold":74,"neow_bonus":"THREE_RARE_CARDS","is_daily":false,"chose_seed":false,"campfire_upgraded":0,"win_rate":0.0,"timestamp":1610758523,"path_taken":["M","M","?","?","?","E","?","?","T","E"],"items_purchased_type":["Card","Card"],"build_version":"2020-12-22","purchased_purges":0,"victory":false,"max_hp_per_floor":[70,70,70,70,70,70,70,70,70,70,70],"card_choices":[{"not_picked":["Tools of the Trade","Night Terror"],"picked":"Storm of Steel","floor":0},{"not_picked":["Dash","Dagger Throw","Dagger Spray"],"picked":"SKIP","floor":1},{"not_picked":["All Out Attack","Well Laid Plans","Flying Knee"],"picked":"SKIP","floor":2},{"not_picked":["Terror","Calculated Gamble","Caltrops"],"picked":"SKIP","floor":4},{"not_picked":["Dagger Throw","Blur"],"picked":"Blade Dance","floor":6}],"player_experience":226934,"relics_obtained":[{"floor":5,"key":"Paper Crane"},{"floor":6,"key":"Ancient Tea Set"},{"floor":9,"key":"Vajra"}],"event_choices":[{"cards_removed":["Strike_G"],"damage_healed":0,"gold_gain":0,"player_choice":"Offered Basic","damage_taken":0,"max_hp_gain":0,"max_hp_loss":0,"event_name":"Bonfire Elementals","floor":3,"gold_loss":0},{"damage_healed":0,"gold_gain":0,"player_choice":"Success","damage_taken":3,"relics_obtained":["Regal Pillow"],"max_hp_gain":0,"max_hp_loss":0,"event_name":"Scrap Ooze","floor":8,"gold_loss":0}],"is_beta":false,"boss_relics":[],"items_purged_floors":[],"is_endless":false,"potions_floor_spawned":[1,4],"killed_by":"3 Sentries","ascension_level":2}}