{"host":"c2zlmc1hlq0427cl","time":1610821784,"event":{"mods":["BaseMod","Googly Eyes","Hermit","Minty Spire (QoL Compilation)","Replay The Spire","StSLib","The Hayseed","The Senshi","The Servant 0.9.4"],"gold_per_floor":[117,128,145,145,145,145,173,173,173,3,16,50,64,115,115,214,214,224,124,153,176,191,191,191,100,127,158,158,158,158],"floor_reached":29,"language":"ENG","playtime":998,"items_purged":["Amnesia","TheSimpletonMod:Strike_TheSimpleton"],"score":314,"play_id":"99f19ab9-aca5-4730-8e55-87cd61f2db6a","local_time":"20210116122944","is_ascension_mode":true,"campfire_choices":[{"data":"1","floor":6,"key":"LIFT"},{"data":"2","floor":8,"key":"LIFT"},{"data":"3","floor":15,"key":"LIFT"},{"data":"TheSimpletonMod:KeenEdge","floor":23,"key":"SMITH"},{"data":"TheSimpletonMod:ControlledBurn","floor":28,"key":"SMITH"}],"circlet_count":0,"master_deck":["TheSimpletonMod:Strike_TheSimpleton","TheSimpletonMod:Strike_TheSimpleton","TheSimpletonMod:Defend_TheSimpleton","TheSimpletonMod:Defend_TheSimpleton","TheSimpletonMod:Defend_TheSimpleton","TheSimpletonMod:Defend_TheSimpleton","TheSimpletonMod:Haymaker","TheSimpletonMod:ReapAndSow","TheSimpletonMod:KeenEdge+1","TheSimpletonMod:CloseScrape","TheSimpletonMod:ControlledBurn+1","TheSimpletonMod:SlashAndBurn","Flash of Steel","TheSimpletonMod:Swelter","TheSimpletonMod:SpiceUp","TheSimpletonMod:VolatileFumes","TheSimpletonMod:Squash+1","Flash of Steel","TheSimpletonMod:Sunchoke"],"relics":["TheSimpletonMod:SpudOfTheInnocent","TheSimpletonMod:NightSoil","TheSimpletonMod:TheHarvester","Girya","Ring of Misfortune","ReplayTheSpireMod:Ring of Addiction","Toy Ornithopter","White Beast Statue","Divine Protection","Iron Hammer","Strawberry","Lantern","Replay:Bronze Core","Red Mask","Orichalcum","MealTicket","Replay:Mystery Machine"],"acts_visited":["Exordium","TheCity"],"potions_floor_usage":[7,16,27],"damage_taken":[{"damage":10,"enemies":"Small Slimes","floor":1,"turns":3},{"damage":6,"enemies":"2 Louse","floor":2,"turns":2},{"damage":11,"enemies":"Jaw Worm","floor":3,"turns":3},{"damage":23,"enemies":"Lagavulin","floor":7,"turns":4},{"damage":5,"enemies":"Exordium Thugs","floor":11,"turns":3},{"damage":5,"enemies":"3 Sentries","floor":12,"turns":6},{"damage":0,"enemies":"3 Louse","floor":13,"turns":2},{"damage":0,"enemies":"Slime Boss","floor":16,"turns":6},{"damage":0,"enemies":"3 Byrds","floor":18,"turns":4},{"damage":2,"enemies":"Masked Bandits","floor":20,"turns":3},{"damage":0,"enemies":"Chosen","floor":22,"turns":3},{"damage":5,"enemies":"Slavers","floor":27,"turns":3},{"damage":158,"enemies":"Gremlin Leader","floor":29,"turns":4}],"seed_played":"-2765197479174816954","potions_obtained":[{"floor":1,"key":"Death Potion"},{"floor":3,"key":"BlessingOfTheForge"},{"floor":5,"key":"FearPotion"},{"floor":7,"key":"FearPotion"},{"floor":11,"key":"Strength Potion"},{"floor":16,"key":"PowerPotion"},{"floor":20,"key":"Dexterity Potion"},{"floor":22,"key":"TheSimpletonMod:KindlingPotion"},{"floor":27,"key":"Dexterity Potion"}],"is_trial":false,"path_per_floor":["M","M","M","?","?","R","E","R","T","$","M","E","M","T","R","B",null,"M","$","?","T","M","R","?","$","T","E","R","E"],"character_chosen":"THE_SIMPLETON","items_purchased":["Flash of Steel","Flash of Steel"],"campfire_rested":0,"item_purchase_floors":[10,25],"current_hp_per_floor":[48,46,39,75,75,75,57,57,57,57,52,60,60,60,60,69,78,78,78,74,74,74,74,74,74,72,71,71,0,0],"gold":158,"neow_bonus":"ONE_RARE_RELIC","is_daily":false,"chose_seed":false,"campfire_upgraded":2,"win_rate":0.0,"timestamp":1610821784,"path_taken":["M","M","M","?","?","R","E","R","T","$","M","E","M","?","R","BOSS","M","$","?","?","M","R","?","?","T","E","R","E"],"items_purchased_type":["Card","Card"],"build_version":"2020-12-22","purchased_purges":2,"victory":false,"max_hp_per_floor":[75,75,75,75,75,75,75,75,75,75,73,80,80,78,78,78,78,78,78,76,76,76,74,74,74,72,72,72,72,72],"card_choices":[{"not_picked":["TheSimpletonMod:ToughenUp","TheSimpletonMod:Rototilling"],"picked":"TheSimpletonMod:KeenEdge","floor":1},{"not_picked":["TheSimpletonMod:CullingStrike","TheSimpletonMod:ToughenUp"],"picked":"TheSimpletonMod:CloseScrape","floor":2},{"not_picked":["TheSimpletonMod:Squash","TheSimpletonMod:VineRipen"],"picked":"TheSimpletonMod:ControlledBurn","floor":3},{"not_picked":["TheSimpletonMod:SeedCoat","TheSimpletonMod:Sunchoke"],"picked":"TheSimpletonMod:SlashAndBurn","floor":7},{"not_picked":["TheSimpletonMod:Mulch","TheSimpletonMod:Sunchoke"],"picked":"TheSimpletonMod:Swelter","floor":11},{"not_picked":["TheSimpletonMod:ResearchGrant","TheSimpletonMod:SoilSample"],"picked":"TheSimpletonMod:SpiceUp","floor":12},{"not_picked":["TheSimpletonMod:Fertilaser","TheSimpletonMod:OnionBloom","TheSimpletonMod:Aerate"],"picked":"SKIP","floor":13},{"not_picked":["TheSimpletonMod:HitTheSack","TheSimpletonMod:Photosynthesis"],"picked":"TheSimpletonMod:VolatileFumes","floor":16},{"not_picked":["TheSimpletonMod:Germinate","TheSimpletonMod:BumperCrop+1"],"picked":"TheSimpletonMod:Squash+1","floor":18},{"not_picked":["TheSimpletonMod:Squash","TheSimpletonMod:CloseScrape","TheSimpletonMod:PestManagement"],"picked":"SKIP","floor":22},{"not_picked":["TheSimpletonMod:Germinate","TheSimpletonMod:Aerate"],"picked":"TheSimpletonMod:Sunchoke","floor":27}],"player_experience":63356,"relics_obtained":[{"floor":5,"key":"Ring of Misfortune"},{"floor":5,"key":"ReplayTheSpireMod:Ring of Addiction"},{"floor":5,"key":"Toy Ornithopter"},{"floor":5,"key":"White Beast Statue"},{"floor":7,"key":"Divine Protection"},{"floor":9,"key":"Iron Hammer"},{"floor":12,"key":"Strawberry"},{"floor":14,"key":"Lantern"},{"floor":20,"key":"Red Mask"},{"floor":21,"key":"Orichalcum"},{"floor":26,"key":"MealTicket"},{"floor":27,"key":"Replay:Mystery Machine"}],"event_choices":[{"damage_healed":0,"gold_gain":0,"player_choice":"Fought Bandits","damage_taken":0,"max_hp_gain":0,"max_hp_loss":0,"event_name":"Masked Bandits","floor":20,"gold_loss":0},{"cards_removed":["TheSimpletonMod:Strike_TheSimpleton"],"damage_healed":0,"gold_gain":0,"player_choice":"Elegance","damage_taken":0,"max_hp_gain":0,"max_hp_loss":0,"event_name":"Back to Basics","floor":24,"gold_loss":0}],"is_beta":false,"boss_relics":[{"not_picked":["SacredBark","Runic Dome"],"picked":"Replay:Bronze Core"}],"items_purged_floors":[10,19],"is_endless":false,"potions_floor_spawned":[1,3,7,11,12,13,16,18,20,22,27],"killed_by":"Gremlin Leader","ascension_level":1}}