{"host":"by3dnjj711vo194a","time":1610821364,"event":{"mods":["2.2 Compatiblity","AchievementEnabler","BaseMod","Colored Map","DeckTracker","KOR Keyword Fix","Keyboard Shortcuts","Minty Spire (QoL Compilation)","Permanent Neow","Quick Restart","StSLib","SuperFastMode","everything is the same but u backflip on backflip"],"gold_per_floor":[130,153,165,139,139,170,170,202,247,259,286,298,328,359,371,479,491,516,544,287,306,231,231,261,306,306,333,333,364,364,395,395,493,493,504,519,569,506,506,506,535,555,555,555,555,555,555,582,582,582],"floor_reached":51,"language":"KOR","playtime":841,"items_purged":["EmptyBody","Indignation+1","Apotheosis+1"],"score":1912,"play_id":"2786d39b-ba7e-4ea5-9dc8-9fcea1cf4f4f","local_time":"20210117032244","is_ascension_mode":true,"campfire_choices":[{"data":"Judgement","floor":7,"key":"PURGE"},{"data":"Weave+1","floor":10,"key":"PURGE"},{"data":"CrushJoints","floor":12,"key":"PURGE"},{"data":"Brilliance","floor":15,"key":"PURGE"},{"data":"DeceiveReality+1","floor":23,"key":"PURGE"},{"data":"ThirdEye","floor":28,"key":"PURGE"},{"data":"Wallop+1","floor":30,"key":"PURGE"},{"data":"FlurryOfBlows+1","floor":32,"key":"PURGE"},{"data":"Adaptation","floor":40,"key":"SMITH"},{"data":"InnerPeace","floor":45,"key":"SMITH"},{"data":"Vigilance","floor":47,"key":"SMITH"},{"data":"Halt+1","floor":49,"key":"PURGE"}],"circlet_count":0,"master_deck":["Eruption+1","Vigilance+1","InnerPeace+1","Adaptation+1","Tantrum+1","CutThroughFate+1","EmptyMind+1","Adaptation+1","FearNoEvil+1","WheelKick+1","MentalFortress+1","Purity+1"],"relics":["PureWater","Potion Belt","Melange","Tiny Chest","Art of War","Vajra","Peace Pipe","Membership Card","Juzu Bracelet","Shuriken","Bag of Marbles","Sundial","Lantern","VioletLotus","Mummified Hand","HandDrill","Bottled Lightning","Toxic Egg 2","Meat on the Bone","Orrery","Ancient Tea Set","MealTicket","SacredBark","TheAbacus","Oddly Smooth Stone","Orichalcum","Whetstone","Mercury Hourglass","PreservedInsect","MawBank","Toy Ornithopter","Omamori","ClockworkSouvenir","Centennial Puzzle","Art of War","FossilizedHelix","MawBank","Empty Cage","Bag of Marbles","Molten Egg 2","Prayer Wheel","MealTicket","Akabeko","Gremlin Horn","Strawberry","Ice Cream","Black Star","GoldenEye","Anchor","Darkstone Periapt","TeardropLocket","Yang","PreservedInsect","InkBottle"],"acts_visited":["Exordium","TheCity","TheBeyond"],"potions_floor_usage":[],"damage_taken":[{"damage":0.0,"enemies":"2 Louse","floor":1.0,"turns":1.0},{"damage":0,"enemies":"Small Slimes","floor":2,"turns":1},{"damage":0,"enemies":"Lagavulin","floor":6,"turns":1},{"damage":0,"enemies":"Gremlin Nob","floor":8,"turns":1},{"damage":0,"enemies":"Cultist","floor":11,"turns":1},{"damage":0,"enemies":"2 Fungi Beasts","floor":13,"turns":1},{"damage":0,"enemies":"Exordium Wildlife","floor":14,"turns":1},{"damage":0,"enemies":"The Guardian","floor":16,"turns":3},{"damage":0,"enemies":"Shell Parasite","floor":18,"turns":2},{"damage":0,"enemies":"Spheric Guardian","floor":19,"turns":3},{"damage":0,"enemies":"Shelled Parasite and Fungi","floor":21,"turns":2},{"damage":0,"enemies":"Slavers","floor":24,"turns":1},{"damage":0,"enemies":"Book of Stabbing","floor":27,"turns":2},{"damage":0,"enemies":"Slavers","floor":29,"turns":1},{"damage":0,"enemies":"Book of Stabbing","floor":31,"turns":1},{"damage":0,"enemies":"Champ","floor":33,"turns":1},{"damage":0,"enemies":"Orb Walker","floor":35,"turns":1},{"damage":0,"enemies":"3 Shapes","floor":36,"turns":1},{"damage":0,"enemies":"Mind Bloom Boss Battle","floor":37,"turns":1},{"damage":0,"enemies":"Reptomancer","floor":41,"turns":1},{"damage":0,"enemies":"Writhing Mass","floor":42,"turns":1},{"damage":0,"enemies":"Giant Head","floor":48,"turns":1},{"damage":0,"enemies":"Awakened One","floor":50,"turns":2}],"seed_played":"-6958672212559737537","potions_obtained":[{"floor":5,"key":"SpeedPotion"},{"floor":5,"key":"Block Potion"},{"floor":5,"key":"PowerPotion"},{"floor":8,"key":"Explosive Potion"},{"floor":16,"key":"LiquidMemories"}],"is_trial":false,"path_per_floor":["M","M","?","$","?","E","R","E","T","R","M","R","M","M","R","B",null,"M","M","$","M","?","R","E","T","T","E","R","E","R","E","R","B",null,"M","M","?","$","?","R","E","M","T","?","R","T","R","E","R","B",null],"character_chosen":"WATCHER","items_purchased":["Adaptation","Bag of Marbles","Molten Egg 2"],"campfire_rested":0,"item_purchase_floors":[20,20,20],"current_hp_per_floor":[72,72,58,72,72,72,72,72,72,72,72,72,72,72,72,72,72,72,72,72,72,72,72,72,72,72,72,72,79,79,79,79,79,79,79,79,79,79,79,79,79,79,79,79,79,79,79,79,79,79],"gold":582,"neow_bonus":"UPGRADE_CARD","is_daily":false,"chose_seed":false,"campfire_upgraded":3,"win_rate":0.0,"timestamp":1610821364,"path_taken":["M","M","?","$","?","E","R","E","T","R","M","R","M","M","R","BOSS","M","M","$","M","?","R","E","?","T","E","R","E","R","E","R","BOSS","M","M","?","$","?","R","E","M","T","?","R","?","R","E","R","BOSS"],"items_purchased_type":["Card","Relic","Relic"],"build_version":"2020-12-22","purchased_purges":3,"victory":true,"max_hp_per_floor":[72,72,72,72,72,72,72,72,72,72,72,72,72,72,72,72,72,72,72,72,72,72,72,72,72,72,72,72,79,79,79,79,79,79,79,79,79,79,79,79,79,79,79,79,79,79,79,79,79,79],"card_choices":[{"not_picked":["EmptyFist","SashWhip"],"picked":"CrushJoints","floor":0.0},{"not_picked":["FollowUp","Prostrate+1"],"picked":"Consecrate","floor":0.0},{"not_picked":["EmptyBody+1","SignatureMove"],"picked":"Weave","floor":0.0},{"not_picked":["Consecrate","ThirdEye+1"],"picked":"CrushJoints","floor":0.0},{"not_picked":["EmptyFist","EmptyMind+1"],"picked":"Brilliance","floor":0.0},{"not_picked":["Weave","Meditate+1","Evaluate+1"],"picked":"SKIP","floor":1},{"not_picked":["EmptyMind+1","Worship+1","Adaptation"],"picked":"SKIP","floor":2},{"not_picked":["Perseverance+1","Halt+1","Collect+1"],"picked":"SKIP","floor":6},{"not_picked":["CutThroughFate","FollowUp","CrushJoints"],"picked":"SKIP","floor":8},{"not_picked":["TalkToTheHand","Protect+1","Alpha+1"],"picked":"SKIP","floor":11},{"not_picked":["Prostrate+1","EmptyFist","Worship+1"],"picked":"SKIP","floor":13},{"not_picked":["Prostrate+1","JustLucky","FlyingSleeves"],"picked":"SKIP","floor":14},{"not_picked":["Protect+1","ForeignInfluence+1","FlyingSleeves"],"picked":"SKIP","floor":18},{"not_picked":["DeceiveReality+1","BowlingBash","EmptyFist"],"picked":"SKIP","floor":19},{"not_picked":["ThirdEye+1","FlurryOfBlows+1","Wallop+1"],"picked":"SKIP","floor":21},{"not_picked":["Weave+1","Sanctity+1","ForeignInfluence+1"],"picked":"SKIP","floor":24},{"not_picked":["SashWhip+1","ForeignInfluence+1","Swivel+1"],"picked":"SKIP","floor":27},{"not_picked":["PathToVictory+1","EmptyFist+1"],"picked":"FearNoEvil+1","floor":29},{"not_picked":["CrushJoints+1","FlurryOfBlows+1","Judgement+1"],"picked":"SKIP","floor":31},{"not_picked":["CrushJoints+1","Fasting2"],"picked":"WheelKick+1","floor":35},{"not_picked":["FollowUp+1","Wallop+1","Nirvana+1"],"picked":"SKIP","floor":35},{"not_picked":["FollowUp+1","Fasting2","ForeignInfluence+1"],"picked":"SKIP","floor":36},{"not_picked":["ThirdEye+1","Prostrate+1","Wallop+1"],"picked":"SKIP","floor":36},{"not_picked":["BattleHymn+1","EmptyFist+1"],"picked":"MentalFortress+1","floor":37},{"not_picked":["Indignation+1","FollowUp+1","WaveOfTheHand+1"],"picked":"SKIP","floor":41},{"not_picked":["SignatureMove+1","ThirdEye+1","Perseverance+1"],"picked":"SKIP","floor":42},{"not_picked":["JustLucky+1","CutThroughFate+1","CrushJoints+1"],"picked":"SKIP","floor":42},{"not_picked":["Mayhem","Master of Strategy+1"],"picked":"Purity+1","floor":44},{"not_picked":["Evaluate+1","FearNoEvil+1","CutThroughFate+1"],"picked":"SKIP","floor":48}],"player_experience":176657,"relics_obtained":[{"floor":6,"key":"Art of War"},{"floor":8,"key":"FossilizedHelix"},{"floor":9,"key":"MawBank"},{"floor":24,"key":"Prayer Wheel"},{"floor":25,"key":"MealTicket"},{"floor":26,"key":"Akabeko"},{"floor":27,"key":"Gremlin Horn"},{"floor":29,"key":"Strawberry"},{"floor":31,"key":"Ice Cream"},{"floor":37,"key":"GoldenEye"},{"floor":41,"key":"Anchor"},{"floor":41,"key":"Darkstone Periapt"},{"floor":43,"key":"TeardropLocket"},{"floor":46,"key":"Yang"},{"floor":48,"key":"PreservedInsect"},{"floor":48,"key":"InkBottle"}],"event_choices":[{"damage_healed":0,"gold_gain":0,"player_choice":"Entered Light","damage_taken":14,"max_hp_gain":0,"max_hp_loss":0,"event_name":"Shining Light","floor":3,"gold_loss":0,"cards_upgraded":["Consecrate","Weave"]},{"damage_healed":0,"gold_gain":0,"player_choice":"Got Potions","damage_taken":0,"max_hp_gain":0,"max_hp_loss":0,"event_name":"Lab","floor":5,"gold_loss":0},{"cards_removed":["Swivel"],"damage_healed":0,"gold_gain":0,"player_choice":"Gave Gold","damage_taken":0,"max_hp_gain":0,"max_hp_loss":0,"event_name":"Beggar","floor":22,"gold_loss":75},{"damage_healed":0,"gold_gain":0,"player_choice":"Fight","damage_taken":0,"max_hp_gain":0,"max_hp_loss":0,"event_name":"MindBloom","floor":37,"gold_loss":0},{"damage_healed":0,"gold_gain":0,"player_choice":"Upgraded","damage_taken":0,"max_hp_gain":0,"max_hp_loss":0,"event_name":"Upgrade Shrine","floor":39,"gold_loss":0,"cards_upgraded":["Adaptation"]},{"damage_healed":0,"gold_gain":0,"player_choice":"Memory 1","damage_taken":0,"max_hp_gain":0,"max_hp_loss":0,"event_name":"SensoryStone","floor":44,"gold_loss":0}],"is_beta":false,"boss_relics":[{"not_picked":["Astrolabe","Tiny House"],"picked":"Empty Cage"},{"not_picked":["SacredBark","SlaversCollar"],"picked":"Black Star"}],"items_purged_floors":[4,20,38],"is_endless":false,"potions_floor_spawned":[8,13,16,19,21,24,27,35,41,42],"ascension_level":11}}