{"host":"sav7uxregyirlf69","time":1610814158,"event":{"mods":["AchievementEnabler","BaseMod","Colored Map","DeckTracker","Keyboard Shortcuts","Minty Spire (QoL Compilation)","READ ME - Guardian Mod","StSLib","SuperFastMode"],"gold_per_floor":[118,118,118,128,128,128,154,154,232,232,232,246,276,293,293,366,366,376,376,376,291,291,291],"floor_reached":22,"language":"KOR","playtime":356,"items_purged":[],"score":420,"play_id":"d600f1bf-583c-4be5-b137-3070ef2f2875","local_time":"20210117012238","is_ascension_mode":true,"campfire_choices":[{"data":"Prostrate","floor":6,"key":"SMITH"},{"floor":8,"key":"REST"},{"data":"ClearTheMind","floor":11,"key":"SMITH"},{"floor":15,"key":"REST"}],"circlet_count":0,"master_deck":["AscendersBane","Strike_P","Strike_P+1","Defend_P+1","Defend_P","Defend_P","Eruption+1","Vigilance","BattleHymn","Prostrate+1","ClearTheMind+1","InnerPeace","Devotion","Prostrate"],"relics":["PureWater","Gremlin Horn","GoldenEye","Empty Cage","Kunai"],"acts_visited":["Exordium","TheCity"],"potions_floor_usage":[16,22,22],"damage_taken":[{"damage":0,"enemies":"2 Louse","floor":1,"turns":2},{"damage":0,"enemies":"Small Slimes","floor":4,"turns":4},{"damage":23,"enemies":"3 Sentries","floor":7,"turns":6},{"damage":4,"enemies":"Jaw Worm","floor":12,"turns":3},{"damage":17,"enemies":"Lagavulin","floor":13,"turns":6},{"damage":1,"enemies":"Large Slime","floor":14,"turns":4},{"damage":0,"enemies":"Slime Boss","floor":16,"turns":5},{"damage":15,"enemies":"Shell Parasite","floor":18,"turns":5},{"damage":29,"enemies":"3 Byrds","floor":22,"turns":4}],"seed_played":"4563070590048013753","potions_obtained":[{"floor":7,"key":"SmokeBomb"},{"floor":14,"key":"CultistPotion"},{"floor":16,"key":"Block Potion"},{"floor":18,"key":"FearPotion"}],"is_trial":false,"path_per_floor":["M","?","?","M","?","R","E","R","T","?","R","M","E","M","R","B",null,"M","?","?","?","M"],"character_chosen":"WATCHER","items_purchased":[],"campfire_rested":2,"item_purchase_floors":[],"current_hp_per_floor":[67,67,45,45,38,38,15,37,37,37,37,33,16,15,37,37,65,50,50,29,29,0,0],"gold":291,"neow_bonus":"TEN_PERCENT_HP_BONUS","is_daily":false,"chose_seed":false,"campfire_upgraded":2,"win_rate":0.0,"timestamp":1610814158,"path_taken":["M","?","?","M","?","R","E","R","T","?","R","M","E","M","R","BOSS","M","?","?","?","M"],"items_purchased_type":[],"build_version":"2020-12-22","purchased_purges":0,"victory":false,"max_hp_per_floor":[74,74,74,74,74,74,74,74,74,74,74,74,74,74,74,74,74,74,74,79,79,79,79],"card_choices":[{"not_picked":["CrushJoints","WaveOfTheHand"],"picked":"BattleHymn","floor":1},{"not_picked":["BattleHymn","CutThroughFate"],"picked":"Prostrate","floor":4},{"not_picked":["FlurryOfBlows","Swivel"],"picked":"ClearTheMind","floor":7},{"not_picked":["CarveReality","JustLucky"],"picked":"InnerPeace","floor":12},{"not_picked":["FollowUp","ClearTheMind","JustLucky"],"picked":"SKIP","floor":13},{"not_picked":["FollowUp","BowlingBash","WindmillStrike"],"picked":"SKIP","floor":14},{"not_picked":["DeusExMachina","ConjureBlade"],"picked":"Devotion","floor":16},{"not_picked":["FlurryOfBlows","ThirdEye+1"],"picked":"Prostrate","floor":18}],"player_experience":1297127,"relics_obtained":[{"floor":7,"key":"Gremlin Horn"},{"floor":13,"key":"GoldenEye"}],"event_choices":[{"damage_healed":0,"gold_gain":0,"player_choice":"Grow","damage_taken":0,"max_hp_gain":0,"max_hp_loss":0,"event_name":"Living Wall","floor":2,"gold_loss":0,"cards_upgraded":["Eruption"]},{"damage_healed":0,"gold_gain":0,"player_choice":"Entered Light","damage_taken":22,"max_hp_gain":0,"max_hp_loss":0,"event_name":"Shining Light","floor":3,"gold_loss":0,"cards_upgraded":["Defend_P","Strike_P"]},{"cards_removed":["Strike_P"],"damage_healed":0,"gold_gain":0,"player_choice":"Card Removal","damage_taken":7,"max_hp_gain":0,"max_hp_loss":0,"event_name":"Golden Wing","floor":5,"gold_loss":0},{"damage_healed":0,"gold_gain":0,"player_choice":"Ignored","damage_taken":0,"max_hp_gain":0,"max_hp_loss":0,"event_name":"Liars Game","floor":10,"gold_loss":0},{"damage_healed":0,"gold_gain":0,"player_choice":"Ignored","damage_taken":0,"max_hp_gain":0,"max_hp_loss":0,"event_name":"Vampires","floor":19,"gold_loss":0},{"damage_healed":0,"gold_gain":0,"player_choice":"Shed Blood","damage_taken":26,"max_hp_gain":5,"max_hp_loss":0,"event_name":"Forgotten Altar","floor":20,"gold_loss":0},{"damage_healed":0,"gold_gain":0,"player_choice":"Obtained Relic","damage_taken":0,"relics_obtained":["Kunai"],"max_hp_gain":0,"max_hp_loss":0,"event_name":"Addict","floor":21,"gold_loss":85}],"is_beta":false,"boss_relics":[{"not_picked":["Runic Pyramid","Snecko Eye"],"picked":"Empty Cage"}],"items_purged_floors":[],"is_endless":false,"potions_floor_spawned":[7,14,16,18],"killed_by":"3 Byrds","ascension_level":15}}