{"host":"8ew8rkkqvnu5a0j4","time":1610786307,"event":{"mods":["AchievementEnabler","BaseMod","Colored Powertips","Koishi","LagranYue(¿≠∏Ò¿ °§‘¬)","Marisa£®ÏF”Í°°ƒß¿Ì…≥£©","Minty Spire (QoL Compilation)","Quick Restart","Rare Cards Sparkle","Remilia£®¿Ÿ√◊¿Ú—«£©","Replay The Spire","Shop Mod","StSLib","The Bug Knight","The Cursed","The Hierophant","The Servant 0.9.4","Youmu£®ªÍ∆«—˝√Œ£©"],"gold_per_floor":[118,129,141,160,174,174,174,163,216,216,216],"floor_reached":10,"language":"ZHS","playtime":515,"items_purged":[],"score":64,"play_id":"e9ff8441-c32b-43da-8a5e-32ad383b5dc2","local_time":"20210116163827","is_ascension_mode":false,"campfire_choices":[{"data":"hierophant:Patience","floor":6,"key":"SMITH"}],"circlet_count":0,"master_deck":["hierophant:Strike_Hierophant","hierophant:Strike_Hierophant","hierophant:Strike_Hierophant","hierophant:Strike_Hierophant","hierophant:Punish","hierophant:Defend_Hierophant","hierophant:Defend_Hierophant","hierophant:Defend_Hierophant","hierophant:Defend_Hierophant","hierophant:ChurchCoffers","hierophant:Patience+1","hierophant:Shelter","hierophant:HammerAndAnvil","hierophant:HolyVerse","hierophant:Doomsaying"],"relics":["hierophant:PropheticMaskRelic","LagranYue:RandomDrawCardRelic","Centennial Puzzle","Replay:Mystery Machine"],"acts_visited":["Exordium"],"potions_floor_usage":[],"damage_taken":[{"damage":1,"enemies":"Cultist","floor":1,"turns":3},{"damage":0,"enemies":"2 Louse","floor":2,"turns":2},{"damage":7,"enemies":"Small Slimes","floor":3,"turns":3},{"damage":3,"enemies":"Exordium Wildlife","floor":4,"turns":5},{"damage":33,"enemies":"Exordium Thugs","floor":5,"turns":5},{"damage":2,"enemies":"Blue Slaver","floor":7,"turns":3},{"damage":12,"enemies":"Looter","floor":8,"turns":4},{"damage":0,"enemies":"Gremlin Nob","floor":10,"turns":1}],"seed_played":"8358108406198790668","potions_obtained":[{"floor":1,"key":"Dexterity Potion"},{"floor":2,"key":"PowerPotion"},{"floor":5,"key":"LiquidMemories"}],"is_trial":false,"path_per_floor":["M","M","M","M","M","R","M","M","T","E"],"character_chosen":"HIEROPHANT","items_purchased":[],"campfire_rested":0,"item_purchase_floors":[],"current_hp_per_floor":[74,74,67,64,31,31,29,17,17,17,17],"gold":216,"neow_bonus":"RANDOM_COMMON_RELIC","is_daily":false,"chose_seed":false,"campfire_upgraded":1,"win_rate":0.0,"timestamp":1610786307,"path_taken":["M","M","?","M","M","R","M","M","T","E"],"items_purchased_type":[],"build_version":"2020-12-22","purchased_purges":0,"victory":false,"max_hp_per_floor":[75,75,75,75,75,75,75,75,75,75,75],"card_choices":[{"not_picked":["hierophant:Glossolalia","hierophant:SealAway"],"picked":"hierophant:Patience","floor":1},{"not_picked":["hierophant:MorningPrayer","hierophant:Remorse"],"picked":"hierophant:Shelter","floor":2},{"not_picked":["hierophant:SealAway","hierophant:RustyCrate"],"picked":"hierophant:HammerAndAnvil","floor":3},{"not_picked":["hierophant:Prophecy","hierophant:AuricBeam"],"picked":"hierophant:HolyVerse","floor":4},{"not_picked":["hierophant:SealAway","hierophant:Levitation","hierophant:Zeal"],"picked":"SKIP","floor":5},{"not_picked":["hierophant:Chorus","hierophant:FieryStrike","hierophant:ConvertCurrency"],"picked":"SKIP","floor":7},{"not_picked":["hierophant:Encroach","hierophant:Racketeering"],"picked":"hierophant:Doomsaying","floor":8}],"player_experience":504654,"relics_obtained":[{"floor":9,"key":"Replay:Mystery Machine"}],"event_choices":[],"is_beta":false,"boss_relics":[],"items_purged_floors":[],"is_endless":false,"potions_floor_spawned":[1,2,5,8],"killed_by":"Gremlin Nob","ascension_level":0}}