{"host":"i7jfea87xc8lz16p","time":1610833171,"event":{"mods":["AchievementEnabler","BaseMod","Colored Powertips","Minty Spire (QoL Compilation)","Relic Stats"],"gold_per_floor":[112,112,262,135,148,177,177,207,207,254,95,106,116,130,130,203,203,219,219,65,83,93,93,120,120,120,138,138,169,169,199,199,199,199],"floor_reached":33,"language":"ENG","playtime":1134,"items_purged":["Doubt","Strike_R"],"score":676,"play_id":"c3c357ce-ac74-49d4-ba0b-a53d3305c179","local_time":"20210116223931","is_ascension_mode":true,"campfire_choices":[{"data":"Armaments","floor":7,"key":"SMITH"},{"data":"Spot Weakness","floor":15,"key":"SMITH"},{"floor":23,"key":"REST"},{"floor":25,"key":"REST"},{"data":"1","floor":30,"key":"LIFT"},{"data":"2","floor":32,"key":"LIFT"}],"circlet_count":0,"master_deck":["AscendersBane","Strike_R","Strike_R","Strike_R","Defend_R","Defend_R","Defend_R","Defend_R","Bash","Pommel Strike","Armaments+1","Thunderclap","Spot Weakness+1","Cleave+1","Flame Barrier","Anger+1","Headbutt+1","Offering","True Grit","Iron Wave+1","Shrug It Off","Flame Barrier","Sword Boomerang+1","Shrug It Off"],"relics":["Burning Blood","NeowsBlessing","White Beast Statue","Molten Egg 2","MealTicket","MawBank","Anchor","Fusion Hammer","Pen Nib","Girya","Darkstone Periapt","The Courier"],"acts_visited":["Exordium","TheCity"],"potions_floor_usage":[8,29,31,33,33],"damage_taken":[{"damage":0,"enemies":"2 Louse","floor":1,"turns":1},{"damage":0,"enemies":"Jaw Worm","floor":5,"turns":1},{"damage":0,"enemies":"3 Sentries","floor":6,"turns":1},{"damage":31,"enemies":"Gremlin Nob","floor":8,"turns":4},{"damage":1,"enemies":"Cultist","floor":12,"turns":3},{"damage":0,"enemies":"2 Fungi Beasts","floor":13,"turns":2},{"damage":9,"enemies":"Exordium Thugs","floor":14,"turns":5},{"damage":56,"enemies":"Hexaghost","floor":16,"turns":8},{"damage":19,"enemies":"Chosen","floor":18,"turns":6},{"damage":20,"enemies":"Spheric Guardian","floor":21,"turns":4},{"damage":15,"enemies":"Shelled Parasite and Fungi","floor":22,"turns":6},{"damage":37,"enemies":"Book of Stabbing","floor":24,"turns":4},{"damage":17,"enemies":"Snecko","floor":27,"turns":6},{"damage":28,"enemies":"Slavers","floor":29,"turns":4},{"damage":8,"enemies":"Gremlin Leader","floor":31,"turns":4},{"damage":66,"enemies":"Collector","floor":33,"turns":6}],"seed_played":"-1383637578119605283","potions_obtained":[{"floor":1,"key":"ColorlessPotion"},{"floor":8,"key":"Ancient Potion"},{"floor":12,"key":"Ancient Potion"},{"floor":13,"key":"Explosive Potion"},{"floor":18,"key":"DistilledChaos"},{"floor":22,"key":"DuplicationPotion"},{"floor":29,"key":"SpeedPotion"},{"floor":31,"key":"SpeedPotion"}],"is_trial":false,"path_per_floor":["M","?","?","$","M","E","R","E","T","T","$","M","M","M","R","B",null,"M","?","$","M","M","R","E","R","T","M","?","E","R","E","R","B"],"character_chosen":"IRONCLAD","items_purchased":["Armaments","Anchor","Shrug It Off"],"campfire_rested":2,"item_purchase_floors":[4,11,20],"current_hp_per_floor":[74,67,67,67,73,75,75,50,50,50,65,70,75,72,72,22,62,49,49,64,50,41,63,32,54,54,43,75,53,53,51,51,0,0],"gold":199,"neow_bonus":"THREE_ENEMY_KILL","is_daily":false,"chose_seed":false,"campfire_upgraded":2,"win_rate":0.0,"timestamp":1610833171,"path_taken":["M","?","?","$","?","E","R","E","T","?","$","M","M","M","R","BOSS","M","?","?","?","M","R","E","R","T","M","?","E","R","E","R","BOSS"],"items_purchased_type":["Card","Relic","Card"],"build_version":"2020-12-22","purchased_purges":2,"victory":false,"max_hp_per_floor":[75,75,75,75,75,75,75,75,75,75,75,75,75,75,75,75,75,75,75,75,75,75,75,75,75,75,75,75,75,75,75,75,75,75],"relic_stats":{"Darkstone Periapt":0,"counters":[16,65],"MealTicket":30,"Pen Nib":[4],"MawBank":12,"obtain_stats":[{"Darkstone Periapt":29,"Girya":26,"Anchor":11,"NeowsBlessing":0,"Molten Egg 2":8,"MealTicket":9,"Fusion Hammer":17,"Pen Nib":24,"The Courier":31,"MawBank":10,"Burning Blood":0,"White Beast Statue":6},{"Darkstone Periapt":14,"Girya":12,"Anchor":4,"NeowsBlessing":0,"Molten Egg 2":4,"MealTicket":4,"Fusion Hammer":8,"Pen Nib":12,"The Courier":15,"MawBank":4,"Burning Blood":0,"White Beast Statue":3},{"Darkstone Periapt":55,"Girya":45,"Anchor":7,"NeowsBlessing":0,"Molten Egg 2":7,"MealTicket":7,"Fusion Hammer":25,"Pen Nib":45,"The Courier":59,"MawBank":7,"Burning Blood":0,"White Beast Statue":3}],"Burning Blood":85},"card_choices":[{"not_picked":["Seeing Red","Anger"],"picked":"Pommel Strike","floor":1},{"not_picked":["Dark Embrace","Clash"],"picked":"Thunderclap","floor":5},{"not_picked":["Bloodletting","Headbutt"],"picked":"Spot Weakness","floor":6},{"not_picked":["Pummel+1","Impervious"],"picked":"Cleave+1","floor":8},{"not_picked":["Dual Wield","Warcry"],"picked":"Flame Barrier","floor":12},{"not_picked":["Infernal Blade","Pommel Strike+1"],"picked":"Anger+1","floor":13},{"not_picked":["Hemokinesis+1","Cleave+1"],"picked":"Headbutt+1","floor":14},{"not_picked":["Immolate+1","Double Tap"],"picked":"Offering","floor":16},{"not_picked":["Wild Strike+1","Havoc"],"picked":"True Grit","floor":18},{"not_picked":["Power Through","Warcry+1"],"picked":"Flame Barrier","floor":21},{"not_picked":["Twin Strike+1","Feel No Pain"],"picked":"Sword Boomerang+1","floor":22},{"not_picked":["Anger+1","Seeing Red","Blood for Blood+1"],"picked":"SKIP","floor":24},{"not_picked":["Infernal Blade+1","Burning Pact"],"picked":"Shrug It Off","floor":27},{"not_picked":["Second Wind","Perfected Strike+1","Barricade"],"picked":"SKIP","floor":29},{"not_picked":["Dropkick+1","Entrench","Shrug It Off"],"picked":"SKIP","floor":31}],"player_experience":1784056,"relics_obtained":[{"floor":6,"key":"White Beast Statue"},{"floor":8,"key":"Molten Egg 2"},{"floor":9,"key":"MealTicket"},{"floor":10,"key":"MawBank"},{"floor":24,"key":"Pen Nib"},{"floor":26,"key":"Girya"},{"floor":29,"key":"Darkstone Periapt"},{"floor":31,"key":"The Courier"}],"event_choices":[{"cards_removed":["Strike_R"],"damage_healed":0,"gold_gain":0,"player_choice":"Card Removal","damage_taken":7,"max_hp_gain":0,"max_hp_loss":0,"event_name":"Golden Wing","floor":2,"gold_loss":0},{"damage_healed":0,"gold_gain":150,"player_choice":"AGREE","damage_taken":0,"max_hp_gain":0,"max_hp_loss":0,"event_name":"Liars Game","floor":3,"gold_loss":0,"cards_obtained":["Doubt"]},{"damage_healed":0,"gold_gain":0,"player_choice":"1 cards matched","damage_taken":0,"max_hp_gain":0,"max_hp_loss":0,"event_name":"Match and Keep!","floor":19,"gold_loss":0,"cards_obtained":["Iron Wave"]},{"damage_healed":32,"gold_gain":0,"player_choice":"Full Heal","damage_taken":0,"max_hp_gain":0,"max_hp_loss":0,"event_name":"Wheel of Change","floor":28,"gold_loss":0}],"is_beta":false,"boss_relics":[{"not_picked":["Coffee Dripper","Astrolabe"],"picked":"Fusion Hammer"}],"items_purged_floors":[4,20],"is_endless":false,"potions_floor_spawned":[1,8,12,13,14,16,18,21,22,24,27,29,31],"killed_by":"Collector","ascension_level":20}}