{"host":"7w5rsz9p0drt1vco","time":1610835964,"event":{"mods":["Aspiration","BaseMod","Colored Powertips","Conspire","Hubris","Infinite Spire","Jedi Mod","Minty Spire (QoL Compilation)","Replay The Spire","StSLib","The Construct","The Cursed","The Jungle","The Mystic","The Runesmith","The Spell Scribe"],"gold_per_floor":[113,155,85,104,104,104,132,132,156,170,170,200,54,79,79,177,177,191,191,191,210,210,242,254,254,280,280,295,295,306,324,324,324,324],"floor_reached":33,"language":"ENG","playtime":2315,"items_purged":[],"score":297,"play_id":"225c0f19-7b1a-4a33-ad6b-1b3d68cb2975","local_time":"20210116192604","is_ascension_mode":true,"campfire_choices":[{"data":"Life Link","floor":6,"key":"SMITH"},{"floor":8,"key":"REST"},{"floor":11,"key":"REST"},{"floor":15,"key":"REST"},{"floor":25,"key":"REST"},{"floor":32,"key":"REST"}],"circlet_count":0,"master_deck":["Strike_R+1","Strike_R+1","Strike_R+1","Strike_R+1","Strike_R+1","Defend_R+1","Defend_R+1","Defend_R+1","Defend_R+1","Bash","Rupture","Heavy Blade","Life Link+1","Reaper","Offering","ReplayTheSpireMod:Restless Dread","Rupture+1"],"relics":["Burning Blood","WingedGreaves","Nunchaku","infinitespire:Lucky Rock","Vajra","Toolbox","infinitespire:PuzzleCube","Cursed Key","hubris:ChampionShield","aspiration:ArtOfWarUpgrade"],"acts_visited":["Exordium","TheCity"],"potions_floor_usage":[16,16,16,33,33],"damage_taken":[{"damage":4,"enemies":"Jaw Worm","floor":1,"turns":7},{"damage":30,"enemies":"conspire:MimicChest","floor":2,"turns":7},{"damage":0,"enemies":"Small Slimes","floor":4,"turns":3},{"damage":54,"enemies":"3 Sentries","floor":7,"turns":15},{"damage":0,"enemies":"2 Louse","floor":10,"turns":4},{"damage":34,"enemies":"Lagavulin","floor":12,"turns":6},{"damage":22,"enemies":"3 Sentries","floor":14,"turns":9},{"damage":24,"enemies":"Hexaghost","floor":16,"turns":9},{"damage":15,"enemies":"3 Byrds","floor":18,"turns":7},{"damage":26,"enemies":"2 Thieves","floor":21,"turns":2},{"damage":41,"enemies":"Slavers","floor":23,"turns":5},{"damage":14,"enemies":"Cultist and Chosen","floor":24,"turns":3},{"damage":24,"enemies":"Centurion and Healer","floor":28,"turns":4},{"damage":18,"enemies":"Shelled Parasite and Fungi","floor":30,"turns":4},{"damage":28,"enemies":"Sentry and Sphere","floor":31,"turns":6},{"damage":89,"enemies":"Collector","floor":33,"turns":8}],"seed_played":"-3135133974626452033","potions_obtained":[{"floor":7,"key":"jedi:tentaclejuice"},{"floor":10,"key":"Energy Potion"},{"floor":12,"key":"SteroidPotion"},{"floor":24,"key":"Block Potion"},{"floor":30,"key":"LifebloodPotion"}],"is_trial":false,"path_per_floor":["M","?","$","M","?","R","E","R","T","M","R","E","$","E","R","B",null,"M","?","?","M","AVR","E","M","R","T","R","M","R","M","M","R","B"],"character_chosen":"IRONCLAD","items_purchased":["Life Link","Toolbox"],"campfire_rested":5,"item_purchase_floors":[3,13],"current_hp_per_floor":[80,56,56,62,62,62,14,38,38,44,68,40,40,24,48,46,80,71,79,79,59,59,42,34,58,58,58,60,60,55,33,57,0,0],"gold":324,"neow_bonus":"THREE_CARDS","is_daily":false,"chose_seed":false,"campfire_upgraded":1,"win_rate":0.0,"timestamp":1610835964,"path_taken":["M","?","?","M","?","R","E","R","T","?","R","E","$","E","R","BOSS","M","?","?","?","AVR","E","M","R","T","R","M","R","?","M","R","BOSS"],"items_purchased_type":["Card","Relic"],"build_version":"2020-12-22","purchased_purges":0,"victory":false,"max_hp_per_floor":[80,80,80,80,80,80,80,80,80,80,80,80,80,80,80,80,80,80,80,80,80,80,80,80,80,80,80,80,80,80,80,80,80,80],"card_choices":[{"not_picked":["Life Link","Run Through"],"picked":"Rupture","floor":0},{"not_picked":["ReplayTheSpireMod:Limb From Limb","Whirlwind"],"picked":"Heavy Blade","floor":1},{"not_picked":["Replay:Undeath\u0027s Touch","Reckless Charge","ReplayTheSpireMod:Strike From Hell"],"picked":"SKIP","floor":4},{"not_picked":["Twin Strike","Perfected Strike","hubris:ReadiedAction"],"picked":"SKIP","floor":7},{"not_picked":["hubris:SharpeningStone","Clash","Clothesline"],"picked":"SKIP","floor":10},{"not_picked":["Metallicize","Reckless Charge","Shrug It Off"],"picked":"SKIP","floor":12},{"not_picked":["Ghostly Armor","Anger"],"picked":"Reaper","floor":14},{"not_picked":["jedi:strikingstrike","Fiend Fire"],"picked":"Offering","floor":16},{"not_picked":["Armaments","Perfected Strike+1","Cleave"],"picked":"SKIP","floor":18},{"not_picked":["Iron Wave","Shrug It Off","hubris:ReadiedAction"],"picked":"SKIP","floor":21},{"not_picked":["Anger+1","hubris:StunningStrike","Feel No Pain"],"picked":"SKIP","floor":23},{"not_picked":["Sword Boomerang","Run Through","Iron Wave+1"],"picked":"SKIP","floor":24},{"not_picked":["Seeing Red","Shockwave"],"picked":"Rupture+1","floor":28},{"not_picked":["Armaments","Pommel Strike","ReplayReversal+1"],"picked":"SKIP","floor":30},{"not_picked":["Heavy Blade","Body Slam","Corruption"],"picked":"SKIP","floor":31}],"player_experience":139732,"relics_obtained":[{"floor":2,"key":"WingedGreaves"},{"floor":7,"key":"Nunchaku"},{"floor":9,"key":"infinitespire:Lucky Rock"},{"floor":12,"key":"Vajra"},{"floor":14,"key":"infinitespire:PuzzleCube"},{"floor":26,"key":"Art of War"}],"event_choices":[{"damage_healed":0,"gold_gain":0,"player_choice":"Simplicity","damage_taken":0,"max_hp_gain":0,"max_hp_loss":0,"event_name":"Back to Basics","floor":20,"gold_loss":0,"cards_upgraded":["Strike_R","Strike_R","Strike_R","Strike_R","Strike_R","Defend_R","Defend_R","Defend_R","Defend_R"]}],"is_beta":false,"boss_relics":[{"not_picked":["Calling Bell","Ectoplasm"],"picked":"Cursed Key"}],"items_purged_floors":[],"is_endless":false,"potions_floor_spawned":[7,10,12,24,30,31],"killed_by":"Collector","ascension_level":1}}