{"host":"oc9z8cublggqyfxu","time":1610806946,"event":{"mods":["AchievementEnabler","Act Like it!","Aspiration","BaseMod","Colored Map","Colored Powertips","Friendly Minions","Gensokyo","Hallownest","Hermit","Highlight Path","Infinite Spire","KinomotoSakuraMod(木之本樱)","Koishi","Lobotomy","LobotomyExtend","Marisa（F雨　魔理沙）","Minty Spire (QoL Compilation)","Quick Restart","Reimu（博丽灵梦）","Relic Stats","Remilia（蕾米莉亚）","Replay The Spire","RumiaBox-露米娅的神秘盒子","StSLib","The Administrix","The Animator","The Blackbeard","The Bug Knight","The Cursed","The Hierophant","The Mystic","The Runesmith","The Servant 0.9.4","Youmu（魂魄妖梦）","Yuyuko","vexMod","【功能Mod】混沌之环修复补丁","【功能Mod】聪明的最终Boss"],"gold_per_floor":[115,40,40,52,66,84,84,84,84,84,84],"floor_reached":10,"language":"ZHS","playtime":665,"items_purged":["Strike_B"],"score":111,"play_id":"54b43477-2b6c-4d64-a4dc-ccb5bf35f33e","local_time":"20210116222226","is_ascension_mode":true,"campfire_choices":[{"data":"Fission","floor":7,"key":"SMITH"}],"circlet_count":0,"master_deck":["Strike_B","Strike_B","Defend_B","Defend_B","Defend_B","Defend_B","Zap","Dualcast","Sweeping Beam","Scorched","FieryBird","Fission+1","Wellcheers","Storm","SpiderBud","ReplayTheSpireMod:GoodbyeWorld"],"relics":["Cracked Core","CogitoBucket","LetterFromLob","Mango"],"acts_visited":["Gensokyo:Gensokyo"],"potions_floor_usage":[10,10],"damage_taken":[{"damage":0,"enemies":"Gensokyo:3_Fairies","floor":1,"turns":3},{"damage":7,"enemies":"Gensokyo:Gryphon","floor":4,"turns":2},{"damage":4,"enemies":"Gensokyo:Python","floor":5,"turns":2},{"damage":0,"enemies":"Gensokyo:LivingMonolith","floor":6,"turns":2},{"damage":52,"enemies":"Gensokyo:Mamizou","floor":10,"turns":4}],"seed_played":"-64509793470544794","potions_obtained":[{"floor":5,"key":"PowerPotion"},{"floor":6,"key":"Block Potion"}],"is_trial":false,"path_per_floor":["M","$","?","M","M","M","R","E","T","E"],"character_chosen":"DEFECT","items_purchased":[],"campfire_rested":0,"item_purchase_floors":[],"current_hp_per_floor":[75,75,68,61,57,57,57,7,7,0,0],"gold":84,"neow_bonus":"","is_daily":false,"chose_seed":false,"campfire_upgraded":1,"win_rate":0.0,"timestamp":1610806946,"path_taken":["M","$","?","M","M","M","R","E","T","E"],"items_purchased_type":[],"build_version":"2020-12-22","purchased_purges":1,"victory":false,"max_hp_per_floor":[75,75,89,89,89,89,89,165,165,165,165],"relic_stats":{"counters":[5,13],"obtain_stats":[{"CogitoBucket":0,"Mango":3,"LetterFromLob":1,"Cracked Core":0},{"CogitoBucket":0,"Mango":1,"LetterFromLob":1,"Cracked Core":0},{"CogitoBucket":0,"Mango":3,"LetterFromLob":3,"Cracked Core":0}]},"card_choices":[{"not_picked":["Steam","Steam Power"],"picked":"Sweeping Beam","floor":1},{"not_picked":["CrumblingArmor","CherryBlossoms","Bloodbath"],"picked":"Singing Bowl","floor":1},{"not_picked":["MeatLantern","MHz"],"picked":"Scorched","floor":1},{"not_picked":["HeroicMonk","FieryBird","FairyFestival"],"picked":"Singing Bowl","floor":4},{"not_picked":["MHz","UniverseFragment"],"picked":"FieryBird","floor":4},{"not_picked":["BasicCrystalCard","Auto Shields"],"picked":"Fission","floor":4},{"not_picked":["MHz","CherryBlossoms"],"picked":"Wellcheers","floor":5},{"not_picked":["Defragment","Consume"],"picked":"Storm","floor":5},{"not_picked":["SingingMachine","UniverseFragment"],"picked":"SpiderBud","floor":6},{"not_picked":["Sweeping Beam","Coolheaded"],"picked":"ReplayTheSpireMod:GoodbyeWorld","floor":6}],"player_experience":273204,"relics_obtained":[{"floor":1,"key":"LetterFromLob"}],"event_choices":[],"is_beta":false,"boss_relics":[],"items_purged_floors":[2],"is_endless":false,"potions_floor_spawned":[5,6],"killed_by":"Gensokyo:Mamizou","ascension_level":1}}