{"host":"ied4ms9juizrl48v","time":1610819358,"event":{"mods":["BaseMod","Block Reminder","Colored Map","Colored Powertips","DeckTracker","Highlight Path","Minty Spire (QoL Compilation)","Quick Restart","Random Character Button","StSLib","SuperFastMode"],"gold_per_floor":[119,119,132,150,115,115,115,115,115,115,148,148,158,158,158,229,229,246,158,158,158,168,168,181,181,181,201,217,112,144,161,161,236,236,249,249,267,106,126,126,126],"floor_reached":40,"language":"JPN","playtime":3149,"items_purged":["Pain"],"score":812,"play_id":"1471055f-7ead-43e0-adcf-0e4ff6bc08d7","local_time":"20210117024918","is_ascension_mode":true,"campfire_choices":[{"data":"Deadly Poison","floor":6.0,"key":"SMITH"},{"data":"Noxious Fumes","floor":8.0,"key":"SMITH"},{"data":"Neutralize","floor":10.0,"key":"SMITH"},{"data":"Leg Sweep","floor":12.0,"key":"SMITH"},{"data":"Deadly Poison","floor":15.0,"key":"SMITH"},{"data":"After Image","floor":23.0,"key":"SMITH"},{"data":"Caltrops","floor":25.0,"key":"SMITH"},{"data":"Calculated Gamble","floor":32,"key":"SMITH"}],"circlet_count":0,"master_deck":["AscendersBane","Defend_G+1","Defend_G+1","Defend_G+1","Defend_G+1","Defend_G+1","Survivor","Neutralize+1","Deadly Poison+1","Dagger Throw","Leg Sweep+1","Noxious Fumes+1","Caltrops+1","Deadly Poison+1","After Image+1","PiercingWail","Well Laid Plans+1","Bane+1","Caltrops+1","Calculated Gamble+1","Crippling Poison","PiercingWail","Backflip","Sucker Punch+1","Tools of the Trade","Envenom+1","Outmaneuver+1","Crippling Poison+1","Crippling Poison+1","Bane"],"relics":["Velvet Choker","Mummified Hand","Bag of Marbles","SacredBark","Darkstone Periapt","Astrolabe","WarpedTongs"],"acts_visited":["Exordium","TheCity","TheBeyond"],"potions_floor_usage":[30,33,37,39],"damage_taken":[{"damage":1.0,"enemies":"Cultist","floor":1.0,"turns":4.0},{"damage":7.0,"enemies":"Small Slimes","floor":3.0,"turns":4.0},{"damage":0.0,"enemies":"2 Louse","floor":4.0,"turns":3.0},{"damage":9.0,"enemies":"Gremlin Nob","floor":11.0,"turns":4.0},{"damage":8.0,"enemies":"Large Slime","floor":13.0,"turns":6.0},{"damage":18.0,"enemies":"Hexaghost","floor":16.0,"turns":8.0},{"damage":11.0,"enemies":"Shell Parasite","floor":18.0,"turns":6.0},{"damage":0.0,"enemies":"3 Byrds","floor":22.0,"turns":2.0},{"damage":0.0,"enemies":"Shelled Parasite and Fungi","floor":24.0,"turns":5.0},{"damage":0.0,"enemies":"Cultist and Chosen","floor":27.0,"turns":6.0},{"damage":3.0,"enemies":"Snake Plant","floor":28.0,"turns":5.0},{"damage":12,"enemies":"Slavers","floor":30,"turns":6},{"damage":0,"enemies":"Shelled Parasite and Fungi","floor":31,"turns":5},{"damage":44,"enemies":"Automaton","floor":33,"turns":12},{"damage":27,"enemies":"3 Shapes","floor":35,"turns":5},{"damage":0,"enemies":"3 Darklings","floor":37,"turns":6},{"damage":23,"enemies":"Transient","floor":39,"turns":6},{"damage":14,"enemies":"Nemesis","floor":40,"turns":6}],"seed_played":"-4921248196538349611","potions_obtained":[{"floor":1.0,"key":"Block Potion"},{"floor":13.0,"key":"Block Potion"},{"floor":16.0,"key":"BlessingOfTheForge"},{"floor":18.0,"key":"ColorlessPotion"},{"floor":24.0,"key":"BlessingOfTheForge"},{"floor":30,"key":"Regen Potion"},{"floor":35,"key":"DuplicationPotion"}],"is_trial":false,"path_per_floor":["M","?","M","M","?","R","?","R","T","R","E","R","M","?","R","B",null,"M","$","?","?","M","R","M","R","T","M","M","$","E","M","R","B",null,"M","?","M","$","M","E"],"character_chosen":"THE_SILENT","items_purchased":["Well Laid Plans","PiercingWail","LiquidMemories","EssenceOfSteel"],"campfire_rested":0,"item_purchase_floors":[19,29,29,38],"current_hp_per_floor":[58,51,44,44,60,60,60,60,60,60,51,51,43,43,43,25,56,45,45,45,45,45,45,45,45,45,45,42,42,30,30,30,35,58,31,37,37,37,14,0,0],"gold":126,"neow_bonus":"BOSS_RELIC","is_daily":false,"chose_seed":false,"campfire_upgraded":8,"win_rate":0.0,"timestamp":1610819358,"path_taken":["M","?","M","M","?","R","?","R","T","R","E","R","?","?","R","BOSS","M","?","?","?","M","R","M","R","T","M","M","$","E","M","R","BOSS","M","?","M","$","M","E"],"items_purchased_type":["Card","Card","Potion","Potion"],"build_version":"2020-12-22","purchased_purges":1,"victory":false,"max_hp_per_floor":[66,66,66,66,66,66,66,66,66,66,66,66,66,66,66,66,66,66,66,66,66,66,66,66,66,66,66,66,66,66,66,66,66,66,66,72,72,72,72,72,72],"card_choices":[{"not_picked":["Prepared","Outmaneuver"],"picked":"Deadly Poison","floor":1.0},{"not_picked":["Cloak And Dagger","Flying Knee"],"picked":"Dagger Throw","floor":3.0},{"not_picked":["Backflip","Quick Slash"],"picked":"Leg Sweep","floor":4.0},{"not_picked":["Underhanded Strike","All Out Attack"],"picked":"Caltrops","floor":11.0},{"not_picked":["Leg Sweep","Sucker Punch"],"picked":"Deadly Poison","floor":13.0},{"not_picked":["Storm of Steel","Grand Finale"],"picked":"After Image","floor":16.0},{"not_picked":["Outmaneuver","Acrobatics"],"picked":"PiercingWail","floor":18.0},{"not_picked":["Well Laid Plans","Acrobatics"],"picked":"Bane+1","floor":22.0},{"not_picked":["Finisher","Dagger Spray"],"picked":"Caltrops+1","floor":24.0},{"not_picked":["Infinite Blades+1","Expertise"],"picked":"Calculated Gamble","floor":27.0},{"not_picked":["Deadly Poison","Distraction"],"picked":"Crippling Poison","floor":28.0},{"not_picked":["PiercingWail","Deadly Poison"],"picked":"Backflip","floor":30},{"not_picked":["Blade Dance","Cloak And Dagger"],"picked":"Sucker Punch+1","floor":31},{"not_picked":["Burst","Envenom"],"picked":"Tools of the Trade","floor":33},{"not_picked":["Dodge and Roll","Dagger Spray+1"],"picked":"Crippling Poison+1","floor":35},{"not_picked":["Caltrops","Flying Knee"],"picked":"Bane","floor":37},{"not_picked":["Outmaneuver","Poisoned Stab","Cloak And Dagger"],"picked":"SKIP","floor":39}],"player_experience":9199,"relics_obtained":[{"floor":9.0,"key":"Mummified Hand"},{"floor":11.0,"key":"Bag of Marbles"},{"floor":30,"key":"Darkstone Periapt"}],"event_choices":[{"cards_removed":["Strike_G"],"damage_healed":0.0,"max_hp_gain":0.0,"max_hp_loss":0.0,"gold_gain":0.0,"event_name":"Golden Wing","player_choice":"Card Removal","floor":2.0,"gold_loss":0.0,"damage_taken":7.0},{"damage_healed":16.0,"max_hp_gain":0.0,"max_hp_loss":0.0,"gold_gain":0.0,"event_name":"The Cleric","player_choice":"Healed","floor":5.0,"gold_loss":35.0,"damage_taken":0.0},{"damage_healed":0.0,"max_hp_gain":0.0,"max_hp_loss":0.0,"gold_gain":0.0,"cards_transformed":["Strike_G"],"event_name":"Transmorgrifier","player_choice":"Transformed","floor":7.0,"gold_loss":0.0,"damage_taken":0.0,"cards_obtained":["Noxious Fumes"]},{"damage_healed":0.0,"max_hp_gain":0.0,"max_hp_loss":0.0,"gold_gain":0.0,"event_name":"Match and Keep!","player_choice":"0 cards matched","floor":14.0,"gold_loss":0.0,"damage_taken":0.0,"cards_obtained":[]},{"damage_healed":0.0,"max_hp_gain":0.0,"max_hp_loss":0.0,"gold_gain":0.0,"event_name":"Back to Basics","player_choice":"Simplicity","floor":20.0,"gold_loss":0.0,"damage_taken":0.0,"cards_upgraded":["Strike_G","Strike_G","Strike_G","Defend_G","Defend_G","Defend_G","Defend_G","Defend_G"]},{"damage_healed":0.0,"max_hp_gain":0.0,"max_hp_loss":0.0,"gold_gain":0.0,"event_name":"Upgrade Shrine","player_choice":"Upgraded","floor":21.0,"gold_loss":0.0,"damage_taken":0.0,"cards_upgraded":["Well Laid Plans"]},{"damage_healed":0,"gold_gain":0,"player_choice":"Rummage","damage_taken":0,"relics_obtained":["WarpedTongs"],"max_hp_gain":0,"max_hp_loss":0,"event_name":"Accursed Blacksmith","floor":36,"gold_loss":0,"cards_obtained":["Pain"]}],"is_beta":false,"boss_relics":[{"not_picked":["Fusion Hammer","Runic Dome"],"picked":"SacredBark"},{"not_picked":["SlaversCollar","Black Star"],"picked":"Astrolabe"}],"items_purged_floors":[38],"is_endless":false,"potions_floor_spawned":[1,13,16,18,22,24,30,35],"killed_by":"Nemesis","ascension_level":20}}