{"host":"konjmgczbcns2r3g","time":1610831301,"event":{"mods":["AchievementEnabler","BaseMod","Chen","Colored Powertips","Hermit","Infinite Spire","Koishi","Marisa????????","Minty Spire (QoL Compilation)","Replay The Spire","StSLib","The Cursed","The Gatherer","The Necromancer","The Servant 0.9.4"],"gold_per_floor":[216,216,227,239,239,239,13,13,83,83,100,18,37,37,37,138,138,155,168,183,183,203,222,222,222,272,272,272],"floor_reached":27,"language":"ENG","playtime":2719,"items_purged":[],"score":205,"play_id":"636a3c03-c738-4d81-a906-5662bf209cf1","local_time":"20210116160821","is_ascension_mode":false,"campfire_choices":[{"data":"Chen:GlitterPoke","floor":6,"key":"SMITH"},{"floor":15,"key":"RECALL"},{"floor":24,"key":"REST"}],"circlet_count":0,"master_deck":["Chen:Strike","Chen:Strike","Chen:Strike","Chen:Strike","Chen:Strike","Chen:Defend","Chen:Defend","Chen:Defend","Chen:Defend","Chen:PounceTurnTail","Chen:GlitterPoke+1","Chen:Fadeout","Chen:Sneak","Chen:Sweep","Chen:Frivolous+1","Chen:ResistTemptation","Chen:Mixup","Chen:Sidestep","Chen:DazzleFlash","Chen:Barrier+1","Chen:Sidestep","Chen:Spray","Chen:Assault","Chen:Scratch","Decay"],"relics":["Chen:SacredCatnip","Tiny Chest","infinitespire:ShieldingShard","InkBottle","Orichalcum","Vajra"],"acts_visited":["Exordium","TheCity"],"potions_floor_usage":[4,20,23],"damage_taken":[{"damage":3,"enemies":"Jaw Worm","floor":1,"turns":4},{"damage":6,"enemies":"2 Louse","floor":3,"turns":3},{"damage":0,"enemies":"Cultist","floor":4,"turns":3},{"damage":0,"enemies":"Large Slime","floor":11,"turns":4},{"damage":1,"enemies":"Exordium Wildlife","floor":13,"turns":4},{"damage":41,"enemies":"Fading Forest","floor":16,"turns":11},{"damage":6,"enemies":"Shell Parasite","floor":18,"turns":8},{"damage":9,"enemies":"3 Byrds","floor":19,"turns":7},{"damage":15,"enemies":"Snecko","floor":20,"turns":8},{"damage":21,"enemies":"Shelled Parasite and Fungi","floor":22,"turns":7},{"damage":18,"enemies":"Sentry and Sphere","floor":23,"turns":8},{"damage":27,"enemies":"Replay:Snechameleon","floor":27,"turns":7}],"seed_played":"-93953716212222055","potions_obtained":[{"floor":1,"key":"AttackPotion"},{"floor":18,"key":"LiquidBronze"},{"floor":20,"key":"Toxic Potion"}],"is_trial":false,"path_per_floor":["M","?","M","M","?","R","$","?","T","T","M","$","M","T","R","B",null,"M","M","M","?","M","M","R","?","T","E"],"character_chosen":"CHEN","items_purchased":["Chen:Frivolous","Tiny Chest","Chen:Mixup"],"campfire_rested":1,"item_purchase_floors":[7,7,12],"current_hp_per_floor":[67,67,61,61,61,61,61,61,61,61,61,61,60,60,60,29,70,64,55,40,40,19,1,22,22,22,0,0],"gold":272,"neow_bonus":"HUNDRED_GOLD","is_daily":false,"chose_seed":false,"campfire_upgraded":1,"win_rate":0.0,"timestamp":1610831301,"path_taken":["M","?","M","M","?","R","$","?","T","?","M","?","M","?","R","BOSS","M","M","M","?","M","M","R","?","T","E"],"items_purchased_type":["Card","Relic","Card"],"build_version":"2020-12-22","purchased_purges":0,"victory":false,"max_hp_per_floor":[70,70,70,70,70,70,70,70,70,70,70,70,70,70,70,70,70,70,70,70,70,70,70,70,70,70,70,70],"card_choices":[{"not_picked":["Chen:Flit","Chen:Panic"],"picked":"Chen:Fadeout","floor":1},{"not_picked":["Chen:Panic","Chen:Sidestep"],"picked":"Chen:Sneak","floor":3},{"not_picked":["Chen:TauntHiss","Chen:Copycat"],"picked":"Chen:Sweep","floor":4},{"not_picked":["Chen:EvasiveFireShift","Chen:Exploit"],"picked":"Chen:ResistTemptation","floor":11},{"not_picked":["Chen:Adaptability","Chen:RecklessLeap"],"picked":"Chen:Sidestep","floor":13},{"not_picked":["Chen:WhateverWorks","Chen:FlankingStrike"],"picked":"Chen:DazzleFlash","floor":16},{"not_picked":["Chen:Flicker","Chen:Instinct"],"picked":"Chen:Barrier+1","floor":18},{"not_picked":["Chen:UpperHand","Chen:Panic"],"picked":"Chen:Sidestep","floor":19},{"not_picked":["Chen:Barrier","Chen:SelfControl"],"picked":"Chen:Spray","floor":20},{"not_picked":["Chen:Frivolous","Chen:Adaptability"],"picked":"Chen:Assault","floor":22},{"not_picked":["Chen:CatPunch+1","Chen:Rush"],"picked":"Chen:Scratch","floor":23}],"player_experience":332757,"relics_obtained":[{"floor":9,"key":"infinitespire:ShieldingShard"},{"floor":10,"key":"InkBottle"},{"floor":14,"key":"Orichalcum"},{"floor":26,"key":"Vajra"}],"event_choices":[{"damage_healed":0,"gold_gain":0,"player_choice":"Leave","damage_taken":0,"max_hp_gain":0,"max_hp_loss":0,"event_name":"The Cleric","floor":5,"gold_loss":0},{"damage_healed":0,"gold_gain":0,"player_choice":"Grow","damage_taken":0,"max_hp_gain":0,"max_hp_loss":0,"event_name":"Living Wall","floor":8,"gold_loss":0,"cards_upgraded":["Chen:Frivolous"]},{"damage_healed":0,"gold_gain":0,"player_choice":"Ignored","damage_taken":0,"max_hp_gain":0,"max_hp_loss":0,"event_name":"Vampires","floor":21,"gold_loss":0},{"damage_healed":0,"gold_gain":0,"player_choice":"Smashed Altar","damage_taken":0,"max_hp_gain":0,"max_hp_loss":0,"event_name":"Forgotten Altar","floor":25,"gold_loss":0,"cards_obtained":["Decay"]}],"is_beta":false,"boss_relics":[{"not_picked":["Velvet Choker","Replay:Drink Me"],"picked":"Chen:SacredCatnip"}],"items_purged_floors":[],"is_endless":false,"potions_floor_spawned":[1,18,20],"killed_by":"Replay:Snechameleon","ascension_level":0}}