{"host":"hgkb2zpbo2dcws21","time":1610786278,"event":{"mods":["AchievementEnabler","BaseMod","Colored Map","Colored Powertips","Custom Start","DeckTracker","KOR Keyword Fix","Keyboard Shortcuts","Minty Spire (QoL Compilation)","Relic Stats","StSLib","SuperFastMode"],"gold_per_floor":[115,390,403,427,427,427,460,460,460,213,213,233,262,275,275,349,349,360,60,60,74,74,74],"floor_reached":22,"language":"KOR","playtime":427,"items_purged":["Strike_P","Strike_P"],"score":401,"play_id":"c6cc3e85-d647-400a-b595-17a9b6ede58c","local_time":"20210116173758","is_ascension_mode":true,"campfire_choices":[{"data":"Eruption","floor":6,"key":"SMITH"},{"data":"Worship","floor":8,"key":"SMITH"},{"data":"Meditate","floor":11,"key":"SMITH"},{"data":"Prostrate","floor":15,"key":"SMITH"}],"circlet_count":0,"master_deck":["AscendersBane","Strike_P","Strike_P","Defend_P","Defend_P","Defend_P","Defend_P","Eruption+1","Vigilance","Worship+1","EmptyBody","Prostrate+1","SignatureMove","Meditate+1","Vengeance","InnerPeace","Establishment","Apotheosis+1"],"relics":["PureWater","NeowsBlessing","Akabeko","Gremlin Horn","TungstenRod","Ice Cream","Cursed Key"],"acts_visited":["Exordium","TheCity"],"potions_floor_usage":[18],"damage_taken":[{"damage":0,"enemies":"Jaw Worm","floor":1,"turns":1},{"damage":0,"enemies":"Cultist","floor":3,"turns":1},{"damage":0,"enemies":"Lagavulin","floor":7,"turns":1},{"damage":0,"enemies":"Small Slimes","floor":12,"turns":2},{"damage":40,"enemies":"Gremlin Nob","floor":13,"turns":4},{"damage":2,"enemies":"Exordium Thugs","floor":14,"turns":2},{"damage":10,"enemies":"Hexaghost","floor":16,"turns":7},{"damage":0,"enemies":"Chosen","floor":18,"turns":3},{"damage":10,"enemies":"3 Byrds","floor":21,"turns":5},{"damage":2,"enemies":"3 Cultists","floor":22,"turns":4}],"seed_played":"1722879184888745932","potions_obtained":[{"floor":1,"key":"GamblersBrew"},{"floor":13,"key":"Fire Potion"},{"floor":14,"key":"LiquidMemories"}],"is_trial":false,"path_per_floor":["M","?","M","T","?","R","E","R","T","$","R","M","E","M","R","B",null,"M","$","?","M","M"],"character_chosen":"WATCHER","items_purchased":["Prostrate","SignatureMove","Meditate","Apotheosis"],"campfire_rested":0,"item_purchase_floors":[10,10,10,19],"current_hp_per_floor":[61,61,61,61,61,61,61,61,61,61,61,61,21,19,19,9,53,53,53,53,43,41,41],"gold":74,"neow_bonus":"THREE_ENEMY_KILL","is_daily":false,"chose_seed":false,"campfire_upgraded":4,"win_rate":0.0,"timestamp":1610786278,"path_taken":["M","?","?","?","?","R","E","R","T","$","R","M","E","M","R","BOSS","M","$","?","M","?"],"items_purchased_type":["Card","Card","Card","Card"],"build_version":"2020-12-22","purchased_purges":2,"victory":false,"max_hp_per_floor":[68,68,68,68,68,68,68,68,68,68,68,68,68,68,68,68,68,68,68,68,68,68,68],"relic_stats":{"Gremlin Horn":[4,4],"counters":[10,30],"Cursed Key":0,"obtain_stats":[{"Ice Cream":13,"NeowsBlessing":0,"Gremlin Horn":7,"PureWater":0,"Cursed Key":17,"Akabeko":4,"TungstenRod":9},{"Ice Cream":5,"NeowsBlessing":0,"Gremlin Horn":3,"PureWater":0,"Cursed Key":7,"Akabeko":2,"TungstenRod":3},{"Ice Cream":9,"NeowsBlessing":0,"Gremlin Horn":3,"PureWater":0,"Cursed Key":18,"Akabeko":2,"TungstenRod":3}],"TungstenRod":26},"card_choices":[{"not_picked":["LikeWater","JustLucky"],"picked":"Worship","floor":1},{"not_picked":["ForeignInfluence","FollowUp"],"picked":"EmptyBody","floor":3},{"not_picked":["JustLucky","Conclude","Swivel"],"picked":"SKIP","floor":7},{"not_picked":["SashWhip","Prostrate"],"picked":"Vengeance","floor":12},{"not_picked":["Wireheading","CutThroughFate","Weave"],"picked":"SKIP","floor":13},{"not_picked":["CarveReality","CrushJoints"],"picked":"InnerPeace","floor":14},{"not_picked":["Ragnarok","ConjureBlade"],"picked":"Establishment","floor":16},{"not_picked":["JustLucky","FlurryOfBlows+1","CarveReality"],"picked":"SKIP","floor":18},{"not_picked":["JustLucky","ClearTheMind","Consecrate"],"picked":"SKIP","floor":21}],"player_experience":1143351,"relics_obtained":[{"floor":4,"key":"Akabeko"},{"floor":7,"key":"Gremlin Horn"},{"floor":9,"key":"TungstenRod"},{"floor":13,"key":"Ice Cream"}],"event_choices":[{"damage_healed":0,"gold_gain":275,"player_choice":"Desecrate","damage_taken":0,"max_hp_gain":0,"max_hp_loss":0,"event_name":"Golden Shrine","floor":2,"gold_loss":0,"cards_obtained":["Regret"]},{"cards_removed":["Regret"],"damage_healed":0,"gold_gain":0,"player_choice":"Purged","damage_taken":0,"max_hp_gain":0,"max_hp_loss":0,"event_name":"Purifier","floor":5,"gold_loss":0},{"damage_healed":0,"gold_gain":0,"player_choice":"Upgraded","damage_taken":0,"max_hp_gain":0,"max_hp_loss":0,"event_name":"Upgrade Shrine","floor":20,"gold_loss":0,"cards_upgraded":["Apotheosis"]}],"is_beta":false,"boss_relics":[{"not_picked":["Snecko Eye","Fusion Hammer"],"picked":"Cursed Key"}],"items_purged_floors":[10,19],"is_endless":false,"potions_floor_spawned":[1,13,14,16,21],"killed_by":"3 Cultists","ascension_level":17}}