{"host":"yvb207ks1sg3cxef","time":1610797011,"event":{"mods":["2.2 Compatiblity","BaseMod","Bestiary","Colored Powertips","Minty Spire (QoL Compilation)","Permanent Neow","Quick Restart","Relic Stats","StSLib"],"gold_per_floor":[119,139,152,152,152,152,162,194,275,32,50,150,150,181,181,256,256,275,275,275,190,201,201,218,218,242,242,242,273,273,273],"floor_reached":30,"language":"ENG","playtime":1089,"items_purged":["Clumsy"],"score":662,"play_id":"78c72a1e-1e3d-402d-a822-3f3abc0d8cac","local_time":"20210116170651","is_ascension_mode":true,"campfire_choices":[{"data":"Predator","floor":6.0,"key":"SMITH"},{"data":"Footwork","floor":13.0,"key":"SMITH"},{"data":"Leg Sweep","floor":15.0,"key":"SMITH"},{"data":"Burst","floor":23.0,"key":"SMITH"},{"data":"Ghostly","floor":25.0,"key":"SMITH"},{"data":"Ghostly","floor":27.0,"key":"SMITH"}],"circlet_count":0,"master_deck":["AscendersBane","Strike_G+1","Strike_G+1","Strike_G+1","Strike_G+1","Strike_G+1","Defend_G+1","Defend_G+1","Defend_G+1","Defend_G+1","Defend_G+1","Survivor","Neutralize","Sadistic Nature","All Out Attack","Predator+1","Noxious Fumes+1","Footwork+1","PiercingWail","Leg Sweep+1","Bouncing Flask","Noxious Fumes","Blur","Burst+1","Ghostly+1","Ghostly+1","Ghostly","Leg Sweep+1","Necronomicurse"],"relics":["Ring of the Snake","Ice Cream","Art of War","Letter Opener","StrikeDummy","Snecko Eye","Ornamental Fan","Strawberry","Necronomicon","Pen Nib"],"acts_visited":["Exordium","TheCity"],"potions_floor_usage":[29,30],"damage_taken":[{"damage":9.0,"enemies":"Cultist","floor":1.0,"turns":5.0},{"damage":0.0,"enemies":"2 Louse","floor":2.0,"turns":3.0},{"damage":0.0,"enemies":"Small Slimes","floor":3.0,"turns":2.0},{"damage":7.0,"enemies":"Exordium Thugs","floor":7.0,"turns":4.0},{"damage":12.0,"enemies":"Lagavulin","floor":8.0,"turns":7.0},{"damage":0.0,"enemies":"Blue Slaver","floor":11.0,"turns":6.0},{"damage":0.0,"enemies":"Gremlin Nob","floor":14.0,"turns":3.0},{"damage":0.0,"enemies":"Hexaghost","floor":16.0,"turns":9.0},{"damage":6.0,"enemies":"3 Byrds","floor":18.0,"turns":5.0},{"damage":0.0,"enemies":"Spheric Guardian","floor":22.0,"turns":5.0},{"damage":1.0,"enemies":"Snecko","floor":24.0,"turns":6.0},{"damage":16,"enemies":"Slavers","floor":29,"turns":5},{"damage":13,"enemies":"Shelled Parasite and Fungi","floor":30,"turns":1}],"seed_played":"-6768219725690452127","potions_obtained":[{"floor":3.0,"key":"SkillPotion"},{"floor":7.0,"key":"Regen Potion"},{"floor":8.0,"key":"Fire Potion"},{"floor":14.0,"key":"GamblersBrew"},{"floor":22.0,"key":"FearPotion"},{"floor":29,"key":"DuplicationPotion"}],"is_trial":false,"path_per_floor":["M","M","M","?","?","R","M","E","T","$","M","?","R","E","R","B",null,"M","?","?","?","M","R","M","R","T","R","?","E","M"],"character_chosen":"THE_SILENT","items_purchased":["Leg Sweep","Bouncing Flask"],"campfire_rested":0,"item_purchase_floors":[10,10],"current_hp_per_floor":[50,50,50,39,39,39,32,20,20,20,35,35,35,35,35,35,58,52,52,33,33,33,33,32,32,39,39,18,2,0,0],"gold":273,"neow_bonus":"RANDOM_COLORLESS_2","is_daily":false,"chose_seed":false,"campfire_upgraded":6,"win_rate":0.0,"timestamp":1610797011,"path_taken":["M","M","M","?","?","R","M","E","T","$","M","?","R","E","R","BOSS","M","?","?","?","?","R","M","R","T","R","?","E","M"],"items_purchased_type":["Card","Card"],"build_version":"2020-12-22","purchased_purges":1,"victory":false,"max_hp_per_floor":[66,66,66,66,66,66,66,66,66,66,66,66,66,66,66,66,66,66,66,33,33,33,33,33,33,40,40,40,40,40,40],"relic_stats":{"counters":[13,61],"Ornamental Fan":[4],"Snecko Eye":[34,51,48,35],"Pen Nib":[0],"Art of War":[20],"Necronomicon":[2],"Letter Opener":[50],"obtain_stats":[{"Ice Cream":4,"Ornamental Fan":21,"Strawberry":26,"Snecko Eye":17,"Pen Nib":29,"Art of War":8,"Necronomicon":28,"Letter Opener":9,"StrikeDummy":14,"Ring of the Snake":0},{"Ice Cream":3,"Ornamental Fan":9,"Strawberry":11,"Snecko Eye":8,"Pen Nib":12,"Art of War":5,"Necronomicon":11,"Letter Opener":5,"StrikeDummy":7,"Ring of the Snake":0},{"Ice Cream":10,"Ornamental Fan":44,"Strawberry":55,"Snecko Eye":39,"Pen Nib":60,"Art of War":21,"Necronomicon":55,"Letter Opener":21,"StrikeDummy":30,"Ring of the Snake":0}],"Ring of the Snake":[26]},"card_choices":[{"not_picked":["Chrysalis","Thinking Ahead"],"picked":"Sadistic Nature","floor":0.0},{"not_picked":["Underhanded Strike","Outmaneuver"],"picked":"All Out Attack","floor":1.0},{"not_picked":["Deflect","Backflip"],"picked":"Predator","floor":2.0},{"not_picked":["Dash","Skewer"],"picked":"Noxious Fumes","floor":3.0},{"not_picked":["Quick Slash","Dagger Spray"],"picked":"Footwork","floor":7.0},{"not_picked":["Quick Slash","Cloak And Dagger"],"picked":"PiercingWail","floor":8.0},{"not_picked":["After Image","Backflip"],"picked":"Noxious Fumes","floor":11.0},{"not_picked":["Quick Slash","Acrobatics"],"picked":"Blur","floor":14.0},{"not_picked":["Envenom","Grand Finale"],"picked":"Burst","floor":16.0},{"not_picked":["Sucker Punch","Blade Dance","Prepared"],"picked":"SKIP","floor":18.0},{"not_picked":["Expertise","Terror","Prepared"],"picked":"SKIP","floor":22.0},{"not_picked":["Endless Agony","Dagger Spray"],"picked":"Leg Sweep+1","floor":24.0},{"not_picked":["Calculated Gamble","Dodge and Roll+1","Skewer"],"picked":"SKIP","floor":29}],"player_experience":360902,"relics_obtained":[{"floor":8.0,"key":"Art of War"},{"floor":9.0,"key":"Letter Opener"},{"floor":14.0,"key":"StrikeDummy"},{"floor":26.0,"key":"Strawberry"},{"floor":28.0,"key":"Necronomicon"},{"floor":29,"key":"Pen Nib"}],"event_choices":[{"damage_healed":0.0,"max_hp_gain":0.0,"max_hp_loss":0.0,"gold_gain":0.0,"event_name":"Scrap Ooze","player_choice":"Success","floor":4.0,"gold_loss":0.0,"damage_taken":11.0,"relics_obtained":["Ice Cream"]},{"damage_healed":0.0,"max_hp_gain":0.0,"max_hp_loss":0.0,"gold_gain":0.0,"event_name":"Living Wall","player_choice":"Grow","floor":5.0,"gold_loss":0.0,"damage_taken":0.0,"cards_upgraded":["Noxious Fumes"]},{"damage_healed":0.0,"max_hp_gain":0.0,"max_hp_loss":0.0,"gold_gain":100.0,"event_name":"Wheel of Change","player_choice":"Gold","floor":12.0,"gold_loss":0.0,"damage_taken":0.0},{"damage_healed":0.0,"max_hp_gain":0.0,"max_hp_loss":0.0,"gold_gain":0.0,"event_name":"Back to Basics","player_choice":"Simplicity","floor":19.0,"gold_loss":0.0,"damage_taken":0.0,"cards_upgraded":["Strike_G","Strike_G","Strike_G","Strike_G","Strike_G","Defend_G","Defend_G","Defend_G","Defend_G","Defend_G"]},{"damage_healed":0.0,"max_hp_gain":0.0,"max_hp_loss":33.0,"gold_gain":0.0,"event_name":"Ghosts","player_choice":"Became a Ghost","floor":20.0,"gold_loss":0.0,"damage_taken":0.0,"cards_obtained":["Ghostly","Ghostly","Ghostly"]},{"damage_healed":0.0,"max_hp_gain":0.0,"max_hp_loss":0.0,"gold_gain":0.0,"event_name":"Addict","player_choice":"Obtained Relic","floor":21.0,"gold_loss":85.0,"damage_taken":0.0,"relics_obtained":["Ornamental Fan"]},{"damage_healed":0.0,"max_hp_gain":0.0,"max_hp_loss":0.0,"gold_gain":0.0,"event_name":"Cursed Tome","player_choice":"Obtained Book","floor":28.0,"gold_loss":0.0,"damage_taken":21.0}],"is_beta":false,"boss_relics":[{"not_picked":["Philosopher\u0027s Stone","Busted Crown"],"picked":"Snecko Eye"}],"items_purged_floors":[10],"is_endless":false,"potions_floor_spawned":[3,7,8,14,22,29],"killed_by":"Shelled Parasite and Fungi","ascension_level":20}}