{"host":"b7j598ve05halrwk","time":1610762492,"event":{"mods":["2.2 Compatiblity","BaseMod","Block Reminder","DeckTracker","Minty Spire (QoL Compilation)","Relic Stats","Slay the Relics Exporter","StSLib","ojb\u0027s Better Paths Mod","ojb\u0027s Info Mod"],"gold_per_floor":[119,3,3,18,29,60,60,94,121,135,135,135,135,160,160,235,235,247,207,220,495,506,506,506,525,570,36,36,47,76,86,86,86,86],"floor_reached":33,"language":"ENG","playtime":1620,"items_purged":["Regret","Regret"],"score":620,"play_id":"95bd2baf-5ea1-46f9-b721-8a9e1d1d2617","local_time":"20210115210132","is_ascension_mode":true,"campfire_choices":[{"data":"Sweeping Beam","floor":7,"key":"SMITH"},{"data":"Barrage","floor":11,"key":"SMITH"},{"data":"Zap","floor":15,"key":"SMITH"},{"floor":23,"key":"REST"},{"data":"Consume","floor":32,"key":"SMITH"}],"circlet_count":0,"master_deck":["AscendersBane","Strike_B","Defend_B+1","Defend_B+1","Defend_B","Defend_B","Zap+1","Dualcast+1","Chill","Rip and Tear","Sweeping Beam+1","Ball Lightning","Cold Snap","Barrage+1","Capacitor+1","Machine Learning","Core Surge","Leap","Conserve Battery","Consume+1","Turbo","Barrage","BootSequence","Seek","Self Repair","Darkness+1","All For One","Coolheaded"],"relics":["Cracked Core","Mango","Happy Flower","War Paint","Vajra","Oddly Smooth Stone","Centennial Puzzle","Philosopher\u0027s Stone","PreservedInsect","Toolbox","Orichalcum"],"acts_visited":["Exordium","TheCity"],"potions_floor_usage":[6,8,14,25,33,33],"damage_taken":[{"damage":2,"enemies":"Jaw Worm","floor":1,"turns":3},{"damage":6,"enemies":"Small Slimes","floor":4,"turns":5},{"damage":0,"enemies":"Cultist","floor":5,"turns":2},{"damage":20,"enemies":"Gremlin Nob","floor":6,"turns":4},{"damage":5,"enemies":"3 Sentries","floor":8,"turns":6},{"damage":0,"enemies":"Gremlin Gang","floor":10,"turns":3},{"damage":0,"enemies":"Lagavulin","floor":14,"turns":5},{"damage":10,"enemies":"Hexaghost","floor":16,"turns":6},{"damage":0,"enemies":"Spheric Guardian","floor":18,"turns":2},{"damage":40,"enemies":"3 Byrds","floor":20,"turns":4},{"damage":18,"enemies":"Snecko","floor":22,"turns":5},{"damage":31,"enemies":"Snake Plant","floor":25,"turns":4},{"damage":1,"enemies":"Chosen and Byrds","floor":29,"turns":3},{"damage":14,"enemies":"Slavers","floor":30,"turns":3},{"damage":4,"enemies":"Sentry and Sphere","floor":31,"turns":4},{"damage":43,"enemies":"Collector","floor":33,"turns":6}],"seed_played":"-6615066337162317548","potions_obtained":[{"floor":1,"key":"Explosive Potion"},{"floor":4,"key":"Block Potion"},{"floor":10,"key":"Regen Potion"},{"floor":19,"key":"FairyPotion"},{"floor":19,"key":"FearPotion"},{"floor":25,"key":"CultistPotion"},{"floor":31,"key":"Block Potion"}],"is_trial":false,"path_per_floor":["M","$","?","M","M","E","R","E","T","M","R","?","?","E","R","B",null,"M","?","M","?","M","R","?","M","T","$","$","M","E","M","R","B"],"character_chosen":"DEFECT","items_purchased":["Rip and Tear","Toolbox","Seek","Self Repair"],"campfire_rested":1,"item_purchase_floors":[2,27,27,27],"current_hp_per_floor":[76,76,65,59,59,39,39,34,34,34,34,8,8,22,22,12,67,67,67,27,27,9,34,34,3,3,3,3,9,32,35,35,0,0],"gold":86,"neow_bonus":"ONE_RARE_RELIC","is_daily":false,"chose_seed":false,"campfire_upgraded":4,"win_rate":0.0,"timestamp":1610762492,"path_taken":["M","$","?","M","M","E","R","E","T","M","R","?","?","E","R","BOSS","M","?","?","?","?","R","?","M","T","?","$","M","E","M","R","BOSS"],"items_purchased_type":["Card","Relic","Card","Card"],"build_version":"2020-12-22","purchased_purges":2,"victory":false,"max_hp_per_floor":[85,85,85,85,85,85,85,85,85,85,85,85,85,85,85,85,85,85,85,85,85,85,85,85,85,85,85,85,85,85,85,85,85,85],"relic_stats":{"Centennial Puzzle":[24],"Happy Flower":[20],"counters":[16,65],"PreservedInsect":41,"War Paint":["Defend_B","Dualcast"],"Orichalcum":[18],"obtain_stats":[{"Centennial Puzzle":14,"Happy Flower":3,"Vajra":8,"Oddly Smooth Stone":9,"Toolbox":27,"Mango":0,"Philosopher\u0027s Stone":17,"PreservedInsect":26,"War Paint":6,"Orichalcum":30,"Cracked Core":0},{"Centennial Puzzle":7,"Happy Flower":1,"Vajra":5,"Oddly Smooth Stone":5,"Toolbox":12,"Mango":0,"Philosopher\u0027s Stone":8,"PreservedInsect":12,"War Paint":4,"Orichalcum":14,"Cracked Core":0},{"Centennial Puzzle":28,"Happy Flower":3,"Vajra":20,"Oddly Smooth Stone":20,"Toolbox":49,"Mango":0,"Philosopher\u0027s Stone":34,"PreservedInsect":49,"War Paint":14,"Orichalcum":55,"Cracked Core":0}]},"card_choices":[{"not_picked":["Barrage","Recycle"],"picked":"Chill","floor":1},{"not_picked":["Chill","Barrage"],"picked":"Sweeping Beam","floor":4},{"not_picked":["Recycle","Redo"],"picked":"Ball Lightning","floor":5},{"not_picked":["Redo","Rip and Tear"],"picked":"Cold Snap","floor":6},{"not_picked":["All For One","Rebound"],"picked":"Barrage","floor":8},{"not_picked":["Reinforced Body","Undo"],"picked":"Capacitor","floor":10},{"not_picked":["Ball Lightning","Multi-Cast"],"picked":"Machine Learning","floor":14},{"not_picked":["Machine Learning","Thunder Strike"],"picked":"Core Surge","floor":16},{"not_picked":["Beam Cell","Turbo+1"],"picked":"Leap","floor":18},{"not_picked":["Steam","Blizzard"],"picked":"Conserve Battery","floor":20},{"not_picked":["Compile Driver","Sweeping Beam"],"picked":"Consume","floor":22},{"not_picked":["Recycle+1","Genetic Algorithm"],"picked":"BootSequence","floor":25},{"not_picked":["Consume","Ball Lightning"],"picked":"Darkness+1","floor":29},{"not_picked":["Steam","Coolheaded"],"picked":"All For One","floor":30},{"not_picked":["Stack","White Noise"],"picked":"Coolheaded","floor":31}],"player_experience":981381,"relics_obtained":[{"floor":6,"key":"War Paint"},{"floor":8,"key":"Vajra"},{"floor":9,"key":"Oddly Smooth Stone"},{"floor":14,"key":"Centennial Puzzle"},{"floor":26,"key":"PreservedInsect"},{"floor":30,"key":"Orichalcum"}],"event_choices":[{"damage_healed":0,"gold_gain":0,"player_choice":"Success","damage_taken":11,"relics_obtained":["Happy Flower"],"max_hp_gain":0,"max_hp_loss":0,"event_name":"Scrap Ooze","floor":3,"gold_loss":0},{"damage_healed":0,"gold_gain":0,"player_choice":"Entered Light","damage_taken":26,"max_hp_gain":0,"max_hp_loss":0,"event_name":"Shining Light","floor":12,"gold_loss":0,"cards_upgraded":["Capacitor","Defend_B"]},{"cards_removed":["Strike_B"],"damage_healed":0,"gold_gain":0,"player_choice":"Card Removal","damage_taken":0,"max_hp_gain":0,"max_hp_loss":0,"event_name":"Wheel of Change","floor":13,"gold_loss":0},{"damage_healed":0,"gold_gain":0,"player_choice":"Bought 3 Potions","damage_taken":0,"max_hp_gain":0,"max_hp_loss":0,"event_name":"The Woman in Blue","floor":19,"gold_loss":0},{"damage_healed":0,"gold_gain":275,"player_choice":"Desecrate","damage_taken":0,"max_hp_gain":0,"max_hp_loss":0,"event_name":"Golden Shrine","floor":21,"gold_loss":0,"cards_obtained":["Regret"]},{"damage_healed":0,"gold_gain":0,"cards_transformed":["Strike_B","Strike_B"],"player_choice":"Became Test Subject","damage_taken":0,"max_hp_gain":0,"max_hp_loss":0,"event_name":"Drug Dealer","floor":24,"gold_loss":0,"cards_obtained":["Turbo","Barrage"]}],"is_beta":false,"boss_relics":[{"not_picked":["Tiny House","Nuclear Battery"],"picked":"Philosopher\u0027s Stone"}],"items_purged_floors":[2,27],"is_endless":false,"potions_floor_spawned":[1,4,10,22,25,31],"killed_by":"Collector","ascension_level":20}}