{"host":"jl3raagrljzztomj","time":1610798816,"event":{"mods":["Aspiration","BaseMod","Better Third Choice","BetterRewards","Colored Map","Colored Powertips","Custom Start","Hermit","Highlight Path","Marked Mod","Minty Spire (QoL Compilation)","Permanent Neow","Relic Stats","StSLib","SuperFastMode","The Runesmith"],"gold_per_floor":[116,66,79,79,154,180,180,190,190,210,210,71,85,99,99,197,197,215,266,278,292,310,335,355,355,355,355,355,355,370,258,258,358,408,428,440,440,440,440,465,465,485,485,485,178,190,100,113,113,113],"floor_reached":51,"language":"ENG","playtime":2189,"items_purged":["Defend_B"],"score":699,"play_id":"3d49519d-630f-4a3c-a8cd-b5b7c697840e","local_time":"20210116060656","is_ascension_mode":false,"campfire_choices":[{"floor":7,"key":"REST"},{"data":"Echo Form","floor":11,"key":"SMITH"},{"data":"Zap","floor":15,"key":"SMITH"},{"floor":25,"key":"REST"},{"data":"Blizzard","floor":28,"key":"SMITH"},{"floor":32,"key":"REST"},{"data":"Coolheaded","floor":41,"key":"SMITH"},{"data":"Deep Breath","floor":44,"key":"SMITH"},{"floor":49,"key":"REST"}],"circlet_count":0,"master_deck":["Strike_B","Strike_B","Defend_B","Defend_B","Defend_B","Zap+1","Dualcast","Blizzard+1","Echo Form+1","Core Surge","Electrodynamics","Chill","Conserve Battery","Coolheaded+1","Conserve Battery","Chill","Chill","Meteor Strike+1","Glacier+1","Deep Breath+1","Loop","Meteor Strike+1","Apotheosis"],"relics":["Cracked Core","aspiration:Nostalgia","Ring of the Snake","Runesmith:AutoHammer","Runesmith:Nanobots","aspiration:StickyExplosives_weak","aspiration:Stellarator","Strawberry","Toy Ornithopter","Pantograph","aspiration:RitualStick","Nilry\u0027s Codex","Tiny House","aspiration:Lifesprig","HornCleat"],"acts_visited":["Exordium","TheCity","TheBeyond"],"potions_floor_usage":[10,16,20,22,22,30,40,48,50,50],"damage_taken":[{"damage":1,"enemies":"Jaw Worm","floor":1,"turns":3},{"damage":0,"enemies":"Small Slimes","floor":3,"turns":4},{"damage":25,"enemies":"Gremlin Nob","floor":6,"turns":5},{"damage":4,"enemies":"Cultist","floor":8,"turns":4},{"damage":6,"enemies":"Gremlin Gang","floor":10,"turns":4},{"damage":8,"enemies":"Looter","floor":13,"turns":3},{"damage":2,"enemies":"3 Louse","floor":14,"turns":3},{"damage":39,"enemies":"The Guardian","floor":16,"turns":11},{"damage":0,"enemies":"Spheric Guardian","floor":18,"turns":2},{"damage":12,"enemies":"Shell Parasite","floor":20,"turns":5},{"damage":0,"enemies":"Sentry and Sphere","floor":21,"turns":3},{"damage":2,"enemies":"Snake Plant","floor":22,"turns":4},{"damage":22,"enemies":"Slavers","floor":23,"turns":3},{"damage":7,"enemies":"Chosen and Byrds","floor":24,"turns":6},{"damage":29,"enemies":"Shelled Parasite and Fungi","floor":30,"turns":6},{"damage":13,"enemies":"Champ","floor":33,"turns":10},{"damage":1,"enemies":"3 Darklings","floor":35,"turns":6},{"damage":15,"enemies":"Orb Walker","floor":36,"turns":5},{"damage":28,"enemies":"Nemesis","floor":40,"turns":7},{"damage":11,"enemies":"Sphere and 2 Shapes","floor":42,"turns":6},{"damage":11,"enemies":"Writhing Mass","floor":46,"turns":6},{"damage":19,"enemies":"3 Darklings","floor":48,"turns":4},{"damage":20,"enemies":"Time Eater","floor":50,"turns":9}],"seed_played":"-8597057100002871899","potions_obtained":[{"floor":6,"key":"Fire Potion"},{"floor":13,"key":"Dexterity Potion"},{"floor":14,"key":"Block Potion"},{"floor":16,"key":"Energy Potion"},{"floor":20,"key":"SkillPotion"},{"floor":24,"key":"SteroidPotion"},{"floor":30,"key":"SteroidPotion"},{"floor":34,"key":"EssenceOfDarkness"},{"floor":35,"key":"Ancient Potion"},{"floor":46,"key":"Dexterity Potion"},{"floor":48,"key":"PowerPotion"}],"is_trial":false,"path_per_floor":["M","?","M","$","?","E","R","M","T","M","R","?","M","M","R","B",null,"M","T","M","M","M","E","M","R","T","?","R","?","M","$","R","B",null,"M","M","?","?","?","E","R","M","T","R","$","M","?","M","R","B",null],"character_chosen":"DEFECT","items_purchased":["Chill","Loop","Meteor Strike","Apotheosis"],"campfire_rested":4,"item_purchase_floors":[31,45,45,45],"current_hp_per_floor":[74,74,74,74,63,38,60,56,56,50,50,50,42,40,40,1,75,75,82,70,70,68,46,39,63,63,47,47,31,7,7,31,43,87,86,71,71,71,80,57,57,46,46,46,46,35,35,21,47,62],"gold":113,"neow_bonus":"NOSTALGIA","is_daily":false,"chose_seed":false,"campfire_upgraded":5,"win_rate":0.0,"timestamp":1610798816,"path_taken":["M","?","M","$","?","E","R","M","T","M","R","?","M","M","R","BOSS","M","?","?","M","M","E","M","R","T","?","R","?","M","?","R","BOSS","M","M","?","?","?","E","R","?","T","R","$","M","?","?","R","BOSS"],"items_purchased_type":["Card","Card","Card","Card"],"build_version":"2020-12-22","purchased_purges":1,"victory":true,"max_hp_per_floor":[75,75,75,75,75,75,75,75,75,75,75,75,75,75,75,75,75,75,82,82,82,82,82,82,82,82,82,82,82,82,82,82,82,87,87,87,87,87,87,87,87,87,87,87,87,87,87,87,87,87],"relic_stats":{"counters":[23,119],"Pantograph":50,"obtain_stats":[{"Runesmith:Nanobots":9,"aspiration:Lifesprig":40,"Tiny House":34,"aspiration:Nostalgia":0,"aspiration:Stellarator":17,"Nilry\u0027s Codex":29,"aspiration:RitualStick":27,"aspiration:StickyExplosives_weak":12,"HornCleat":43,"Strawberry":19,"Pantograph":26,"Runesmith:AutoHammer":6,"Cracked Core":0,"Toy Ornithopter":23,"Ring of the Snake":0},{"Runesmith:Nanobots":4,"aspiration:Lifesprig":19,"Tiny House":16,"aspiration:Nostalgia":0,"aspiration:Stellarator":8,"Nilry\u0027s Codex":14,"aspiration:RitualStick":14,"aspiration:StickyExplosives_weak":5,"HornCleat":20,"Strawberry":9,"Pantograph":14,"Runesmith:AutoHammer":3,"Cracked Core":0,"Toy Ornithopter":13,"Ring of the Snake":0},{"Runesmith:Nanobots":16,"aspiration:Lifesprig":94,"Tiny House":76,"aspiration:Nostalgia":0,"aspiration:Stellarator":37,"Nilry\u0027s Codex":60,"aspiration:RitualStick":60,"aspiration:StickyExplosives_weak":20,"HornCleat":100,"Strawberry":39,"Pantograph":60,"Runesmith:AutoHammer":12,"Cracked Core":0,"Toy Ornithopter":54,"Ring of the Snake":0}],"Toy Ornithopter":25,"aspiration:RitualStick":[0],"Ring of the Snake":[46]},"card_choices":[{"not_picked":["Leap","Auto Shields"],"picked":"Blizzard","floor":1},{"not_picked":["Capacitor","Aggregate"],"picked":"Melter","floor":3},{"not_picked":["Stack","Lockon"],"picked":"Echo Form","floor":6},{"not_picked":["Redo","Streamline","Lockon"],"picked":"SKIP","floor":8},{"not_picked":["Rebound","Melter","Force Field"],"picked":"SKIP","floor":10},{"not_picked":["Hologram","Compile Driver","Steam"],"picked":"SKIP","floor":13},{"not_picked":["Stack","Streamline"],"picked":"Core Surge","floor":14},{"not_picked":["Hyperbeam","Buffer"],"picked":"Electrodynamics","floor":16},{"not_picked":["Hologram","Melter"],"picked":"Chill","floor":18},{"not_picked":["Rip and Tear","Force Field"],"picked":"Conserve Battery","floor":20},{"not_picked":["Rebound","Streamline"],"picked":"Coolheaded","floor":21},{"not_picked":["Hello World","Stack+1","Aggregate"],"picked":"SKIP","floor":22},{"not_picked":["Auto Shields+1","Creative AI","Gash"],"picked":"SKIP","floor":23},{"not_picked":["Auto Shields","Streamline+1"],"picked":"Conserve Battery","floor":24},{"not_picked":["Beam Cell","Static Discharge+1"],"picked":"Chill","floor":30},{"not_picked":["Reboot","Creative AI"],"picked":"Meteor Strike","floor":33},{"not_picked":["Stack","Gash+1","Sweeping Beam"],"picked":"SKIP","floor":35},{"not_picked":["Force Field+1","Streamline"],"picked":"Glacier+1","floor":36},{"not_picked":["Impatience","Purity"],"picked":"Deep Breath","floor":37},{"not_picked":["Coolheaded","Stack+1","Streamline+1"],"picked":"SKIP","floor":40},{"not_picked":["Gash+1","Hello World+1","Skim"],"picked":"SKIP","floor":42},{"not_picked":["Doom and Gloom","Compile Driver+1","Heatsinks+1"],"picked":"SKIP","floor":46},{"not_picked":["Auto Shields","Stack","Barrage+1"],"picked":"SKIP","floor":48}],"player_experience":973915,"relics_obtained":[{"floor":6,"key":"Runesmith:AutoHammer"},{"floor":9,"key":"Runesmith:Nanobots"},{"floor":19,"key":"Strawberry"},{"floor":23,"key":"Toy Ornithopter"},{"floor":26,"key":"Pantograph"},{"floor":29,"key":"Nilry\u0027s Codex"},{"floor":40,"key":"aspiration:Lifesprig"},{"floor":43,"key":"HornCleat"}],"event_choices":[{"cards_removed":["Strike_B"],"damage_healed":0,"gold_gain":0,"player_choice":"Card Removal","damage_taken":0,"max_hp_gain":0,"max_hp_loss":0,"event_name":"The Cleric","floor":2,"gold_loss":50},{"damage_healed":0,"gold_gain":75,"player_choice":"Gold","damage_taken":11,"max_hp_gain":0,"max_hp_loss":0,"event_name":"betterThird:BetterGoop","floor":5,"gold_loss":0},{"damage_healed":0,"gold_gain":0,"player_choice":"Paid Gold","damage_taken":0,"relics_obtained":["aspiration:StickyExplosives_weak"],"max_hp_gain":0,"max_hp_loss":0,"event_name":"WeMeetAgain","floor":12,"gold_loss":139},{"damage_healed":0,"gold_gain":0,"player_choice":"Obtained Book","damage_taken":16,"max_hp_gain":0,"max_hp_loss":0,"event_name":"Cursed Tome","floor":29,"gold_loss":0},{"damage_healed":0,"gold_gain":0,"player_choice":"Memory 1","damage_taken":0,"max_hp_gain":0,"max_hp_loss":0,"event_name":"SensoryStone","floor":37,"gold_loss":0},{"cards_removed":["Melter"],"damage_healed":0,"gold_gain":0,"player_choice":"Removed Attack","damage_taken":0,"max_hp_gain":0,"max_hp_loss":0,"event_name":"Falling","floor":38,"gold_loss":0},{"cards_removed":["Strike_B"],"damage_healed":0,"gold_gain":0,"player_choice":"Upgrade and Remove","damage_taken":0,"max_hp_gain":0,"max_hp_loss":0,"event_name":"Designer","floor":47,"gold_loss":90,"cards_upgraded":["Meteor Strike"]}],"is_beta":false,"boss_relics":[{"not_picked":["Coffee Dripper","aspiration:RunesmithSkillbook"],"picked":"aspiration:Stellarator"},{"not_picked":["Busted Crown","aspiration:FutureDiary"],"picked":"Tiny House"}],"items_purged_floors":[31],"is_endless":false,"potions_floor_spawned":[6,13,14,16,20,24,30,35,46,48],"ascension_level":0}}