{"host":"cyiefo55v5hz1ih5","time":1610834461,"event":{"mods":["BaseMod","Downfall","GifTheSpireLib","Hubris","Minty Spire (QoL Compilation)","StSLib"],"gold_per_floor":[99,249,249,249,263,280,332,348,348,374,374,387,387,406,421,524,524,524,541,541,558,558,28,28,28,41,26,111,11,25,25,44,44,44],"floor_reached":33,"language":"ENG","playtime":3564,"items_purged":["bronze:Strike"],"score":272,"play_id":"6db7ab6b-098b-44ad-beac-7dee24cb1c15","local_time":"20210116170101","is_ascension_mode":false,"campfire_choices":[{"data":"bronze:Goto","floor":1,"key":"SMITH"},{"data":"bronze:DigitalCarnage","floor":9,"key":"SMITH"},{"data":"bronze:HardenedForm","floor":11,"key":"SMITH"},{"data":"bronze:Boost","floor":13,"key":"SMITH"},{"data":"1","floor":18,"key":"LIFT"},{"data":"expansioncontent:DashGenerateEvil","floor":25,"key":"SMITH"},{"floor":29,"key":"REST"}],"circlet_count":0,"master_deck":["bronze:Strike","bronze:Strike","bronze:Defend","bronze:Defend","bronze:Defend","bronze:Defend","bronze:Replicate+1","bronze:Goto+1","bronze:DigitalCarnage+1","bronze:Branch","bronze:Turbo","bronze:Shell","bronze:HardenedForm+1","bronze:Boost+1","bronze:Verify","CurseOfTheBell","bronze:Fortify","expansioncontent:DashGenerateEvil+1","bronze:Repulsor"],"relics":["bronze:BronzeCore","Toy Ornithopter","MealTicket","Calling Bell","bronze:ProtectiveGoggles","hubris:PeanutButter","Girya","White Beast Statue","downfall:HeartBlessingBlue"],"acts_visited":["Exordium","TheCity"],"potions_floor_usage":[16,27,30,33],"damage_taken":[{"damage":2,"enemies":"2 Louse","floor":5,"turns":2},{"damage":3,"enemies":"Jaw Worm","floor":6,"turns":2},{"damage":0,"enemies":"Small Slimes","floor":8,"turns":2},{"damage":10,"enemies":"Lagavulin","floor":10,"turns":3},{"damage":11,"enemies":"Exordium Wildlife","floor":12,"turns":2},{"damage":3,"enemies":"Large Slime","floor":14,"turns":2},{"damage":0,"enemies":"2 Fungi Beasts","floor":15,"turns":3},{"damage":48,"enemies":"SI_SHIV_ARCHETYPE","floor":16,"turns":13},{"damage":5,"enemies":"Chosen","floor":19,"turns":5},{"damage":44,"enemies":"Centurion and Healer","floor":21,"turns":9},{"damage":0,"enemies":"downfall:FleeingMerchant","floor":23,"turns":4},{"damage":10,"enemies":"Cultist and Chosen","floor":26,"turns":8},{"damage":0,"enemies":"downfall:FleeingMerchant","floor":27,"turns":4},{"damage":16,"enemies":"Chosen and Byrds","floor":30,"turns":8},{"damage":11,"enemies":"Snake Plant","floor":32,"turns":4},{"damage":145,"enemies":"DF_ARCHETYPE_CLAW","floor":33,"turns":11}],"seed_played":"5444156208108708826","potions_obtained":[{"floor":5,"key":"sneckomod:MuddlingPotion"},{"floor":6,"key":"Dexterity Potion"},{"floor":10,"key":"FearPotion"},{"floor":19,"key":"champ:CounterPotion"},{"floor":27,"key":"Strength Potion"},{"floor":30,"key":"Explosive Potion"},{"floor":32,"key":"FairyPotion"}],"is_trial":false,"path_per_floor":["R","?","?","?","M","M","T","M","R","E","R","M","R","M","M","B",null,"R","M","?","M","?","$","T","R","M","$","?","R","M","?","M","B"],"character_chosen":"THE_AUTOMATON","items_purchased":["White Beast Statue","expansioncontent:DashGenerateEvil"],"campfire_rested":1,"item_purchase_floors":[23,23],"current_hp_per_floor":[77,77,77,77,75,72,72,72,72,62,62,51,51,48,48,5,77,77,72,72,28,28,43,43,43,33,53,39,75,64,87,76,0,0],"gold":44,"neow_bonus":"TEN_PERCENT_HP_BONUS","is_daily":false,"chose_seed":false,"campfire_upgraded":5,"win_rate":0.0,"timestamp":1610834461,"path_taken":["R","?","?","?","M","M","T","?","R","E","R","M","R","M","M","BOSS","R","M","?","M","?","$","T","R","M","$","?","R","M","?","M","BOSS"],"items_purchased_type":["Relic","Card"],"build_version":"2020-12-22","purchased_purges":1,"victory":false,"max_hp_per_floor":[77,77,77,77,77,77,77,77,77,77,77,77,77,77,77,77,77,77,77,77,77,77,77,77,77,77,77,77,87,87,87,87,87,87],"card_choices":[{"not_picked":["bronze:CutThrough","bronze:BuggyMess"],"picked":"bronze:Branch","floor":5},{"not_picked":["bronze:Deprecate","bronze:Frontload"],"picked":"bronze:Turbo","floor":6},{"not_picked":["bronze:Philosophize","bronze:Invalidate"],"picked":"bronze:Shell","floor":8},{"not_picked":["bronze:BitShift","bronze:Boost"],"picked":"bronze:HardenedForm","floor":10},{"not_picked":["bronze:Backtrace","bronze:WildBeam"],"picked":"bronze:Boost","floor":12},{"not_picked":["bronze:BitShift","bronze:Deprecate","bronze:NullPointer"],"picked":"SKIP","floor":14},{"not_picked":["bronze:Overheat","bronze:CutThrough","bronze:Boost"],"picked":"SKIP","floor":15},{"not_picked":["bronze:HyperBeam","bronze:Assembly"],"picked":"bronze:Verify","floor":16},{"not_picked":["bronze:OilSpill","bronze:Philosophize"],"picked":"bronze:Fortify","floor":19},{"not_picked":["bronze:Overheat","bronze:Shell","bronze:WhirlingStrike"],"picked":"SKIP","floor":21},{"not_picked":["bronze:ClassDefault","bronze:Safeguard","bronze:Fortify+1"],"picked":"SKIP","floor":23},{"not_picked":["bronze:Optimize+1","bronze:FollowUp","bronze:BugBarrage"],"picked":"SKIP","floor":26},{"not_picked":["bronze:Iterate","bronze:Invalidate","bronze:WhirlingStrike"],"picked":"SKIP","floor":27},{"not_picked":["bronze:Overheat","bronze:FineTuning"],"picked":"bronze:Repulsor","floor":30},{"not_picked":["bronze:Shield","bronze:CutThrough","bronze:DelayedGuard"],"picked":"SKIP","floor":32}],"player_experience":778667,"relics_obtained":[{"floor":7,"key":"Toy Ornithopter"},{"floor":10,"key":"MealTicket"},{"floor":17,"key":"bronze:ProtectiveGoggles"},{"floor":17,"key":"hubris:PeanutButter"},{"floor":17,"key":"Girya"}],"event_choices":[{"damage_healed":29,"gold_gain":0,"player_choice":"Heal","damage_taken":0,"max_hp_gain":0,"max_hp_loss":0,"event_name":"The Library","floor":31,"gold_loss":0}],"is_beta":false,"boss_relics":[{"not_picked":["hubris:Backtick","Pandora\u0027s Box"],"picked":"Calling Bell"}],"items_purged_floors":[23],"is_endless":false,"potions_floor_spawned":[5,6,10,19,26,27,30,32],"killed_by":"DF_ARCHETYPE_CLAW","ascension_level":0}}