{"host":"h4qgcirtxz6qax9j","time":1610815589,"event":{"mods":["AchievementEnabler","Astrologer","BaseMod","Colored Powertips","Minty Spire (QoL Compilation)","StSLib","SuperFastMode"],"gold_per_floor":[118,118,135,153,153,153,165,165,189,219,205,205,225,242,242,346,346,286,112,126,142,142,142,142],"floor_reached":23,"language":"KOR","playtime":926,"items_purged":[],"score":183,"play_id":"445fb6a5-9bfa-4f56-9236-a620ebda85e6","local_time":"20210117014629","is_ascension_mode":false,"campfire_choices":[{"data":"astrologer:Moonlight","floor":6,"key":"SMITH"},{"data":"astrologer:NorthStar","floor":8,"key":"SMITH"},{"data":"astrologer:SpaceDust","floor":12,"key":"SMITH"},{"floor":15,"key":"REST"}],"circlet_count":0,"master_deck":["astrologer:Strike","astrologer:Strike","astrologer:Strike","astrologer:Strike","astrologer:Defend","astrologer:Defend","astrologer:Defend","astrologer:Defend","astrologer:NorthStar+1","astrologer:TheFool","astrologer:Moonlight+1","astrologer:FadingStar","astrologer:SpaceDust+1","astrologer:TheMoon","astrologer:Stardust","astrologer:Stardust","astrologer:MeteorShower","astrologer:StarOfCourage","astrologer:SpaceDust","astrologer:TheMagician","astrologer:SpaceDust+1","astrologer:CosmicExpanse","astrologer:MeteorShower","astrologer:LonelyStar","astrologer:LonelyStar"],"relics":["astrologer:SkyMirror","MawBank","Black Star"],"acts_visited":["Exordium","TheCity"],"potions_floor_usage":[16,16,23,23,23],"damage_taken":[{"damage":3,"enemies":"Small Slimes","floor":1,"turns":4},{"damage":0,"enemies":"2 Louse","floor":3,"turns":2},{"damage":0,"enemies":"Cultist","floor":4,"turns":4},{"damage":3,"enemies":"Exordium Wildlife","floor":7,"turns":5},{"damage":16,"enemies":"Red Slaver","floor":10,"turns":5},{"damage":1,"enemies":"Blue Slaver","floor":13,"turns":4},{"damage":15,"enemies":"Exordium Wildlife","floor":14,"turns":5},{"damage":36,"enemies":"Hexaghost","floor":16,"turns":16},{"damage":0,"enemies":"2 Thieves","floor":18,"turns":4},{"damage":36,"enemies":"Chosen","floor":20,"turns":9},{"damage":22,"enemies":"Snecko","floor":21,"turns":7},{"damage":14,"enemies":"Slavers","floor":23,"turns":3}],"seed_played":"1694290732968241339","potions_obtained":[{"floor":3,"key":"SkillPotion"},{"floor":5,"key":"Weak Potion"},{"floor":5,"key":"Explosive Potion"},{"floor":16,"key":"CultistPotion"},{"floor":20,"key":"Strength Potion"}],"is_trial":false,"path_per_floor":["M","?","M","M","?","R","M","R","T","M","$","R","M","M","R","B",null,"M","$","M","M","?","E"],"character_chosen":"ASTROLOGER","items_purchased":["astrologer:MeteorShower","astrologer:CosmicExpanse","astrologer:MeteorShower","astrologer:LonelyStar"],"campfire_rested":1,"item_purchase_floors":[11,19,19,19],"current_hp_per_floor":[67,67,67,67,67,67,64,64,64,48,48,48,47,32,53,17,70,70,70,34,12,12,0,0],"gold":142,"neow_bonus":"THREE_CARDS","is_daily":false,"chose_seed":false,"campfire_upgraded":3,"win_rate":0.0,"timestamp":1610815589,"path_taken":["M","?","M","M","?","R","M","R","T","M","$","R","M","M","R","BOSS","M","$","M","?","?","E"],"items_purchased_type":["Card","Card","Card","Card"],"build_version":"2020-12-22","purchased_purges":0,"victory":false,"max_hp_per_floor":[70,70,70,70,70,70,70,70,70,70,70,70,70,70,70,70,70,70,70,70,70,70,70,70],"card_choices":[{"not_picked":["astrologer:TheHermit","astrologer:SpaceDust"],"picked":"astrologer:Moonlight","floor":0},{"not_picked":["astrologer:SpaceDust","astrologer:TheDevil"],"picked":"astrologer:FadingStar","floor":1},{"not_picked":["astrologer:Eclipse","astrologer:Temperance"],"picked":"astrologer:SpaceDust","floor":3},{"not_picked":["astrologer:CometStrike","astrologer:TheDevil"],"picked":"astrologer:TheMoon","floor":4},{"not_picked":["astrologer:Novile","astrologer:Strength"],"picked":"astrologer:Stardust","floor":7},{"not_picked":["astrologer:StarOfRegret","astrologer:Conjunction"],"picked":"astrologer:Stardust","floor":10},{"not_picked":["astrologer:Prestidigitation","astrologer:TheMoon"],"picked":"astrologer:StarOfCourage","floor":13},{"not_picked":["astrologer:TheHangedMan","astrologer:SolarFlare"],"picked":"astrologer:SpaceDust","floor":14},{"not_picked":["astrologer:Death","astrologer:TheWorld"],"picked":"astrologer:TheMagician","floor":16},{"not_picked":["astrologer:Conjunction","astrologer:TheMoon+1"],"picked":"astrologer:SpaceDust+1","floor":18},{"not_picked":["astrologer:CrystalBall","astrologer:CometStrike","astrologer:Cataclysm+1"],"picked":"SKIP","floor":20},{"not_picked":["astrologer:DarkMatter","astrologer:CometStrike"],"picked":"astrologer:LonelyStar","floor":21}],"player_experience":51391,"relics_obtained":[{"floor":9,"key":"MawBank"}],"event_choices":[{"damage_healed":0,"gold_gain":0,"player_choice":"Ignored","damage_taken":0,"max_hp_gain":0,"max_hp_loss":0,"event_name":"Golden Wing","floor":2,"gold_loss":0},{"damage_healed":0,"gold_gain":0,"player_choice":"Got Potions","damage_taken":0,"max_hp_gain":0,"max_hp_loss":0,"event_name":"Lab","floor":5,"gold_loss":0},{"cards_removed":["Iron Wave"],"damage_healed":0,"gold_gain":0,"player_choice":"Took Card","damage_taken":0,"max_hp_gain":0,"max_hp_loss":0,"event_name":"NoteForYourself","floor":22,"gold_loss":0,"cards_obtained":["Iron Wave"]}],"is_beta":false,"boss_relics":[{"not_picked":["Snecko Eye","Coffee Dripper"],"picked":"Black Star"}],"items_purged_floors":[],"is_endless":false,"potions_floor_spawned":[3,10,13,16,20],"killed_by":"Slavers","ascension_level":0}}