{"host":"9tdk3zzhmpo6o3dg","time":1610816375,"event":{"mods":["AchievementEnabler","BaseMod","Downfall","Marisa£®ÏF”Í°°ƒß¿Ì…≥£©","Minty Spire (QoL Compilation)","Shop Mod","StSLib","The Cursed","The Marked","The Servant 0.9.4"],"gold_per_floor":[12,28,46,60,72,72,98,113,167,240,240,240,90,125,125,227,227,242,242,5,5,15,15,48,48,73,91,108,108,121,156,156,256,256,274,25,42,93,106,106,158,171,171,205,205,205,230,244,244,244],"floor_reached":51,"language":"ZHS","playtime":3464,"items_purged":["Strike_B","Strike_B","Defend_B"],"score":990,"play_id":"7e43bb4e-fa38-4112-a591-38a157836ccb","local_time":"20210117005935","is_ascension_mode":true,"campfire_choices":[{"data":"Darkness","floor":6,"key":"SMITH"},{"floor":11,"key":"REST"},{"floor":15,"key":"REST"},{"data":"Dualcast","floor":23,"key":"SMITH"},{"data":"Redo","floor":32,"key":"SMITH"},{"data":"White Noise","floor":40,"key":"SMITH"},{"data":"Turbo","floor":45,"key":"SMITH"},{"data":"Darkness","floor":49,"key":"SMITH"}],"circlet_count":0,"master_deck":["Defend_B","Defend_B","Defend_B","Zap","Dualcast+1","Sunder","Genetic Algorithm","White Noise+1","Coolheaded","Redo+1","Darkness+1","Ball Lightning","Skim","Defragment","Darkness+1","All For One","Self Repair+1","Seek","Defragment","Ghostly","Ghostly","Ghostly","Ghostly","Ghostly","Turbo+1","Compile Driver","Multi-Cast","Biased Cognition","Core Surge","Hologram","Skim+1","Hologram+1","Turbo","Impatience","Coolheaded+1","Reinforced Body"],"relics":["Cracked Core","Tiny Chest","Juzu Bracelet","Vajra","Letter Opener","SlaversCollar","Meat on the Bone","Orichalcum","Boot","Blood Vial","Sozu","Pen Nib","Turnip","Mango","Shuriken","Strawberry"],"acts_visited":["Exordium","TheCity","TheBeyond"],"potions_floor_usage":[16,24,31,44,50],"damage_taken":[{"damage":0,"enemies":"Cultist","floor":1,"turns":4},{"damage":11,"enemies":"Jaw Worm","floor":2,"turns":4},{"damage":0,"enemies":"Small Slimes","floor":3,"turns":2},{"damage":7,"enemies":"Looter","floor":4,"turns":3},{"damage":15,"enemies":"3 Louse","floor":5,"turns":3},{"damage":10,"enemies":"Gremlin Nob","floor":7,"turns":3},{"damage":13,"enemies":"Blue Slaver","floor":8,"turns":3},{"damage":29,"enemies":"Lagavulin","floor":14,"turns":4},{"damage":25,"enemies":"Slime Boss","floor":16,"turns":5},{"damage":17,"enemies":"Chosen","floor":18,"turns":5},{"damage":12,"enemies":"Spheric Guardian","floor":22,"turns":5},{"damage":27,"enemies":"Book of Stabbing","floor":24,"turns":5},{"damage":0,"enemies":"Shelled Parasite and Fungi","floor":27,"turns":6},{"damage":11,"enemies":"Centurion and Healer","floor":28,"turns":4},{"damage":0,"enemies":"Snecko","floor":30,"turns":4},{"damage":0,"enemies":"Gremlin Leader","floor":31,"turns":4},{"damage":8,"enemies":"Champ","floor":33,"turns":7},{"damage":0,"enemies":"Orb Walker","floor":35,"turns":4},{"damage":0,"enemies":"3 Shapes","floor":37,"turns":3},{"damage":13,"enemies":"Writhing Mass","floor":39,"turns":6},{"damage":0,"enemies":"2 Orb Walkers","floor":41,"turns":4},{"damage":0,"enemies":"3 Darklings","floor":42,"turns":4},{"damage":28,"enemies":"Reptomancer","floor":44,"turns":4},{"damage":11,"enemies":"Nemesis","floor":47,"turns":5},{"damage":10,"enemies":"4 Shapes","floor":48,"turns":5},{"damage":24,"enemies":"Donu and Deca","floor":50,"turns":6}],"seed_played":"-5025579281786503211","potions_obtained":[{"floor":1,"key":"DistilledChaos"},{"floor":2,"key":"FocusPotion"},{"floor":14,"key":"Swift Potion"},{"floor":24,"key":"SteroidPotion"},{"floor":27,"key":"Fire Potion"},{"floor":28,"key":"FearPotion"},{"floor":31,"key":"ColorlessPotion"},{"floor":33,"key":"DuplicationPotion"}],"is_trial":false,"path_per_floor":["M","M","M","M","M","R","E","M","T","?","R","?","$","E","R","B",null,"M","T","$","?","M","R","E","?","T","M","M","$","M","E","R","B",null,"M","$","M","T","M","R","?","M","T","E","R","?","E","M","R","B",null],"character_chosen":"DEFECT","items_purchased":["Defragment","Seek","Defragment","Core Surge","Hologram"],"campfire_rested":2,"item_purchase_floors":[13,20,20,36,36],"current_hp_per_floor":[75,64,64,57,42,42,32,19,19,19,41,41,41,12,34,9,59,42,42,42,37,35,35,30,26,26,36,35,35,42,42,42,34,40,42,42,42,42,39,39,41,42,56,50,50,50,58,60,60,48],"gold":244,"neow_bonus":"TRANSFORM_TWO_CARDS","is_daily":false,"chose_seed":false,"campfire_upgraded":6,"win_rate":0.0,"timestamp":1610816375,"path_taken":["M","M","M","M","M","R","E","?","T","?","R","?","$","E","R","BOSS","M","?","$","?","M","R","E","?","T","M","M","?","M","E","R","BOSS","M","$","M","?","M","R","?","M","T","E","R","?","E","M","R","BOSS"],"items_purchased_type":["Card","Card","Card","Card","Card"],"build_version":"2020-12-22","purchased_purges":3,"victory":true,"max_hp_per_floor":[75,75,75,75,75,75,75,75,75,75,75,75,75,75,75,75,75,75,75,75,37,37,37,37,42,42,42,42,42,42,42,42,42,42,42,42,42,42,42,42,42,42,56,56,56,56,63,63,63,63],"card_choices":[{"not_picked":["Steam Power","Chill"],"picked":"White Noise","floor":1},{"not_picked":["Go for the Eyes","Rebound"],"picked":"Coolheaded","floor":2},{"not_picked":["Blizzard","Rebound"],"picked":"Redo","floor":3},{"not_picked":["Redo","Ball Lightning"],"picked":"Darkness","floor":4},{"not_picked":["Rebound","Scrape"],"picked":"Ball Lightning","floor":5},{"not_picked":["Multi-Cast","Ball Lightning"],"picked":"Skim","floor":7},{"not_picked":["BootSequence","Beam Cell","Sweeping Beam"],"picked":"SKIP","floor":8},{"not_picked":["Loop","FTL"],"picked":"Darkness","floor":14},{"not_picked":["Amplify","Buffer"],"picked":"All For One","floor":16},{"not_picked":["Rebound","Lockon"],"picked":"Self Repair+1","floor":18},{"not_picked":["Sweeping Beam","Conserve Battery","Melter+1"],"picked":"SKIP","floor":22},{"not_picked":["Leap","Go for the Eyes"],"picked":"Turbo","floor":24},{"not_picked":["Chill+1","Barrage","Beam Cell"],"picked":"SKIP","floor":27},{"not_picked":["Storm","Sunder"],"picked":"Compile Driver","floor":28},{"not_picked":["Compile Driver","Rebound","Fusion+1"],"picked":"SKIP","floor":30},{"not_picked":["Coolheaded","Tempest"],"picked":"Multi-Cast","floor":31},{"not_picked":["Reboot","Core Surge"],"picked":"Biased Cognition","floor":33},{"not_picked":["Steam+1","Blizzard","Rebound"],"picked":"SKIP","floor":35},{"not_picked":["Auto Shields","Doom and Gloom+1","Beam Cell"],"picked":"SKIP","floor":37},{"not_picked":["Go for the Eyes+1","Beam Cell"],"picked":"Skim+1","floor":39},{"not_picked":["Force Field+1","Streamline+1"],"picked":"Hologram+1","floor":41},{"not_picked":["Aggregate","Go for the Eyes","Creative AI"],"picked":"SKIP","floor":42},{"not_picked":["Blizzard+1","Go for the Eyes"],"picked":"Turbo","floor":44},{"not_picked":["Secret Weapon","The Bomb"],"picked":"Impatience","floor":46},{"not_picked":["Sunder","Go for the Eyes+1"],"picked":"Coolheaded+1","floor":47},{"not_picked":["Steam+1","Hologram"],"picked":"Reinforced Body","floor":48}],"player_experience":144014,"relics_obtained":[{"floor":7,"key":"Tiny Chest"},{"floor":9,"key":"Juzu Bracelet"},{"floor":14,"key":"Letter Opener"},{"floor":19,"key":"Meat on the Bone"},{"floor":24,"key":"Orichalcum"},{"floor":26,"key":"Boot"},{"floor":31,"key":"Blood Vial"},{"floor":38,"key":"Pen Nib"},{"floor":41,"key":"Turnip"},{"floor":43,"key":"Mango"},{"floor":44,"key":"Shuriken"},{"floor":47,"key":"Strawberry"}],"event_choices":[{"damage_healed":0,"gold_gain":73,"player_choice":"Gained Gold","damage_taken":0,"max_hp_gain":0,"max_hp_loss":0,"event_name":"Golden Wing","floor":10,"gold_loss":0},{"damage_healed":0,"gold_gain":0,"player_choice":"Searched \u00272\u0027 times","damage_taken":0,"relics_obtained":["Vajra"],"max_hp_gain":0,"max_hp_loss":0,"event_name":"Dead Adventurer","floor":12,"gold_loss":0},{"damage_healed":0,"gold_gain":0,"player_choice":"Became a Ghost","damage_taken":0,"max_hp_gain":0,"max_hp_loss":38,"event_name":"Ghosts","floor":21,"gold_loss":0,"cards_obtained":["Ghostly","Ghostly","Ghostly","Ghostly","Ghostly"]},{"damage_healed":0,"gold_gain":0,"player_choice":"Shed Blood","damage_taken":9,"max_hp_gain":5,"max_hp_loss":0,"event_name":"Forgotten Altar","floor":25,"gold_loss":0},{"damage_healed":0,"gold_gain":0,"player_choice":"Fight","damage_taken":0,"max_hp_gain":0,"max_hp_loss":0,"event_name":"Mysterious Sphere","floor":41,"gold_loss":0},{"damage_healed":0,"gold_gain":0,"player_choice":"Memory 1","damage_taken":0,"max_hp_gain":0,"max_hp_loss":0,"event_name":"SensoryStone","floor":46,"gold_loss":0}],"is_beta":false,"boss_relics":[{"not_picked":["SacredBark","Runic Pyramid"],"picked":"SlaversCollar"},{"not_picked":["Philosopher\u0027s Stone","Busted Crown"],"picked":"Sozu"}],"items_purged_floors":[13,20,36],"is_endless":false,"potions_floor_spawned":[1,2,14,24,27,28,31,33,35,41,48],"ascension_level":5}}