{"host":"by3dnjj711vo194a","time":1610824074,"event":{"mods":["2.2 Compatiblity","AchievementEnabler","BaseMod","Colored Map","DeckTracker","KOR Keyword Fix","Keyboard Shortcuts","Minty Spire (QoL Compilation)","Permanent Neow","Quick Restart","StSLib","SuperFastMode","everything is the same but u backflip on backflip"],"gold_per_floor":[191,191,282,282,301],"floor_reached":6,"language":"KOR","playtime":56,"items_purged":[],"score":620,"play_id":"49997519-6bba-44ed-bae5-9a8e29c72466","local_time":"20210117040754","is_ascension_mode":true,"campfire_choices":[],"circlet_count":0,"master_deck":["AscendersBane","Strike_P","Strike_P","Strike_P","Strike_P","Defend_P","Defend_P","Defend_P","Eruption","Vigilance","Wallop","Adaptation","DevaForm","Crescendo","DeusExMachina","Prostrate"],"relics":["PureWater","VioletLotus","Black Star"],"acts_visited":["Exordium","TheCity","TheBeyond"],"potions_floor_usage":[],"damage_taken":[{"damage":0,"enemies":"2 Louse","floor":1,"turns":1},{"damage":0,"enemies":"Slime Boss","floor":1,"turns":1},{"damage":0,"enemies":"Spheric Guardian","floor":3,"turns":1},{"damage":0,"enemies":"Champ","floor":3,"turns":1},{"damage":0,"enemies":"3 Darklings","floor":5,"turns":1},{"damage":0,"enemies":"Donu and Deca","floor":5,"turns":1}],"seed_played":"-2688419866602055001","potions_obtained":[{"floor":3,"key":"SteroidPotion"}],"is_trial":false,"path_per_floor":["M",null,"M",null,"M",null],"character_chosen":"WATCHER","items_purchased":[],"campfire_rested":0,"item_purchase_floors":[],"current_hp_per_floor":[61,66,66,68,68],"gold":301,"neow_bonus":"TRANSFORM_CARD","is_daily":false,"chose_seed":false,"campfire_upgraded":0,"win_rate":0.0,"timestamp":1610824074,"path_taken":["M","BOSS","M","BOSS","M","BOSS"],"items_purchased_type":[],"build_version":"2020-12-22","purchased_purges":0,"victory":true,"max_hp_per_floor":[68,68,68,68,68],"card_choices":[{"not_picked":["FlyingSleeves","JustLucky"],"picked":"Adaptation","floor":1},{"not_picked":["Wish","Blasphemy"],"picked":"DevaForm","floor":1},{"not_picked":["FlurryOfBlows+1","CrushJoints"],"picked":"Crescendo","floor":3},{"not_picked":["Devotion","Scrawl"],"picked":"DeusExMachina","floor":3},{"not_picked":["BowlingBash","ThirdEye"],"picked":"Prostrate","floor":5}],"player_experience":179543,"relics_obtained":[],"event_choices":[],"is_beta":false,"boss_relics":[{"not_picked":["Tiny House","SlaversCollar"],"picked":"VioletLotus"},{"not_picked":["Coffee Dripper","Runic Dome"],"picked":"Black Star"}],"items_purged_floors":[],"is_endless":false,"potions_floor_spawned":[3],"ascension_level":16}}