{"host":"FirstDane","time":1610774026,"event":{"mods":["BaseMod","Bestiary","Highlight Path","Minty Spire (QoL Compilation)","Relic Stats","Slay the Relics Exporter"],"gold_per_floor":[115,132,149,166,166,193,193,219,243,31,41,54,74,105,105,176,176,191,191,211,136,186,215,215,215,215,215,233,244,270,270,270],"floor_reached":31,"language":"ENG","playtime":2854,"items_purged":[],"score":644,"play_id":"7cdbc5eb-9dee-4ad9-90ea-91a068dc96fd","local_time":"20210115231346","is_ascension_mode":true,"campfire_choices":[{"data":"Defragment","floor":7,"key":"SMITH"},{"data":"Apotheosis","floor":15,"key":"SMITH"},{"floor":24,"key":"REST"},{"floor":27,"key":"REST"}],"circlet_count":0,"master_deck":["AscendersBane","Defend_B","Defend_B","Defend_B","Defend_B","Zap","Dualcast","Glacier","Doom and Gloom","Go for the Eyes","Turbo","Defragment+1","Cold Snap","Apotheosis+1","Barrage","Biased Cognition","Hologram","Multi-Cast","Turbo","Redo","Genetic Algorithm","Go for the Eyes+1","Static Discharge","Sweeping Beam","Capacitor","Double Energy"],"relics":["Runic Pyramid","HornCleat","Dream Catcher","Blood Vial","Nunchaku","Philosopher\u0027s Stone","Darkstone Periapt","Emotion Chip","Ancient Tea Set"],"acts_visited":["Exordium","TheCity"],"potions_floor_usage":[6,12,23],"damage_taken":[{"damage":2,"enemies":"Cultist","floor":1,"turns":4},{"damage":0,"enemies":"2 Louse","floor":2,"turns":4},{"damage":2,"enemies":"Small Slimes","floor":3,"turns":6},{"damage":0,"enemies":"3 Louse","floor":4,"turns":4},{"damage":1,"enemies":"3 Sentries","floor":6,"turns":7},{"damage":0,"enemies":"Lagavulin","floor":8,"turns":5},{"damage":0,"enemies":"2 Fungi Beasts","floor":11,"turns":4},{"damage":3,"enemies":"Looter","floor":12,"turns":3},{"damage":8,"enemies":"Blue Slaver","floor":13,"turns":4},{"damage":3,"enemies":"3 Sentries","floor":14,"turns":5},{"damage":14,"enemies":"Slime Boss","floor":16,"turns":5},{"damage":0,"enemies":"Spheric Guardian","floor":18,"turns":6},{"damage":22,"enemies":"Shell Parasite","floor":20,"turns":4},{"damage":10,"enemies":"Gremlin Leader","floor":23,"turns":5},{"damage":19,"enemies":"Shelled Parasite and Fungi","floor":28,"turns":7},{"damage":0,"enemies":"Centurion and Healer","floor":29,"turns":6},{"damage":45,"enemies":"Slavers","floor":30,"turns":4},{"damage":10,"enemies":"Snake Plant","floor":31,"turns":3}],"seed_played":"5387217190973213706","potions_obtained":[{"floor":1,"key":"BlessingOfTheForge"},{"floor":2,"key":"Explosive Potion"},{"floor":6,"key":"Weak Potion"},{"floor":13,"key":"AttackPotion"},{"floor":18,"key":"CultistPotion"}],"is_trial":false,"path_per_floor":["M","M","M","M","?","E","R","E","T","$","M","M","M","E","R","B",null,"M","?","M","?","?","E","R","?","T","R","M","M","E","M"],"character_chosen":"DEFECT","items_purchased":["Apotheosis"],"campfire_rested":2,"item_purchase_floors":[10],"current_hp_per_floor":[62,62,60,60,53,52,52,52,52,52,54,53,47,46,46,34,62,64,44,24,24,24,16,38,38,38,60,43,45,2,0,0],"gold":270,"neow_bonus":"BOSS_RELIC","is_daily":false,"chose_seed":false,"campfire_upgraded":2,"win_rate":0.0,"timestamp":1610774026,"path_taken":["M","M","M","M","?","E","R","E","T","$","M","M","M","E","R","BOSS","M","?","M","?","?","E","R","?","T","R","M","M","E","M"],"items_purchased_type":["Card"],"build_version":"2020-12-18","purchased_purges":0,"victory":false,"max_hp_per_floor":[71,71,71,71,71,71,71,71,71,71,71,71,71,71,71,71,71,71,76,76,76,76,76,76,76,76,76,76,76,76,76,76],"relic_stats":{"Blood Vial":24,"Darkstone Periapt":0,"Dream Catcher":2,"Nunchaku":[5],"Emotion Chip":[9,8,0,1,0],"counters":[18,86],"obtain_stats":[{"Blood Vial":9,"Darkstone Periapt":23,"Dream Catcher":8,"Nunchaku":14,"Emotion Chip":26,"HornCleat":6,"Philosopher\u0027s Stone":17,"Cracked Core":0,"Ancient Tea Set":30,"Runic Pyramid":0},{"Blood Vial":6,"Darkstone Periapt":14,"Dream Catcher":6,"Nunchaku":10,"Emotion Chip":14,"HornCleat":5,"Philosopher\u0027s Stone":11,"Cracked Core":0,"Ancient Tea Set":17,"Runic Pyramid":0},{"Blood Vial":30,"Darkstone Periapt":66,"Dream Catcher":30,"Nunchaku":46,"Emotion Chip":66,"HornCleat":25,"Philosopher\u0027s Stone":51,"Cracked Core":0,"Ancient Tea Set":83,"Runic Pyramid":0}]},"card_choices":[{"not_picked":["Capacitor","Cold Snap"],"picked":"Glacier","floor":1},{"not_picked":["Hello World","Rebound"],"picked":"Doom and Gloom","floor":2},{"not_picked":["Scrape","Compile Driver"],"picked":"Go for the Eyes","floor":3},{"not_picked":["Conserve Battery","White Noise"],"picked":"Turbo","floor":4},{"not_picked":["Reboot","Gash"],"picked":"Defragment","floor":6},{"not_picked":["Coolheaded","Leap"],"picked":"Cold Snap","floor":8},{"not_picked":["Coolheaded","FTL"],"picked":"Barrage","floor":11},{"not_picked":["Go for the Eyes","Glacier"],"picked":"Biased Cognition","floor":12},{"not_picked":["Ball Lightning","White Noise"],"picked":"Hologram","floor":13},{"not_picked":["Rebound","Steam","Streamline"],"picked":"SKIP","floor":14},{"not_picked":["Buffer","Meteor Strike"],"picked":"Multi-Cast","floor":16},{"not_picked":["Heatsinks","Rebound"],"picked":"Turbo","floor":18},{"not_picked":["Beam Cell","Rebound"],"picked":"Redo","floor":20},{"not_picked":["Redo","Undo"],"picked":"Genetic Algorithm","floor":23},{"not_picked":["Genetic Algorithm+1","Cold Snap"],"picked":"Go for the Eyes+1","floor":24},{"not_picked":["Beam Cell","Sweeping Beam","Streamline"],"picked":"SKIP","floor":28},{"not_picked":["Beam Cell","Sweeping Beam","Streamline"],"picked":"SKIP","floor":28},{"not_picked":["Storm","Electrodynamics"],"picked":"Capacitor","floor":29},{"not_picked":["Stack","Streamline"],"picked":"Double Energy","floor":30}],"player_experience":3927065,"relics_obtained":[{"floor":6,"key":"HornCleat"},{"floor":8,"key":"Dream Catcher"},{"floor":9,"key":"Blood Vial"},{"floor":14,"key":"Nunchaku"},{"floor":23,"key":"Darkstone Periapt"},{"floor":26,"key":"Emotion Chip"},{"floor":30,"key":"Ancient Tea Set"}],"event_choices":[{"cards_removed":["Strike_B"],"damage_healed":0,"gold_gain":0,"player_choice":"Card Removal","damage_taken":7,"max_hp_gain":0,"max_hp_loss":0,"event_name":"Golden Wing","floor":5,"gold_loss":0},{"damage_healed":0,"gold_gain":0,"player_choice":"Shed Blood","damage_taken":25,"max_hp_gain":5,"max_hp_loss":0,"event_name":"Forgotten Altar","floor":19,"gold_loss":0},{"cards_removed":["Strike_B"],"damage_healed":0,"gold_gain":0,"player_choice":"Gave Gold","damage_taken":0,"max_hp_gain":0,"max_hp_loss":0,"event_name":"Beggar","floor":21,"gold_loss":75},{"damage_healed":0,"gold_gain":50,"player_choice":"Stole From Cult","damage_taken":0,"max_hp_gain":0,"max_hp_loss":0,"event_name":"Nest","floor":22,"gold_loss":0},{"damage_healed":0,"gold_gain":0,"cards_transformed":["Strike_B","Strike_B"],"player_choice":"Became Test Subject","damage_taken":0,"max_hp_gain":0,"max_hp_loss":0,"event_name":"Drug Dealer","floor":25,"gold_loss":0,"cards_obtained":["Static Discharge","Sweeping Beam"]}],"is_beta":true,"boss_relics":[{"not_picked":["Busted Crown","Nuclear Battery"],"picked":"Philosopher\u0027s Stone"}],"items_purged_floors":[],"is_endless":false,"potions_floor_spawned":[1,2,6,8,13,18,20],"killed_by":"Snake Plant","ascension_level":20}}