{"host":"50per11302020","time":1610781612,"event":{"mods":["AchievementEnabler","BaseMod","Colored Map","Minty Spire (QoL Compilation)","Relic Stats","StSLib"],"gold_per_floor":[110,110,110,135,151,151,191,191,191,97,97,110,110,130,130,259,259,278,353,369,387,387,387,387,387],"floor_reached":24,"language":"ENG","playtime":1341,"items_purged":[],"score":284,"play_id":"6362f410-fc20-4dd1-9260-ff74e562d8cb","local_time":"20210115232012","is_ascension_mode":true,"campfire_choices":[{"floor":6.0,"key":"REST"},{"data":"Injury","floor":8.0,"key":"PURGE"},{"floor":13.0,"key":"REST"},{"data":"Strike_B","floor":15.0,"key":"PURGE"},{"data":"Buffer","floor":23.0,"key":"SMITH"}],"circlet_count":0,"master_deck":["Strike_B","Strike_B","Strike_B","Defend_B","Defend_B","Defend_B","Defend_B","Zap","Dualcast","Defragment+1","Cold Snap","Self Repair","Cold Snap","Compile Driver","Coolheaded","Buffer+1","Go for the Eyes","Consume"],"relics":["Cracked Core","Peace Pipe","Golden Idol","Matryoshka","DataDisk","Sundial","Vajra","Bag of Marbles","Busted Crown","Cables"],"acts_visited":["Exordium","TheCity"],"potions_floor_usage":[24,24,24],"damage_taken":[{"damage":0.0,"enemies":"Cultist","floor":1.0,"turns":4.0},{"damage":8.0,"enemies":"Jaw Worm","floor":4.0,"turns":4.0},{"damage":3.0,"enemies":"2 Louse","floor":5.0,"turns":5.0},{"damage":24.0,"enemies":"Gremlin Nob","floor":7.0,"turns":5.0},{"damage":9.0,"enemies":"Red Slaver","floor":12.0,"turns":3.0},{"damage":7.0,"enemies":"Exordium Thugs","floor":14.0,"turns":5.0},{"damage":30.0,"enemies":"The Guardian","floor":16.0,"turns":10.0},{"damage":2.0,"enemies":"Chosen","floor":18.0,"turns":5.0},{"damage":11.0,"enemies":"2 Thieves","floor":20.0,"turns":5.0},{"damage":8.0,"enemies":"Chosen and Byrds","floor":21.0,"turns":9.0},{"damage":64,"enemies":"Gremlin Leader","floor":24,"turns":7}],"seed_played":"7525917773115234844","potions_obtained":[{"floor":1.0,"key":"PowerPotion"},{"floor":4.0,"key":"GamblersBrew"},{"floor":5.0,"key":"Dexterity Potion"},{"floor":21.0,"key":"Dexterity Potion"}],"is_trial":false,"path_per_floor":["M","?","?","M","M","R","E","R","T","$","T","M","R","M","R","B",null,"M","?","M","M","T","R","E"],"character_chosen":"DEFECT","items_purchased":["Cold Snap","FocusPotion"],"campfire_rested":2,"item_purchase_floors":[10,10],"current_hp_per_floor":[50,50,50,42,39,61,37,37,37,37,37,35,57,57,57,34,65,70,63,59,58,58,58,0,0],"gold":387,"neow_bonus":"ONE_RARE_RELIC","is_daily":false,"chose_seed":false,"campfire_upgraded":1,"win_rate":0.0,"timestamp":1610781612,"path_taken":["M","?","?","M","M","R","E","R","T","$","?","?","R","M","R","BOSS","M","?","M","?","?","R","E"],"items_purchased_type":["Card","Potion"],"build_version":"2020-12-18","purchased_purges":0,"victory":false,"max_hp_per_floor":[75,75,75,75,75,75,75,75,75,75,75,75,75,75,75,75,75,75,75,75,75,75,75,75,75],"relic_stats":{"Peace Pipe":2,"Busted Crown":6,"counters":[11,62],"Golden Idol":60,"Sundial":[8],"obtain_stats":[{"Peace Pipe":0,"DataDisk":9,"Matryoshka":7,"Busted Crown":17,"Golden Idol":2,"Sundial":9,"Vajra":11,"Bag of Marbles":11,"Cracked Core":0,"Cables":22},{"Peace Pipe":0,"DataDisk":4,"Matryoshka":4,"Busted Crown":7,"Golden Idol":1,"Sundial":4,"Vajra":4,"Bag of Marbles":4,"Cracked Core":0,"Cables":10},{"Peace Pipe":0,"DataDisk":18,"Matryoshka":18,"Busted Crown":36,"Golden Idol":4,"Sundial":18,"Vajra":18,"Bag of Marbles":18,"Cracked Core":0,"Cables":55}],"Cables":[7,3,4,0,0]},"card_choices":[{"not_picked":["Rebound","Cold Snap"],"picked":"Defragment","floor":1.0},{"not_picked":["Hologram","Gash"],"picked":"Cold Snap","floor":4.0},{"not_picked":["Force Field","Rebound","Heatsinks"],"picked":"SKIP","floor":5.0},{"not_picked":["Streamline","Stack"],"picked":"Self Repair","floor":7.0},{"not_picked":["Scrape","Redo"],"picked":"Compile Driver","floor":12.0},{"not_picked":["Rainbow","Beam Cell"],"picked":"Coolheaded","floor":14.0},{"not_picked":["Biased Cognition","Meteor Strike"],"picked":"Buffer","floor":16.0},{"not_picked":[],"picked":"Go for the Eyes","floor":18.0},{"not_picked":[],"picked":"Consume","floor":20.0},{"not_picked":["Reprogram+1"],"picked":"SKIP","floor":21.0}],"player_experience":223793,"relics_obtained":[{"floor":7.0,"key":"Matryoshka"},{"floor":9.0,"key":"DataDisk"},{"floor":9.0,"key":"Sundial"},{"floor":11.0,"key":"Vajra"},{"floor":11.0,"key":"Bag of Marbles"},{"floor":22.0,"key":"Cables"}],"event_choices":[{"damage_healed":0.0,"max_hp_gain":0.0,"max_hp_loss":0.0,"gold_gain":0.0,"event_name":"Golden Idol","player_choice":"Take Wound","floor":2.0,"gold_loss":0.0,"damage_taken":0.0,"relics_obtained":["Golden Idol"],"cards_obtained":["Injury"]},{"damage_healed":0.0,"max_hp_gain":0.0,"max_hp_loss":0.0,"gold_gain":0.0,"event_name":"Living Wall","player_choice":"Grow","floor":3.0,"gold_loss":0.0,"damage_taken":0.0,"cards_upgraded":["Defragment"]},{"damage_healed":0.0,"max_hp_gain":0.0,"max_hp_loss":0.0,"gold_gain":75.0,"event_name":"FaceTrader","player_choice":"Touch","floor":19.0,"gold_loss":0.0,"damage_taken":7.0}],"is_beta":true,"boss_relics":[{"not_picked":["Runic Pyramid","Fusion Hammer"],"picked":"Busted Crown"}],"items_purged_floors":[],"is_endless":false,"potions_floor_spawned":[1,4,5,21],"killed_by":"Gremlin Leader","ascension_level":9}}