{"host":"uwwvm37dko2v39wu","time":1610770958,"event":{"mods":["BaseMod","Downfall","Minty Spire (QoL Compilation)","StSLib"],"gold_per_floor":[99,118,137,137,149,149,174,166,21,196,196,215,252,268,285,285,285,285],"floor_reached":16,"language":"ZHS","playtime":1852,"items_purged":[],"score":102,"play_id":"4a0f5647-1e1d-43c3-9edc-101993025d2b","local_time":"20210116122238","is_ascension_mode":false,"campfire_choices":[{"data":"hexamod:Sear","floor":1,"key":"SMITH"},{"data":"expansioncontent:HyperBeam","floor":11,"key":"SMITH"}],"circlet_count":0,"master_deck":["hexamod:Strike","hexamod:Strike","hexamod:Strike","hexamod:Defend","hexamod:Defend","hexamod:Defend","hexamod:Sear+1","hexamod:Float","hexamod:ExtraCrispy","hexamod:GhostShield","hexamod:Rewind","hexamod:FirstSeal","hexamod:SecondSeal","hexamod:FourthSeal","hexamod:DynamicBlow","expansioncontent:HyperBeam+1","hexamod:SpectersWail","hexamod:GhostShield"],"relics":["hexamod:SpiritBrand","Omamori","Du-Vu Doll"],"acts_visited":["Exordium"],"potions_floor_usage":[13,16,16],"damage_taken":[{"damage":0,"enemies":"Cultist","floor":2,"turns":4},{"damage":10,"enemies":"2 Louse","floor":3,"turns":3},{"damage":0,"enemies":"Jaw Worm","floor":5,"turns":5},{"damage":0,"enemies":"downfall:FleeingMerchant","floor":9,"turns":4},{"damage":4,"enemies":"3 Louse","floor":12,"turns":3},{"damage":11,"enemies":"Gremlin Nob","floor":13,"turns":4},{"damage":15,"enemies":"Lots of Slimes","floor":14,"turns":3},{"damage":0,"enemies":"Gremlin Gang","floor":15,"turns":2},{"damage":77,"enemies":"WA_ARCHETYPE_RETAIN","floor":16,"turns":9}],"seed_played":"3328212093623785755","potions_obtained":[{"floor":3,"key":"Ancient Potion"},{"floor":12,"key":"Dexterity Potion"},{"floor":14,"key":"Fire Potion"},{"floor":15,"key":"FairyPotion"}],"is_trial":false,"path_per_floor":["R","M","M","?","M","?","T","?","$","?","R","M","E","M","M","B"],"character_chosen":"THE_SPIRIT","items_purchased":["expansioncontent:HyperBeam","Fire Potion"],"campfire_rested":0,"item_purchase_floors":[9,9],"current_hp_per_floor":[77,77,67,67,67,67,67,60,67,67,67,63,59,44,44,0,0,0],"gold":285,"neow_bonus":"TEN_PERCENT_HP_BONUS","is_daily":false,"chose_seed":false,"campfire_upgraded":2,"win_rate":0.0,"timestamp":1610770958,"path_taken":["R","M","?","?","M","?","T","?","$","?","R","M","E","M","M","BOSS"],"items_purchased_type":["Card","Potion"],"build_version":"2020-12-22","purchased_purges":0,"victory":false,"max_hp_per_floor":[77,77,77,77,77,77,77,77,77,77,77,77,77,77,77,77,77,77],"card_choices":[{"not_picked":["hexamod:ShieldOfDarkness","hexamod:AdvancingGuard"],"picked":"hexamod:ExtraCrispy","floor":2},{"not_picked":["hexamod:HauntingEcho","hexamod:ShieldOfDarkness"],"picked":"hexamod:GhostShield","floor":3},{"not_picked":["hexamod:GhostLash","hexamod:GhostShield"],"picked":"hexamod:Rewind","floor":5},{"not_picked":["hexamod:HauntingEcho","hexamod:BacktrackSmack"],"picked":"hexamod:DynamicBlow","floor":9},{"not_picked":["hexamod:DynamicBlow","hexamod:StepThrough"],"picked":"hexamod:SpectersWail","floor":12},{"not_picked":["hexamod:Again","hexamod:HeatShield","hexamod:AdvancingGuard"],"picked":"SKIP","floor":13},{"not_picked":["hexamod:DynamicBlow","hexamod:SkipABeat"],"picked":"hexamod:GhostShield","floor":14},{"not_picked":["hexamod:Firestarter","hexamod:FirstSeal","hexamod:ThermalTransfer"],"picked":"SKIP","floor":15}],"player_experience":638205,"relics_obtained":[{"floor":7,"key":"Omamori"},{"floor":13,"key":"Du-Vu Doll"}],"event_choices":[{"cards_removed":["hexamod:Defend"],"damage_healed":0,"gold_gain":0,"player_choice":"Card Removal","damage_taken":0,"max_hp_gain":0,"max_hp_loss":0,"event_name":"The Cleric","floor":6,"gold_loss":0}],"is_beta":false,"boss_relics":[],"items_purged_floors":[],"is_endless":false,"potions_floor_spawned":[3,12,14,15],"killed_by":"WA_ARCHETYPE_RETAIN","ascension_level":0}}