{"host":"qqgw5gp46oujbhdl","time":1610757323,"event":{"mods":["Aspiration","BaseMod","BetterRewards","Downfall","Hermit","Infinite Spire","Minty Spire (QoL Compilation)","StSLib","The Death Knight","The Disciple","The Forsaken","The Hierophant","The Servant 0.9.4","The Spell Scribe","The Valiant","TheBandit","TheFirefly","Wandering Minibosses"],"gold_per_floor":[99,117,117,21,21,21,21,36,36,51,65,65,65,100,110,110,110,110],"floor_reached":16,"language":"POL","playtime":1268,"items_purged":[],"score":100,"play_id":"ec77ffcd-74b5-469b-9aef-b9a8150b1552","local_time":"20210116013523","is_ascension_mode":false,"campfire_choices":[{"data":"hexamod:Sear","floor":1,"key":"SMITH"},{"data":"hexamod:ExtraCrispy","floor":6,"key":"SMITH"},{"data":"hexamod:RainOfEmbers","floor":9,"key":"SMITH"},{"data":"hexamod:DynamicBlow","floor":13,"key":"SMITH"}],"circlet_count":0,"master_deck":["hexamod:Strike","hexamod:Strike","hexamod:Strike","hexamod:Strike","hexamod:Defend","hexamod:Defend","hexamod:Defend","hexamod:Defend","hexamod:Sear+1","hexamod:Float","hexamod:SoulSteal+1","hexamod:StepThrough","hexamod:ExtraCrispy+1","hexamod:RainOfEmbers+1","hexamod:DynamicBlow+1","hexamod:StepThrough","hexamod:FirstSeal","hexamod:SecondSeal"],"relics":["hexamod:SpiritBrand","Gremlin Horn","aspiration:FrozenJewel","Strawberry"],"acts_visited":["Exordium"],"potions_floor_usage":[16,16],"damage_taken":[{"damage":1,"enemies":"Cultist","floor":2,"turns":4},{"damage":0,"enemies":"downfall:FleeingMerchant","floor":4,"turns":4},{"damage":3,"enemies":"Jaw Worm","floor":8,"turns":3},{"damage":3,"enemies":"2 Louse","floor":10,"turns":2},{"damage":6,"enemies":"Exordium Wildlife","floor":11,"turns":4},{"damage":11,"enemies":"3 Sentries","floor":14,"turns":4},{"damage":0,"enemies":"3 Louse","floor":15,"turns":2},{"damage":80,"enemies":"downfall:Defect","floor":16,"turns":8}],"seed_played":"6464270446277158941","potions_obtained":[{"floor":11,"key":"EssenceOfSteel"},{"floor":15,"key":"SpeedPotion"}],"is_trial":false,"path_per_floor":["R","M","?","$","T","R","T","M","R","M","M","?","R","E","M","B"],"character_chosen":"THE_SPIRIT","items_purchased":["hexamod:ExtraCrispy"],"campfire_rested":0,"item_purchase_floors":[4],"current_hp_per_floor":[77,76,76,76,76,76,76,73,73,70,64,57,57,60,67,0,0,0],"gold":110,"neow_bonus":"TEN_PERCENT_HP_BONUS","is_daily":false,"chose_seed":false,"campfire_upgraded":4,"win_rate":0.0,"timestamp":1610757323,"path_taken":["R","M","?","$","?","R","T","?","R","M","M","?","R","E","M","BOSS"],"items_purchased_type":["Card"],"build_version":"2020-12-22","purchased_purges":0,"victory":false,"max_hp_per_floor":[77,77,77,77,77,77,77,77,77,77,77,77,77,84,84,84,84,84],"card_choices":[{"not_picked":["hexamod:Hexaguard","hexamod:Again"],"picked":"hexamod:SoulSteal","floor":2},{"not_picked":["hexamod:GhostOfSpirePast","hexamod:NecessarySacrifice"],"picked":"hexamod:StepThrough","floor":4},{"not_picked":["hexamod:FastForward","hexamod:ShieldOfDarkness"],"picked":"hexamod:RainOfEmbers","floor":8},{"not_picked":["hexamod:SpectralAdrenaline","hexamod:SkipABeat"],"picked":"hexamod:DynamicBlow","floor":10},{"not_picked":["hexamod:HauntingEcho","hexamod:Firestarter"],"picked":"hexamod:StepThrough","floor":11},{"not_picked":["hexamod:HauntingEcho","hexamod:Hexaguard"],"picked":"hexamod:SecondSeal","floor":14},{"not_picked":["hexamod:BacktrackSmack","hexamod:Hexaguard","hexamod:UnleashSpirits"],"picked":"SKIP","floor":15}],"player_experience":349268,"relics_obtained":[{"floor":5,"key":"Gremlin Horn"},{"floor":7,"key":"aspiration:FrozenJewel"},{"floor":14,"key":"Strawberry"}],"event_choices":[{"damage_healed":0,"gold_gain":0,"player_choice":"Upgraded","damage_taken":0,"max_hp_gain":0,"max_hp_loss":0,"event_name":"Upgrade Shrine","floor":3,"gold_loss":0,"cards_upgraded":["hexamod:SoulSteal"]}],"is_beta":false,"boss_relics":[],"items_purged_floors":[],"is_endless":false,"potions_floor_spawned":[11,15],"killed_by":"downfall:Defect","ascension_level":0}}