{"host":"gx7yyrn1gkym3qpb","time":1610776198,"event":{"mods":["AchievementEnabler","BaseMod","Better Altar","Better Match","Better Note","Better Sensory Stone","Better Skull","Better Third Choice","Highlight Path","Minty Spire (QoL Compilation)","Permanent Neow","Quick Restart","StSLib","Unceasing Turn Reminder"],"gold_per_floor":[119,138,149,149,163,206,131,131,200,238,313,313,313,338,338,428,428,406,406,421,421,445,445,445,445],"floor_reached":24,"language":"ENG","playtime":895,"items_purged":[],"score":391,"play_id":"d52fe8ae-9c1b-4405-8a8e-3e1edd62f402","local_time":"20210116004958","is_ascension_mode":true,"campfire_choices":[{"floor":8,"key":"REST"},{"floor":13,"key":"REST"},{"data":"Noxious Fumes","floor":15,"key":"SMITH"},{"data":"Malaise","floor":23,"key":"SMITH"}],"circlet_count":0,"master_deck":["AscendersBane","Strike_G","Strike_G","Strike_G","Strike_G+1","Defend_G","Defend_G","Defend_G","Defend_G","Defend_G+1","Survivor","Neutralize+1","Flying Knee","Poisoned Stab","Backstab","Dagger Spray","Footwork+1","Noxious Fumes+1","Malaise+1"],"relics":["Ring of the Snake","Golden Idol","Lizard Tail","InkBottle","Centennial Puzzle","Runic Pyramid"],"acts_visited":["Exordium","TheCity"],"potions_floor_usage":[6,6,16,24],"damage_taken":[{"damage":0,"enemies":"Small Slimes","floor":1,"turns":5},{"damage":0,"enemies":"2 Louse","floor":2,"turns":3},{"damage":0,"enemies":"Jaw Worm","floor":3,"turns":3},{"damage":1,"enemies":"2 Fungi Beasts","floor":5,"turns":3},{"damage":30,"enemies":"3 Sentries","floor":6,"turns":7},{"damage":34,"enemies":"Lagavulin","floor":10,"turns":12},{"damage":0,"enemies":"Blue Slaver","floor":14,"turns":4},{"damage":4,"enemies":"Hexaghost","floor":16,"turns":9},{"damage":12,"enemies":"2 Thieves","floor":18,"turns":4},{"damage":2,"enemies":"Chosen","floor":20,"turns":6},{"damage":2,"enemies":"Centurion and Healer","floor":22,"turns":7},{"damage":40,"enemies":"Slavers","floor":24,"turns":4}],"seed_played":"3278243280221092359","potions_obtained":[{"floor":1,"key":"GamblersBrew"},{"floor":3,"key":"LiquidMemories"},{"floor":14,"key":"Poison Potion"},{"floor":22,"key":"Energy Potion"}],"is_trial":false,"path_per_floor":["M","M","M","?","M","E","?","R","T","E","?","?","R","M","R","B",null,"M","?","M","?","M","R","E"],"character_chosen":"THE_SILENT","items_purchased":[],"campfire_rested":2,"item_purchase_floors":[],"current_hp_per_floor":[59,59,59,36,35,5,5,24,24,33,22,2,21,21,21,17,54,42,42,40,40,38,38,0,0],"gold":445,"neow_bonus":"UPGRADE_CARD","is_daily":false,"chose_seed":false,"campfire_upgraded":2,"win_rate":0.0,"timestamp":1610776198,"path_taken":["M","M","M","?","M","E","?","R","T","E","?","?","R","M","R","BOSS","M","?","M","?","M","R","E"],"items_purchased_type":[],"build_version":"2020-12-22","purchased_purges":0,"victory":false,"max_hp_per_floor":[66,66,66,66,66,66,66,66,66,66,66,66,66,66,66,66,66,66,66,66,66,66,66,66,66],"card_choices":[{"not_picked":["Slice","Accuracy"],"picked":"Flying Knee","floor":1},{"not_picked":["Sucker Punch","Acrobatics"],"picked":"Poisoned Stab","floor":2},{"not_picked":["Expertise","Backflip"],"picked":"Backstab","floor":3},{"not_picked":["Tactician","Tools of the Trade"],"picked":"Dagger Spray","floor":5},{"not_picked":["Bane","Cloak And Dagger"],"picked":"Footwork","floor":6},{"not_picked":["Accuracy","Skewer","Underhanded Strike"],"picked":"SKIP","floor":10},{"not_picked":["Acrobatics","Outmaneuver"],"picked":"Noxious Fumes","floor":14},{"not_picked":["Storm of Steel","Die Die Die"],"picked":"Malaise","floor":16},{"not_picked":["Acrobatics","Bane","Dodge and Roll"],"picked":"SKIP","floor":18},{"not_picked":["Underhanded Strike","Riddle With Holes","Deflect"],"picked":"SKIP","floor":20},{"not_picked":["Deadly Poison","Backflip","Deflect"],"picked":"SKIP","floor":22}],"player_experience":414560,"relics_obtained":[{"floor":6,"key":"Lizard Tail"},{"floor":9,"key":"InkBottle"},{"floor":10,"key":"Centennial Puzzle"}],"event_choices":[{"damage_healed":0,"gold_gain":0,"player_choice":"Take Damage","damage_taken":23,"relics_obtained":["Golden Idol"],"max_hp_gain":0,"max_hp_loss":0,"event_name":"Golden Idol","floor":4,"gold_loss":0},{"cards_removed":["Strike_G"],"damage_healed":0,"gold_gain":0,"player_choice":"Card Removal","damage_taken":0,"max_hp_gain":0,"max_hp_loss":0,"event_name":"The Cleric","floor":7,"gold_loss":75},{"damage_healed":0,"gold_gain":75,"player_choice":"Gold","damage_taken":11,"max_hp_gain":0,"max_hp_loss":0,"event_name":"betterThird:BetterGoop","floor":11,"gold_loss":0},{"damage_healed":22,"gold_gain":0,"player_choice":"Upgrade","damage_taken":20,"max_hp_gain":0,"max_hp_loss":66,"event_name":"betterThird:BetterShining","floor":12,"gold_loss":0,"cards_upgraded":["Defend_G","Strike_G"]},{"damage_healed":0,"gold_gain":0,"player_choice":"Forge","damage_taken":0,"max_hp_gain":0,"max_hp_loss":0,"event_name":"Accursed Blacksmith","floor":19,"gold_loss":0,"cards_upgraded":["Footwork"]},{"cards_removed":["Noxious Fumes"],"damage_healed":0,"gold_gain":0,"player_choice":"Give","damage_taken":0,"max_hp_gain":0,"max_hp_loss":0,"event_name":"betterNote:BetterNote","floor":21,"gold_loss":0,"cards_obtained":["None"]}],"is_beta":false,"boss_relics":[{"not_picked":["Snecko Eye","Cursed Key"],"picked":"Runic Pyramid"}],"items_purged_floors":[],"is_endless":false,"potions_floor_spawned":[1,3,14,22],"killed_by":"Slavers","ascension_level":18}}