{"host":"k3osr9k2rabwc7ge","time":1610825894,"event":{"mods":["Aspiration","BaseMod","Challenge The Spire","Conspire","Energized Spire","Halation","Hubris","Infinite Spire","Minty Spire (QoL Compilation)","Quarter Circle Forward PUNCH!","Replay The Spire","StSLib","Unceasing Turn Reminder"],"gold_per_floor":[112,127,127,144,90,90,123,123,177,177,207,219,199,216,216,319,319,339,349,132,150,150,150,178,178,201,236,236,236,236,236,236,334,334,352,376,376,376,376,410,427,427,427,445,445,445],"floor_reached":45,"language":"ENG","playtime":2307,"items_purged":[],"score":759,"play_id":"b22d221b-541c-4d2b-8368-0a4145cf0144","local_time":"20210116193814","is_ascension_mode":true,"campfire_choices":[{"floor":6,"key":"REST"},{"floor":8,"key":"REST"},{"data":"Rupture","floor":10,"key":"SMITH"},{"floor":15,"key":"REST"},{"floor":23,"key":"REST"},{"floor":25,"key":"REST"},{"floor":32,"key":"REST"}],"circlet_count":0,"master_deck":["AscendersBane","Strike_R","Strike_R","Strike_R","Strike_R","Strike_R","Defend_R","Defend_R","Defend_R","Defend_R","Bash","Evolve","Cleave","Delirium","Run Through","Thunderclap","Rupture+1","Ghostly Armor","Twin Strike","Shrug It Off","Replay:Many Hands","Defy Death+1","Pommel Strike","Combust","Metallicize","Run Through","Eclipse","Feed","ReplayTheSpireMod:Strike From Hell","Pot Of Greed","Pot Of Greed","Pot Of Greed","Sword Boomerang","Feel No Pain","Heavy Blade+1"],"relics":["Burning Blood","Ring of Peace","infinitespire:Lucky Rock","Bag of Marbles","Red Skull","aspiration:PoetsPen_weak","qcfpunch:Red_Headband","qcfpunch:Broken_Tusk","aspiration:TomeofQuesting","hubris:GlazedTorus","Replay:PocketPolymizer","hubris:VirtuousBlindfold","conspire:TopHat","Grinning Jar","hubris:Towel","Anchor","infinitespire:BottledMercury"],"acts_visited":["Exordium","TheCity","TheBeyond"],"potions_floor_usage":[11,16,16,21,28,44,44,45,45,45],"damage_taken":[{"damage":5,"enemies":"2 Louse","floor":1,"turns":3},{"damage":10,"enemies":"conspire:RoseBush","floor":2,"turns":5},{"damage":22,"enemies":"Jaw Worm","floor":4,"turns":6},{"damage":40,"enemies":"3 Sentries","floor":7,"turns":9},{"damage":47,"enemies":"Gremlin Nob","floor":11,"turns":6},{"damage":0,"enemies":"2 Fungi Beasts","floor":12,"turns":4},{"damage":0,"enemies":"Red Slaver","floor":14,"turns":4},{"damage":38,"enemies":"Hexaghost","floor":16,"turns":9},{"damage":43,"enemies":"conspire:FuzzyDice","floor":18,"turns":6},{"damage":4,"enemies":"Chosen","floor":19,"turns":2},{"damage":0,"enemies":"Snecko","floor":21,"turns":3},{"damage":20,"enemies":"conspire:Head Lice","floor":24,"turns":6},{"damage":44,"enemies":"Slavers","floor":27,"turns":5},{"damage":0,"enemies":"conspire:HollyBat","floor":28,"turns":1},{"damage":58,"enemies":"Automaton","floor":33,"turns":8},{"damage":30,"enemies":"3 Shapes","floor":35,"turns":5},{"damage":28,"enemies":"R_Hoarder","floor":40,"turns":5},{"damage":0,"enemies":"3 Darklings","floor":41,"turns":4},{"damage":8,"enemies":"Spire Growth","floor":44,"turns":4},{"damage":33,"enemies":"Nightmare","floor":45,"turns":4}],"seed_played":"8520979312195529050","potions_obtained":[{"floor":4,"key":"Ancient Potion"},{"floor":7,"key":"Block Potion"},{"floor":12,"key":"PowerPotion"},{"floor":13,"key":"LiquidMemories"},{"floor":19,"key":"Adrenaline Potion"},{"floor":21,"key":"SmokeBomb"},{"floor":41,"key":"EntropicBrew"}],"is_trial":false,"path_per_floor":["M","M","?","M","$","R","E","R","T","R","E","M","?","M","R","B",null,"M","M","$","M","?","R","E","R","T","E","M","AVR","?","?","R","B",null,"M","T","?","AVR","?","E","M","$","T","M","NM"],"character_chosen":"IRONCLAD","items_purchased":["Thunderclap","qcfpunch:Red_Headband","Combust"],"campfire_rested":6,"item_purchase_floors":[5,20,20],"current_hp_per_floor":[78,74,74,58,58,83,49,74,74,74,33,39,39,45,70,38,73,36,38,38,44,44,69,55,80,80,42,48,48,48,42,67,15,68,47,47,47,47,47,25,31,31,31,32,0,0],"gold":445,"neow_bonus":"RANDOM_EVENT","is_daily":false,"chose_seed":false,"campfire_upgraded":1,"win_rate":0.0,"timestamp":1610825894,"path_taken":["M","M","?","M","$","R","E","R","T","R","E","M","?","M","R","BOSS","M","M","$","M","?","R","E","R","T","E","M","AVR","?","?","R","BOSS","M","?","?","AVR","?","E","M","?","T","?","NM"],"items_purchased_type":["Card","Relic","Card"],"build_version":"2020-12-22","purchased_purges":0,"victory":false,"max_hp_per_floor":[85,85,85,85,85,85,85,85,85,85,85,85,85,85,85,85,85,85,85,85,85,85,85,85,85,85,85,85,85,85,85,85,85,85,88,88,88,88,88,88,88,88,88,91,91,91],"card_choices":[{"not_picked":["Infernal Blade","ReplayTheSpireMod:Stacked"],"picked":"Evolve","floor":1},{"not_picked":["Inflame","hubris:CleavingFinish"],"picked":"Cleave","floor":2},{"not_picked":["Havoc","Replay:Many Hands"],"picked":"Run Through","floor":4},{"not_picked":["Dropkick","Warcry"],"picked":"Rupture","floor":7},{"not_picked":["Headbutt","Twin Strike"],"picked":"Ghostly Armor","floor":11},{"not_picked":["Havoc","ReplayTheSpireMod:Strike From Hell"],"picked":"Twin Strike","floor":12},{"not_picked":["ReplayTheSpireMod:Stacked","Flex"],"picked":"Shrug It Off","floor":14},{"not_picked":["Berserk","Juggernaut"],"picked":"Replay:Many Hands","floor":16},{"not_picked":["Armaments","conspire:Charge"],"picked":"Defy Death+1","floor":18},{"not_picked":["Body Slam","Clash+1"],"picked":"Pommel Strike","floor":19},{"not_picked":["Anger+1","Clash"],"picked":"Metallicize","floor":21},{"not_picked":["Battle Trance+1","Whirlwind+1"],"picked":"Run Through","floor":24},{"not_picked":["Replay:Undeath\u0027s Touch+1","conspire:Charge+1"],"picked":"Eclipse","floor":27},{"not_picked":["Barricade","Fiend Fire"],"picked":"Feed","floor":33},{"not_picked":["Run Through","Anger+1"],"picked":"ReplayTheSpireMod:Strike From Hell","floor":35},{"not_picked":["Anger","Flex+1"],"picked":"Sword Boomerang","floor":40},{"not_picked":["Headbutt","Shrug It Off"],"picked":"Feel No Pain","floor":41},{"not_picked":["Flame Barrier+1","Intimidate"],"picked":"Heavy Blade+1","floor":44}],"player_experience":854630,"relics_obtained":[{"floor":3,"key":"Ring of Peace"},{"floor":7,"key":"infinitespire:Lucky Rock"},{"floor":9,"key":"Bag of Marbles"},{"floor":11,"key":"Red Skull"},{"floor":24,"key":"qcfpunch:Broken_Tusk"},{"floor":26,"key":"aspiration:TomeofQuesting"},{"floor":27,"key":"hubris:GlazedTorus"},{"floor":36,"key":"conspire:TopHat"},{"floor":40,"key":"Anchor"},{"floor":43,"key":"infinitespire:BottledMercury"}],"event_choices":[{"damage_healed":0,"gold_gain":0,"player_choice":"Donut","damage_taken":0,"max_hp_gain":5,"max_hp_loss":0,"event_name":"Big Fish","floor":0,"gold_loss":0},{"damage_healed":0,"gold_gain":0,"player_choice":"Bought 1 Potion","damage_taken":0,"max_hp_gain":0,"max_hp_loss":0,"event_name":"The Woman in Blue","floor":13,"gold_loss":0},{"damage_healed":0,"gold_gain":0,"player_choice":"Ignored","damage_taken":0,"max_hp_gain":0,"max_hp_loss":0,"event_name":"Beggar","floor":22,"gold_loss":0},{"damage_healed":0,"gold_gain":0,"player_choice":"","damage_taken":6,"max_hp_gain":0,"max_hp_loss":0,"event_name":"Knowing Skull","floor":31,"potions_obtained":[],"gold_loss":0,"cards_obtained":[]},{"damage_healed":0,"gold_gain":0,"player_choice":"Ignored","damage_taken":0,"max_hp_gain":0,"max_hp_loss":0,"event_name":"Mysterious Sphere","floor":37,"gold_loss":0}],"is_beta":false,"boss_relics":[{"not_picked":["aspiration:SecretTechniqueScroll","energizedSpire:OgreHead"],"picked":"aspiration:PoetsPen_weak"},{"not_picked":["Painkiller Herb","Runic Dome"],"picked":"hubris:VirtuousBlindfold"}],"items_purged_floors":[],"is_endless":false,"potions_floor_spawned":[4,7,12,19,21,28,41,44],"killed_by":"Nightmare","ascension_level":10}}