{"host":"zjc1tzo4ovig5lll","time":1610781584,"event":{"mods":["AchievementEnabler","Aspiration","BaseMod","Beaked The Cultist","Better Altar","Better Match","Better Note","Better Sensory Stone","Colored Map","Colored Powertips","Conspire","Energized Spire","Friendly Minions","GifTheSpireLib","Halation","Hermit","Hubris","Minty Spire (QoL Compilation)","Rare Cards Sparkle","Replay The Spire","StSLib","The Blue Laboratory","The Bug Knight","The Construct","The Jungle","everything is the same but u backflip on backflip","vexMod"],"gold_per_floor":[110,110,110,125,35,67,67,95,169,181,181,197,197,210,210,313,313,329,213,263,361,378,378,428,428,428],"floor_reached":25,"language":"ENG","playtime":1380,"items_purged":[],"score":280,"play_id":"1cfd5a78-5ce6-4398-bdb5-b320bfb348ae","local_time":"20210116091944","is_ascension_mode":true,"campfire_choices":[{"data":"beaked:RitualOfBody","floor":7,"key":"SMITH"},{"data":"conspire:Banana","floor":7,"key":"SMITH"},{"data":"beaked:Foresight","floor":13,"key":"SMITH"},{"floor":13,"key":"RECALL"},{"floor":15,"key":"DIG"},{"data":"ReplayUltimateDefense","floor":23,"key":"SMITH"},{"data":"beaked:BraceForImpact","floor":23,"key":"SMITH"}],"circlet_count":0,"master_deck":["conspire:GhostlyStrike","conspire:GhostlyStrike","conspire:GhostlyStrike","conspire:GhostlyDefend","conspire:GhostlyDefend","conspire:GhostlyDefend","conspire:GhostlyDefend","beaked:Ceremony+1","beaked:Ceremony+1","beaked:Ceremony+1","beaked:Insight","Neutralize","Dagger Throw","Masterful Stab","beaked:RitualOfBody+1","conspire:Banana+1","beaked:Foresight+1","beaked:BraceForImpact+1","beaked:WildInstinct","ReplayUltimateDefense+1"],"relics":["beaked:MendingPlumage","halation:PenCase","hubris:DisguiseKit","Replay:Bottled Eggs","SsserpentHead","CultistMask","Torii","aspiration:RitualDagger"],"acts_visited":["Exordium","TheCity"],"potions_floor_usage":[],"damage_taken":[{"damage":7,"enemies":"Small Slimes","floor":1,"turns":4},{"damage":9,"enemies":"2 Louse","floor":4,"turns":3},{"damage":38,"enemies":"3 Sentries","floor":6,"turns":9},{"damage":42,"enemies":"Gremlin Nob","floor":8,"turns":5},{"damage":16,"enemies":"Jaw Worm","floor":10,"turns":9},{"damage":39,"enemies":"Lots of Slimes","floor":12,"turns":25},{"damage":11,"enemies":"Looter","floor":14,"turns":4},{"damage":44,"enemies":"Hexaghost","floor":16,"turns":15},{"damage":72,"enemies":"Spheric Guardian","floor":18,"turns":12},{"damage":51,"enemies":"3 Byrds","floor":22,"turns":6},{"damage":70,"enemies":"Book of Stabbing","floor":25,"turns":6}],"seed_played":"5722436226011397007","potions_obtained":[{"floor":12,"key":"Weak Potion"}],"is_trial":false,"path_per_floor":["M","?","?","M","$","E","R","E","T","M","?","M","R","M","R_BF","B",null,"M","$","?","?","M","R","?","E"],"character_chosen":"BEAKED_THE_CULTIST","items_purchased":["conspire:Banana","ReplayUltimateDefense"],"campfire_rested":0,"item_purchase_floors":[5,19],"current_hp_per_floor":[54,54,54,49,49,36,36,10,10,23,23,62,62,62,62,60,66,39,39,39,22,61,61,61,22,22],"gold":428,"neow_bonus":"TEN_PERCENT_HP_BONUS","is_daily":false,"chose_seed":false,"campfire_upgraded":5,"win_rate":0.0,"timestamp":1610781584,"path_taken":["M","?","?","M","$","E","R","E","T","M","?","M","R","M","R_BF","BOSS","M","?","?","?","M","R","?","E"],"items_purchased_type":["Card","Card"],"build_version":"2020-12-22","purchased_purges":0,"victory":false,"max_hp_per_floor":[55,55,55,55,55,56,56,58,58,60,60,62,62,64,64,66,66,68,68,68,68,70,70,70,72,72],"card_choices":[{"not_picked":["ReplayTheSpireMod:Prepare the Ceremony","beaked:BraceForImpact"],"picked":"beaked:Insight","floor":1},{"not_picked":["beaked:BounceBack","beaked:Foresight"],"picked":"beaked:RitualOfBody","floor":4},{"not_picked":["beaked:SacrificialScars","beaked:RitualOfBody","beaked:LiftOff"],"picked":"SKIP","floor":6},{"not_picked":["beaked:BloodForTheGods","beaked:Flinch"],"picked":"beaked:Foresight","floor":8},{"not_picked":["beaked:Tweet","beaked:StickSmack","beaked:CursingBlood","construct:ModeShift"],"picked":"SKIP","floor":10},{"not_picked":["beaked:MimicMachine","beaked:Overpower","ReplayTheSpireMod:Wings of Steel","construct:Antimatter"],"picked":"SKIP","floor":12},{"not_picked":["beaked:Flinch","beaked:Resilience","construct:ClockworkEgg"],"picked":"beaked:BraceForImpact","floor":14},{"not_picked":["beaked:ShadowFade","beaked:DarkPact","construct:HammerDown"],"picked":"beaked:WildInstinct","floor":16},{"not_picked":["beaked:Redirect","beaked:Molting+1","beaked:Daydream","construct:FierceBash"],"picked":"SKIP","floor":18},{"not_picked":["beaked:Insight","beaked:CursingBlood","beaked:Poke+1","construct:Accumulate"],"picked":"SKIP","floor":22}],"player_experience":663027,"relics_obtained":[{"floor":6,"key":"halation:PenCase"},{"floor":8,"key":"hubris:DisguiseKit"},{"floor":9,"key":"Replay:Bottled Eggs"},{"floor":15,"key":"Torii"}],"event_choices":[{"damage_healed":0,"gold_gain":0,"player_choice":"Agree","damage_taken":0,"max_hp_gain":0,"max_hp_loss":0,"event_name":"conspire:LoneGhost","floor":3,"gold_loss":0},{"damage_healed":0,"gold_gain":0,"player_choice":"Trade","damage_taken":0,"relics_obtained":["SsserpentHead"],"max_hp_gain":0,"max_hp_loss":0,"event_name":"FaceTrader","floor":11,"gold_loss":0},{"damage_healed":0,"gold_gain":0,"player_choice":"Leave","damage_taken":0,"max_hp_gain":0,"max_hp_loss":0,"event_name":"conspire:Investor","floor":20,"gold_loss":0},{"damage_healed":0,"gold_gain":0,"player_choice":"Ignored","damage_taken":0,"max_hp_gain":0,"max_hp_loss":0,"event_name":"Vampires","floor":24,"gold_loss":0}],"is_beta":false,"boss_relics":[{"not_picked":["Replay:Drink Me","conspire:SeveredTorchhead"],"picked":"aspiration:RitualDagger"}],"items_purged_floors":[],"is_endless":false,"potions_floor_spawned":[1,6,12,14,18],"killed_by":"Book of Stabbing","ascension_level":2}}