{"host":"9l1knhxfturzliqa","time":1610762523,"event":{"mods":["BaseMod","Colored Map","Colored Powertips","DeckTracker","Highlight Path","Keyboard Shortcuts","Minty Spire (QoL Compilation)","Random Character Button"],"gold_per_floor":[17,17,30,40,58,90,90,118,118,118,130,130,141,161,161,232,232,244,244,255,275,275,275,275,275],"floor_reached":24,"language":"KOR","playtime":1222,"items_purged":[],"score":399,"play_id":"9bc05b87-dcf7-4324-a35b-d650e00e137c","local_time":"20210116110203","is_ascension_mode":true,"campfire_choices":[{"data":"A Thousand Cuts","floor":7.0,"key":"SMITH"},{"data":"Deadly Poison","floor":10.0,"key":"SMITH"},{"floor":15.0,"key":"REST"},{"floor":23.0,"key":"REST"}],"circlet_count":0,"master_deck":["AscendersBane","Strike_G","Strike_G","Strike_G","Defend_G","Defend_G","Defend_G","Defend_G","Survivor","Neutralize","Die Die Die","Dagger Spray","Neutralize","Poisoned Stab","Deadly Poison+1","Cloak And Dagger","A Thousand Cuts+1","PiercingWail","Escape Plan","Tools of the Trade","Noxious Fumes","Night Terror","Eviscerate+1","Writhe"],"relics":["Ring of the Snake","Nunchaku","Ornamental Fan","Gremlin Horn","Empty Cage","Kunai"],"acts_visited":["Exordium","TheCity"],"potions_floor_usage":[24],"damage_taken":[{"damage":0.0,"enemies":"Jaw Worm","floor":1.0,"turns":5.0},{"damage":6.0,"enemies":"Cultist","floor":3.0,"turns":4.0},{"damage":0.0,"enemies":"Small Slimes","floor":4.0,"turns":2.0},{"damage":1.0,"enemies":"Looter","floor":5.0,"turns":3.0},{"damage":6.0,"enemies":"Gremlin Nob","floor":6.0,"turns":3.0},{"damage":13.0,"enemies":"3 Sentries","floor":8.0,"turns":5.0},{"damage":4.0,"enemies":"Large Slime","floor":11.0,"turns":4.0},{"damage":4.0,"enemies":"Blue Slaver","floor":13.0,"turns":4.0},{"damage":0.0,"enemies":"Lots of Slimes","floor":14.0,"turns":1.0},{"damage":14.0,"enemies":"Hexaghost","floor":16.0,"turns":9.0},{"damage":2.0,"enemies":"3 Byrds","floor":18.0,"turns":5.0},{"damage":14.0,"enemies":"Shell Parasite","floor":20.0,"turns":6.0},{"damage":34.0,"enemies":"Shelled Parasite and Fungi","floor":21.0,"turns":6.0},{"damage":26,"enemies":"Book of Stabbing","floor":24,"turns":4}],"seed_played":"1214057076428380281","potions_obtained":[{"floor":1.0,"key":"CunningPotion"},{"floor":6.0,"key":"SteroidPotion"},{"floor":8.0,"key":"AttackPotion"},{"floor":16.0,"key":"SpeedPotion"},{"floor":21.0,"key":"Swift Potion"}],"is_trial":false,"path_per_floor":["M","?","M","M","M","E","R","E","T","R","M","?","M","M","R","B",null,"M","?","M","M","?","R","E"],"character_chosen":"THE_SILENT","items_purchased":[],"campfire_rested":2,"item_purchase_floors":[],"current_hp_per_floor":[59,59,53,53,52,46,46,33,33,33,29,29,25,25,44,30,57,55,55,41,7,7,26,0,0],"gold":275,"neow_bonus":"THREE_RARE_CARDS","is_daily":false,"chose_seed":false,"campfire_upgraded":2,"win_rate":0.0,"timestamp":1610762523,"path_taken":["M","?","M","M","?","E","R","E","T","R","M","?","M","M","R","BOSS","M","?","M","M","?","R","E"],"items_purchased_type":[],"build_version":"2020-12-22","purchased_purges":0,"victory":false,"max_hp_per_floor":[66,66,66,66,66,66,66,66,66,66,66,66,66,66,66,66,66,66,66,66,66,66,66,66,66],"card_choices":[{"not_picked":["Burst","Unload"],"picked":"Die Die Die","floor":0.0},{"not_picked":["Tactician","Finisher"],"picked":"Dagger Spray","floor":1.0},{"not_picked":["All Out Attack","Backstab"],"picked":"Poisoned Stab","floor":3.0},{"not_picked":["Dagger Throw","Heel Hook"],"picked":"Deadly Poison","floor":4.0},{"not_picked":["Quick Slash","Poisoned Stab"],"picked":"Cloak And Dagger","floor":5.0},{"not_picked":["Setup","Blade Dance"],"picked":"A Thousand Cuts","floor":6.0},{"not_picked":["Slice","Leg Sweep"],"picked":"PiercingWail","floor":8.0},{"not_picked":["PiercingWail","Eviscerate"],"picked":"Escape Plan","floor":11.0},{"not_picked":["PiercingWail","Underhanded Strike"],"picked":"Tools of the Trade","floor":13.0},{"not_picked":["Riddle With Holes","Dash"],"picked":"Noxious Fumes","floor":14.0},{"not_picked":["Envenom","Glass Knife"],"picked":"Night Terror","floor":16.0},{"not_picked":["Dagger Spray","Poisoned Stab","Dodge and Roll"],"picked":"SKIP","floor":18.0},{"not_picked":["Dash","Dagger Spray"],"picked":"Eviscerate+1","floor":20.0},{"not_picked":["Calculated Gamble","Quick Slash","Cloak And Dagger"],"picked":"SKIP","floor":21.0}],"player_experience":462440,"relics_obtained":[{"floor":6.0,"key":"Nunchaku"},{"floor":8.0,"key":"Ornamental Fan"},{"floor":9.0,"key":"Gremlin Horn"}],"event_choices":[{"damage_healed":0.0,"max_hp_gain":0.0,"max_hp_loss":0.0,"gold_gain":0.0,"event_name":"Match and Keep!","player_choice":"1 cards matched","floor":2.0,"gold_loss":0.0,"damage_taken":0.0,"cards_obtained":["Neutralize"]},{"cards_removed":["Strike_G"],"damage_healed":0.0,"max_hp_gain":0.0,"max_hp_loss":0.0,"gold_gain":0.0,"event_name":"Living Wall","player_choice":"Forget","floor":12.0,"gold_loss":0.0,"damage_taken":0.0},{"damage_healed":0.0,"max_hp_gain":0.0,"max_hp_loss":0.0,"gold_gain":0.0,"event_name":"Vampires","player_choice":"Ignored","floor":19.0,"gold_loss":0.0,"damage_taken":0.0},{"damage_healed":0.0,"max_hp_gain":0.0,"max_hp_loss":0.0,"gold_gain":0.0,"event_name":"The Mausoleum","player_choice":"Opened","floor":22.0,"gold_loss":0.0,"damage_taken":0.0,"relics_obtained":["Kunai"],"cards_obtained":["Writhe"]}],"is_beta":false,"boss_relics":[{"not_picked":["Fusion Hammer","SlaversCollar"],"picked":"Empty Cage"}],"items_purged_floors":[],"is_endless":false,"potions_floor_spawned":[1,6,8,16,21],"killed_by":"Book of Stabbing","ascension_level":18}}