{"host":"7tqog9fnhs0gxmti","time":1610773206,"event":{"mods":["AchievementEnabler","Act Like it!","BaseMod","Colored Map","Colored Powertips","Hermit","Highlight Path","Minty Spire (QoL Compilation)","StSLib","The Senshi","everything is the same but u backflip on backflip"],"gold_per_floor":[111,111,111,125,125,155,155,330,355,47,58,72,104,124,124,124,124],"floor_reached":16,"language":"ENG","playtime":451,"items_purged":["Doubt"],"score":135,"play_id":"d05c01cf-9832-44ff-8369-a64fcfae4519","local_time":"20210116130006","is_ascension_mode":false,"campfire_choices":[{"data":"theSenshi:LunaSensingAllies","floor":7,"key":"SMITH"},{"data":"theSenshi:GlimpseOfThePast","floor":15,"key":"SMITH"}],"circlet_count":0,"master_deck":["theSenshi:SailorKick","theSenshi:SailorKick","theSenshi:SailorKick","theSenshi:SailorKick","theSenshi:SailorBlock","theSenshi:SailorBlock","theSenshi:SailorBlock","theSenshi:RoseThrow","theSenshi:MoonPrismPowerMakeUp+1","theSenshi:SailorMercuryAssists","theSenshi:LunaSensingAllies+1","theSenshi:MoonPrincessHalation","theSenshi:MoonPunch","theSenshi:GlimpseOfThePast+1","theSenshi:NeptunesGrace","theSenshi:TuxedoSmokingBomber","theSenshi:MoonTwilightFlash","theSenshi:JupitersPower","theSenshi:TallSilhouette"],"relics":["theSenshi:TransformationBroochRelic","NeowsBlessing","Juzu Bracelet","theSenshi:SailorFukuRelic","Lantern","Smiling Mask"],"acts_visited":["Exordium"],"potions_floor_usage":[13],"damage_taken":[{"damage":0,"enemies":"Jaw Worm","floor":1,"turns":1},{"damage":0,"enemies":"2 Louse","floor":4,"turns":1},{"damage":0,"enemies":"3 Sentries","floor":6,"turns":2},{"damage":0,"enemies":"Cultist","floor":11,"turns":3},{"damage":7,"enemies":"Exordium Wildlife","floor":12,"turns":4},{"damage":24,"enemies":"Gremlin Nob","floor":13,"turns":4},{"damage":12,"enemies":"3 Louse","floor":14,"turns":3},{"damage":36,"enemies":"The Guardian","floor":16,"turns":8}],"seed_played":"5920137129898735489","potions_obtained":[{"floor":6,"key":"SkillPotion"},{"floor":12,"key":"Block Potion"},{"floor":14,"key":"GamblersBrew"}],"is_trial":false,"path_per_floor":["M","?","?","M","T","E","R","?","T","$","M","M","E","M","R","B"],"character_chosen":"THE_SENSHI","items_purchased":["theSenshi:GlimpseOfThePast","theSenshi:NeptunesGrace"],"campfire_rested":0,"item_purchase_floors":[10,10],"current_hp_per_floor":[75,75,75,75,75,75,75,75,75,75,75,68,44,32,32,0,0],"gold":124,"neow_bonus":"THREE_ENEMY_KILL","is_daily":false,"chose_seed":false,"campfire_upgraded":2,"win_rate":0.0,"timestamp":1610773206,"path_taken":["M","?","?","?","?","E","R","?","T","$","M","M","E","M","R","BOSS"],"items_purchased_type":["Card","Card"],"build_version":"2020-12-22","purchased_purges":1,"victory":false,"max_hp_per_floor":[75,75,75,75,75,75,75,75,75,75,75,75,75,75,75,75,75],"card_choices":[{"not_picked":["theSenshi:MoonPunch","theSenshi:DramaticEntrance"],"picked":"theSenshi:SailorMercuryAssists","floor":1},{"not_picked":["theSenshi:MoonCrystalPowerMakeUp","theSenshi:Sidestep"],"picked":"theSenshi:MoonPrincessHalation","floor":4},{"not_picked":["theSenshi:EncouragingSpeech","theSenshi:SailorMercuryAssists"],"picked":"theSenshi:MoonPunch","floor":6},{"not_picked":["theSenshi:NeptunesGrace","theSenshi:Sidestep"],"picked":"theSenshi:TuxedoSmokingBomber","floor":11},{"not_picked":["theSenshi:SailorMercuryAssists","theSenshi:MoonPunch"],"picked":"theSenshi:MoonTwilightFlash","floor":12},{"not_picked":["theSenshi:LateForSchool","theSenshi:MoonPrincessHalation"],"picked":"theSenshi:JupitersPower","floor":13},{"not_picked":["theSenshi:OdangoHead","theSenshi:MoonHealingEscalation"],"picked":"theSenshi:TallSilhouette","floor":14}],"player_experience":743597,"relics_obtained":[{"floor":5,"key":"Juzu Bracelet"},{"floor":6,"key":"theSenshi:SailorFukuRelic"},{"floor":9,"key":"Lantern"},{"floor":13,"key":"Smiling Mask"}],"event_choices":[{"damage_healed":0,"gold_gain":0,"player_choice":"Grow","damage_taken":0,"max_hp_gain":0,"max_hp_loss":0,"event_name":"Living Wall","floor":2,"gold_loss":0,"cards_upgraded":["theSenshi:MoonPrismPowerMakeUp"]},{"damage_healed":0,"gold_gain":0,"cards_transformed":["theSenshi:SailorBlock"],"player_choice":"Transformed","damage_taken":0,"max_hp_gain":0,"max_hp_loss":0,"event_name":"Transmorgrifier","floor":3,"gold_loss":0,"cards_obtained":["theSenshi:LunaSensingAllies"]},{"damage_healed":0,"gold_gain":175,"player_choice":"AGREE","damage_taken":0,"max_hp_gain":0,"max_hp_loss":0,"event_name":"Liars Game","floor":8,"gold_loss":0,"cards_obtained":["Doubt"]}],"is_beta":false,"boss_relics":[],"items_purged_floors":[10],"is_endless":false,"potions_floor_spawned":[6,12,14],"killed_by":"The Guardian","ascension_level":0}}