{"host":"tf5skwcwe0vlu2md","time":1610793585,"event":{"mods":["BaseMod","Downfall","Highlight Path","Minty Spire (QoL Compilation)","StSLib","The Hierophant"],"gold_per_floor":[119,127,127,129,156,103,103,13,13],"floor_reached":8,"playtime":781,"items_purged":[],"score":83,"play_id":"3fc95a50-52c0-4130-9bcd-6b6c117a4df0","local_time":"20210116213945","is_ascension_mode":false,"campfire_choices":[{"floor":7,"key":"REST"}],"circlet_count":0,"master_deck":["hierophant:Strike_Hierophant","hierophant:Strike_Hierophant","hierophant:Strike_Hierophant","hierophant:Strike_Hierophant","hierophant:Punish","hierophant:Defend_Hierophant","hierophant:Defend_Hierophant","hierophant:Defend_Hierophant","hierophant:Defend_Hierophant","hierophant:ChurchCoffers","hierophant:EyeForCoin","hierophant:Doubloon","hierophant:Sermon","hierophant:Doubloon","hierophant:RustyCrate","hierophant:Doubloon","hierophant:Doubloon","hierophant:Doubloon","hierophant:SolarFlare","hierophant:Doubloon","hierophant:HammerAndAnvil","hierophant:Doubloon"],"relics":["hierophant:PropheticMaskRelic","The Courier"],"acts_visited":["Exordium"],"potions_floor_usage":[6],"damage_taken":[{"damage":8,"enemies":"2 Louse","floor":1,"turns":3},{"damage":14,"enemies":"Jaw Worm","floor":2,"turns":5},{"damage":8,"enemies":"Cultist","floor":4,"turns":5},{"damage":15,"enemies":"Large Slime","floor":5,"turns":9},{"damage":24,"enemies":"Lagavulin","floor":6,"turns":7},{"damage":38,"enemies":"3 Sentries","floor":8,"turns":8}],"seed_played":"-6279023292153307601","potions_obtained":[{"floor":4,"key":"ColorlessPotion"},{"floor":5,"key":"LiquidMemories"}],"is_trial":false,"path_per_floor":["M","M","?","M","M","E","R","E"],"character_chosen":"HIEROPHANT","items_purchased":[],"campfire_rested":1,"item_purchase_floors":[],"current_hp_per_floor":[74,60,60,52,37,13,37,0,0],"gold":13,"neow_bonus":"TEN_PERCENT_HP_BONUS","is_daily":false,"chose_seed":false,"campfire_upgraded":0,"win_rate":0.0,"timestamp":1610793585,"path_taken":["M","M","?","M","M","E","R","E"],"items_purchased_type":[],"build_version":"2020-12-13","purchased_purges":0,"victory":false,"max_hp_per_floor":[82,82,82,82,82,82,82,82,82],"card_choices":[{"not_picked":["hierophant:Zeal","hierophant:ThreeLashes"],"picked":"hierophant:EyeForCoin","floor":1},{"not_picked":["hierophant:DisplayOfPower","hierophant:SealAway"],"picked":"hierophant:Sermon","floor":2},{"not_picked":["hierophant:Upheaval","hierophant:OrnateBuckler"],"picked":"hierophant:RustyCrate","floor":4},{"not_picked":["hierophant:Levitation","hierophant:HolyVerse"],"picked":"hierophant:SolarFlare","floor":5},{"not_picked":["hierophant:Cornucopia","hierophant:WrathOfGod"],"picked":"hierophant:HammerAndAnvil","floor":6}],"player_experience":189462,"relics_obtained":[{"floor":6,"key":"The Courier"}],"event_choices":[{"damage_healed":0,"gold_gain":0,"player_choice":"Ignored","damage_taken":0,"max_hp_gain":0,"max_hp_loss":0,"event_name":"Liars Game","floor":3,"gold_loss":0}],"is_beta":false,"boss_relics":[],"items_purged_floors":[],"is_endless":false,"potions_floor_spawned":[4,5],"killed_by":"3 Sentries","ascension_level":0}}