{"host":"xb2tau8pgi8aflss","time":1610802553,"event":{"mods":["AchievementEnabler","BaseMod","Minty Spire (QoL Compilation)","StSLib","SuperFastMode"],"gold_per_floor":[118,43,43,143,159,159,59,94,94,94,104,132,132,142,142,247,247,265,190,205,31,43,71,71,71,71,89,89,119,139,54,54,54,54],"floor_reached":33,"language":"KOR","playtime":920,"items_purged":["Strike_P"],"score":413,"play_id":"0ee9a7dd-5277-4c9f-a5be-f0b2147b399d","local_time":"20210116220913","is_ascension_mode":true,"campfire_choices":[{"data":"Eruption","floor":6,"key":"SMITH"},{"data":"BowlingBash","floor":10,"key":"SMITH"},{"data":"Study","floor":13,"key":"SMITH"},{"data":"EmptyBody","floor":15,"key":"SMITH"},{"floor":24,"key":"REST"},{"data":"MentalFortress","floor":28,"key":"SMITH"},{"floor":32,"key":"REST"}],"circlet_count":0,"master_deck":["Strike_P","Strike_P+1","Defend_P+1","Defend_P","Eruption+1","Vigilance","BowlingBash+1","EmptyBody+1","ClearTheMind","FollowUp","Study+1","Ragnarok","ClearTheMind+1","MentalFortress+1","Flash of Steel","EmptyMind+1","InnerPeace+1","DeceiveReality+1","ReachHeaven","Regret","Vault+1","Crescendo+1"],"relics":["PureWater","NeowsBlessing","Torii","Mercury Hourglass","Toxic Egg 2","Cursed Key","Vajra","Tiny Chest","Pen Nib"],"acts_visited":["Exordium","TheCity"],"potions_floor_usage":[12,16,23,29,29,33],"damage_taken":[{"damage":0,"enemies":"2 Louse","floor":1,"turns":1},{"damage":0,"enemies":"Cultist","floor":5,"turns":1},{"damage":0,"enemies":"3 Sentries","floor":8,"turns":2},{"damage":0,"enemies":"Small Slimes","floor":11,"turns":2},{"damage":1,"enemies":"Gremlin Nob","floor":12,"turns":3},{"damage":0,"enemies":"2 Fungi Beasts","floor":14,"turns":2},{"damage":14,"enemies":"The Guardian","floor":16,"turns":13},{"damage":1,"enemies":"Chosen","floor":18,"turns":4},{"damage":11,"enemies":"3 Byrds","floor":20,"turns":4},{"damage":11,"enemies":"Centurion and Healer","floor":22,"turns":5},{"damage":21,"enemies":"Gremlin Leader","floor":23,"turns":4},{"damage":11,"enemies":"Snake Plant","floor":27,"turns":4},{"damage":8,"enemies":"Book of Stabbing","floor":29,"turns":4},{"damage":7,"enemies":"Cultist and Chosen","floor":30,"turns":4},{"damage":42,"enemies":"Automaton","floor":33,"turns":6}],"seed_played":"1116534025433965377","potions_obtained":[{"floor":1,"key":"FearPotion"},{"floor":8,"key":"PowerPotion"},{"floor":11,"key":"AttackPotion"},{"floor":12,"key":"Ambrosia"},{"floor":18,"key":"PowerPotion"},{"floor":29,"key":"StancePotion"},{"floor":30,"key":"BlessingOfTheForge"}],"is_trial":false,"path_per_floor":["M","$","?","?","M","R","$","E","T","R","M","E","R","M","R","B",null,"M","?","M","$","M","E","R","?","T","M","R","E","M","?","R","B"],"character_chosen":"WATCHER","items_purchased":["ClearTheMind","FollowUp","MentalFortress","Flash of Steel"],"campfire_rested":2,"item_purchase_floors":[7,7,21,21],"current_hp_per_floor":[65,65,51,51,51,51,51,51,51,51,51,50,50,50,50,36,63,62,62,51,51,40,19,40,40,40,29,29,21,14,14,35,0,0],"gold":54,"neow_bonus":"THREE_ENEMY_KILL","is_daily":false,"chose_seed":false,"campfire_upgraded":5,"win_rate":0.0,"timestamp":1610802553,"path_taken":["M","$","?","?","M","R","$","E","T","R","?","E","R","M","R","BOSS","M","?","M","$","M","E","R","?","T","M","R","E","M","?","R","BOSS"],"items_purchased_type":["Card","Card","Card","Card"],"build_version":"2020-12-22","purchased_purges":1,"victory":false,"max_hp_per_floor":[72,72,72,72,72,72,72,72,72,72,72,72,72,72,72,72,72,72,72,72,72,72,72,72,72,72,72,72,72,72,72,72,72,72],"card_choices":[{"not_picked":["Indignation","CutThroughFate"],"picked":"BowlingBash","floor":1},{"not_picked":["DeceiveReality","ForeignInfluence"],"picked":"EmptyBody","floor":5},{"not_picked":["BowlingBash","EmptyBody","WindmillStrike"],"picked":"SKIP","floor":8},{"not_picked":["BowlingBash","Prostrate"],"picked":"Study","floor":11},{"not_picked":["DeceiveReality+1","Brilliance","FlyingSleeves"],"picked":"SKIP","floor":12},{"not_picked":["Consecrate","CrushJoints","CutThroughFate"],"picked":"SKIP","floor":14},{"not_picked":["Judgement+1","DeusExMachina+1"],"picked":"Ragnarok","floor":16},{"not_picked":["ThirdEye+1","FlyingSleeves"],"picked":"ClearTheMind+1","floor":18},{"not_picked":["FollowUp","CutThroughFate","Consecrate"],"picked":"SKIP","floor":20},{"not_picked":["JustLucky+1","FlurryOfBlows"],"picked":"EmptyMind+1","floor":22},{"not_picked":["CrushJoints","SandsOfTime"],"picked":"InnerPeace+1","floor":23},{"not_picked":["WheelKick+1","Prostrate+1","InnerPeace+1"],"picked":"SKIP","floor":27},{"not_picked":["JustLucky","ClearTheMind+1"],"picked":"Vault+1","floor":29},{"not_picked":["EmptyBody+1","BowlingBash"],"picked":"Crescendo+1","floor":30}],"player_experience":736406,"relics_obtained":[{"floor":8,"key":"Torii"},{"floor":9,"key":"Mercury Hourglass"},{"floor":12,"key":"Toxic Egg 2"},{"floor":23,"key":"Vajra"},{"floor":29,"key":"Tiny Chest"}],"event_choices":[{"damage_healed":0,"gold_gain":0,"player_choice":"Entered Light","damage_taken":14,"max_hp_gain":0,"max_hp_loss":0,"event_name":"Shining Light","floor":3,"gold_loss":0,"cards_upgraded":["Defend_P","Strike_P"]},{"damage_healed":0,"gold_gain":100,"player_choice":"Pray","damage_taken":0,"max_hp_gain":0,"max_hp_loss":0,"event_name":"Golden Shrine","floor":4,"gold_loss":0},{"cards_removed":["Strike_P"],"damage_healed":0,"gold_gain":0,"player_choice":"Gave Gold","damage_taken":0,"max_hp_gain":0,"max_hp_loss":0,"event_name":"Beggar","floor":19,"gold_loss":75},{"damage_healed":0,"gold_gain":0,"cards_transformed":["Defend_P","Defend_P"],"player_choice":"Became Test Subject","damage_taken":0,"max_hp_gain":0,"max_hp_loss":0,"event_name":"Drug Dealer","floor":25,"gold_loss":0,"cards_obtained":["DeceiveReality","ReachHeaven"]},{"damage_healed":0,"gold_gain":0,"player_choice":"Obtained Relic","damage_taken":0,"relics_obtained":["Pen Nib"],"max_hp_gain":0,"max_hp_loss":0,"event_name":"Addict","floor":31,"gold_loss":85}],"is_beta":false,"boss_relics":[{"not_picked":["Runic Pyramid","Philosopher\u0027s Stone"],"picked":"Cursed Key"}],"items_purged_floors":[2],"is_endless":false,"potions_floor_spawned":[1,8,11,12,18,20,29,30],"killed_by":"Automaton","ascension_level":6}}