{"host":"danq4vzudt77osor","time":1610766680,"event":{"mods":["BaseMod","Colored Map","Custom Start","Minty Spire (QoL Compilation)","StSLib","SuperFastMode"],"gold_per_floor":[118,118,43,43,118,118,148,158,158,178,197,197,209,243,243,317,317,288,52,52,84,99,99,126,126,126,126,137,166,166,166,166],"floor_reached":31,"language":"KOR","playtime":750,"items_purged":["Strike_G","Strike_G"],"score":712,"play_id":"5ed91c19-416c-4472-a3d6-6972b2ba1e8e","local_time":"20210116121120","is_ascension_mode":true,"campfire_choices":[{"data":"After Image","floor":6.0,"key":"SMITH"},{"data":"Neutralize","floor":12.0,"key":"SMITH"},{"data":"Bouncing Flask","floor":15.0,"key":"SMITH"},{"data":"Calculated Gamble","floor":23,"key":"SMITH"},{"data":"Acrobatics","floor":25,"key":"SMITH"},{"data":"Reflex","floor":27,"key":"SMITH"}],"circlet_count":0,"master_deck":["AscendersBane","Strike_G","Strike_G","Defend_G","Defend_G","Defend_G","Defend_G","Survivor","Neutralize+1","Flying Knee","After Image+1","Reflex+1","Heel Hook","Calculated Gamble+1","Poisoned Stab","After Image","Bouncing Flask+1","Adrenaline","Acrobatics+1","Poisoned Stab+1","Backflip"],"relics":["Ring of the Snake","NeowsBlessing","Nunchaku","Paper Crane","HornCleat","Philosopher\u0027s Stone","Tough Bandages","Red Mask","Pen Nib","Juzu Bracelet"],"acts_visited":["Exordium","TheCity"],"potions_floor_usage":[24],"damage_taken":[{"damage":0.0,"enemies":"Jaw Worm","floor":1.0,"turns":1.0},{"damage":0.0,"enemies":"Lagavulin","floor":7.0,"turns":1.0},{"damage":0.0,"enemies":"Cultist","floor":8.0,"turns":1.0},{"damage":0.0,"enemies":"Small Slimes","floor":10.0,"turns":3.0},{"damage":4.0,"enemies":"Looter","floor":11.0,"turns":4.0},{"damage":0.0,"enemies":"Blue Slaver","floor":13.0,"turns":3.0},{"damage":13.0,"enemies":"Gremlin Nob","floor":14.0,"turns":5.0},{"damage":5.0,"enemies":"Hexaghost","floor":16.0,"turns":10.0},{"damage":0.0,"enemies":"2 Thieves","floor":18.0,"turns":4.0},{"damage":36,"enemies":"Masked Bandits","floor":21,"turns":6},{"damage":0,"enemies":"3 Byrds","floor":22,"turns":4},{"damage":0,"enemies":"Book of Stabbing","floor":24,"turns":4},{"damage":0,"enemies":"3 Cultists","floor":28,"turns":5},{"damage":0,"enemies":"Gremlin Leader","floor":29,"turns":6},{"damage":20,"enemies":"Slavers","floor":31,"turns":4}],"seed_played":"-7336345766809209961","potions_obtained":[{"floor":2.0,"key":"Poison Potion"},{"floor":2.0,"key":"CultistPotion"},{"floor":21,"key":"Block Potion"}],"is_trial":false,"path_per_floor":["M","?","$","?","?","R","E","M","T","M","M","R","M","E","R","B",null,"M","$","?","?","M","R","E","R","T","R","M","E","?","E"],"character_chosen":"THE_SILENT","items_purchased":["Tough Bandages"],"campfire_rested":0,"item_purchase_floors":[19],"current_hp_per_floor":[59,59,59,59,48,48,48,48,48,48,44,44,44,31,31,26,56,56,56,56,20,20,20,20,20,20,20,20,20,20,0,0],"gold":166,"neow_bonus":"THREE_ENEMY_KILL","is_daily":false,"chose_seed":false,"campfire_upgraded":6,"win_rate":0.0,"timestamp":1610766680,"path_taken":["M","?","?","?","?","R","E","M","T","M","?","R","M","E","R","BOSS","M","$","?","?","M","R","E","R","T","R","M","E","?","E"],"items_purchased_type":["Relic"],"build_version":"2020-12-22","purchased_purges":2,"victory":false,"max_hp_per_floor":[66,66,66,66,66,66,66,66,66,66,66,66,66,66,66,66,66,66,66,66,66,66,66,66,66,66,66,66,66,66,66,66],"card_choices":[{"not_picked":["Sucker Punch","Slice"],"picked":"Flying Knee","floor":1.0},{"not_picked":["Heel Hook","Dagger Throw"],"picked":"Reflex","floor":7.0},{"not_picked":["Predator","All Out Attack"],"picked":"Heel Hook","floor":8.0},{"not_picked":["Poisoned Stab","Leg Sweep"],"picked":"Calculated Gamble","floor":10.0},{"not_picked":["Dodge and Roll","Dagger Throw"],"picked":"Poisoned Stab","floor":11.0},{"not_picked":["Poisoned Stab","Noxious Fumes"],"picked":"After Image","floor":13.0},{"not_picked":["Dash","Phantasmal Killer"],"picked":"Bouncing Flask","floor":14.0},{"not_picked":["Storm of Steel","Envenom"],"picked":"Adrenaline","floor":16.0},{"not_picked":["Prepared","Underhanded Strike"],"picked":"Acrobatics","floor":18.0},{"not_picked":["Dagger Spray","Bullet Time"],"picked":"Poisoned Stab+1","floor":21},{"not_picked":["Outmaneuver","Slice","Finisher"],"picked":"SKIP","floor":22},{"not_picked":["Storm of Steel","All Out Attack"],"picked":"Backflip","floor":24},{"not_picked":["Dagger Spray","Caltrops","Quick Slash"],"picked":"SKIP","floor":28},{"not_picked":["Dash","Dagger Spray","Finisher"],"picked":"SKIP","floor":29}],"player_experience":1660034,"relics_obtained":[{"floor":7.0,"key":"Nunchaku"},{"floor":9.0,"key":"Paper Crane"},{"floor":14.0,"key":"HornCleat"},{"floor":21,"key":"Red Mask"},{"floor":24,"key":"Pen Nib"},{"floor":29,"key":"Juzu Bracelet"}],"event_choices":[{"damage_healed":0.0,"max_hp_gain":0.0,"max_hp_loss":0.0,"gold_gain":0.0,"event_name":"Lab","player_choice":"Got Potions","floor":2.0,"gold_loss":0.0,"damage_taken":0.0},{"damage_healed":0.0,"max_hp_gain":0.0,"max_hp_loss":0.0,"gold_gain":0.0,"cards_transformed":["Defend_G"],"event_name":"Living Wall","player_choice":"Change","floor":4.0,"gold_loss":0.0,"damage_taken":0.0,"cards_obtained":["After Image"]},{"damage_healed":0.0,"max_hp_gain":0.0,"max_hp_loss":0.0,"gold_gain":75.0,"event_name":"World of Goop","player_choice":"Gather Gold","floor":5.0,"gold_loss":0.0,"damage_taken":11.0},{"damage_healed":0,"gold_gain":0,"player_choice":"Ignored","damage_taken":0,"max_hp_gain":0,"max_hp_loss":0,"event_name":"Cursed Tome","floor":20,"gold_loss":0},{"damage_healed":0,"gold_gain":0,"player_choice":"Fought Bandits","damage_taken":0,"max_hp_gain":0,"max_hp_loss":0,"event_name":"Masked Bandits","floor":21,"gold_loss":0},{"cards_removed":["Strike_G"],"damage_healed":0,"gold_gain":0,"player_choice":"Elegance","damage_taken":0,"max_hp_gain":0,"max_hp_loss":0,"event_name":"Back to Basics","floor":30,"gold_loss":0}],"is_beta":false,"boss_relics":[{"not_picked":["WristBlade","Runic Pyramid"],"picked":"Philosopher\u0027s Stone"}],"items_purged_floors":[3,19],"is_endless":false,"potions_floor_spawned":[10,11,13,16,21],"killed_by":"Slavers","ascension_level":20}}