{"host":"rfig31diolzjwfq0","time":1610808090,"event":{"mods":["AchievementEnabler","BaseMod","Colored Map","Colored Powertips","Downfall","Googly Eyes","Highlight Path","Minty Spire (QoL Compilation)","Relic Stats","StSLib"],"gold_per_floor":[99,113,113,51,62,77,77,62,62,74,85,85,85,101,113,216,216,216,228,228,228,238,238,238,238],"floor_reached":23,"language":"ENG","playtime":3003,"items_purged":[],"score":258,"play_id":"6bd5562f-c6b8-4201-9ef1-8eafaf154c91","local_time":"20210116084130","is_ascension_mode":false,"campfire_choices":[{"data":"champ:Taunt","floor":1.0,"key":"SMITH"},{"data":"champ:StanceDance","floor":9.0,"key":"SMITH"},{"data":"champ:BerserkerStyle","floor":13.0,"key":"SMITH"},{"data":"champ:HoldFirm","floor":18,"key":"SMITH"}],"circlet_count":0,"master_deck":["champ:Defend","champ:Defend","champ:Defend","champ:Defend","champ:Execute","champ:Taunt+1","champ:StanceDance+1","champ:ViciousMockery+1","champ:BringItOn","champ:AdrenalArmor","champ:BerserkerStyle+1","champ:RisingSlash","champ:HoldFirm+1","champ:DeathBlow","champ:IgnorePain","Bite","Bite","Bite","Bite","Bite"],"relics":["champ:ChampionCrownUpgraded","StoneCalendar"],"acts_visited":["Exordium","TheCity"],"potions_floor_usage":[],"damage_taken":[{"damage":5.0,"enemies":"Small Slimes","floor":2.0,"turns":4.0},{"damage":10.0,"enemies":"downfall:FleeingMerchant","floor":4.0,"turns":4.0},{"damage":8.0,"enemies":"Cultist","floor":5.0,"turns":5.0},{"damage":21.0,"enemies":"Jaw Worm","floor":6.0,"turns":4.0},{"damage":24.0,"enemies":"downfall:FleeingMerchant","floor":8.0,"turns":4.0},{"damage":19.0,"enemies":"Exordium Thugs","floor":10.0,"turns":7.0},{"damage":31.0,"enemies":"Large Slime","floor":11.0,"turns":7.0},{"damage":19.0,"enemies":"Exordium Wildlife","floor":14.0,"turns":4.0},{"damage":51.0,"enemies":"Exordium Thugs","floor":15.0,"turns":7.0},{"damage":71.0,"enemies":"downfall:Watcher","floor":16.0,"turns":9.0},{"damage":49,"enemies":"Chosen","floor":19,"turns":7},{"damage":62,"enemies":"Snake Plant","floor":22,"turns":6},{"damage":51,"enemies":"Book of Stabbing","floor":23,"turns":3}],"seed_played":"-3444055923871194279","potions_obtained":[{"floor":2.0,"key":"EssenceOfSteel"},{"floor":5.0,"key":"FearPotion"},{"floor":14.0,"key":"SteroidPotion"},{"floor":15.0,"key":"Fire Potion"}],"is_trial":false,"path_per_floor":["R","M","?","$","M","M","T","$","R","M","M","?","R","M","M","B",null,"R","M","?","?","M","E"],"character_chosen":"THE_CHAMP","items_purchased":["champ:BringItOn"],"campfire_rested":0,"item_purchase_floors":[4],"current_hp_per_floor":[99,99,99,99,96,96,96,91,91,91,88,88,88,86,73,73,99,99,88,69,54,47,0,0,0],"gold":238,"neow_bonus":"TEN_PERCENT_HP_BONUS","is_daily":false,"chose_seed":false,"campfire_upgraded":4,"win_rate":0.0,"timestamp":1610808090,"path_taken":["R","M","?","?","M","M","T","$","R","M","M","?","R","?","M","BOSS","R","M","?","?","M","E"],"items_purchased_type":["Card"],"build_version":"2020-12-22","purchased_purges":0,"victory":false,"max_hp_per_floor":[99,99,99,99,99,99,99,99,99,99,99,99,99,99,99,99,99,99,99,69,69,69,69,69,69],"relic_stats":{"counters":[13,71],"StoneCalendar":[66],"obtain_stats":[{"champ:ChampionCrown":0,"StoneCalendar":7,"champ:ChampionCrownUpgraded":17},{"champ:ChampionCrown":0,"StoneCalendar":4,"champ:ChampionCrownUpgraded":10},{"champ:ChampionCrown":0,"StoneCalendar":17,"champ:ChampionCrownUpgraded":55}]},"card_choices":[{"not_picked":["champ:Duel","champ:RecklessLeap"],"picked":"champ:StanceDance","floor":2.0},{"not_picked":["champ:TornadoPunch","champ:GutPunch"],"picked":"champ:ViciousMockery","floor":4.0},{"not_picked":["champ:CrookedStrike","champ:PerfectedStrike"],"picked":"champ:AdrenalArmor","floor":5.0},{"not_picked":["champ:FlashCut","champ:Shatter"],"picked":"champ:BerserkerStyle","floor":6.0},{"not_picked":["champ:FaceSlap","champ:HeavySlash","champ:BladeFlurry"],"picked":"SKIP","floor":8.0},{"not_picked":["champ:BladeFlurry","champ:SkillfulDodge","champ:PerfectedStrike"],"picked":"SKIP","floor":10.0},{"not_picked":["champ:BerserkersShout","champ:ShieldWall"],"picked":"champ:RisingSlash","floor":11.0},{"not_picked":["champ:GladiatorsShout","champ:StanceDance"],"picked":"champ:HoldFirm","floor":14.0},{"not_picked":["champ:Circumvent","champ:FaceSlap"],"picked":"champ:DeathBlow","floor":15.0},{"not_picked":["champ:ShieldThrow","champ:Improvising"],"picked":"champ:IgnorePain","floor":16.0},{"not_picked":["champ:BladeFlurry","champ:RapidStrikes","champ:Encircle+1"],"picked":"SKIP","floor":19},{"not_picked":["champ:BladeFlurry","champ:FocusedDefense","champ:GladiatorStyle"],"picked":"SKIP","floor":22}],"player_experience":232235,"relics_obtained":[{"floor":7.0,"key":"StoneCalendar"}],"event_choices":[{"cards_removed":["champ:Strike"],"damage_healed":0.0,"max_hp_gain":0.0,"max_hp_loss":0.0,"gold_gain":0.0,"event_name":"Purifier","player_choice":"Purged","floor":3.0,"gold_loss":0.0,"damage_taken":0.0},{"damage_healed":0.0,"max_hp_gain":0.0,"max_hp_loss":0.0,"gold_gain":0.0,"event_name":"Upgrade Shrine","player_choice":"Upgraded","floor":12.0,"gold_loss":0.0,"damage_taken":0.0,"cards_upgraded":["champ:ViciousMockery"]},{"damage_healed":0,"gold_gain":0,"player_choice":"Became a vampire","damage_taken":0,"max_hp_gain":0,"max_hp_loss":30,"event_name":"Vampires","floor":20,"gold_loss":0,"cards_obtained":["Bite","Bite","Bite","Bite","Bite"]}],"is_beta":false,"boss_relics":[{"not_picked":["Busted Crown","Tiny House"],"picked":"champ:ChampionCrownUpgraded"}],"items_purged_floors":[],"is_endless":false,"potions_floor_spawned":[2,5,14,15,16,22],"killed_by":"Book of Stabbing","ascension_level":0}}