{"host":"p9t7qd83igtcp2bh","time":1610775760,"event":{"mods":["2.2 Compatiblity","AchievementEnabler","BaseMod","Colored Map","Colored Powertips","Custom Start","DeckTracker","Keyboard Shortcuts","Minty Spire (QoL Compilation)","Permanent Neow","StSLib","SuperFastMode","everything is the same but u backflip on backflip"],"gold_per_floor":[112,122,135,135,135,135,80,80,80],"floor_reached":8,"language":"KOR","playtime":194,"items_purged":[],"score":90,"play_id":"d46edd13-4b4e-44b5-9d3c-884100128c57","local_time":"20210116144240","is_ascension_mode":true,"campfire_choices":[{"data":"Creative AI","floor":6,"key":"SMITH"}],"circlet_count":0,"master_deck":["AscendersBane","Strike_B","Strike_B","Strike_B","Strike_B","Defend_B","Defend_B","Defend_B","Zap","Dualcast","Creative AI+1","Chill","Gash","Ball Lightning"],"relics":["Cracked Core","Golden Idol"],"acts_visited":["Exordium"],"potions_floor_usage":[8,8],"damage_taken":[{"damage":9,"enemies":"Jaw Worm","floor":1,"turns":4},{"damage":0,"enemies":"Small Slimes","floor":2,"turns":4},{"damage":0,"enemies":"2 Louse","floor":3,"turns":3},{"damage":58,"enemies":"Gremlin Nob","floor":8,"turns":4}],"seed_played":"-7013075493851520429","potions_obtained":[{"floor":3,"key":"SkillPotion"}],"is_trial":false,"path_per_floor":["M","M","M","?","?","R","$","E"],"character_chosen":"DEFECT","items_purchased":["PowerPotion"],"campfire_rested":0,"item_purchase_floors":[7],"current_hp_per_floor":[55,55,55,55,48,48,48,0,0],"gold":80,"neow_bonus":"ONE_RANDOM_RARE_CARD","is_daily":false,"chose_seed":false,"campfire_upgraded":1,"win_rate":0.0,"timestamp":1610775760,"path_taken":["M","M","M","?","?","R","$","E"],"items_purchased_type":["Potion"],"build_version":"2020-12-22","purchased_purges":0,"victory":false,"max_hp_per_floor":[71,71,71,64,64,64,64,64,64],"card_choices":[{"not_picked":["Rebound","Cold Snap"],"picked":"Chill","floor":1},{"not_picked":["Melter","Redo"],"picked":"Gash","floor":2},{"not_picked":["Go for the Eyes","Rebound"],"picked":"Ball Lightning","floor":3}],"player_experience":650079,"relics_obtained":[],"event_choices":[{"damage_healed":0,"gold_gain":0,"player_choice":"Lose Max HP","damage_taken":0,"relics_obtained":["Golden Idol"],"max_hp_gain":0,"max_hp_loss":7,"event_name":"Golden Idol","floor":4,"gold_loss":0},{"cards_removed":["Defend_B"],"damage_healed":0,"gold_gain":0,"player_choice":"Card Removal","damage_taken":7,"max_hp_gain":0,"max_hp_loss":0,"event_name":"Golden Wing","floor":5,"gold_loss":0}],"is_beta":false,"boss_relics":[],"items_purged_floors":[],"is_endless":false,"potions_floor_spawned":[3],"killed_by":"Gremlin Nob","ascension_level":19}}