{"host":"ydujlihd8f5px9gp","time":1610823715,"event":{"mods":["AchievementEnabler","BaseMod","Block Reminder","Colored Map","Minty Spire (QoL Compilation)","ojb\u0027s Info Mod"],"gold_per_floor":[114,79,95,108,119,119,145,145,145,145,179,179,242,253,253,348,348,367,209,222,222,242,277,277,310,310,65,82,82,92,92,92,196,196,208,58,76,76,76,76,93,93,145,178,178,192,207,236,236,236],"floor_reached":51,"language":"ENG","playtime":3034,"items_purged":[],"score":790,"play_id":"55d130f6-d4e4-4eb6-912e-20a1489687de","local_time":"20210116170155","is_ascension_mode":true,"campfire_choices":[{"data":"Zap","floor":6,"key":"SMITH"},{"data":"Streamline","floor":8,"key":"SMITH"},{"data":"FTL","floor":10,"key":"SMITH"},{"floor":15,"key":"REST"},{"data":"Meteor Strike","floor":24,"key":"SMITH"},{"floor":32,"key":"REST"},{"data":"Gash","floor":40,"key":"SMITH"},{"data":"Defragment","floor":42,"key":"SMITH"},{"data":"Gash","floor":45,"key":"SMITH"},{"data":"Gash","floor":49,"key":"SMITH"}],"circlet_count":0,"master_deck":["Strike_B+1","Strike_B+1","Strike_B+1","Strike_B+1","Defend_B+1","Defend_B+1","Defend_B+1","Defend_B+1","Zap+1","Dualcast","FTL+1","Streamline+1","Go for the Eyes","Recycle","Core Surge","Defragment+1","Gash+1","Double Energy","Go for the Eyes+1","Gash+1","Cold Snap+1","Cold Snap+1","Gash+1"],"relics":["Cracked Core","Torii","Calipers","CaptainsWheel","Ornamental Fan","Pen Nib","Busted Crown","Question Card","Shuriken","Meat on the Bone","Cables","Runic Pyramid","Lee\u0027s Waffle","Ancient Tea Set","Eternal Feather","Toy Ornithopter"],"acts_visited":["Exordium","TheCity","TheBeyond"],"potions_floor_usage":[7,16,28,33,41,44,50,50,50],"damage_taken":[{"damage":5,"enemies":"Small Slimes","floor":1,"turns":3},{"damage":1,"enemies":"Jaw Worm","floor":3,"turns":3},{"damage":0,"enemies":"Cultist","floor":4,"turns":2},{"damage":6,"enemies":"2 Fungi Beasts","floor":5,"turns":3},{"damage":4,"enemies":"Gremlin Nob","floor":7,"turns":3},{"damage":16,"enemies":"Lagavulin","floor":11,"turns":5},{"damage":9,"enemies":"3 Sentries","floor":13,"turns":6},{"damage":2,"enemies":"Lots of Slimes","floor":14,"turns":4},{"damage":11,"enemies":"Hexaghost","floor":16,"turns":7},{"damage":7,"enemies":"2 Thieves","floor":18,"turns":4},{"damage":6,"enemies":"Spheric Guardian","floor":20,"turns":3},{"damage":2,"enemies":"Snecko","floor":22,"turns":5},{"damage":7,"enemies":"Book of Stabbing","floor":23,"turns":6},{"damage":38,"enemies":"Slavers","floor":25,"turns":6},{"damage":1,"enemies":"Cultist and Chosen","floor":28,"turns":6},{"damage":7,"enemies":"Shelled Parasite and Fungi","floor":30,"turns":4},{"damage":45,"enemies":"Champ","floor":33,"turns":11},{"damage":25,"enemies":"3 Darklings","floor":35,"turns":6},{"damage":13,"enemies":"3 Shapes","floor":37,"turns":4},{"damage":0,"enemies":"Maw","floor":41,"turns":6},{"damage":2,"enemies":"Reptomancer","floor":44,"turns":6},{"damage":20,"enemies":"Spire Growth","floor":46,"turns":4},{"damage":0,"enemies":"3 Darklings","floor":47,"turns":6},{"damage":6,"enemies":"Giant Head","floor":48,"turns":9},{"damage":9,"enemies":"Awakened One","floor":50,"turns":14}],"seed_played":"3406684469256872506","potions_obtained":[{"floor":1,"key":"AttackPotion"},{"floor":3,"key":"SmokeBomb"},{"floor":5,"key":"Weak Potion"},{"floor":11,"key":"Strength Potion"},{"floor":14,"key":"Energy Potion"},{"floor":22,"key":"Dexterity Potion"},{"floor":28,"key":"Energy Potion"},{"floor":37,"key":"AttackPotion"},{"floor":44,"key":"Explosive Potion"},{"floor":46,"key":"ColorlessPotion"}],"is_trial":false,"path_per_floor":["M","?","M","M","M","R","E","R","T","R","E","?","?","M","R","B",null,"M","$","M","?","M","E","R","E","T","$","M","?","M","$","R","B",null,"M","$","M","?","?","R","M","R","T","E","R","M","M","E","R","B",null],"character_chosen":"DEFECT","items_purchased":["Defragment","Gash","Double Energy","Cables","Lee\u0027s Waffle"],"campfire_rested":2,"item_purchase_floors":[19,19,19,27,36],"current_hp_per_floor":[77,82,81,81,75,75,71,71,71,71,55,37,28,26,50,39,82,75,75,69,69,67,60,60,22,22,22,33,27,32,32,56,23,82,57,89,76,76,99,99,99,99,99,97,99,79,79,73,85,90],"gold":236,"neow_bonus":"TEN_PERCENT_HP_BONUS","is_daily":false,"chose_seed":false,"campfire_upgraded":8,"win_rate":0.0,"timestamp":1610823715,"path_taken":["M","?","M","M","M","R","E","R","T","R","E","?","?","?","R","BOSS","M","$","M","?","M","E","R","E","T","$","M","?","M","$","R","BOSS","M","?","M","?","?","R","?","R","T","E","R","M","M","E","R","BOSS"],"items_purchased_type":["Card","Card","Card","Relic","Relic"],"build_version":"2020-12-22","purchased_purges":0,"victory":true,"max_hp_per_floor":[82,82,82,82,82,82,82,82,82,82,82,82,82,82,82,82,82,82,82,82,82,82,82,82,82,82,82,82,82,82,82,82,82,82,82,89,89,89,99,99,99,99,99,99,99,99,99,99,99,99],"card_choices":[{"not_picked":["Skim","Recycle"],"picked":"FTL","floor":1},{"not_picked":["Rebound","Cold Snap","Hello World"],"picked":"SKIP","floor":3},{"not_picked":["BootSequence","Hologram","Heatsinks"],"picked":"SKIP","floor":4},{"not_picked":["Compile Driver","Conserve Battery"],"picked":"Streamline","floor":5},{"not_picked":["Aggregate","Sweeping Beam"],"picked":"Meteor Strike","floor":7},{"not_picked":["Undo","Turbo"],"picked":"Go for the Eyes","floor":11},{"not_picked":["Rip and Tear","Barrage"],"picked":"Recycle","floor":14},{"not_picked":["Buffer","Hyperbeam"],"picked":"Core Surge","floor":16},{"not_picked":["Streamline"],"picked":"SKIP","floor":18},{"not_picked":[],"picked":"Go for the Eyes+1","floor":20},{"not_picked":["Sweeping Beam"],"picked":"SKIP","floor":22},{"not_picked":["Compile Driver"],"picked":"SKIP","floor":23},{"not_picked":["Fission","Sweeping Beam+1"],"picked":"SKIP","floor":25},{"not_picked":["Steam","Beam Cell"],"picked":"SKIP","floor":28},{"not_picked":["Sweeping Beam+1"],"picked":"Gash","floor":30},{"not_picked":["Lockon+1","Melter"],"picked":"SKIP","floor":35},{"not_picked":["Hologram+1","Rebound"],"picked":"SKIP","floor":37},{"not_picked":["Recycle"],"picked":"Cold Snap+1","floor":41},{"not_picked":["Scrape","Blizzard+1"],"picked":"SKIP","floor":44},{"not_picked":["Undo+1","Chill"],"picked":"SKIP","floor":46},{"not_picked":["Redo"],"picked":"Cold Snap+1","floor":47},{"not_picked":["Consume+1"],"picked":"Gash","floor":48}],"player_experience":135673,"relics_obtained":[{"floor":7,"key":"Torii"},{"floor":9,"key":"Calipers"},{"floor":11,"key":"CaptainsWheel"},{"floor":13,"key":"Pen Nib"},{"floor":23,"key":"Question Card"},{"floor":25,"key":"Shuriken"},{"floor":26,"key":"Meat on the Bone"},{"floor":43,"key":"Ancient Tea Set"},{"floor":44,"key":"Eternal Feather"},{"floor":48,"key":"Toy Ornithopter"}],"event_choices":[{"damage_healed":20,"gold_gain":0,"player_choice":"Healed","damage_taken":0,"max_hp_gain":0,"max_hp_loss":0,"event_name":"The Cleric","floor":2,"gold_loss":35},{"damage_healed":0,"gold_gain":0,"player_choice":"Success","damage_taken":18,"relics_obtained":["Ornamental Fan"],"max_hp_gain":0,"max_hp_loss":0,"event_name":"Scrap Ooze","floor":12,"gold_loss":0},{"damage_healed":0,"gold_gain":0,"player_choice":"Searched \u00271\u0027 times","damage_taken":0,"max_hp_gain":0,"max_hp_loss":0,"event_name":"Dead Adventurer","floor":13,"gold_loss":0},{"damage_healed":0,"gold_gain":0,"player_choice":"Simplicity","damage_taken":0,"max_hp_gain":0,"max_hp_loss":0,"event_name":"Back to Basics","floor":21,"gold_loss":0,"cards_upgraded":["Strike_B","Strike_B","Strike_B","Strike_B","Defend_B","Defend_B","Defend_B","Defend_B"]},{"damage_healed":0,"gold_gain":0,"player_choice":"","damage_taken":6,"max_hp_gain":0,"max_hp_loss":0,"event_name":"Knowing Skull","floor":29,"potions_obtained":[],"gold_loss":0,"cards_obtained":[]},{"damage_healed":0,"gold_gain":0,"player_choice":"Ignored","damage_taken":0,"max_hp_gain":0,"max_hp_loss":0,"event_name":"Mysterious Sphere","floor":38,"gold_loss":0},{"cards_removed":["Meteor Strike"],"damage_healed":13,"gold_gain":0,"player_choice":"Offered Rare","damage_taken":0,"max_hp_gain":10,"max_hp_loss":0,"event_name":"Bonfire Elementals","floor":39,"gold_loss":0}],"is_beta":false,"boss_relics":[{"not_picked":["Pandora\u0027s Box","Fusion Hammer"],"picked":"Busted Crown"},{"not_picked":["Coffee Dripper","SlaversCollar"],"picked":"Runic Pyramid"}],"items_purged_floors":[],"is_endless":false,"potions_floor_spawned":[1,3,5,11,14,22,25,28,37,44,46],"ascension_level":1}}