{"host":"pqs17sqrgflf4eqa","time":1610831803,"event":{"mods":["AchievementEnabler","BaseMod","Bestiary","Better Altar","Colored Map","Colored Powertips","Emptier Cage","Googly Eyes","Highlight Path","Minty Spire (QoL Compilation)","Quick Restart","StSLib","SuperFastMode","Transform Curses","slay the spire mod where everything is the same but ironclad has a cowboy hat"],"gold_per_floor":[111,111,111,131,131,131,470,491,517,517,533,45,76,106,106,225,225,238,40,63,63,63,102,115,115,138,158,158,178,193,226,226,346,346,361,382,407,32,55,55,94,110,134,134,154,487,487,537,537,537],"floor_reached":51,"language":"ENG","playtime":1255,"items_purged":[],"score":967,"play_id":"3b9a9732-56c7-40dd-a924-a39d80c36e6b","local_time":"20210116161643","is_ascension_mode":true,"campfire_choices":[{"data":"Zap","floor":6,"key":"SMITH"},{"floor":10,"key":"REST"},{"floor":15,"key":"REST"},{"floor":25,"key":"REST"},{"data":"RitualDagger","floor":32,"key":"SMITH"},{"data":"Electrodynamics","floor":40,"key":"SMITH"},{"data":"Echo Form","floor":47,"key":"SMITH"},{"data":"Dualcast","floor":49,"key":"SMITH"}],"circlet_count":0,"master_deck":["Strike_B","Strike_B","Strike_B","Strike_B","Defend_B","Defend_B","Defend_B+1","Defend_B+1","Zap+1","Dualcast+1","Rebound","Genetic Algorithm+1","Coolheaded","Leap","Ball Lightning","Glacier","Gash","Rip and Tear","Redo+1","Conserve Battery","Gash","RitualDagger+1","Redo+1","Sweeping Beam","Steam+1","Leap+1","Beam Cell+1","Lockon+1","Echo Form+1","Electrodynamics+1","Gash+1","Self Repair","Genetic Algorithm+1","Gash","Reboot","Sweeping Beam","BootSequence+1","BootSequence+1"],"relics":["Cracked Core","StoneCalendar","MealTicket","Old Coin","Blood Vial","DataDisk","Omamori","Mercury Hourglass","Nuclear Battery","Bag of Preparation","MutagenicStrength","Centennial Puzzle","Bag of Marbles","War Paint","Nloth\u0027s Gift","Oddly Smooth Stone","DollysMirror","Regal Pillow","Cables","Happy Flower","Calipers"],"acts_visited":["Exordium","TheCity","TheBeyond"],"potions_floor_usage":[23,24,24,31,41,50,50],"damage_taken":[{"damage":2,"enemies":"Jaw Worm","floor":1,"turns":3},{"damage":0,"enemies":"2 Louse","floor":4,"turns":2},{"damage":24,"enemies":"Lagavulin","floor":7,"turns":7},{"damage":0,"enemies":"Cultist","floor":8,"turns":3},{"damage":7,"enemies":"2 Fungi Beasts","floor":11,"turns":3},{"damage":23,"enemies":"Gremlin Nob","floor":13,"turns":4},{"damage":13,"enemies":"Hexaghost","floor":16,"turns":9},{"damage":4,"enemies":"Chosen","floor":18,"turns":4},{"damage":14,"enemies":"Shell Parasite","floor":20,"turns":3},{"damage":8,"enemies":"Gremlin Leader","floor":23,"turns":7},{"damage":13,"enemies":"Shelled Parasite and Fungi","floor":24,"turns":3},{"damage":0,"enemies":"Snake Plant","floor":27,"turns":2},{"damage":15,"enemies":"Centurion and Healer","floor":29,"turns":4},{"damage":0,"enemies":"Shelled Parasite and Fungi","floor":30,"turns":3},{"damage":0,"enemies":"Book of Stabbing","floor":31,"turns":4},{"damage":31,"enemies":"Collector","floor":33,"turns":8},{"damage":0,"enemies":"Orb Walker","floor":35,"turns":2},{"damage":9,"enemies":"3 Shapes","floor":36,"turns":3},{"damage":2,"enemies":"Jaw Worm Horde","floor":37,"turns":4},{"damage":0,"enemies":"4 Shapes","floor":39,"turns":3},{"damage":32,"enemies":"Nemesis","floor":41,"turns":7},{"damage":0,"enemies":"Sphere and 2 Shapes","floor":42,"turns":4},{"damage":16,"enemies":"Writhing Mass","floor":45,"turns":3},{"damage":3,"enemies":"Mind Bloom Boss Battle","floor":48,"turns":7},{"damage":44,"enemies":"Time Eater","floor":50,"turns":8}],"seed_played":"-6366254528963509069","potions_obtained":[{"floor":7,"key":"SneckoOil"},{"floor":11,"key":"FearPotion"},{"floor":18,"key":"DistilledChaos"},{"floor":24,"key":"LiquidBronze"},{"floor":30,"key":"DistilledChaos"},{"floor":35,"key":"PotionOfCapacity"},{"floor":37,"key":"ColorlessPotion"},{"floor":41,"key":"FairyPotion"},{"floor":44,"key":"Ancient Potion"},{"floor":44,"key":"SteroidPotion"}],"is_trial":false,"path_per_floor":["M","?","?","M","?","R","E","M","T","R","M","$","E","?","R","B",null,"M","$","M","?","?","E","M","R","T","M","?","M","M","E","R","B",null,"M","M","M","$","M","R","E","M","T","?","M","?","R","?","R","B",null],"character_chosen":"DEFECT","items_purchased":["DataDisk","Matryoshka","Glacier","Gash","Bag of Preparation","Conserve Battery","Self Repair","DollysMirror","Regal Pillow"],"campfire_rested":3,"item_purchase_floors":[12,12,12,12,19,19,38,38,38],"current_hp_per_floor":[66,63,56,56,43,43,19,19,19,37,32,47,26,26,44,33,63,59,63,49,49,43,37,26,44,44,46,46,33,35,37,37,8,63,63,54,54,63,63,63,45,47,47,47,33,33,33,46,46,4],"gold":537,"neow_bonus":"ONE_RARE_RELIC","is_daily":false,"chose_seed":false,"campfire_upgraded":5,"win_rate":0.0,"timestamp":1610831803,"path_taken":["M","?","?","M","?","R","E","M","T","R","M","$","E","?","R","BOSS","M","$","M","?","?","E","M","R","T","M","?","M","M","E","R","BOSS","M","?","M","$","M","R","E","M","T","?","?","?","R","?","R","BOSS"],"items_purchased_type":["Relic","Relic","Card","Card","Relic","Card","Card","Relic","Relic"],"build_version":"2020-12-22","purchased_purges":0,"victory":true,"max_hp_per_floor":[68,63,63,63,63,63,63,63,63,63,63,63,63,63,63,63,63,63,63,63,63,63,63,63,63,63,63,63,63,63,63,63,63,63,63,63,63,63,63,63,63,63,63,63,63,63,63,63,63,63],"card_choices":[{"not_picked":["Chill","Go for the Eyes"],"picked":"Rebound","floor":1},{"not_picked":["Double Energy","Recycle"],"picked":"Genetic Algorithm","floor":4},{"not_picked":["Static Discharge","White Noise"],"picked":"Coolheaded","floor":7},{"not_picked":["Force Field","Compile Driver"],"picked":"Leap","floor":8},{"not_picked":["Turbo","Steam Power"],"picked":"Ball Lightning","floor":11},{"not_picked":["Blizzard","Stack"],"picked":"Rip and Tear","floor":13},{"not_picked":["Undo","Go for the Eyes"],"picked":"Redo","floor":18},{"not_picked":["Compile Driver","Genetic Algorithm"],"picked":"Gash","floor":20},{"not_picked":["Rip and Tear+1","Sweeping Beam"],"picked":"Redo+1","floor":23},{"not_picked":["Redo+1","Fusion"],"picked":"Sweeping Beam","floor":24},{"not_picked":["Turbo","Undo"],"picked":"Steam+1","floor":27},{"not_picked":["Beam Cell","Consume+1"],"picked":"Leap+1","floor":29},{"not_picked":["Conserve Battery","Blizzard"],"picked":"Beam Cell+1","floor":30},{"not_picked":["White Noise","Sunder"],"picked":"Lockon+1","floor":31},{"not_picked":["Machine Learning","Thunder Strike"],"picked":"Echo Form","floor":33},{"not_picked":["Recycle","Hologram"],"picked":"Electrodynamics","floor":35},{"not_picked":["Stack+1","Chaos+1","Sweeping Beam"],"picked":"SKIP","floor":36},{"not_picked":["Turbo","Cold Snap+1"],"picked":"Gash+1","floor":37},{"not_picked":["Melter","Skim+1"],"picked":"Gash","floor":39},{"not_picked":["Capacitor+1","Reprogram+1"],"picked":"Reboot","floor":41},{"not_picked":["Aggregate+1","Steam Power"],"picked":"Sweeping Beam","floor":42},{"not_picked":["Coolheaded","Hologram"],"picked":"BootSequence+1","floor":45},{"not_picked":["Streamline","Beam Cell"],"picked":"BootSequence+1","floor":48}],"player_experience":150237,"relics_obtained":[{"floor":7,"key":"Old Coin"},{"floor":9,"key":"Blood Vial"},{"floor":13,"key":"Omamori"},{"floor":23,"key":"Centennial Puzzle"},{"floor":26,"key":"Bag of Marbles"},{"floor":26,"key":"War Paint"},{"floor":31,"key":"Oddly Smooth Stone"},{"floor":41,"key":"Cables"},{"floor":43,"key":"Happy Flower"},{"floor":48,"key":"Calipers"}],"event_choices":[{"damage_healed":0,"gold_gain":0,"player_choice":"Lose Max HP","damage_taken":0,"relics_obtained":["Golden Idol"],"max_hp_gain":0,"max_hp_loss":5,"event_name":"Golden Idol","floor":2,"gold_loss":0},{"damage_healed":0,"gold_gain":0,"player_choice":"Success","damage_taken":7,"relics_obtained":["MealTicket"],"max_hp_gain":0,"max_hp_loss":0,"event_name":"Scrap Ooze","floor":3,"gold_loss":0},{"damage_healed":0,"gold_gain":0,"player_choice":"Entered Light","damage_taken":13,"max_hp_gain":0,"max_hp_loss":0,"event_name":"Shining Light","floor":5,"gold_loss":0,"cards_upgraded":["Genetic Algorithm","Defend_B"]},{"damage_healed":0,"gold_gain":30,"player_choice":"Searched \u00273\u0027 times","damage_taken":0,"relics_obtained":["Mercury Hourglass"],"max_hp_gain":0,"max_hp_loss":0,"event_name":"Dead Adventurer","floor":14,"gold_loss":0},{"damage_healed":0,"gold_gain":0,"player_choice":"Inject Mutagens","damage_taken":0,"relics_obtained":["MutagenicStrength"],"max_hp_gain":0,"max_hp_loss":0,"event_name":"Drug Dealer","floor":21,"gold_loss":0},{"damage_healed":0,"gold_gain":0,"player_choice":"Joined the Cult","damage_taken":6,"max_hp_gain":0,"max_hp_loss":0,"event_name":"Nest","floor":22,"gold_loss":0,"cards_obtained":["RitualDagger"]},{"damage_healed":0,"gold_gain":0,"player_choice":"Traded Relic","damage_taken":0,"relics_obtained":["Nloth\u0027s Gift"],"max_hp_gain":0,"max_hp_loss":0,"event_name":"N\u0027loth","floor":28,"relics_lost":["Matryoshka"],"gold_loss":0},{"damage_healed":0,"gold_gain":0,"player_choice":"Got Potions","damage_taken":0,"max_hp_gain":0,"max_hp_loss":0,"event_name":"Lab","floor":44,"gold_loss":0},{"damage_healed":0,"gold_gain":333,"player_choice":"Gave Idol","damage_taken":0,"max_hp_gain":0,"max_hp_loss":0,"event_name":"The Moai Head","floor":46,"relics_lost":["Golden Idol"],"gold_loss":0},{"damage_healed":0,"gold_gain":0,"player_choice":"Fight","damage_taken":0,"max_hp_gain":0,"max_hp_loss":0,"event_name":"MindBloom","floor":48,"gold_loss":0}],"is_beta":false,"boss_relics":[{"not_picked":["FrozenCore","Coffee Dripper"],"picked":"Nuclear Battery"},{"not_picked":[]}],"items_purged_floors":[],"is_endless":false,"potions_floor_spawned":[7,11,18,24,30,35,37,41,45],"ascension_level":4}}