{"host":"Timothy","time":1610825028,"event":{"mods":["AchievementEnabler","BaseMod","Bestiary","Highlight Path","Minty Spire (QoL Compilation)","Quick Restart","Slay-I"],"gold_per_floor":[114,189,7,7,7,7,37,37,62,92,122,122,134,176,188,300,312,309,336,348,360,372,414,456,498,560,587,622,634,115,115,115,215,215,230,245,295,295,310,340,340,370,420,642,672,402,58,58,58,58],"floor_reached":51,"language":"ENG","playtime":3030,"items_purged":["Strike_G","Defend_G","Defend_G"],"score":1134,"play_id":"a5ab932f-e302-4f5d-8d8f-d5cafbd809fb","local_time":"20210116112348","daily_mods":["Allstar","Flight","Night Terrors"],"is_ascension_mode":false,"campfire_choices":[{"data":"Apotheosis","floor":6.0,"key":"SMITH"},{"floor":8.0,"key":"REST"},{"data":"Calculated Gamble","floor":15.0,"key":"SMITH"},{"floor":32,"key":"REST"},{"floor":49,"key":"REST"}],"circlet_count":0,"master_deck":["Defend_G","Defend_G","Defend_G","Survivor","Neutralize+1","Impatience","Dark Shackles","Panacea","Mayhem","PanicButton","Noxious Fumes","Apotheosis+1","Caltrops","Infinite Blades","Neutralize","Calculated Gamble+1","Envenom","Ghostly","Ghostly","Ghostly","Ghostly","Ghostly","Flechettes+1","Footwork","Envenom","Bane","Caltrops","Noxious Fumes","The Bomb","Bite","Bite","Bite","Bite","Bite","Skewer+1","Adrenaline","Prepared+1","Escape Plan","Madness"],"relics":["Ring of the Snake","PreservedInsect","Orichalcum","HornCleat","MawBank","Letter Opener","Fusion Hammer","Bottled Lightning","Bottled Tornado","Smiling Mask","Oddly Smooth Stone","Red Mask","Whetstone","Medical Kit","Runic Pyramid","Thread and Needle","Darkstone Periapt","Mango","Potion Belt","Snake Skull","Nunchaku"],"acts_visited":["Exordium","TheCity","TheBeyond"],"potions_floor_usage":[33,50,50,50],"damage_taken":[{"damage":1.0,"enemies":"2 Louse","floor":1.0,"turns":4.0},{"damage":40.0,"enemies":"Gremlin Nob","floor":7.0,"turns":6.0},{"damage":0.0,"enemies":"Lagavulin","floor":10.0,"turns":5.0},{"damage":2.0,"enemies":"3 Sentries","floor":11.0,"turns":7.0},{"damage":12.0,"enemies":"Lagavulin","floor":14.0,"turns":6.0},{"damage":17.0,"enemies":"Slime Boss","floor":16.0,"turns":11.0},{"damage":3.0,"enemies":"2 Thieves","floor":18.0,"turns":4.0},{"damage":12.0,"enemies":"Spheric Guardian","floor":19.0,"turns":5.0},{"damage":0.0,"enemies":"Gremlin Leader","floor":23.0,"turns":6.0},{"damage":0.0,"enemies":"Book of Stabbing","floor":24.0,"turns":6.0},{"damage":0.0,"enemies":"Gremlin Leader","floor":25.0,"turns":6.0},{"damage":0.0,"enemies":"3 Cultists","floor":27.0,"turns":4.0},{"damage":0.0,"enemies":"Masked Bandits","floor":28.0,"turns":4.0},{"damage":9,"enemies":"Collector","floor":33,"turns":8},{"damage":0,"enemies":"3 Darklings","floor":35,"turns":5},{"damage":1,"enemies":"Orb Walker","floor":36,"turns":4},{"damage":0,"enemies":"Mind Bloom Boss Battle","floor":37,"turns":7},{"damage":0,"enemies":"Jaw Worm Horde","floor":39,"turns":5},{"damage":0,"enemies":"Reptomancer","floor":40,"turns":4},{"damage":0,"enemies":"Giant Head","floor":42,"turns":7},{"damage":0,"enemies":"Nemesis","floor":45,"turns":5},{"damage":0,"enemies":"Time Eater","floor":50,"turns":10}],"seed_played":"2700428786693623746","potions_obtained":[{"floor":10.0,"key":"Weak Potion"},{"floor":14.0,"key":"Weak Potion"},{"floor":16.0,"key":"DistilledChaos"},{"floor":27.0,"key":"Swift Potion"},{"floor":35,"key":"DuplicationPotion"},{"floor":37,"key":"Dexterity Potion"}],"is_trial":false,"path_per_floor":["M","?","$","?","$","R","E","R","T","E","E","?","?","E","R","B",null,"M","M","?","$","$","E","E","E","T","M","?","?","$","?","R","B",null,"M","M","?","?","M","E","?","E","T","?","E","$","$","?","R","B",null],"character_chosen":"THE_SILENT","items_purchased":["Apotheosis","Whetstone","Medical Kit","The Bomb","Escape Plan","GhostInAJar","Poison Potion","Nunchaku","Poison Potion","Madness"],"campfire_rested":3,"item_purchase_floors":[3,30,30,30,46,46,46,47,47,47],"current_hp_per_floor":[69,58,58,44,44,44,4,65,65,65,63,51,51,41,41,26,65,62,52,32,32,32,32,32,32,32,32,32,32,32,32,27,27,27,27,27,27,27,27,27,27,41,41,41,41,41,41,41,36,36],"gold":58,"neow_bonus":"","is_daily":true,"chose_seed":false,"campfire_upgraded":2,"win_rate":0.0,"timestamp":1610825028,"path_taken":["M","?","$","?","?","R","E","R","T","E","E","?","?","E","R","BOSS","M","M","?","$","$","E","E","E","T","M","?","?","$","?","R","BOSS","M","M","?","?","?","E","?","E","T","?","E","?","$","?","R","BOSS"],"items_purchased_type":["Card","Relic","Relic","Card","Card","Potion","Potion","Relic","Potion","Card"],"build_version":"2020-12-18","purchased_purges":3,"victory":true,"max_hp_per_floor":[70,70,70,70,70,70,70,65,65,65,65,65,65,65,65,65,65,65,65,32,32,32,32,32,32,32,32,32,32,32,32,27,27,27,27,27,27,27,27,27,27,41,41,41,41,41,41,41,36,36],"card_choices":[{"not_picked":["Deadly Poison","Blade Dance"],"picked":"Noxious Fumes","floor":1.0},{"not_picked":["Masterful Stab","Glass Knife","Reflex"],"picked":"SKIP","floor":7.0},{"not_picked":["Riddle With Holes","Sucker Punch"],"picked":"Caltrops","floor":10.0},{"not_picked":["Eviscerate","Dagger Spray","Deadly Poison"],"picked":"SKIP","floor":11.0},{"not_picked":["Eviscerate","Dagger Spray","Deadly Poison"],"picked":"SKIP","floor":11.0},{"not_picked":["Blade Dance","Endless Agony"],"picked":"Calculated Gamble","floor":14.0},{"not_picked":["A Thousand Cuts","Tools of the Trade"],"picked":"Envenom","floor":16.0},{"not_picked":["Dagger Spray","Slice+1","Riddle With Holes"],"picked":"SKIP","floor":18.0},{"not_picked":["Flying Knee","Dagger Throw","Infinite Blades"],"picked":"SKIP","floor":19.0},{"not_picked":["Dagger Throw+1","Tools of the Trade"],"picked":"Flechettes","floor":23.0},{"not_picked":["Blade Dance+1","Prepared"],"picked":"Footwork","floor":24.0},{"not_picked":["Blade Dance","Slice+1"],"picked":"Envenom","floor":25.0},{"not_picked":["Reflex","Cloak And Dagger"],"picked":"Bane","floor":27.0},{"not_picked":["Quick Slash","Blade Dance"],"picked":"Caltrops","floor":28.0},{"not_picked":["PiercingWail+1","Dagger Spray+1"],"picked":"Skewer+1","floor":35},{"not_picked":["Reflex+1","Flying Knee","Acrobatics+1"],"picked":"SKIP","floor":36},{"not_picked":["Quick Slash+1","Masterful Stab+1","Eviscerate"],"picked":"SKIP","floor":39},{"not_picked":["Acrobatics","Dagger Throw"],"picked":"Adrenaline","floor":40},{"not_picked":["Acrobatics","Sucker Punch+1"],"picked":"Prepared+1","floor":42},{"not_picked":["Eviscerate+1","Accuracy","Underhanded Strike+1"],"picked":"SKIP","floor":45}],"player_experience":826534,"relics_obtained":[{"floor":7.0,"key":"PreservedInsect"},{"floor":9.0,"key":"Orichalcum"},{"floor":10.0,"key":"HornCleat"},{"floor":11.0,"key":"Blood Vial"},{"floor":14.0,"key":"Letter Opener"},{"floor":23.0,"key":"Bottled Lightning"},{"floor":24.0,"key":"Bottled Tornado"},{"floor":25.0,"key":"Smiling Mask"},{"floor":26.0,"key":"Oddly Smooth Stone"},{"floor":28.0,"key":"Red Mask"},{"floor":37,"key":"Thread and Needle"},{"floor":40,"key":"Darkstone Periapt"},{"floor":42,"key":"Mango"},{"floor":43,"key":"Potion Belt"},{"floor":45,"key":"Snake Skull"}],"event_choices":[{"damage_healed":0.0,"max_hp_gain":0.0,"max_hp_loss":0.0,"gold_gain":75.0,"event_name":"World of Goop","player_choice":"Gather Gold","floor":2.0,"gold_loss":0.0,"damage_taken":11.0},{"damage_healed":0.0,"max_hp_gain":0.0,"max_hp_loss":0.0,"gold_gain":0.0,"event_name":"Shining Light","player_choice":"Entered Light","floor":4.0,"gold_loss":0.0,"damage_taken":14.0,"cards_upgraded":["Neutralize","Strike_G"]},{"damage_healed":0.0,"max_hp_gain":0.0,"max_hp_loss":0.0,"gold_gain":0.0,"event_name":"Scrap Ooze","player_choice":"Success","floor":12.0,"gold_loss":0.0,"damage_taken":12.0,"relics_obtained":["MawBank"]},{"damage_healed":0.0,"max_hp_gain":0.0,"max_hp_loss":0.0,"gold_gain":0.0,"event_name":"Match and Keep!","player_choice":"3 cards matched","floor":13.0,"gold_loss":0.0,"damage_taken":0.0,"cards_obtained":["Infinite Blades","Neutralize","Burst"]},{"damage_healed":0.0,"max_hp_gain":0.0,"max_hp_loss":33.0,"gold_gain":0.0,"event_name":"Ghosts","player_choice":"Became a Ghost","floor":20.0,"gold_loss":0.0,"damage_taken":0.0,"cards_obtained":["Ghostly","Ghostly","Ghostly","Ghostly","Ghostly"]},{"damage_healed":0.0,"max_hp_gain":0.0,"max_hp_loss":0.0,"gold_gain":0.0,"event_name":"Masked Bandits","player_choice":"Fought Bandits","floor":28.0,"gold_loss":0.0,"damage_taken":0.0},{"damage_healed":0.0,"max_hp_gain":0.0,"max_hp_loss":0.0,"gold_gain":0.0,"event_name":"The Library","player_choice":"Read","floor":29.0,"gold_loss":0.0,"damage_taken":0.0,"cards_obtained":["Noxious Fumes"]},{"damage_healed":0.0,"max_hp_gain":0.0,"max_hp_loss":0.0,"gold_gain":0.0,"event_name":"Vampires","player_choice":"Became a vampire (Vial)","floor":31.0,"relics_lost":["Blood Vial"],"gold_loss":0.0,"damage_taken":0.0,"cards_obtained":["Bite","Bite","Bite","Bite","Bite"]},{"damage_healed":0,"gold_gain":0,"player_choice":"Fight","damage_taken":0,"max_hp_gain":0,"max_hp_loss":0,"event_name":"MindBloom","floor":37,"gold_loss":0},{"damage_healed":0,"gold_gain":0,"player_choice":"0 cards matched","damage_taken":0,"max_hp_gain":0,"max_hp_loss":0,"event_name":"Match and Keep!","floor":38,"gold_loss":0,"cards_obtained":[]},{"cards_removed":["Burst"],"damage_healed":0,"gold_gain":0,"player_choice":"Removed Skill","damage_taken":0,"max_hp_gain":0,"max_hp_loss":0,"event_name":"Falling","floor":41,"gold_loss":0},{"damage_healed":0,"gold_gain":222,"player_choice":"Wore Mask","damage_taken":0,"max_hp_gain":0,"max_hp_loss":0,"event_name":"Tomb of Lord Red Mask","floor":44,"gold_loss":0},{"damage_healed":0,"gold_gain":0,"player_choice":"Memory 1","damage_taken":0,"max_hp_gain":0,"max_hp_loss":0,"event_name":"SensoryStone","floor":48,"gold_loss":0}],"is_beta":true,"boss_relics":[{"not_picked":["Philosopher\u0027s Stone","Runic Dome"],"picked":"Fusion Hammer"},{"not_picked":["SlaversCollar","Busted Crown"],"picked":"Runic Pyramid"}],"items_purged_floors":[30,46,47],"is_endless":false,"potions_floor_spawned":[10,14,16,18,23,27,35,37,40],"ascension_level":0}}