{"host":"c6u7e77myxvw4d0m","time":1610825616,"event":{"mods":["AchievementEnabler","BaseMod","Bestiary","Colored Map","Colored Powertips","Minty Spire (QoL Compilation)","Rare Cards Sparkle","Relic Stats","everything is the same but u backflip on backflip"],"gold_per_floor":[112,128,143,108,108,108,108,108],"floor_reached":7,"language":"ENG","playtime":436,"items_purged":[],"score":74,"play_id":"c3441b5d-6bff-4420-8074-f07b555dbf73","local_time":"20210116213336","is_ascension_mode":true,"campfire_choices":[{"data":"Poisoned Stab","floor":6,"key":"SMITH"}],"circlet_count":0,"master_deck":["AscendersBane","Strike_G","Strike_G","Strike_G","Strike_G","Strike_G","Defend_G","Defend_G","Defend_G","Defend_G","Defend_G","Survivor","Neutralize","Poisoned Stab+1","Blade Dance","Bane","Sucker Punch","Prepared"],"relics":["Ring of the Snake","Prayer Wheel","Golden Idol"],"acts_visited":["Exordium"],"potions_floor_usage":[7],"damage_taken":[{"damage":1,"enemies":"Small Slimes","floor":1,"turns":4},{"damage":1,"enemies":"Jaw Worm","floor":2,"turns":4},{"damage":0,"enemies":"2 Louse","floor":3,"turns":2},{"damage":37,"enemies":"Lagavulin","floor":7,"turns":5}],"seed_played":"8533342906136363762","potions_obtained":[{"floor":1,"key":"SteroidPotion"}],"is_trial":false,"path_per_floor":["M","M","M","?","?","R","E"],"character_chosen":"THE_SILENT","items_purchased":[],"campfire_rested":0,"item_purchase_floors":[],"current_hp_per_floor":[43,42,42,58,35,35,0,0],"gold":108,"neow_bonus":"ONE_RARE_RELIC","is_daily":false,"chose_seed":false,"campfire_upgraded":1,"win_rate":0.0,"timestamp":1610825616,"path_taken":["M","M","M","?","?","R","E"],"items_purchased_type":[],"build_version":"2020-12-22","purchased_purges":0,"victory":false,"max_hp_per_floor":[66,66,66,66,66,66,66,66],"relic_stats":{"counters":[4,15],"Golden Idol":0,"Prayer Wheel":3,"obtain_stats":[{"Golden Idol":5,"Prayer Wheel":0,"Ring of the Snake":0},{"Golden Idol":3,"Prayer Wheel":0,"Ring of the Snake":0},{"Golden Idol":10,"Prayer Wheel":0,"Ring of the Snake":0}],"Ring of the Snake":[8]},"card_choices":[{"not_picked":["Heel Hook","Deadly Poison"],"picked":"Poisoned Stab","floor":1},{"not_picked":["Masterful Stab","Calculated Gamble"],"picked":"Blade Dance","floor":1},{"not_picked":["Outmaneuver","Dodge and Roll"],"picked":"Bane","floor":2},{"not_picked":["Blur","All Out Attack"],"picked":"Sucker Punch","floor":2},{"not_picked":["Backflip","Bane"],"picked":"Prepared","floor":3},{"not_picked":["Outmaneuver","Eviscerate","Deflect"],"picked":"SKIP","floor":3}],"player_experience":380791,"relics_obtained":[],"event_choices":[{"damage_healed":16,"gold_gain":0,"player_choice":"Healed","damage_taken":0,"max_hp_gain":0,"max_hp_loss":0,"event_name":"The Cleric","floor":4,"gold_loss":35},{"damage_healed":0,"gold_gain":0,"player_choice":"Take Damage","damage_taken":23,"relics_obtained":["Golden Idol"],"max_hp_gain":0,"max_hp_loss":0,"event_name":"Golden Idol","floor":5,"gold_loss":0}],"is_beta":false,"boss_relics":[],"items_purged_floors":[],"is_endless":false,"potions_floor_spawned":[1],"killed_by":"Lagavulin","ascension_level":16}}