{"host":"tpbmol9dayg75a5s","time":1610819765,"event":{"mods":["BaseMod","Bestiary","Block Reminder","Colored Powertips","Dark Map","Downfall","Minty Spire (QoL Compilation)","Relic Stats","StSLib"],"gold_per_floor":[99,118,135,135,235,245,245,260,289,189,223,123,33,46,66,163,163,163,181,201,45,60,60,85,9,37,48,67,67,83,115,131,229,229,229,244,258,271,271,285,334,344,234,253,579,479,492,492,512,512,512],"floor_reached":50,"language":"ENG","playtime":5355,"items_purged":["bronze:Strike"],"score":707,"play_id":"86ff5861-09ab-4a26-b90b-d31503488010","local_time":"20210116145605","is_ascension_mode":false,"campfire_choices":[{"floor":1,"key":"RECALL"},{"floor":10,"key":"REST"},{"data":"bronze:Repair","floor":12,"key":"SMITH"},{"data":"bronze:Boost","floor":18,"key":"SMITH"},{"data":"bronze:Virus","floor":23,"key":"SMITH"},{"data":"bronze:GetLatest","floor":29,"key":"SMITH"},{"floor":35,"key":"REST"},{"floor":46,"key":"REST"}],"circlet_count":0,"master_deck":["bronze:Strike","bronze:Strike","bronze:Defend","bronze:Defend","bronze:Defend","bronze:Defend","bronze:Replicate","bronze:Goto","bronze:NullPointer","bronze:BitShift","bronze:Spike","bronze:Explode","bronze:CutThrough","bronze:Virus+1","bronze:Boost+1","bronze:DigitalCarnage","bronze:Repair+1","bronze:GetLatest+1","bronze:Flail","bronze:WhirlingStrike","bronze:Frontload","bronze:FindAndReplace","bronze:Shell+1","bronze:DelayedGuard","bronze:CleanCode","bronze:DelayedSlice","bronze:FineTuning","bronze:Turbo+1","bronze:Verify","bronze:Iterate","bronze:ForceShield+1","bronze:AlphaBuild","bronze:FollowUp+1","bronze:Iterate","bronze:Return","bronze:Overload+1","Parasite","bronze:Iterate"],"relics":["bronze:BronzeCore","StrikeDummy","Question Card","downfall:HeartBlessingRed","Ice Cream","downfall:HeartBlessingGreen","expansioncontent:StudyCardRelic","Centennial Puzzle","Shuriken","Vajra","Lantern","bronze:CableSpool","Fusion Hammer","Old Coin","downfall:HeartBlessingBlue"],"acts_visited":["Exordium","TheCity","TheBeyond"],"potions_floor_usage":[9,16,16,28,47,50,50],"damage_taken":[{"damage":2,"enemies":"2 Louse","floor":2,"turns":3},{"damage":3,"enemies":"Small Slimes","floor":3,"turns":3},{"damage":30,"enemies":"Small Slimes","floor":4,"turns":9},{"damage":1,"enemies":"Cultist","floor":6,"turns":3},{"damage":12,"enemies":"Gremlin Gang","floor":8,"turns":2},{"damage":13,"enemies":"Lagavulin","floor":9,"turns":5},{"damage":6,"enemies":"3 Sentries","floor":11,"turns":4},{"damage":0,"enemies":"downfall:FleeingMerchant","floor":13,"turns":4},{"damage":5,"enemies":"3 Louse","floor":14,"turns":2},{"damage":0,"enemies":"Lots of Slimes","floor":15,"turns":1},{"damage":31,"enemies":"WA_ARCHETYPE_RETAIN","floor":16,"turns":7},{"damage":2,"enemies":"Shell Parasite","floor":19,"turns":3},{"damage":0,"enemies":"3 Byrds","floor":20,"turns":3},{"damage":4,"enemies":"downfall:FleeingMerchant","floor":21,"turns":4},{"damage":20,"enemies":"Sentry and Sphere","floor":22,"turns":4},{"damage":0,"enemies":"downfall:FleeingMerchant","floor":25,"turns":2},{"damage":0,"enemies":"Gremlin Leader","floor":26,"turns":5},{"damage":1,"enemies":"Shelled Parasite and Fungi","floor":27,"turns":2},{"damage":0,"enemies":"Chosen and Byrds","floor":28,"turns":3},{"damage":0,"enemies":"Cultist and Chosen","floor":30,"turns":4},{"damage":0,"enemies":"Book of Stabbing","floor":31,"turns":4},{"damage":0,"enemies":"Snake Plant","floor":32,"turns":4},{"damage":0,"enemies":"IC_MUSHROOM_ARCHETYPE","floor":33,"turns":3},{"damage":8,"enemies":"3 Darklings","floor":36,"turns":2},{"damage":8,"enemies":"3 Shapes","floor":37,"turns":2},{"damage":6,"enemies":"Maw","floor":38,"turns":5},{"damage":0,"enemies":"Transient","floor":40,"turns":5},{"damage":17,"enemies":"Spire Growth","floor":42,"turns":3},{"damage":0,"enemies":"Jaw Worm Horde","floor":44,"turns":2},{"damage":27,"enemies":"Nemesis","floor":45,"turns":5},{"damage":26,"enemies":"Writhing Mass","floor":47,"turns":5},{"damage":8,"enemies":"3 Darklings","floor":49,"turns":2},{"damage":113,"enemies":"DF_ARCHETYPE_ORBS","floor":50,"turns":7}],"seed_played":"-5201802374162766939","potions_obtained":[{"floor":2,"key":"CultistPotion"},{"floor":6,"key":"hexamod:SoulburnPotion"},{"floor":9,"key":"BlessingOfTheForge"},{"floor":15,"key":"FearPotion"},{"floor":16,"key":"DistilledChaos"},{"floor":22,"key":"bronze:FreeFunctionsPotion"},{"floor":28,"key":"Fruit Juice"},{"floor":32,"key":"Block Potion"},{"floor":47,"key":"Ancient Potion"}],"is_trial":false,"path_per_floor":["R","M","M","?","?","M","T","M","E","R","E","R","$","M","M","B",null,"R","M","M","$","M","R","T","$","E","M","M","R","M","E","M","B",null,"R","M","M","M","?","M","T","M","$","M","E","R","M","?","M","B"],"character_chosen":"THE_AUTOMATON","items_purchased":["bronze:Flail","bronze:CleanCode","Shuriken","Vajra","bronze:Return"],"campfire_rested":3,"item_purchase_floors":[13,21,25,25,43],"current_hp_per_floor":[77,75,72,42,42,41,41,29,16,39,33,33,43,38,38,17,77,77,77,77,73,63,63,63,63,73,72,77,77,77,77,82,82,82,82,82,74,76,76,82,82,75,75,75,58,92,66,66,58,0,0],"gold":512,"neow_bonus":"TEN_PERCENT_HP_BONUS","is_daily":false,"chose_seed":false,"campfire_upgraded":4,"win_rate":0.0,"timestamp":1610819765,"path_taken":["R","M","M","?","?","M","T","M","E","R","E","R","$","M","M","BOSS","R","M","M","$","M","R","T","$","E","M","M","R","M","E","M","BOSS","R","M","M","M","?","?","T","M","$","M","E","R","M","?","M","BOSS"],"items_purchased_type":["Card","Card","Relic","Relic","Card"],"build_version":"2020-12-22","purchased_purges":1,"victory":false,"max_hp_per_floor":[77,77,77,77,77,77,77,77,77,77,77,77,77,77,77,77,77,77,77,77,77,77,77,77,77,77,77,82,82,82,82,82,82,82,82,82,82,82,82,82,82,82,82,82,82,92,92,92,92,92,92],"relic_stats":{"Centennial Puzzle":[27],"counters":[33,122],"Shuriken":[38],"Question Card":26,"obtain_stats":[{"Ice Cream":11,"Lantern":26,"bronze:BronzeCore":0,"downfall:HeartBlessingRed":10,"Vajra":25,"downfall:HeartBlessingGreen":12,"expansioncontent:StudyCardRelic":17,"Question Card":9,"bronze:CableSpool":31,"Old Coin":45,"Centennial Puzzle":24,"Shuriken":25,"downfall:HeartBlessingBlue":46,"Fusion Hammer":34,"StrikeDummy":7},{"Ice Cream":7,"Lantern":17,"bronze:BronzeCore":0,"downfall:HeartBlessingRed":6,"Vajra":16,"downfall:HeartBlessingGreen":7,"expansioncontent:StudyCardRelic":11,"Question Card":6,"bronze:CableSpool":21,"Old Coin":30,"Centennial Puzzle":15,"Shuriken":16,"downfall:HeartBlessingBlue":30,"Fusion Hammer":23,"StrikeDummy":4},{"Ice Cream":29,"Lantern":64,"bronze:BronzeCore":0,"downfall:HeartBlessingRed":25,"Vajra":59,"downfall:HeartBlessingGreen":29,"expansioncontent:StudyCardRelic":43,"Question Card":25,"bronze:CableSpool":77,"Old Coin":108,"Centennial Puzzle":57,"Shuriken":59,"downfall:HeartBlessingBlue":108,"Fusion Hammer":84,"StrikeDummy":18}]},"card_choices":[{"not_picked":["bronze:ForLoop","bronze:WildBeam"],"picked":"bronze:NullPointer","floor":2},{"not_picked":["bronze:FineTuning","bronze:CutThrough"],"picked":"bronze:BitShift","floor":3},{"not_picked":[],"picked":"bronze:Spike","floor":4},{"not_picked":[],"picked":"bronze:Explode","floor":4},{"not_picked":["bronze:Philosophize","bronze:WildBeam"],"picked":"bronze:CutThrough","floor":4},{"not_picked":["bronze:WildBeam","bronze:BitShift"],"picked":"bronze:Virus","floor":6},{"not_picked":["bronze:Shell","bronze:Philosophize"],"picked":"bronze:Boost","floor":8},{"not_picked":["bronze:BitShift","bronze:CloningBeam"],"picked":"bronze:DigitalCarnage","floor":9},{"not_picked":["bronze:BurnOut","bronze:Flail","bronze:Format"],"picked":"bronze:Repair","floor":11},{"not_picked":["bronze:Optimize","bronze:Backtrace","bronze:ChildClass"],"picked":"bronze:GetLatest","floor":13},{"not_picked":["bronze:Repair","bronze:ChildClass","bronze:DelayedGuard"],"picked":"bronze:WhirlingStrike","floor":14},{"not_picked":["bronze:WildBeam","bronze:BuggyMess","bronze:BugBarrage"],"picked":"bronze:Frontload","floor":15},{"not_picked":["bronze:HyperBeam","bronze:SpaghettiCode","bronze:HardenedForm"],"picked":"bronze:FindAndReplace","floor":16},{"not_picked":["bronze:WildBeam+1","bronze:DelayedGuard","bronze:Invalidate"],"picked":"bronze:Shell+1","floor":19},{"not_picked":["bronze:Deprecate+1","bronze:GetLatest","bronze:FollowUp+1"],"picked":"bronze:DelayedGuard","floor":20},{"not_picked":["bronze:CutThrough","bronze:DarkDash","bronze:ForLoop","bronze:ItsAFeature"],"picked":"SKIP","floor":21},{"not_picked":["bronze:WildBeam","bronze:Shield","bronze:WhirlingStrike"],"picked":"bronze:DelayedSlice","floor":22},{"not_picked":["bronze:BurnOut","bronze:ThunderWave","bronze:DelayedSlice+1"],"picked":"bronze:FineTuning","floor":25},{"not_picked":["bronze:Philosophize","bronze:WildBeam+1","bronze:BugBarrage","bronze:Turbo+1"],"picked":"SKIP","floor":26},{"not_picked":["bronze:Frontload","bronze:Turbo","bronze:BugBarrage","bronze:WhirlingStrike+1"],"picked":"SKIP","floor":27},{"not_picked":["bronze:Invalidate","bronze:Overheat","bronze:FineTuning"],"picked":"bronze:Turbo+1","floor":28},{"not_picked":["bronze:Frontload","bronze:Branch+1","bronze:BugBarrage"],"picked":"bronze:Verify","floor":30},{"not_picked":["bronze:BuggyMess","bronze:WhirlingStrike","bronze:BitShift+1","bronze:DelayedSlice+1"],"picked":"SKIP","floor":31},{"not_picked":["bronze:FollowUp","bronze:ForceShield","bronze:Branch"],"picked":"bronze:Iterate","floor":32},{"not_picked":["bronze:Overheat","bronze:ChosenStrike","bronze:DelayedGuard","bronze:OilSpill"],"picked":"SKIP","floor":36},{"not_picked":["bronze:Flail","bronze:Allocate+1","bronze:Overheat+1"],"picked":"bronze:ForceShield+1","floor":37},{"not_picked":["bronze:DelayedSlice","bronze:Shield+1","bronze:BitShift","bronze:OilSpill"],"picked":"SKIP","floor":38},{"not_picked":["bronze:BugBarrage","bronze:BronzeArmor","bronze:WildBeam"],"picked":"bronze:FollowUp+1","floor":40},{"not_picked":["bronze:Turbo","bronze:Safeguard+1","bronze:Frontload+1"],"picked":"bronze:Iterate","floor":42},{"not_picked":["bronze:Verify","bronze:NullPointer+1","bronze:Shield+1"],"picked":"bronze:Overload+1","floor":44},{"not_picked":["bronze:BuggyMess+1","bronze:FollowUp","bronze:Shield","bronze:Backtrace+1"],"picked":"SKIP","floor":45},{"not_picked":["bronze:ChildClass","bronze:ClassDefault","bronze:BugBarrage+1","bronze:BronzeArmor"],"picked":"SKIP","floor":47},{"not_picked":["bronze:Backtrace+1","bronze:DelayedSlice","bronze:WhirlingStrike+1","bronze:WildBeam"],"picked":"SKIP","floor":49}],"player_experience":1030224,"relics_obtained":[{"floor":7,"key":"StrikeDummy"},{"floor":9,"key":"Question Card"},{"floor":11,"key":"Ice Cream"},{"floor":24,"key":"Centennial Puzzle"},{"floor":26,"key":"Lantern"},{"floor":31,"key":"bronze:CableSpool"},{"floor":45,"key":"Old Coin"}],"event_choices":[],"is_beta":false,"boss_relics":[{"not_picked":["bronze:PlatinumCore","Runic Pyramid"],"picked":"expansioncontent:StudyCardRelic"},{"not_picked":["Velvet Choker","Philosopher\u0027s Stone"],"picked":"Fusion Hammer"}],"items_purged_floors":[43],"is_endless":false,"potions_floor_spawned":[2,6,9,15,16,22,26,27,28,32,33,42,44,45,47],"killed_by":"DF_ARCHETYPE_ORBS","ascension_level":0}}