{"host":"tnsigirk6wurdark","time":1610758037,"event":{"mods":["BaseMod","Bestiary","Colored Map","Colored Powertips","Curses Come First","Filter the Spire","Highlight Path","Minty Spire (QoL Compilation)","Quick Restart","Relic Sorter","StSLib","Synergy Search"],"gold_per_floor":[118,136,3,3,3,42,42,80,80,96,135,4,4,19,19,114,114,134,47,47,60,76,76,76,116,116,130,174,174,199,223,223,223,223],"floor_reached":33,"language":"ENG","playtime":1324,"items_purged":["Injury"],"score":549,"play_id":"77f39491-1052-40ef-80ae-0a20d320ec82","local_time":"20210116004717","is_ascension_mode":true,"campfire_choices":[{"data":"Skewer","floor":7.0,"key":"SMITH"},{"floor":15.0,"key":"REST"},{"floor":24.0,"key":"REST"},{"floor":29,"key":"REST"},{"floor":32,"key":"REST"}],"circlet_count":0,"master_deck":["AscendersBane","Strike_G","Strike_G","Strike_G","Strike_G","Strike_G","Defend_G","Defend_G","Defend_G","Defend_G","Defend_G+1","Survivor+1","Neutralize","Dagger Throw","Skewer+1","Slice","Flash of Steel","Acrobatics","Envenom","Leg Sweep","Cloak And Dagger","Die Die Die","Corpse Explosion","Eviscerate","Blade Dance","Riddle With Holes","Expertise","Cloak And Dagger+1","J.A.X.","PiercingWail","Venomology","Leg Sweep","PiercingWail+1","Riddle With Holes"],"relics":["WristBlade","War Paint","Golden Idol","Tough Bandages","Centennial Puzzle","Calipers","Shuriken","Fusion Hammer","Omamori","The Courier","WingedGreaves"],"acts_visited":["Exordium","TheCity"],"potions_floor_usage":[28,28,28,31,33,33],"damage_taken":[{"damage":4.0,"enemies":"Small Slimes","floor":1.0,"turns":4.0},{"damage":2.0,"enemies":"Jaw Worm","floor":2.0,"turns":4.0},{"damage":8.0,"enemies":"Gremlin Nob","floor":6.0,"turns":3.0},{"damage":12.0,"enemies":"3 Sentries","floor":8.0,"turns":7.0},{"damage":0.0,"enemies":"Cultist","floor":10.0,"turns":3.0},{"damage":19.0,"enemies":"Lagavulin","floor":11.0,"turns":6.0},{"damage":2.0,"enemies":"Blue Slaver","floor":14.0,"turns":3.0},{"damage":7.0,"enemies":"Hexaghost","floor":16.0,"turns":8.0},{"damage":0.0,"enemies":"3 Byrds","floor":18.0,"turns":2.0},{"damage":0.0,"enemies":"Spheric Guardian","floor":21.0,"turns":3.0},{"damage":2.0,"enemies":"Centurion and Healer","floor":22.0,"turns":5.0},{"damage":49,"enemies":"Gremlin Leader","floor":25,"turns":6},{"damage":3,"enemies":"3 Cultists","floor":27,"turns":3},{"damage":7,"enemies":"Book of Stabbing","floor":28,"turns":4},{"damage":6,"enemies":"Snecko","floor":30,"turns":3},{"damage":8,"enemies":"Shelled Parasite and Fungi","floor":31,"turns":3},{"damage":82,"enemies":"Automaton","floor":33,"turns":6}],"seed_played":"-4677757233969625227","potions_obtained":[{"floor":2.0,"key":"SteroidPotion"},{"floor":11.0,"key":"Energy Potion"},{"floor":16.0,"key":"SpeedPotion"},{"floor":28,"key":"SkillPotion"},{"floor":30,"key":"SteroidPotion"}],"is_trial":false,"path_per_floor":["M","M","$","?","$","E","R","E","T","M","E","$","?","M","R","B",null,"M","$","?","M","M","?","R","E","T","M","E","R","M","M","R","B"],"character_chosen":"THE_SILENT","items_purchased":["Slice","Flash of Steel","Fire Potion","Blade Dance","Riddle With Holes"],"campfire_rested":4,"item_purchase_floors":[3,3,12,19,19],"current_hp_per_floor":[55,53,53,53,53,45,45,33,33,33,14,14,14,12,31,24,56,56,56,56,56,54,54,66,17,17,14,7,26,20,12,31,0,0],"gold":223,"neow_bonus":"BOSS_RELIC","is_daily":false,"chose_seed":false,"campfire_upgraded":1,"win_rate":0.0,"timestamp":1610758037,"path_taken":["M","M","$","?","$","E","R","E","T","M","E","$","?","?","R","BOSS","M","$","?","M","M","?","R","E","T","M","E","R","M","M","R","BOSS"],"items_purchased_type":["Card","Card","Potion","Card","Card"],"build_version":"2020-12-22","purchased_purges":1,"victory":false,"max_hp_per_floor":[66,66,66,66,66,66,66,66,66,66,66,66,66,66,66,66,66,66,66,66,66,66,66,66,66,66,66,66,66,66,66,66,66,66],"card_choices":[{"not_picked":["Terror","Poisoned Stab"],"picked":"Dagger Throw","floor":1.0},{"not_picked":["Outmaneuver","All Out Attack"],"picked":"Skewer","floor":2.0},{"not_picked":["Prepared","Footwork"],"picked":"Acrobatics","floor":6.0},{"not_picked":["Poisoned Stab","PiercingWail"],"picked":"Envenom","floor":8.0},{"not_picked":["Acrobatics","Sucker Punch"],"picked":"Leg Sweep","floor":10.0},{"not_picked":["Dagger Throw","Underhanded Strike"],"picked":"Cloak And Dagger","floor":11.0},{"not_picked":["Quick Slash","Dagger Spray"],"picked":"Die Die Die","floor":14.0},{"not_picked":["Bullet Time","Unload"],"picked":"Corpse Explosion","floor":16.0},{"not_picked":["Sucker Punch+1","Outmaneuver"],"picked":"Eviscerate","floor":18.0},{"not_picked":["Predator","Dodge and Roll"],"picked":"Expertise","floor":21.0},{"not_picked":["Deadly Poison","PiercingWail"],"picked":"Cloak And Dagger+1","floor":22.0},{"not_picked":["Eviscerate","Flying Knee"],"picked":"PiercingWail","floor":25},{"not_picked":["Sucker Punch","Deadly Poison"],"picked":"Venomology","floor":27},{"not_picked":["Deadly Poison","Flying Knee"],"picked":"Leg Sweep","floor":28},{"not_picked":["Endless Agony","Outmaneuver+1"],"picked":"PiercingWail+1","floor":30},{"not_picked":["All Out Attack","Outmaneuver"],"picked":"Riddle With Holes","floor":31}],"player_experience":806135,"relics_obtained":[{"floor":6.0,"key":"Tough Bandages"},{"floor":8.0,"key":"Centennial Puzzle"},{"floor":9.0,"key":"Calipers"},{"floor":11.0,"key":"Shuriken"},{"floor":13.0,"key":"War Paint"},{"floor":25,"key":"Omamori"},{"floor":26,"key":"The Courier"},{"floor":28,"key":"WingedGreaves"}],"event_choices":[{"damage_healed":0.0,"max_hp_gain":0.0,"max_hp_loss":0.0,"gold_gain":0.0,"event_name":"Golden Idol","player_choice":"Take Wound","floor":4.0,"gold_loss":0.0,"damage_taken":0.0,"relics_obtained":["Golden Idol"],"cards_obtained":["Injury"]},{"damage_healed":0.0,"max_hp_gain":0.0,"max_hp_loss":0.0,"gold_gain":0.0,"event_name":"Wheel of Change","player_choice":"Relic","floor":13.0,"gold_loss":0.0,"damage_taken":0.0},{"damage_healed":0.0,"max_hp_gain":0.0,"max_hp_loss":0.0,"gold_gain":0.0,"event_name":"Drug Dealer","player_choice":"Obtain J.A.X.","floor":23.0,"gold_loss":0.0,"damage_taken":0.0,"cards_obtained":["J.A.X."]}],"is_beta":false,"boss_relics":[{"not_picked":["SacredBark","Sozu"],"picked":"Fusion Hammer"}],"items_purged_floors":[12],"is_endless":false,"potions_floor_spawned":[2,11,14,16,18,25,28,30],"killed_by":"Automaton","ascension_level":16}}