{"host":"7qoz5gmva6til3yp","time":1610789945,"event":{"mods":["AchievementEnabler","BaseMod","Minty Spire (QoL Compilation)","StSLib","SuperFastMode"],"gold_per_floor":[119,129,204,204,220,220,232,232,257,287,58,85,59,59,59,164,164,180,180,180,204,204,231,68,68,68,100,100,200,100,130,130,227,227,227,42,42,55,55,86,186,186,209,223,239,239,264,264,264,264,264,264,40,65,65,65],"floor_reached":55,"language":"KOR","playtime":2131,"items_purged":["Strike_P","Strike_P"],"score":973,"play_id":"58440956-959f-435c-9e0f-3d66114d81b1","local_time":"20210116183905","is_ascension_mode":true,"campfire_choices":[{"data":"Eruption","floor":6.0,"key":"SMITH"},{"data":"TalkToTheHand","floor":8.0,"key":"SMITH"},{"data":"Ragnarok","floor":15.0,"key":"SMITH"},{"data":"Adaptation","floor":25.0,"key":"SMITH"},{"data":"SpiritShield","floor":28.0,"key":"SMITH"},{"floor":32.0,"key":"REST"},{"data":"MentalFortress","floor":42.0,"key":"SMITH"},{"floor":46.0,"key":"REST"},{"floor":49.0,"key":"RECALL"},{"data":"Devotion","floor":52.0,"key":"SMITH"}],"circlet_count":0,"master_deck":["Strike_P+1","Eruption+1","Vigilance","TalkToTheHand+1","Ragnarok+1","Collect","EmptyFist","SpiritShield+1","Adaptation+1","Evaluate","FearNoEvil","DeusExMachina","Establishment+1","Judgement+1","LikeWater+1","InnerPeace","MentalFortress+1","Devotion+1","EmptyMind","Prostrate+1"],"relics":["PureWater","Akabeko","Lantern","Omamori","Question Card","Runic Pyramid","Mercury Hourglass","Bag of Marbles","Whetstone","Sundial","Mummified Hand","Ancient Tea Set","Astrolabe","Medical Kit","Happy Flower","Juzu Bracelet","Ice Cream","Boot"],"acts_visited":["Exordium","TheCity","TheBeyond","TheEnding"],"potions_floor_usage":[],"damage_taken":[{"damage":0.0,"enemies":"2 Louse","floor":1.0,"turns":2.0},{"damage":0.0,"enemies":"Jaw Worm","floor":2.0,"turns":2.0},{"damage":0.0,"enemies":"Cultist","floor":5.0,"turns":2.0},{"damage":5.0,"enemies":"Large Slime","floor":7.0,"turns":2.0},{"damage":20.0,"enemies":"3 Sentries","floor":10.0,"turns":10.0},{"damage":16.0,"enemies":"Gremlin Nob","floor":12.0,"turns":3.0},{"damage":16.0,"enemies":"The Guardian","floor":16.0,"turns":6.0},{"damage":0.0,"enemies":"Chosen","floor":18.0,"turns":3.0},{"damage":15.0,"enemies":"Gremlin Leader","floor":23.0,"turns":5.0},{"damage":14.0,"enemies":"Book of Stabbing","floor":27.0,"turns":4.0},{"damage":8.0,"enemies":"Slavers","floor":31.0,"turns":5.0},{"damage":16.0,"enemies":"Automaton","floor":33.0,"turns":8.0},{"damage":0.0,"enemies":"Orb Walker","floor":35.0,"turns":1.0},{"damage":0.0,"enemies":"3 Darklings","floor":38.0,"turns":2.0},{"damage":20.0,"enemies":"Reptomancer","floor":40.0,"turns":4.0},{"damage":12.0,"enemies":"Spire Growth","floor":44.0,"turns":5.0},{"damage":11.0,"enemies":"Sphere and 2 Shapes","floor":45.0,"turns":2.0},{"damage":5.0,"enemies":"Giant Head","floor":47.0,"turns":7.0},{"damage":33.0,"enemies":"Time Eater","floor":50.0,"turns":8.0},{"damage":10.0,"enemies":"Shield and Spear","floor":54.0,"turns":6.0},{"damage":82,"enemies":"The Heart","floor":55,"turns":3}],"seed_played":"2800264192259502455","potions_obtained":[{"floor":1.0,"key":"Swift Potion"},{"floor":2.0,"key":"Fire Potion"},{"floor":5.0,"key":"DistilledChaos"},{"floor":27.0,"key":"SkillPotion"},{"floor":33.0,"key":"LiquidBronze"},{"floor":44.0,"key":"StancePotion"},{"floor":45.0,"key":"SkillPotion"}],"is_trial":false,"path_per_floor":["M","M","?","?","M","R","M","R","T","E","$","E","$","?","R","B",null,"M","?","?","T","?","E","$","R","T","E","R","?","$","E","R","B",null,"M","$","?","M","?","E","?","R","T","M","M","R","E","?","R","B",null,"R","$","E","B"],"character_chosen":"WATCHER","items_purchased":["Ragnarok","EmptyFist","DeusExMachina","InnerPeace","Medical Kit","Ice Cream","EmptyMind"],"campfire_rested":2,"item_purchase_floors":[11,13,24,36,36,53,53],"current_hp_per_floor":[72,72,61,54,54,54,49,49,49,29,29,13,13,82,82,66,78,78,78,62,62,62,47,47,47,47,33,33,33,33,25,51,35,74,74,74,74,74,74,54,54,54,54,42,31,57,52,52,52,19,70,70,70,60,0,0],"gold":65,"neow_bonus":"RANDOM_COMMON_RELIC","is_daily":false,"chose_seed":false,"campfire_upgraded":7,"win_rate":0.0,"timestamp":1610789945,"path_taken":["M","M","?","?","M","R","M","R","T","E","$","E","?","?","R","BOSS","M","?","?","?","?","E","$","R","T","E","R","?","$","E","R","BOSS","M","$","?","M","?","E","?","R","T","?","M","R","E","?","R","BOSS","R","$","E","BOSS"],"items_purchased_type":["Card","Card","Card","Card","Relic","Relic","Card"],"build_version":"2020-12-22","purchased_purges":2,"victory":false,"max_hp_per_floor":[72,72,72,72,72,72,72,72,72,72,72,72,72,82,82,82,82,82,82,87,87,87,87,87,87,87,87,87,87,87,87,87,87,87,87,87,87,87,87,87,87,87,87,87,87,87,87,87,87,87,87,87,87,87,87,87],"card_choices":[{"not_picked":["SandsOfTime","Crescendo","LikeWater"],"picked":"SKIP","floor":1.0},{"not_picked":["FlyingSleeves","Study"],"picked":"TalkToTheHand","floor":2.0},{"not_picked":["Halt","ClearTheMind","CarveReality"],"picked":"SKIP","floor":5.0},{"not_picked":["JustLucky","Prostrate","Wireheading"],"picked":"SKIP","floor":7.0},{"not_picked":["Nirvana","Crescendo"],"picked":"Devotion","floor":10.0},{"not_picked":["Wish","FearNoEvil"],"picked":"Collect","floor":12.0},{"not_picked":["Devotion","Alpha","Omniscience"],"picked":"SpiritShield","floor":16.0},{"not_picked":["WheelKick","ThirdEye","Protect"],"picked":"Adaptation","floor":18.0},{"not_picked":["ClearTheMind","WheelKick","EmptyFist+1"],"picked":"FearNoEvil","floor":23.0},{"not_picked":["Conclude","FlurryOfBlows","JustLucky","Tantrum"],"picked":"SKIP","floor":27.0},{"not_picked":["SignatureMove+1","Consecrate","SashWhip","PathToVictory"],"picked":"SKIP","floor":31.0},{"not_picked":["InnerPeace+1","CutThroughFate","FollowUp+1","FlurryOfBlows+1"],"picked":"SKIP","floor":35.0},{"not_picked":["EmptyFist+1","ThirdEye+1","LikeWater","Weave+1"],"picked":"SKIP","floor":38.0},{"not_picked":["FlyingSleeves+1","FlurryOfBlows","Crescendo"],"picked":"MentalFortress","floor":40.0},{"not_picked":["JustLucky","FearNoEvil","SashWhip","Collect+1"],"picked":"SKIP","floor":44.0},{"not_picked":["ClearTheMind+1","Prostrate","Sanctity","BowlingBash"],"picked":"SKIP","floor":45.0},{"not_picked":["FlyingSleeves","Adaptation+1","FlurryOfBlows+1"],"picked":"Devotion","floor":47.0},{"not_picked":["Halt+1","ThirdEye","Weave"],"picked":"Prostrate+1","floor":54.0}],"player_experience":361213,"relics_obtained":[{"floor":9.0,"key":"Lantern"},{"floor":10.0,"key":"Omamori"},{"floor":12.0,"key":"Question Card"},{"floor":21.0,"key":"Bag of Marbles"},{"floor":23.0,"key":"Whetstone"},{"floor":26.0,"key":"Sundial"},{"floor":27.0,"key":"Mummified Hand"},{"floor":31.0,"key":"Ancient Tea Set"},{"floor":40.0,"key":"Happy Flower"},{"floor":47.0,"key":"Juzu Bracelet"},{"floor":54.0,"key":"Boot"}],"event_choices":[{"damage_healed":0.0,"max_hp_gain":0.0,"max_hp_loss":0.0,"gold_gain":75.0,"event_name":"World of Goop","player_choice":"Gather Gold","floor":3.0,"gold_loss":0.0,"damage_taken":11.0},{"cards_removed":["Defend_P"],"damage_healed":0.0,"max_hp_gain":0.0,"max_hp_loss":0.0,"gold_gain":0.0,"event_name":"Golden Wing","player_choice":"Card Removal","floor":4.0,"gold_loss":0.0,"damage_taken":7.0},{"cards_removed":["Devotion"],"damage_healed":59.0,"max_hp_gain":10.0,"max_hp_loss":0.0,"gold_gain":0.0,"event_name":"Bonfire Elementals","player_choice":"Offered Rare","floor":14.0,"gold_loss":0.0,"damage_taken":0.0},{"damage_healed":0.0,"max_hp_gain":0.0,"max_hp_loss":0.0,"gold_gain":0.0,"event_name":"The Mausoleum","player_choice":"Opened","floor":19.0,"gold_loss":0.0,"damage_taken":0.0,"relics_obtained":["Mercury Hourglass"]},{"damage_healed":0.0,"max_hp_gain":5.0,"max_hp_loss":0.0,"gold_gain":0.0,"event_name":"Forgotten Altar","player_choice":"Shed Blood","floor":20.0,"gold_loss":0.0,"damage_taken":21.0},{"damage_healed":0.0,"max_hp_gain":0.0,"max_hp_loss":0.0,"gold_gain":0.0,"event_name":"The Library","player_choice":"Read","floor":22.0,"gold_loss":0.0,"damage_taken":0.0,"cards_obtained":["Evaluate"]},{"damage_healed":0.0,"max_hp_gain":0.0,"max_hp_loss":0.0,"gold_gain":100.0,"event_name":"Golden Shrine","player_choice":"Pray","floor":29.0,"gold_loss":0.0,"damage_taken":0.0},{"cards_removed":["Strike_P"],"damage_healed":0.0,"max_hp_gain":0.0,"max_hp_loss":0.0,"gold_gain":0.0,"event_name":"Falling","player_choice":"Removed Attack","floor":37.0,"gold_loss":0.0,"damage_taken":0.0},{"damage_healed":0.0,"max_hp_gain":0.0,"max_hp_loss":0.0,"gold_gain":0.0,"event_name":"Tomb of Lord Red Mask","player_choice":"Ignored","floor":39.0,"gold_loss":0.0,"damage_taken":0.0},{"damage_healed":0.0,"max_hp_gain":0.0,"max_hp_loss":0.0,"gold_gain":100.0,"event_name":"Golden Shrine","player_choice":"Pray","floor":41.0,"gold_loss":0.0,"damage_taken":0.0},{"damage_healed":0.0,"max_hp_gain":0.0,"max_hp_loss":0.0,"gold_gain":0.0,"event_name":"SensoryStone","player_choice":"Memory 1","floor":48.0,"gold_loss":0.0,"damage_taken":0.0}],"is_beta":false,"boss_relics":[{"not_picked":["Black Star","Calling Bell"],"picked":"Runic Pyramid"},{"not_picked":["Tiny House","Velvet Choker"],"picked":"Astrolabe"}],"items_purged_floors":[11,30],"is_endless":false,"potions_floor_spawned":[1,2,5,27,33,35,44,45],"killed_by":"The Heart","ascension_level":5}}