{"host":"2pmmafybkq7zb6na","time":1610795906,"event":{"mods":["AchievementEnabler","BaseMod","Colored Map","Highlight Path","Minty Spire (QoL Compilation)","Quick Restart","StSLib","SuperFastMode"],"gold_per_floor":[116,132,28,44,59,87,107,107,162,17,50,50,78,88,88,190,190,206,131,151,7,27,27,27,27],"floor_reached":24,"language":"KOR","playtime":1369,"items_purged":[],"score":218,"play_id":"dff483e5-b2b1-4670-b0f4-ae2bb2ee4b46","local_time":"20210116201826","is_ascension_mode":false,"campfire_choices":[{"floor":8,"key":"REST"},{"floor":12,"key":"REST"},{"floor":15,"key":"REST"},{"floor":23,"key":"RECALL"}],"circlet_count":0,"master_deck":["Strike_B","Strike_B","Strike_B","Defend_B","Defend_B","Defend_B","Defend_B","Zap","Dualcast","Genetic Algorithm","Static Discharge","Storm","Sweeping Beam","Heatsinks","Hologram","Stack","Beam Cell","Genetic Algorithm","Capacitor","Skim","Creative AI","Coolheaded","Coolheaded+1","Buffer"],"relics":["Cracked Core","Oddly Smooth Stone","CaptainsWheel","Potion Belt","Membership Card","Question Card","Pen Nib","Philosopher\u0027s Stone","Bird Faced Urn"],"acts_visited":["Exordium","TheCity"],"potions_floor_usage":[4,13,20,24],"damage_taken":[{"damage":2,"enemies":"Small Slimes","floor":1,"turns":3},{"damage":4,"enemies":"2 Louse","floor":2,"turns":3},{"damage":3,"enemies":"Cultist","floor":4,"turns":4},{"damage":13,"enemies":"3 Louse","floor":5,"turns":3},{"damage":24,"enemies":"3 Sentries","floor":6,"turns":8},{"damage":10,"enemies":"Looter","floor":7,"turns":4},{"damage":26,"enemies":"Gremlin Nob","floor":11,"turns":5},{"damage":14,"enemies":"Lagavulin","floor":13,"turns":8},{"damage":6,"enemies":"2 Fungi Beasts","floor":14,"turns":3},{"damage":38,"enemies":"The Guardian","floor":16,"turns":10},{"damage":16,"enemies":"Shell Parasite","floor":18,"turns":5},{"damage":19,"enemies":"Spheric Guardian","floor":20,"turns":8},{"damage":14,"enemies":"Chosen and Byrds","floor":22,"turns":5},{"damage":70,"enemies":"Gremlin Leader","floor":24,"turns":8}],"seed_played":"-7532419155831211337","potions_obtained":[{"floor":4,"key":"Fruit Juice"},{"floor":5,"key":"Ancient Potion"},{"floor":7,"key":"FearPotion"},{"floor":11,"key":"DistilledChaos"},{"floor":16,"key":"FearPotion"},{"floor":18,"key":"SteroidPotion"}],"is_trial":false,"path_per_floor":["M","M","$","M","M","E","M","R","T","$","E","R","E","M","R","B",null,"M","?","M","$","M","R","E"],"character_chosen":"DEFECT","items_purchased":["Storm","Sweeping Beam","Membership Card","Bird Faced Urn"],"campfire_rested":3,"item_purchase_floors":[3,3,10,21],"current_hp_per_floor":[73,69,69,71,58,34,24,48,48,48,22,46,32,26,50,12,80,64,64,45,45,45,45,0,0],"gold":27,"neow_bonus":"RANDOM_COMMON_RELIC","is_daily":false,"chose_seed":false,"campfire_upgraded":0,"win_rate":0.0,"timestamp":1610795906,"path_taken":["M","M","$","M","M","E","M","R","T","$","E","R","E","M","R","BOSS","M","?","M","$","M","R","E"],"items_purchased_type":["Card","Card","Relic","Relic"],"build_version":"2020-12-22","purchased_purges":0,"victory":false,"max_hp_per_floor":[75,75,75,80,80,80,80,80,80,80,80,80,80,80,80,80,80,80,80,80,80,80,80,80,80],"card_choices":[{"not_picked":["Redo","Undo"],"picked":"Genetic Algorithm","floor":1},{"not_picked":["Hologram","Darkness"],"picked":"Static Discharge","floor":2},{"not_picked":["Blizzard","Hologram"],"picked":"Heatsinks","floor":4},{"not_picked":["Cold Snap","Streamline"],"picked":"Hologram","floor":5},{"not_picked":["Reprogram","Compile Driver"],"picked":"Stack","floor":6},{"not_picked":["Doom and Gloom","Seek"],"picked":"Beam Cell","floor":7},{"not_picked":["Redo","Streamline"],"picked":"Genetic Algorithm","floor":11},{"not_picked":["Go for the Eyes","Leap","Multi-Cast"],"picked":"Capacitor","floor":13},{"not_picked":["Rebound","Scrape","Steam"],"picked":"Skim","floor":14},{"not_picked":["Multi-Cast","Buffer","Hyperbeam"],"picked":"Creative AI","floor":16},{"not_picked":["Leap","Ball Lightning","Beam Cell"],"picked":"Coolheaded","floor":18},{"not_picked":["Conserve Battery","Leap","Tempest+1"],"picked":"Coolheaded+1","floor":20},{"not_picked":["Compile Driver","Hologram","Cold Snap+1"],"picked":"Buffer","floor":22}],"player_experience":56897,"relics_obtained":[{"floor":6,"key":"CaptainsWheel"},{"floor":9,"key":"Potion Belt"},{"floor":11,"key":"Question Card"},{"floor":13,"key":"Pen Nib"}],"event_choices":[{"cards_removed":["Strike_B"],"damage_healed":0,"gold_gain":0,"player_choice":"Gave Gold","damage_taken":0,"max_hp_gain":0,"max_hp_loss":0,"event_name":"Beggar","floor":19,"gold_loss":75}],"is_beta":false,"boss_relics":[{"not_picked":["Coffee Dripper","FrozenCore"],"picked":"Philosopher\u0027s Stone"}],"items_purged_floors":[],"is_endless":false,"potions_floor_spawned":[4,5,7,11,16,18],"killed_by":"Gremlin Leader","ascension_level":0}}