{"host":"r10yh36zs2k9z1sa","time":1610815205,"event":{"mods":["BaseMod","Colored Map","Hermit","Infinite Spire","Marisa¡]Ãú«B¡@Å]²z¨F¡^","Minty Spire (QoL Compilation)","Remilia¡]Á¢¦Ì²ú?¡^","StSLib","The Bug Knight","The Cursed","The Necromancer","The Runesmith","The Servant 0.9.4"],"gold_per_floor":[118,138,154,154,254,294,324,324,372,388,448,623,623,677,677,813,813,870,870,929,929,330,330,389,389,389,433,477,533,596,655,655,805,805,861,897,897,897,1022,1022,1074,1092,1117,621,675,755,184,251,251,406,406,406],"floor_reached":51,"language":"ZHS","playtime":7156,"items_purged":["Strike_MRS","Lust_TH","Doubt","Strike_MRS","Strike_MRS"],"score":1014,"play_id":"35154d84-7e51-4ffe-9e26-181fe11797ed","local_time":"20210117004005","is_ascension_mode":true,"campfire_choices":[{"data":"WitchOfGreed","floor":8,"key":"SMITH"},{"floor":13,"key":"REST"},{"data":"PropBag","floor":15,"key":"SMITH"},{"floor":23,"key":"REST"},{"data":"BigCrunch","floor":25,"key":"SMITH"},{"floor":32,"key":"REST"},{"data":"MagicChant","floor":40,"key":"SMITH"},{"data":"SuperNova","floor":49,"key":"SMITH"}],"circlet_count":0,"master_deck":["Defend_MRS","Defend_MRS","Defend_MRS","Defend_MRS","MasterSpark","UpSweep+1","BigCrunch+1","PulseMagic","AsteroidBelt","WitchOfGreed+1","DC","PropBag+1","TreasureHunter","EventHorizon+1","WitchOfGreed","MillisecondPulsars+1","DoubleSpark+1","GrandCross+1","GasGiant","GalacticHalo+1","Parasite","Parasite","MagicChant+1","WitchLeyline+1","SuperNova+1","WitchLeyline+1","MagicAbsorber","Finesse","infinitespire:FutureSight+1","SuperPerseids","WitchLeyline+1","UltimateShortwave"],"relics":["MiniHakkero","Sundial","Regal Pillow","Pen Nib","Bottled Flame","Matryoshka","Gremlin Horn","Turnip","Black Star","infinitespire:EmpoweringShard","PreservedInsect","Bag of Preparation","Toolbox","infinitespire:Satchel","infinitespire:BottledMercury","ShroomBag","Ice Cream","Anchor","infinitespire:PuzzleCube","infinitespire:Beetle Shell","Art of War","SlaversCollar","Lee\u0027s Waffle","infinitespire:Joker Card","Nunchaku","War Paint","Whetstone","Bronze Scales","Strawberry","Eternal Feather","Shuriken","InkBottle","Juzu Bracelet","Medical Kit","Prayer Wheel","Kunai","Torii","Toy Ornithopter","Busted Crown"],"acts_visited":["Exordium","TheCity","TheBeyond","Exordium"],"potions_floor_usage":[6,11,14,16,16,18,20,20,20,20,24,28,33,33,33,39,39,39,45,48,50,50,50],"damage_taken":[{"damage":0,"enemies":"Small Slimes","floor":1,"turns":3},{"damage":2,"enemies":"2 Louse","floor":2,"turns":3},{"damage":0,"enemies":"Cultist","floor":3,"turns":3},{"damage":8,"enemies":"3 Sentries","floor":6,"turns":14},{"damage":4,"enemies":"Blue Slaver","floor":7,"turns":5},{"damage":0,"enemies":"2 Fungi Beasts","floor":10,"turns":3},{"damage":14,"enemies":"HollowMod:MossKnight","floor":11,"turns":12},{"damage":48,"enemies":"Lagavulin","floor":14,"turns":13},{"damage":43,"enemies":"Slime Boss","floor":16,"turns":9},{"damage":18,"enemies":"Chosen","floor":18,"turns":7},{"damage":20,"enemies":"Sentry and Sphere","floor":20,"turns":6},{"damage":17,"enemies":"Snake Plant","floor":24,"turns":5},{"damage":0,"enemies":"Snecko","floor":27,"turns":4},{"damage":9,"enemies":"Nightmare","floor":28,"turns":8},{"damage":7,"enemies":"Shelled Parasite and Fungi","floor":29,"turns":4},{"damage":11,"enemies":"Snake Plant","floor":30,"turns":3},{"damage":0,"enemies":"Gremlin Leader","floor":31,"turns":3},{"damage":69,"enemies":"Champ","floor":33,"turns":16},{"damage":1,"enemies":"3 Shapes","floor":35,"turns":4},{"damage":2,"enemies":"Orb Walker","floor":36,"turns":2},{"damage":6,"enemies":"infinitespire:Three Voidlings","floor":39,"turns":4},{"damage":2,"enemies":"Nightmare_Alpha","floor":39,"turns":7},{"damage":31,"enemies":"Nightmare","floor":41,"turns":4},{"damage":0,"enemies":"Writhing Mass","floor":42,"turns":1},{"damage":0,"enemies":"Maw","floor":45,"turns":5},{"damage":0,"enemies":"Nemesis","floor":46,"turns":3},{"damage":0,"enemies":"Giant Head","floor":48,"turns":2},{"damage":9,"enemies":"infinitespire:MassOfShapes","floor":50,"turns":7}],"seed_played":"4787740072420441288","potions_obtained":[{"floor":6,"key":"ColorlessPotion"},{"floor":6,"key":"Fruit Juice"},{"floor":11,"key":"ColorlessPotion"},{"floor":14,"key":"GamblersBrew"},{"floor":14,"key":"Explosive Potion"},{"floor":16,"key":"ColorlessPotion"},{"floor":16,"key":"Energy Potion"},{"floor":16,"key":"ColorlessPotion"},{"floor":18,"key":"EntropicBrew"},{"floor":20,"key":"PowerPotion"},{"floor":24,"key":"BlessingOfTheForge"},{"floor":24,"key":"DuplicationPotion"},{"floor":28,"key":"infinitespire:BlackPotion"},{"floor":29,"key":"BottledSpark"},{"floor":33,"key":"SkillPotion"},{"floor":33,"key":"ColorlessPotion"},{"floor":35,"key":"Block Potion"},{"floor":39,"key":"PowerPotion"},{"floor":41,"key":"SkillPotion"},{"floor":41,"key":"BottledSpark"},{"floor":45,"key":"Energy Potion"},{"floor":45,"key":"Energy Potion"},{"floor":48,"key":"Weak Potion"},{"floor":50,"key":"FearPotion"},{"floor":50,"key":"FearPotion"}],"is_trial":false,"path_per_floor":["M","M","M","?","?","E","M","R","T","M","E","?","R","E","R","B",null,"M","AVR","M","?","$","R","M","R","T","M","NM","M","M","E","R","B",null,"M","M","AVR","?","?","R","NM","M","T","$","M","E","$","E","R","B",null],"character_chosen":"MARISA","items_purchased":["PreservedInsect","Bag of Preparation","Toolbox","GasGiant","Strawberry","Eternal Feather","Medical Kit","Prayer Wheel"],"campfire_rested":3,"item_purchase_floors":[22,22,22,22,44,44,47,47],"current_hp_per_floor":[75,73,73,66,66,63,59,59,59,59,45,45,80,44,44,1,80,62,62,42,42,42,80,63,63,63,63,54,51,42,46,80,11,80,79,79,87,87,85,85,60,60,60,67,73,73,73,75,93,85,94,94],"gold":406,"neow_bonus":"ONE_RANDOM_RARE_CARD","is_daily":false,"chose_seed":false,"campfire_upgraded":5,"win_rate":0.0,"timestamp":1610815205,"path_taken":["M","M","M","?","?","E","?","R","T","M","E","?","R","E","R","BOSS","M","AVR","M","?","$","R","M","R","T","M","NM","M","M","E","R","BOSS","M","M","AVR","?","?","R","NM","M","T","?","?","E","$","E","R","BOSS"],"items_purchased_type":["Relic","Relic","Relic","Card","Relic","Relic","Relic","Relic"],"build_version":"2020-12-22","purchased_purges":5,"victory":false,"max_hp_per_floor":[75,75,75,75,75,80,80,80,80,80,80,80,80,80,80,80,80,80,80,80,80,80,80,80,80,80,80,80,80,80,80,80,80,80,80,80,87,87,87,87,87,87,87,94,94,94,94,94,94,94,94,94],"card_choices":[{"not_picked":["MilkyWay","OneTimeOff"],"picked":"PulseMagic","floor":1},{"not_picked":["BlazeAway","MachineGunSpark"],"picked":"AsteroidBelt","floor":2},{"not_picked":["Singularity","GravityBeat"],"picked":"WitchOfGreed","floor":3},{"not_picked":["WitchLeyline","6A"],"picked":"DC","floor":6},{"not_picked":["SporeBomb","ChargeUpSpray"],"picked":"PropBag","floor":7},{"not_picked":["SuperPerseids","NonDirectionalLaser"],"picked":"TreasureHunter","floor":10},{"not_picked":["6A","OneTimeOff"],"picked":"EventHorizon","floor":11},{"not_picked":["StarBarrage","AsteroidBelt"],"picked":"WitchOfGreed","floor":14},{"not_picked":["StarDustReverie","CollectingQuirk"],"picked":"MillisecondPulsars","floor":16},{"not_picked":["ShootingEcho+1","UnstableBomb"],"picked":"DoubleSpark+1","floor":18},{"not_picked":["AsteroidBelt","PowerUp"],"picked":"GrandCross+1","floor":20},{"not_picked":["IllusionStar","RefractionSpark"],"picked":"GalacticHalo","floor":24},{"not_picked":["DoubleSpark","DarkSpark","MysteriousBeam"],"picked":"SKIP","floor":27},{"not_picked":["GrandCross+1","SatelliteIllusion","ShootingEcho+1"],"picked":"SKIP","floor":28},{"not_picked":["Acceleration","LuminesStrike","DeepEcoloBomb"],"picked":"SKIP","floor":29},{"not_picked":["6A+1","PowerUp+1"],"picked":"MagicChant","floor":30},{"not_picked":["AbsoluteMagnitude","WitchOfGreed"],"picked":"WitchLeyline","floor":31},{"not_picked":["FinalSpark","TreasureHunter"],"picked":"SuperNova","floor":33},{"not_picked":["ManaConvection+1","MachineGunSpark+1"],"picked":"WitchLeyline+1","floor":35},{"not_picked":["Occultation+1","DoubleSpark+1"],"picked":"MagicAbsorber","floor":36},{"not_picked":["Violence","Blind"],"picked":"Finesse","floor":38},{"not_picked":["infinitespire:TheBestDefense","infinitespire:Punishment"],"picked":"infinitespire:FutureSight","floor":39},{"not_picked":["infinitespire:Oblivion","infinitespire:FinalStrike"],"picked":"infinitespire:SealOfDarkness+","floor":41},{"not_picked":["NonDirectionalLaser+1","Occultation","LuminesStrike"],"picked":"SKIP","floor":41},{"not_picked":["GravityBeat","DarkSpark+1","DragonMeteor"],"picked":"SKIP","floor":42},{"not_picked":["GravityBeat","NonDirectionalLaser"],"picked":"SuperPerseids","floor":45},{"not_picked":["IllusionStar","CollectingQuirk"],"picked":"WitchLeyline+1","floor":46},{"not_picked":["ManaConvection","DC","FairyDestructionRay"],"picked":"SKIP","floor":48},{"not_picked":["FinalSpark","SatelliteIllusion"],"picked":"UltimateShortwave","floor":50}],"player_experience":176651,"relics_obtained":[{"floor":6,"key":"Sundial"},{"floor":9,"key":"Regal Pillow"},{"floor":11,"key":"Pen Nib"},{"floor":11,"key":"Bottled Flame"},{"floor":14,"key":"Matryoshka"},{"floor":14,"key":"Gremlin Horn"},{"floor":16,"key":"Turnip"},{"floor":26,"key":"infinitespire:Satchel"},{"floor":26,"key":"infinitespire:BottledMercury"},{"floor":28,"key":"ShroomBag"},{"floor":28,"key":"Ice Cream"},{"floor":28,"key":"Anchor"},{"floor":31,"key":"infinitespire:PuzzleCube"},{"floor":31,"key":"infinitespire:Beetle Shell"},{"floor":31,"key":"Art of War"},{"floor":39,"key":"infinitespire:Joker Card"},{"floor":41,"key":"Nunchaku"},{"floor":41,"key":"War Paint"},{"floor":43,"key":"Whetstone"},{"floor":43,"key":"Bronze Scales"},{"floor":46,"key":"Shuriken"},{"floor":46,"key":"InkBottle"},{"floor":46,"key":"Juzu Bracelet"},{"floor":48,"key":"Kunai"},{"floor":48,"key":"Torii"},{"floor":48,"key":"Toy Ornithopter"}],"event_choices":[{"cards_removed":["Strike_MRS"],"damage_healed":0,"gold_gain":0,"player_choice":"Card Removal","damage_taken":7,"max_hp_gain":0,"max_hp_loss":0,"event_name":"Golden Wing","floor":4,"gold_loss":0},{"damage_healed":0,"gold_gain":100,"player_choice":"Gold","damage_taken":0,"max_hp_gain":0,"max_hp_loss":0,"event_name":"Wheel of Change","floor":5,"gold_loss":0},{"damage_healed":0,"gold_gain":175,"player_choice":"AGREE","damage_taken":0,"max_hp_gain":0,"max_hp_loss":0,"event_name":"Liars Game","floor":12,"gold_loss":0,"cards_obtained":["Doubt"]},{"damage_healed":0,"gold_gain":0,"player_choice":"Memory 1","damage_taken":0,"max_hp_gain":0,"max_hp_loss":0,"event_name":"SensoryStone","floor":38,"gold_loss":0}],"is_beta":false,"boss_relics":[{"not_picked":["Runic Dome","SacredBark"],"picked":"Black Star"},{"not_picked":["Pandora\u0027s Box","Empty Cage"],"picked":"SlaversCollar"},{"not_picked":["Sozu","Runic Pyramid"],"picked":"Busted Crown"}],"items_purged_floors":[19,22,37,44,47],"is_endless":true,"potions_floor_spawned":[6,14,16,18,27,28,35,41,42,45],"ascension_level":1}}