{"host":"bplbr8uekuotory4","time":1610804409,"event":{"mods":["Act Like it!","BaseMod","Custom Start","Gensokyo","GungeonMod","Hermit","KinomotoSakuraMod(ƒæ÷Æ±æ”£)","Koishi","Marisa£®ÏF”Í°°ƒß¿Ì…≥£©","Minty Spire (QoL Compilation)","Prisma Mod","Quick Restart","Reimu£®≤©¿ˆ¡È√Œ£©","SOS£®Àπ∞Õ¥Ô÷Æ◊”£©","Spicy Shops","StSLib","TestMod","The Alterego","The Blackbeard","The Cursed","The Marked","The Mystic","The Runesmith","The Saiyan","The Servant 0.9.4","Yuri Mod","[IsaacMod]“‘»ˆº‚À˛","vexMod"],"gold_per_floor":[115,115,390,60,76,104,104,119,142,92,92,42,42,53,53,155,821,835,735,769,780,259,259,271,186,255,270,270,270,270],"floor_reached":29,"language":"ZHS","playtime":581,"items_purged":["Regret","alterego_mod:Strike","alterego_mod:Strike","alterego_mod:Defend","alterego_mod:Strike","alterego_mod:Defend"],"score":386,"play_id":"c69e8b0d-0a41-4d39-ab50-0ddcf6f8bc04","local_time":"20210116214009","is_ascension_mode":true,"campfire_choices":[{"data":"alterego_mod:BrynhildrsRune","floor":7,"key":"SMITH"},{"data":"alterego_mod:Impale","floor":15,"key":"SMITH"},{"data":"alterego_mod:Weigh","floor":23,"key":"SMITH"},{"data":"alterego_mod:Complex","floor":28,"key":"SMITH"}],"circlet_count":0,"master_deck":["alterego_mod:Strike+1","alterego_mod:Defend+1","alterego_mod:Impale+1","alterego_mod:BigMeatyClaws+1","alterego_mod:BrynhildrsRune+1","alterego_mod:Mirror+1","alterego_mod:Cooking+1","alterego_mod:Weigh+1","alterego_mod:Complex+1","alterego_mod:VirginLaserPalladion+1"],"relics":["alterego_mod:MasochisticConstitution","testmod-TestBox","HushsDoor","Damocles","testmod-RealStoneCalender","NeowsBlessing","Juzu Bracelet","testmod-LifeArmor","vexMod:Dragonfruit","testmod-Hope","Oddly Smooth Stone","HowToJump","Runesmith:Locket","Smiling Mask","Orichalcum","vexMod:RockOfEvil","GuppysTail","GuppysPaw","DeathBook","Question Card","Red Mask","War Paint","Centennial Puzzle","Anchor","DemoMod:PoisonVial","Whetstone"],"acts_visited":["Exordium","TheCity"],"potions_floor_usage":[16,18],"damage_taken":[{"damage":0,"enemies":"Small Slimes","floor":1,"turns":1},{"damage":0,"enemies":"Cultist","floor":5,"turns":1},{"damage":0,"enemies":"3 Sentries","floor":6,"turns":1},{"damage":0,"enemies":"Jaw Worm","floor":8,"turns":3},{"damage":7,"enemies":"Looter","floor":14,"turns":3},{"damage":0,"enemies":"Slime Boss","floor":16,"turns":5},{"damage":4,"enemies":"Spheric Guardian","floor":18,"turns":3},{"damage":0,"enemies":"Masked Bandits","floor":20,"turns":1},{"damage":0,"enemies":"2 Thieves","floor":21,"turns":3},{"damage":0,"enemies":"Cultist and Chosen","floor":24,"turns":3},{"damage":1,"enemies":"3 Cultists","floor":27,"turns":4},{"damage":6,"enemies":"Book of Stabbing","floor":29,"turns":2}],"seed_played":"8879040266921086302","potions_obtained":[{"floor":8,"key":"FearPotion"},{"floor":14,"key":"DemoMod:LeadSkinPotion"},{"floor":16,"key":"SteroidPotion"},{"floor":18,"key":"GrandPatriotsElixir:ReiMu"},{"floor":21,"key":"Weak Potion"}],"is_trial":false,"path_per_floor":["M","?","?","$","M","E","R","M","T","?","?","$","?","M","R","B",null,"M","$","?","M","$","R","M","?","T","M","R","E"],"character_chosen":"The_Alterego","items_purchased":["vexMod:Dragonfruit","GuppysTail","GuppysPaw","DeathBook","alterego_mod:VirginLaserPalladion"],"campfire_rested":0,"item_purchase_floors":[4,17,17,17,22],"current_hp_per_floor":[70,55,55,60,60,60,60,60,60,60,45,45,30,27,27,30,41,38,38,38,42,42,42,42,42,42,42,42,0,0],"gold":270,"neow_bonus":"THREE_ENEMY_KILL","is_daily":false,"chose_seed":false,"campfire_upgraded":4,"win_rate":0.0,"timestamp":1610804409,"path_taken":["M","?","?","$","M","E","R","M","T","?","?","$","?","M","R","BOSS","M","$","?","M","$","R","M","?","T","M","R","E"],"items_purchased_type":["Relic","Relic","Relic","Relic","Card"],"build_version":"2020-12-22","purchased_purges":6,"victory":false,"max_hp_per_floor":[70,70,70,75,75,75,75,75,75,75,75,75,75,76,76,76,41,42,42,42,42,42,42,42,42,42,43,43,43,43],"card_choices":[{"not_picked":["alterego_mod:Jiggle","alterego_mod:ClassAdvantage","alterego_mod:BoobPocket"],"picked":"SKIP","floor":1},{"not_picked":["alterego_mod:TrashNCrash","alterego_mod:PerceptionDisorder","alterego_mod:Bunnysuit"],"picked":"SKIP","floor":5},{"not_picked":["alterego_mod:Maid","alterego_mod:Table"],"picked":"alterego_mod:Mirror","floor":6},{"not_picked":["alterego_mod:Skirt","alterego_mod:Clones"],"picked":"alterego_mod:Cooking","floor":8},{"not_picked":["alterego_mod:Mirror","alterego_mod:Punishment","alterego_mod:Smother"],"picked":"SKIP","floor":14},{"not_picked":["alterego_mod:VirginLaserPalladion","alterego_mod:Valkyrie"],"picked":"alterego_mod:Weigh","floor":16},{"not_picked":["alterego_mod:Mirror","alterego_mod:RocketPunch","alterego_mod:Maid+1"],"picked":"SKIP","floor":18},{"not_picked":["alterego_mod:DestructionOfProperty","alterego_mod:Pet","alterego_mod:Birthday"],"picked":"alterego_mod:Complex","floor":20},{"not_picked":["alterego_mod:PerceptionDisorder","alterego_mod:Bloomers","alterego_mod:Skirt+1","alterego_mod:Cycle"],"picked":"SKIP","floor":21},{"not_picked":["alterego_mod:Rip","alterego_mod:Jiggle","alterego_mod:Bounce","alterego_mod:Table"],"picked":"SKIP","floor":24},{"not_picked":["alterego_mod:BiFurious","alterego_mod:Complex+1","alterego_mod:Rip","alterego_mod:Undulate"],"picked":"SKIP","floor":27}],"player_experience":1212501,"relics_obtained":[{"floor":1,"key":"Juzu Bracelet"},{"floor":5,"key":"testmod-Hope"},{"floor":6,"key":"Oddly Smooth Stone"},{"floor":6,"key":"HowToJump"},{"floor":8,"key":"Runesmith:Locket"},{"floor":9,"key":"Smiling Mask"},{"floor":18,"key":"Question Card"},{"floor":20,"key":"Red Mask"},{"floor":20,"key":"War Paint"},{"floor":21,"key":"Centennial Puzzle"},{"floor":24,"key":"Anchor"},{"floor":27,"key":"Whetstone"}],"event_choices":[{"damage_healed":0,"gold_gain":275,"player_choice":"Desecrate","damage_taken":0,"max_hp_gain":0,"max_hp_loss":0,"event_name":"Golden Shrine","floor":3,"gold_loss":0,"cards_obtained":["Regret"]},{"cards_removed":["alterego_mod:Defend"],"damage_healed":0,"gold_gain":0,"player_choice":"Card Removal","damage_taken":0,"max_hp_gain":0,"max_hp_loss":0,"event_name":"The Cleric","floor":10,"gold_loss":50},{"damage_healed":0,"gold_gain":0,"player_choice":"Entered Light","damage_taken":15,"max_hp_gain":0,"max_hp_loss":0,"event_name":"Shining Light","floor":13,"gold_loss":0,"cards_upgraded":["alterego_mod:Mirror","alterego_mod:BigMeatyClaws"]},{"damage_healed":0,"gold_gain":0,"player_choice":"Fought Bandits","damage_taken":0,"max_hp_gain":0,"max_hp_loss":0,"event_name":"Masked Bandits","floor":20,"gold_loss":0},{"damage_healed":0,"gold_gain":0,"player_choice":"Obtained Relic","damage_taken":0,"relics_obtained":["DemoMod:PoisonVial"],"max_hp_gain":0,"max_hp_loss":0,"event_name":"Addict","floor":25,"gold_loss":85}],"is_beta":false,"boss_relics":[{"not_picked":["Coffee Dripper","vexMod:FluxCapacitor"],"picked":"vexMod:RockOfEvil"},{"not_picked":[]}],"items_purged_floors":[4,12,17,19,19,22],"is_endless":false,"potions_floor_spawned":[8,14,16,18,21,24],"killed_by":"Book of Stabbing","ascension_level":1}}