{"host":"zxkjcgzis4pm3za5","time":1610782889,"event":{"mods":["AchievementEnabler","Act Like it!","BaseMod","Colored Map","Colored Powertips","Friendly Minions","GifTheSpireLib","Minty Spire (QoL Compilation)","Quick Restart","RNG Fix","Random Character Button","Relic Sorter","Relic Stats","StSLib"],"gold_per_floor":[111,111,111,130,130,170,170,188,188,188,113,113,113,156,156,246,246,271,271,285,304,56,75,75,75,99,99,99,125,125,153,153,153,153],"floor_reached":33,"language":"ENG","playtime":822,"items_purged":["Strike_B","Strike_B"],"score":550,"play_id":"f9073532-2abf-40ab-880c-e254b33374c3","local_time":"20210116131129","is_ascension_mode":true,"campfire_choices":[{"data":"Loop","floor":7,"key":"SMITH"},{"data":"Seek","floor":10,"key":"SMITH"},{"data":"Streamline","floor":12,"key":"SMITH"},{"data":"Zap","floor":15,"key":"SMITH"},{"data":"Rainbow","floor":24,"key":"SMITH"},{"data":"Beam Cell","floor":28,"key":"SMITH"},{"floor":30,"key":"REST"},{"floor":32,"key":"REST"}],"circlet_count":0,"master_deck":["AscendersBane","Strike_B","Strike_B+1","Defend_B","Defend_B","Defend_B","Zap+1","Dualcast","Loop+1","Streamline+1","Seek+1","Sweeping Beam+1","Leap","Rainbow+1","Cold Snap","RitualDagger","Redo","Glacier","Beam Cell+1","Echo Form","Conserve Battery"],"relics":["Cracked Core","NeowsBlessing","Bloody Idol","DataDisk","Bronze Scales","HornCleat","Runic Pyramid","Runic Capacitor","Blood Vial","WingedGreaves","Meat on the Bone"],"acts_visited":["Exordium","TheCity"],"potions_floor_usage":[14,18],"damage_taken":[{"damage":0,"enemies":"2 Louse","floor":1,"turns":1},{"damage":0,"enemies":"Jaw Worm","floor":4,"turns":1},{"damage":0,"enemies":"Gremlin Nob","floor":6,"turns":1},{"damage":0,"enemies":"Small Slimes","floor":8,"turns":2},{"damage":10,"enemies":"3 Sentries","floor":14,"turns":4},{"damage":22,"enemies":"The Guardian","floor":16,"turns":8},{"damage":2,"enemies":"3 Byrds","floor":18,"turns":2},{"damage":0,"enemies":"Spheric Guardian","floor":20,"turns":3},{"damage":4,"enemies":"Chosen and Byrds","floor":21,"turns":4},{"damage":21,"enemies":"Snake Plant","floor":23,"turns":3},{"damage":21,"enemies":"Gremlin Leader","floor":29,"turns":7},{"damage":17,"enemies":"Book of Stabbing","floor":31,"turns":4},{"damage":57,"enemies":"Collector","floor":33,"turns":7}],"seed_played":"-1831072579499795451","potions_obtained":[{"floor":1,"key":"Explosive Potion"},{"floor":6,"key":"Fire Potion"},{"floor":16,"key":"Ancient Potion"},{"floor":18,"key":"Swift Potion"}],"is_trial":false,"path_per_floor":["M","?","?","M","?","E","R","M","T","R","$","R","?","E","R","B",null,"M","?","M","M","$","M","R","?","T","?","R","E","R","E","R","B"],"character_chosen":"DEFECT","items_purchased":["Runic Capacitor"],"campfire_rested":2,"item_purchase_floors":[22],"current_hp_per_floor":[64,64,69,69,69,69,69,69,69,69,69,69,48,38,38,16,56,54,48,48,44,44,23,23,23,23,23,23,9,29,19,39,0,0],"gold":153,"neow_bonus":"THREE_ENEMY_KILL","is_daily":false,"chose_seed":false,"campfire_upgraded":6,"win_rate":0.0,"timestamp":1610782889,"path_taken":["M","?","?","M","?","E","R","M","T","R","$","R","?","E","R","BOSS","M","?","M","?","$","M","R","?","T","?","R","E","R","E","R","BOSS"],"items_purchased_type":["Relic"],"build_version":"2020-12-22","purchased_purges":2,"victory":false,"max_hp_per_floor":[71,71,76,76,69,69,69,69,69,69,69,69,69,69,69,69,69,69,69,69,69,69,69,69,69,69,69,69,69,69,69,69,69,69],"relic_stats":{"Blood Vial":6,"counters":[13,47],"Bloody Idol":10,"Bronze Scales":[166],"obtain_stats":[{"Blood Vial":26,"DataDisk":6,"HornCleat":14,"NeowsBlessing":0,"Golden Idol":5,"Bronze Scales":9,"Bloody Idol":27,"WingedGreaves":29,"Runic Capacitor":22,"Cracked Core":0,"Runic Pyramid":17,"Meat on the Bone":31},{"Blood Vial":10,"DataDisk":3,"HornCleat":5,"NeowsBlessing":0,"Golden Idol":2,"Bronze Scales":4,"Bloody Idol":10,"WingedGreaves":11,"Runic Capacitor":9,"Cracked Core":0,"Runic Pyramid":6,"Meat on the Bone":12},{"Blood Vial":29,"DataDisk":3,"HornCleat":9,"NeowsBlessing":0,"Golden Idol":2,"Bronze Scales":5,"Bloody Idol":29,"WingedGreaves":36,"Runic Capacitor":26,"Cracked Core":0,"Runic Pyramid":17,"Meat on the Bone":40}],"Meat on the Bone":0},"card_choices":[{"not_picked":["Sweeping Beam","Rebound"],"picked":"Loop","floor":1},{"not_picked":["Steam","Hologram"],"picked":"Streamline","floor":4},{"not_picked":["Ball Lightning","Beam Cell"],"picked":"Seek","floor":6},{"not_picked":["Go for the Eyes","White Noise"],"picked":"Sweeping Beam","floor":8},{"not_picked":["Darkness","Double Energy"],"picked":"Leap","floor":14},{"not_picked":["Amplify","Buffer"],"picked":"Rainbow","floor":16},{"not_picked":["Rip and Tear","Steam"],"picked":"Cold Snap","floor":18},{"not_picked":["Heatsinks","Steam"],"picked":"Redo","floor":20},{"not_picked":["Stack","Storm"],"picked":"Glacier","floor":21},{"not_picked":["Leap","Streamline"],"picked":"Beam Cell","floor":23},{"not_picked":["Loop","Machine Learning"],"picked":"Echo Form","floor":29},{"not_picked":["Hello World","Stack"],"picked":"Conserve Battery","floor":31}],"player_experience":228431,"relics_obtained":[{"floor":6,"key":"DataDisk"},{"floor":9,"key":"Bronze Scales"},{"floor":14,"key":"HornCleat"},{"floor":26,"key":"Blood Vial"},{"floor":29,"key":"WingedGreaves"},{"floor":31,"key":"Meat on the Bone"}],"event_choices":[{"cards_removed":["Defend_B"],"damage_healed":0,"gold_gain":0,"player_choice":"Purged","damage_taken":0,"max_hp_gain":0,"max_hp_loss":0,"event_name":"Purifier","floor":2,"gold_loss":0},{"damage_healed":0,"gold_gain":0,"player_choice":"Donut","damage_taken":0,"max_hp_gain":5,"max_hp_loss":0,"event_name":"Big Fish","floor":3,"gold_loss":0},{"damage_healed":0,"gold_gain":0,"player_choice":"Lose Max HP","damage_taken":0,"relics_obtained":["Golden Idol"],"max_hp_gain":0,"max_hp_loss":7,"event_name":"Golden Idol","floor":5,"gold_loss":0},{"damage_healed":0,"gold_gain":0,"player_choice":"Entered Light","damage_taken":21,"max_hp_gain":0,"max_hp_loss":0,"event_name":"Shining Light","floor":13,"gold_loss":0,"cards_upgraded":["Sweeping Beam","Strike_B"]},{"damage_healed":0,"gold_gain":0,"player_choice":"Joined the Cult","damage_taken":6,"max_hp_gain":0,"max_hp_loss":0,"event_name":"Nest","floor":19,"gold_loss":0,"cards_obtained":["RitualDagger"]},{"damage_healed":0,"gold_gain":0,"player_choice":"Ignored","damage_taken":0,"max_hp_gain":0,"max_hp_loss":0,"event_name":"The Mausoleum","floor":25,"gold_loss":0},{"damage_healed":0,"gold_gain":0,"player_choice":"Gave Idol","damage_taken":0,"relics_obtained":["Bloody Idol"],"max_hp_gain":0,"max_hp_loss":0,"event_name":"Forgotten Altar","floor":27,"relics_lost":["Golden Idol"],"gold_loss":0}],"is_beta":false,"boss_relics":[{"not_picked":["Pandora\u0027s Box","Coffee Dripper"],"picked":"Runic Pyramid"}],"items_purged_floors":[11,22],"is_endless":false,"potions_floor_spawned":[1,6,16,18,23,31],"killed_by":"Collector","ascension_level":15}}