{"host":"jdbhgql29eqg6e2t","time":1610769920,"event":{"mods":["BaseMod","Hermit","Infinite Spire","Minty Spire (QoL Compilation)","Replay The Spire","Shop Mod","StSLib","The Cursed","The Disciple"],"gold_per_floor":[116,116,116,116,139,151,163,207,271,283,327,339,351,363,375,403,403],"floor_reached":16,"language":"ENG","playtime":954,"items_purged":[],"score":104,"play_id":"4b0c6361-0920-4835-a943-b64a6443a75a","local_time":"20210116010520","daily_mods":["Heirloom","Time Dilation","Flight","Elite Swarm"],"is_ascension_mode":false,"campfire_choices":[{"floor":6,"key":"DIG"},{"floor":7,"key":"DIG"},{"data":"Perseverance","floor":10,"key":"SMITH"},{"floor":12,"key":"REST"},{"floor":13,"key":"DIG"},{"floor":15,"key":"DIG"}],"circlet_count":0,"master_deck":["Strike_P","Strike_P","Strike_P","Strike_P","Defend_P","Defend_P","Defend_P","Defend_P","Eruption","DeceiveReality","Regret","SashWhip","MasterReality","Perseverance+1","LessonLearned+1","Bash+1"],"relics":["replay:Trail_Library","Shovel","The Courier","MawBank","Boot","Replay:Kaleidoscope","infinitespire:Joker Card","Ancient Tea Set","Molten Egg 2","Replay:Bandana","Replay:M_SmolderingBlood","Vajra"],"acts_visited":["Exordium"],"potions_floor_usage":[11,16],"damage_taken":[{"damage":6,"enemies":"Jaw Worm","floor":1,"turns":3},{"damage":8,"enemies":"Small Slimes","floor":5,"turns":5},{"damage":5,"enemies":"Lagavulin","floor":8,"turns":5},{"damage":26,"enemies":"Gremlin Nob","floor":11,"turns":4},{"damage":85,"enemies":"Fading Forest","floor":16,"turns":9}],"seed_played":"-5326380340066710141","potions_obtained":[{"floor":1,"key":"Dexterity Potion"},{"floor":8,"key":"Adrenaline Potion"}],"is_trial":true,"path_per_floor":["M","?","?","?","M","R","R","E","T","R","E","R","R","?","R","B"],"character_chosen":"WATCHER","items_purchased":[],"campfire_rested":1,"item_purchase_floors":[],"current_hp_per_floor":[66,66,66,66,58,58,58,53,53,53,27,48,48,48,48,0,0],"gold":403,"neow_bonus":"","is_daily":false,"chose_seed":false,"campfire_upgraded":1,"win_rate":0.0,"timestamp":1610769920,"path_taken":["M","?","?","?","?","R","R","E","T","R","E","R","R","?","R","BOSS"],"items_purchased_type":[],"build_version":"2020-12-22","purchased_purges":0,"victory":false,"max_hp_per_floor":[72,72,72,72,72,72,72,72,72,72,72,72,72,72,72,72,72],"card_choices":[{"not_picked":["Replay:ManipulateFuture","Halt"],"picked":"DeceiveReality","floor":1},{"not_picked":["Prostrate","Replay:BluntJabs"],"picked":"SashWhip","floor":5},{"not_picked":["Judgement","Blasphemy"],"picked":"MasterReality","floor":8},{"not_picked":["Judgement","Replay:LoomingThreat"],"picked":"LessonLearned+1","floor":11}],"player_experience":527979,"relics_obtained":[{"floor":4,"key":"MawBank"},{"floor":6,"key":"Boot"},{"floor":7,"key":"Replay:Kaleidoscope"},{"floor":8,"key":"infinitespire:Joker Card"},{"floor":9,"key":"Ancient Tea Set"},{"floor":11,"key":"Molten Egg 2"},{"floor":13,"key":"Replay:Bandana"},{"floor":15,"key":"Vajra"}],"event_choices":[{"damage_healed":0,"gold_gain":0,"player_choice":"Box","damage_taken":0,"relics_obtained":["The Courier"],"max_hp_gain":0,"max_hp_loss":0,"event_name":"Big Fish","floor":2,"gold_loss":0,"cards_obtained":["Regret"]}],"is_beta":false,"boss_relics":[],"items_purged_floors":[],"is_endless":false,"potions_floor_spawned":[1,8],"killed_by":"Fading Forest","ascension_level":0}}