{"host":"6h0diz2ap0m56grs","time":1610780271,"event":{"mods":["2.2 Compatiblity","BaseMod","Colored Map","Marisa????????","Minty Spire (QoL Compilation)","Quick Restart","Replay The Spire","Shop Mod","StSLib","The Servant 0.9.4"],"gold_per_floor":[112,132,132,132,147,181,212,238,265,277,317,329,370,409,421,538,550,579,456,456,8,8,39,70,70,95,125,158,158,188,216,216,317,317,336,202,202,252,302,335,368,400,400,400,439,484,541,15,15,29],"floor_reached":51,"language":"ENG","playtime":2634,"items_purged":["Chill"],"score":1411,"play_id":"3bdeb616-0cc5-4f32-b28e-509eac84bb13","local_time":"20210116005751","daily_mods":["SealedDeck","Heirloom","Time Dilation","Flight"],"is_ascension_mode":true,"campfire_choices":[{"data":"BasicCrystalCard","floor":10,"key":"SMITH"},{"data":"BasicCrystalCard","floor":12,"key":"SMITH"},{"data":"Consume","floor":15,"key":"SMITH"},{"data":"Sunder","floor":25,"key":"SMITH"},{"data":"Glacier","floor":29,"key":"SMITH"},{"data":"Doom and Gloom","floor":32,"key":"SMITH"},{"floor":44,"key":"REST"},{"data":"1","floor":49,"key":"LIFT"}],"circlet_count":0,"master_deck":["BootSequence+1","Cold Snap+1","Ball Lightning","Chill+1","BasicCrystalCard+1","Ball Lightning","BasicCrystalCard+1","Consume+1","Glacier+1","BasicCrystalCard+1","Mirror Shield+1","Sunder+1","Doom and Gloom+1","Electrodynamics+1","Mirror Shield+1","Doom and Gloom","Storm+1","Capacitor+1"],"relics":["Cracked Core","replay:Trail_Library","Thread and Needle","Bag of Marbles","Juzu Bracelet","ReplayFunnel","Gremlin Food","Snecko Eye","MerchantsRug","Anchor","Medical Kit","Counterbalance","Replay:Mystery Machine","Quantum Egg","Nunchaku","Sundial","ReplayTheSpireMod:TigerMarble","Fusion Hammer","Runic Capacitor","Replay:Towering Pillar of Hats","Girya","ReplayTheSpireMod:Lightbulb","Oddly Smooth Stone","Replay:Bandana","Mummified Hand","Blue Doll","StrikeDummy","Bottled Flame","Guide Book","Ornamental Fan"],"acts_visited":["Exordium","TheCity","TheBeyond"],"potions_floor_usage":[14,28,50,50,50],"damage_taken":[{"damage":0,"enemies":"2 Louse","floor":1,"turns":2},{"damage":0,"enemies":"Cultist","floor":2,"turns":3},{"damage":0,"enemies":"Jaw Worm","floor":5,"turns":2},{"damage":8,"enemies":"3 Sentries","floor":6,"turns":6},{"damage":0,"enemies":"Gremlin Nob","floor":7,"turns":4},{"damage":0,"enemies":"Lagavulin","floor":8,"turns":7},{"damage":0,"enemies":"3 Sentries","floor":11,"turns":9},{"damage":0,"enemies":"Gremlin Nob","floor":13,"turns":4},{"damage":0,"enemies":"Lagavulin","floor":14,"turns":7},{"damage":24,"enemies":"Fading Forest","floor":16,"turns":11},{"damage":0,"enemies":"Spheric Guardian","floor":18,"turns":4},{"damage":0,"enemies":"Slavers","floor":23,"turns":5},{"damage":0,"enemies":"Book of Stabbing","floor":24,"turns":4},{"damage":0,"enemies":"Gremlin Leader","floor":27,"turns":5},{"damage":0,"enemies":"Book of Stabbing","floor":28,"turns":4},{"damage":0,"enemies":"Gremlin Leader","floor":30,"turns":4},{"damage":0,"enemies":"Replay:Snechameleon","floor":31,"turns":4},{"damage":0,"enemies":"Automaton","floor":33,"turns":8},{"damage":0,"enemies":"3 Shapes","floor":35,"turns":2},{"damage":0,"enemies":"Mind Bloom Boss Battle","floor":38,"turns":3},{"damage":0,"enemies":"2 Orb Walkers","floor":39,"turns":3},{"damage":0,"enemies":"Reptomancer","floor":40,"turns":3},{"damage":0,"enemies":"R_Hoarder","floor":41,"turns":7},{"damage":0,"enemies":"Reptomancer","floor":42,"turns":3},{"damage":3,"enemies":"R_Hoarder","floor":45,"turns":6},{"damage":0,"enemies":"Giant Head","floor":46,"turns":8},{"damage":0,"enemies":"Reptomancer","floor":47,"turns":3},{"damage":0,"enemies":"Replay:Hell Engine","floor":50,"turns":10}],"seed_played":"-2136879444055237147","potions_obtained":[{"floor":2,"key":"DistilledChaos"},{"floor":6,"key":"Swift Potion"},{"floor":7,"key":"Swift Potion"},{"floor":16,"key":"Fire Potion"},{"floor":24,"key":"DuplicationPotion"},{"floor":27,"key":"Strength Potion"},{"floor":30,"key":"PotionOfCapacity"}],"is_trial":true,"path_per_floor":["M","M","?","$","M","E","E","E","T","R","E","R","E","E","R","B",null,"M","$","?","$","?","E","E","R","T","E","E","R","E","E","R","B",null,"M","$","?","?","?","E","E","E","T","R","E","E","E","$","R","B",null],"character_chosen":"DEFECT","items_purchased":["MerchantsRug","Anchor","Medical Kit","Counterbalance","Runic Capacitor","Guide Book","Capacitor+1","Ornamental Fan"],"campfire_rested":1,"item_purchase_floors":[19,19,21,21,36,48,48,48],"current_hp_per_floor":[75,75,75,75,75,67,67,67,67,67,67,67,67,67,67,43,75,75,75,75,75,75,75,75,75,75,75,75,75,75,75,75,75,75,75,75,75,75,75,75,75,75,75,75,72,72,72,72,72,72],"gold":29,"neow_bonus":"","is_daily":false,"chose_seed":false,"campfire_upgraded":6,"win_rate":0.0,"timestamp":1610780271,"path_taken":["M","M","?","?","?","E","E","E","T","R","E","R","E","E","R","BOSS","M","$","?","$","?","E","E","R","T","E","E","R","E","E","R","BOSS","M","?","?","?","?","E","E","E","T","R","E","E","E","$","R","BOSS"],"items_purchased_type":["Relic","Relic","Relic","Relic","Relic","Relic","Card","Relic"],"build_version":"2020-12-22","purchased_purges":1,"victory":true,"max_hp_per_floor":[75,75,75,75,75,75,75,75,75,75,75,75,75,75,75,75,75,75,75,75,75,75,75,75,75,75,75,75,75,75,75,75,75,75,75,75,75,75,75,75,75,75,75,75,75,75,75,75,75,75],"card_choices":[{"not_picked":["Hologram","Time Bomb"],"picked":"Cold Snap","floor":1},{"not_picked":["Steam","Turbo","Cold Snap"],"picked":"SKIP","floor":2},{"not_picked":["Go for the Eyes","ReplayTheSpireMod:Calculation Training","Amplify"],"picked":"SKIP","floor":5},{"not_picked":["Barrage","Rebound"],"picked":"Glacier","floor":6},{"not_picked":["Cold Snap","Undo","Redo"],"picked":"SKIP","floor":7},{"not_picked":["Heatsinks","Stack","Tempest"],"picked":"SKIP","floor":8},{"not_picked":["Time Bomb","Conserve Battery","Panic Button"],"picked":"SKIP","floor":11},{"not_picked":["Lockon","Fusion","Conserve Battery"],"picked":"SKIP","floor":13},{"not_picked":["Fusion","Hologram","Gash"],"picked":"SKIP","floor":14},{"not_picked":["Hyperbeam","Amplify"],"picked":"Mirror Shield","floor":16},{"not_picked":["Redo","Streamline","BasicCrystalCard"],"picked":"SKIP","floor":18},{"not_picked":["BootSequence","Melter"],"picked":"Sunder","floor":23},{"not_picked":["Aggregate","Auto Shields+1","Hologram"],"picked":"SKIP","floor":24},{"not_picked":["Heatsinks+1","Ball Lightning","Stack"],"picked":"SKIP","floor":27},{"not_picked":["Machine Learning","Lockon","Sunder+1"],"picked":"SKIP","floor":28},{"not_picked":["ReplaySolidLightProjector","Reprogram"],"picked":"Electrodynamics","floor":30},{"not_picked":["Barrage","ReplayTheSpireMod:System Scan","Stack"],"picked":"SKIP","floor":31},{"not_picked":["Machine Learning","Multi-Cast"],"picked":"Mirror Shield","floor":33},{"not_picked":["Cold Snap","Sweeping Beam","Redo+1"],"picked":"SKIP","floor":35},{"not_picked":["Electrodynamics","Panic Button+1","Coolheaded"],"picked":"SKIP","floor":40},{"not_picked":["Beam Cell+1","Gash","ReplaySort"],"picked":"SKIP","floor":41},{"not_picked":["Ball Lightning","Conserve Battery","Lockon+1"],"picked":"SKIP","floor":42},{"not_picked":["Hologram+1","Gash","Streamline"],"picked":"SKIP","floor":45},{"not_picked":["Cold Snap+1","Rebound+1","Stack"],"picked":"SKIP","floor":46},{"not_picked":["Self Repair","BootSequence+1"],"picked":"Storm+1","floor":47}],"player_experience":187631,"relics_obtained":[{"floor":6,"key":"Thread and Needle"},{"floor":7,"key":"Bag of Marbles"},{"floor":8,"key":"Juzu Bracelet"},{"floor":9,"key":"MawBank"},{"floor":11,"key":"Replay:Bottled Snecko"},{"floor":13,"key":"ReplayFunnel"},{"floor":14,"key":"Gremlin Food"},{"floor":23,"key":"Replay:Mystery Machine"},{"floor":24,"key":"Quantum Egg"},{"floor":26,"key":"Nunchaku"},{"floor":27,"key":"Sundial"},{"floor":30,"key":"War Paint"},{"floor":31,"key":"ReplayTheSpireMod:TigerMarble"},{"floor":38,"key":"Replay:Towering Pillar of Hats"},{"floor":39,"key":"Girya"},{"floor":40,"key":"ReplayTheSpireMod:Lightbulb"},{"floor":41,"key":"Oddly Smooth Stone"},{"floor":42,"key":"Replay:Bandana"},{"floor":43,"key":"Mummified Hand"},{"floor":45,"key":"Blue Doll"},{"floor":46,"key":"StrikeDummy"},{"floor":47,"key":"Bottled Flame"}],"event_choices":[{"damage_healed":0,"gold_gain":0,"player_choice":"Upgraded","damage_taken":0,"max_hp_gain":0,"max_hp_loss":0,"event_name":"Upgrade Shrine","floor":3,"gold_loss":0,"cards_upgraded":["BasicCrystalCard"]},{"cards_removed":["ReplayTheSpireMod:Calculation Training"],"damage_healed":0,"gold_gain":0,"player_choice":"Elegance","damage_taken":0,"max_hp_gain":0,"max_hp_loss":0,"event_name":"Back to Basics","floor":20,"gold_loss":0},{"damage_healed":0,"gold_gain":0,"player_choice":"Upgraded","damage_taken":0,"max_hp_gain":0,"max_hp_loss":0,"event_name":"Upgrade Shrine","floor":22,"gold_loss":0,"cards_upgraded":["Mirror Shield"]},{"cards_removed":["Cold Snap"],"damage_healed":0,"gold_gain":0,"player_choice":"Removed Attack","damage_taken":0,"max_hp_gain":0,"max_hp_loss":0,"event_name":"Falling","floor":37,"gold_loss":0},{"damage_healed":0,"gold_gain":0,"player_choice":"Fight","damage_taken":0,"max_hp_gain":0,"max_hp_loss":0,"event_name":"MindBloom","floor":38,"gold_loss":0},{"damage_healed":0,"gold_gain":0,"player_choice":"Fight","damage_taken":0,"max_hp_gain":0,"max_hp_loss":0,"event_name":"Mysterious Sphere","floor":39,"gold_loss":0}],"is_beta":false,"boss_relics":[{"not_picked":["Painkiller Herb","Replay:Bronze Core"],"picked":"Snecko Eye"},{"not_picked":["Ring of Chaos","Velvet Choker"],"picked":"Fusion Hammer"}],"items_purged_floors":[48],"is_endless":false,"potions_floor_spawned":[2,6,7,13,16,24,27,30,38,40,41,45],"ascension_level":1}}