{"host":"ss2ocoam53r2lno0","time":1610809606,"event":{"mods":["Act Like it!","BaseMod","ChefMod","Clockwork Mod","Colored Powertips","Curses Come First","Displayed Cursed Tome","Downfall","Evolution","Googly Eyes","Hallownest","Highlight Path","Minty Spire (QoL Compilation)","Poor People Problems","Rare Cards Sparkle","Robot Space Explorer","Shade Mod","Shop Mod","Spicy Shops","StSLib","The Marked"],"gold_per_floor":[115,131,131,150,150,150,168,168,168,168,212,212,236,252,252,377,377,400,400,400,413,425,425,425,425],"floor_reached":24,"language":"ENG","playtime":1916,"items_purged":[],"score":326,"play_id":"69c5d865-4112-4e95-9b22-5762ca5fd34b","local_time":"20210116160646","is_ascension_mode":true,"campfire_choices":[{"data":"Clockwork:UnlimitedCogworks","floor":6.0,"key":"SMITH"},{"data":"Clockwork:CogToss","floor":10,"key":"SMITH"},{"data":"Clockwork:SystemHardening","floor":12,"key":"SMITH"},{"floor":15,"key":"REST"},{"data":"Clockwork:UnlimitedCogworks","floor":23,"key":"SMITH"}],"circlet_count":0,"master_deck":["Clockwork:SnapKeep","Clockwork:Strike","Clockwork:Shield","Clockwork:Shield","Clockwork:Shield","Clockwork:Shield","Clockwork:Tinker","Clockwork:WarmUp","Clockwork:UnlimitedCogworks+1","Clockwork:CogToss+1","Clockwork:CogBarrier","Clockwork:SystemHardening+1","Clockwork:SnapKeep","Clockwork:UnlimitedCogworks+1","Clockwork:RampUp+1"],"relics":["Clockwork:MomentumEngine","EVO:Axolotl","Bloody Idol","Ginger","Clockwork:GoldenCog","Ice Cream","Empty Cage","Darkstone Periapt"],"acts_visited":["Exordium","TheCity"],"potions_floor_usage":[8,8,16],"damage_taken":[{"damage":4.0,"enemies":"2 Louse","floor":1.0,"turns":6.0},{"damage":0.0,"enemies":"Jaw Worm","floor":2.0,"turns":6.0},{"damage":6.0,"enemies":"Small Slimes","floor":4.0,"turns":6.0},{"damage":9.0,"enemies":"Blue Slaver","floor":7.0,"turns":7.0},{"damage":0,"enemies":"Gremlin Nob","floor":8,"turns":3},{"damage":2,"enemies":"Lagavulin","floor":11,"turns":6},{"damage":16,"enemies":"Lots of Slimes","floor":13,"turns":5},{"damage":7,"enemies":"Large Slime","floor":14,"turns":6},{"damage":38,"enemies":"Hexaghost","floor":16,"turns":8},{"damage":0,"enemies":"Shell Parasite","floor":18,"turns":4},{"damage":42,"enemies":"Chosen","floor":21,"turns":8},{"damage":14,"enemies":"Centurion and Healer","floor":22,"turns":3},{"damage":26,"enemies":"Gremlin Leader","floor":24,"turns":2}],"seed_played":"-8020582425532897715","potions_obtained":[{"floor":4.0,"key":"SmokeBomb"},{"floor":7.0,"key":"GamblersBrew"},{"floor":14,"key":"champ:CounterPotion"}],"is_trial":false,"path_per_floor":["M","M","?","M","?","R","M","E","T","R","E","R","M","M","R","B",null,"M","?","?","M","M","R","E"],"character_chosen":"CLOCKWORK","items_purchased":[],"campfire_rested":1,"item_purchase_floors":[],"current_hp_per_floor":[73,73,78,72,72,72,63,63,63,63,61,61,45,38,62,24,68,68,68,68,31,22,22,0,0],"gold":425,"neow_bonus":"ONE_RANDOM_RARE_CARD","is_daily":false,"chose_seed":false,"campfire_upgraded":4,"win_rate":0.0,"timestamp":1610809606,"path_taken":["M","M","?","M","?","R","M","E","T","R","E","R","M","M","R","BOSS","M","?","?","M","?","R","E"],"items_purchased_type":[],"build_version":"2020-12-22","purchased_purges":0,"victory":false,"max_hp_per_floor":[85,85,90,90,83,83,83,83,83,83,83,83,83,83,83,83,83,83,83,83,83,83,83,83,83],"card_choices":[{"not_picked":["Clockwork:CogBarrier","Clockwork:Redundancy"],"picked":"Clockwork:CogToss","floor":1.0},{"not_picked":["Clockwork:AdaptiveShield","Clockwork:AdaptiveCannon"],"picked":"Clockwork:CogBarrier","floor":2.0},{"not_picked":["Clockwork:Redundancy","Clockwork:InertialShield","Clockwork:Improve"],"picked":"SKIP","floor":4.0},{"not_picked":["Clockwork:SearingStrike","Clockwork:ForgeStrike","Clockwork:SmithsMallet"],"picked":"SKIP","floor":7.0},{"not_picked":["Clockwork:Improve","Clockwork:ChargingShield"],"picked":"Clockwork:SystemHardening","floor":11},{"not_picked":["Clockwork:ChargingBlade","Clockwork:Improve"],"picked":"Clockwork:SnapKeep","floor":13},{"not_picked":["Clockwork:CogToss","Clockwork:AdaptiveCannon","Clockwork:CraftBloodPhial"],"picked":"SKIP","floor":14},{"not_picked":["Clockwork:Inspiration","Clockwork:ZeroPointEnergy"],"picked":"Clockwork:UnlimitedCogworks","floor":16},{"not_picked":["Clockwork:Pluck","Clockwork:ReserveSystems","Clockwork:CraftSomewhatSmoothStone"],"picked":"SKIP","floor":18},{"not_picked":["Clockwork:ChargingBlade","Clockwork:CraftSomewhatSmoothStone+1"],"picked":"Clockwork:RampUp+1","floor":21},{"not_picked":["Clockwork:ReserveSystems","Clockwork:CraftVarja","Clockwork:AdaptiveShield"],"picked":"SKIP","floor":22}],"player_experience":747263,"relics_obtained":[{"floor":9,"key":"Ginger"},{"floor":11,"key":"Ice Cream"},{"floor":20,"key":"Darkstone Periapt"}],"event_choices":[{"damage_healed":0.0,"max_hp_gain":5.0,"max_hp_loss":0.0,"gold_gain":0.0,"event_name":"Big Fish","player_choice":"Donut","floor":3.0,"gold_loss":0.0,"damage_taken":0.0},{"damage_healed":0.0,"max_hp_gain":0.0,"max_hp_loss":7.0,"gold_gain":0.0,"event_name":"Golden Idol","player_choice":"Lose Max HP","floor":5.0,"gold_loss":0.0,"damage_taken":0.0,"relics_obtained":["Golden Idol"]},{"damage_healed":0,"gold_gain":0,"player_choice":"Gave Idol","damage_taken":0,"relics_obtained":["Bloody Idol"],"max_hp_gain":0,"max_hp_loss":0,"event_name":"Forgotten Altar","floor":19,"relics_lost":["Golden Idol"],"gold_loss":0},{"damage_healed":0,"gold_gain":0,"player_choice":"Relic","damage_taken":0,"max_hp_gain":0,"max_hp_loss":0,"event_name":"Wheel of Change","floor":20,"gold_loss":0}],"is_beta":false,"boss_relics":[{"not_picked":["expansioncontent:StudyCardRelic","Pandora\u0027s Box"],"picked":"Empty Cage"}],"items_purged_floors":[],"is_endless":false,"potions_floor_spawned":[4,7,8,14],"killed_by":"Gremlin Leader","ascension_level":8}}