{"host":"jexbkylv34f8xu3o","time":1610803268,"event":{"mods":["AchievementEnabler","BaseMod","Colored Map","Colored Powertips","GifTheSpireLib","Highlight Path","Minty Spire (QoL Compilation)","Quick Restart","StSLib"],"gold_per_floor":[112,112,126,141,158,158,169,186,186,40,40,58,87,103,103,208,208,193,204,25,44,44,73,73,73],"floor_reached":24,"language":"ENG","playtime":864,"items_purged":["Strike_R"],"score":333,"play_id":"b0468676-cfd5-406f-9e38-2351aa6776fe","local_time":"20210116102108","is_ascension_mode":true,"campfire_choices":[{"data":"Havoc","floor":6,"key":"SMITH"},{"data":"True Grit","floor":15,"key":"SMITH"}],"circlet_count":0,"master_deck":["AscendersBane","Strike_R+1","Strike_R+1","Strike_R+1","Strike_R+1","Defend_R+1","Defend_R+1","Defend_R+1","Defend_R+1","Bash","Inflame","Havoc+1","True Grit+1","Body Slam","Pummel","Sentinel","Pain","Feel No Pain","Shrug It Off","True Grit","Limit Break","Inflame","Entrench","Heavy Blade"],"relics":["Burning Blood","Magic Flower","Blue Candle","Tiny Chest","WarpedTongs","Dream Catcher","Busted Crown","Smiling Mask"],"acts_visited":["Exordium","TheCity"],"potions_floor_usage":[4,12,13,13,18],"damage_taken":[{"damage":3,"enemies":"2 Louse","floor":1,"turns":3},{"damage":14,"enemies":"Cultist","floor":3,"turns":5},{"damage":16,"enemies":"Small Slimes","floor":4,"turns":3},{"damage":8,"enemies":"Blue Slaver","floor":5,"turns":5},{"damage":6,"enemies":"Looter","floor":7,"turns":3},{"damage":12,"enemies":"2 Fungi Beasts","floor":8,"turns":3},{"damage":1,"enemies":"3 Louse","floor":12,"turns":2},{"damage":37,"enemies":"Lagavulin","floor":13,"turns":6},{"damage":6,"enemies":"Blue Slaver","floor":14,"turns":5},{"damage":51,"enemies":"The Guardian","floor":16,"turns":17},{"damage":6,"enemies":"2 Thieves","floor":18,"turns":4},{"damage":8,"enemies":"3 Byrds","floor":19,"turns":7},{"damage":36,"enemies":"Snake Plant","floor":21,"turns":5},{"damage":85,"enemies":"Slavers","floor":23,"turns":12},{"damage":20,"enemies":"Shelled Parasite and Fungi","floor":24,"turns":1}],"seed_played":"2732149207064669682","potions_obtained":[{"floor":3,"key":"Fire Potion"},{"floor":5,"key":"BloodPotion"},{"floor":8,"key":"Explosive Potion"},{"floor":12,"key":"FearPotion"},{"floor":16,"key":"SkillPotion"},{"floor":21,"key":"FairyPotion"}],"is_trial":false,"path_per_floor":["M","?","M","M","M","R","M","M","T","$","?","M","E","M","R","B",null,"M","M","$","M","?","E","M"],"character_chosen":"IRONCLAD","items_purchased":["Tiny Chest","Inflame","Entrench"],"campfire_rested":0,"item_purchase_floors":[10,20,20],"current_hp_per_floor":[78,78,73,66,67,67,70,67,67,67,67,75,71,74,74,32,68,71,72,72,45,45,13,0,0],"gold":73,"neow_bonus":"ONE_RARE_RELIC","is_daily":false,"chose_seed":false,"campfire_upgraded":2,"win_rate":0.0,"timestamp":1610803268,"path_taken":["M","?","M","M","?","R","M","M","T","$","?","?","E","M","R","BOSS","M","M","$","M","?","E","M"],"items_purchased_type":["Relic","Card","Card"],"build_version":"2020-12-22","purchased_purges":1,"victory":false,"max_hp_per_floor":[80,80,80,80,80,80,80,80,80,80,80,80,80,80,80,80,80,80,80,80,80,80,80,80,80],"card_choices":[{"not_picked":["Warcry","Bloodletting"],"picked":"Inflame","floor":1},{"not_picked":["Metallicize","Sword Boomerang"],"picked":"Havoc","floor":3},{"not_picked":["Double Tap","Hemokinesis"],"picked":"True Grit","floor":4},{"not_picked":["Whirlwind","Sever Soul"],"picked":"Body Slam","floor":5},{"not_picked":["Flame Barrier","Twin Strike"],"picked":"Pummel","floor":7},{"not_picked":["Second Wind","True Grit"],"picked":"Sentinel","floor":8},{"not_picked":["Heavy Blade","Anger"],"picked":"Feel No Pain","floor":12},{"not_picked":["Armaments","Dropkick"],"picked":"Shrug It Off","floor":13},{"not_picked":["Whirlwind","Iron Wave"],"picked":"True Grit","floor":14},{"not_picked":["Berserk","Reaper"],"picked":"Limit Break","floor":16},{"not_picked":["Perfected Strike"],"picked":"SKIP","floor":18},{"not_picked":["Cleave"],"picked":"SKIP","floor":19},{"not_picked":["Twin Strike"],"picked":"SKIP","floor":21},{"not_picked":[],"picked":"Heavy Blade","floor":23}],"player_experience":558908,"relics_obtained":[{"floor":9,"key":"Blue Candle"},{"floor":13,"key":"Dream Catcher"},{"floor":23,"key":"Smiling Mask"}],"event_choices":[{"cards_removed":["Normality"],"damage_healed":0,"gold_gain":0,"player_choice":"Purged","damage_taken":0,"max_hp_gain":0,"max_hp_loss":0,"event_name":"Purifier","floor":2,"gold_loss":0},{"damage_healed":0,"gold_gain":0,"player_choice":"Rummage","damage_taken":0,"relics_obtained":["WarpedTongs"],"max_hp_gain":0,"max_hp_loss":0,"event_name":"Accursed Blacksmith","floor":11,"gold_loss":0,"cards_obtained":["Pain"]},{"damage_healed":0,"gold_gain":0,"player_choice":"Simplicity","damage_taken":0,"max_hp_gain":0,"max_hp_loss":0,"event_name":"Back to Basics","floor":22,"gold_loss":0,"cards_upgraded":["Strike_R","Strike_R","Strike_R","Strike_R","Defend_R","Defend_R","Defend_R","Defend_R"]}],"is_beta":false,"boss_relics":[{"not_picked":["Philosopher\u0027s Stone","Empty Cage"],"picked":"Busted Crown"}],"items_purged_floors":[20],"is_endless":false,"potions_floor_spawned":[3,5,8,12,16,21],"killed_by":"Shelled Parasite and Fungi","ascension_level":10}}