{"host":"dvdvdvm357cut69v","time":1610786786,"event":{"mods":["BaseMod","Infinite Spire","Minty Spire (QoL Compilation)","StSLib"],"gold_per_floor":[109,109,124,55,68,93,93,104,104,18,18,18,31,51,51,153,153,171,191,191,191,191,218,229,229,229,154,154,154],"floor_reached":28,"language":"ENG","playtime":1171,"items_purged":[],"score":369,"play_id":"cd040981-2763-4413-8a20-03515c08a194","local_time":"20210116114626","is_ascension_mode":true,"campfire_choices":[{"floor":7,"key":"REST"},{"floor":12,"key":"REST"},{"data":"Defragment","floor":15,"key":"SMITH"}],"circlet_count":0,"master_deck":["AscendersBane","Strike_B","Strike_B","Strike_B","Defend_B","Defend_B","Zap","Dualcast","Beam Cell","Conserve Battery","Streamline","Conserve Battery","Undo","Coolheaded","Leap","Defragment+1","Go for the Eyes+1","Steam","Aggregate","Echo Form","Multi-Cast+1","Redo+1","Steam+1","Turbo+1","Stack","Tempest","Parasite","infinitespire:FutureSight"],"relics":["Cracked Core","infinitespire:Satchel","Orichalcum","Astrolabe","Enchiridion","Question Card","Ornamental Fan"],"acts_visited":["Exordium","TheCity"],"potions_floor_usage":[16,16,23,23,28],"damage_taken":[{"damage":2,"enemies":"2 Louse","floor":1,"turns":3},{"damage":1,"enemies":"Cultist","floor":3,"turns":3},{"damage":2,"enemies":"Jaw Worm","floor":5,"turns":4},{"damage":33,"enemies":"Lagavulin","floor":6,"turns":7},{"damage":13,"enemies":"Exordium Thugs","floor":8,"turns":5},{"damage":7,"enemies":"3 Louse","floor":13,"turns":4},{"damage":4,"enemies":"Large Slime","floor":14,"turns":6},{"damage":25,"enemies":"Hexaghost","floor":16,"turns":15},{"damage":2,"enemies":"3 Byrds","floor":18,"turns":5},{"damage":13,"enemies":"Shell Parasite","floor":19,"turns":7},{"damage":16,"enemies":"Gremlin Leader","floor":23,"turns":5},{"damage":19,"enemies":"Centurion and Healer","floor":24,"turns":5},{"damage":12,"enemies":"3 Cultists","floor":28,"turns":4}],"seed_played":"7070817671411822833","potions_obtained":[{"floor":3,"key":"Regen Potion"},{"floor":6,"key":"SkillPotion"},{"floor":11,"key":"PotionOfCapacity"},{"floor":16,"key":"Block Potion"},{"floor":18,"key":"EssenceOfSteel"},{"floor":24,"key":"SkillPotion"}],"is_trial":false,"path_per_floor":["M","?","M","$","M","E","R","M","T","$","?","R","M","M","R","B",null,"M","M","?","?","?","E","M","?","T","?","M"],"character_chosen":"DEFECT","items_purchased":["Streamline","Conserve Battery","Defragment","Go for the Eyes"],"campfire_rested":2,"item_purchase_floors":[4,4,10,10],"current_hp_per_floor":[73,65,64,64,62,29,53,40,40,40,40,64,57,53,53,43,72,70,57,41,41,41,25,6,6,6,6,0,0],"gold":154,"neow_bonus":"TEN_PERCENT_HP_BONUS","is_daily":false,"chose_seed":false,"campfire_upgraded":1,"win_rate":0.0,"timestamp":1610786786,"path_taken":["M","?","M","$","?","E","R","M","T","?","?","R","M","M","R","BOSS","M","M","?","?","?","E","?","?","T","?","M"],"items_purchased_type":["Card","Card","Card","Card"],"build_version":"2020-12-13","purchased_purges":0,"victory":false,"max_hp_per_floor":[82,82,82,82,82,82,82,82,82,82,82,82,82,82,82,82,82,82,82,82,82,82,82,82,82,82,82,82,82],"card_choices":[{"not_picked":["Barrage","Compile Driver"],"picked":"Beam Cell","floor":1},{"not_picked":["Stack","Consume"],"picked":"Conserve Battery","floor":3},{"not_picked":["Double Energy","Streamline"],"picked":"Undo","floor":5},{"not_picked":["Go for the Eyes","Steam"],"picked":"Coolheaded","floor":6},{"not_picked":["Blizzard","Steam Power"],"picked":"Leap","floor":8},{"not_picked":["Streamline","Stack"],"picked":"Steam","floor":13},{"not_picked":["Streamline","Hello World"],"picked":"Aggregate","floor":14},{"not_picked":["All For One","Biased Cognition"],"picked":"Echo Form","floor":16},{"not_picked":["Capacitor","Conserve Battery+1"],"picked":"Turbo+1","floor":18},{"not_picked":["Redo","Go for the Eyes+1"],"picked":"Stack","floor":19},{"not_picked":["Barrage+1","Hologram"],"picked":"Tempest","floor":23},{"not_picked":["Gash","Undo+1","Blizzard","Compile Driver"],"picked":"SKIP","floor":24},{"not_picked":["infinitespire:Oblivion","infinitespire:Gouge"],"picked":"infinitespire:FutureSight","floor":25}],"player_experience":68208,"relics_obtained":[{"floor":6,"key":"infinitespire:Satchel"},{"floor":9,"key":"Orichalcum"},{"floor":20,"key":"Enchiridion"},{"floor":23,"key":"Question Card"},{"floor":26,"key":"Ornamental Fan"}],"event_choices":[{"damage_healed":0,"gold_gain":0,"player_choice":"Damaged","damage_taken":8,"max_hp_gain":0,"max_hp_loss":0,"event_name":"Wheel of Change","floor":2,"gold_loss":0},{"damage_healed":0,"gold_gain":0,"player_choice":"Got Potions","damage_taken":0,"max_hp_gain":0,"max_hp_loss":0,"event_name":"Lab","floor":11,"gold_loss":0},{"damage_healed":0,"gold_gain":0,"player_choice":"Obtained Book","damage_taken":16,"max_hp_gain":0,"max_hp_loss":0,"event_name":"Cursed Tome","floor":20,"gold_loss":0},{"damage_healed":0,"gold_gain":0,"player_choice":"Ignored","damage_taken":0,"max_hp_gain":0,"max_hp_loss":0,"event_name":"Vampires","floor":21,"gold_loss":0},{"damage_healed":0,"gold_gain":0,"player_choice":"Upgraded","damage_taken":0,"max_hp_gain":0,"max_hp_loss":0,"event_name":"Upgrade Shrine","floor":22,"gold_loss":0,"cards_upgraded":["Go for the Eyes"]},{"cards_removed":["Decay"],"damage_healed":0,"gold_gain":0,"player_choice":"Gave Gold","damage_taken":0,"max_hp_gain":0,"max_hp_loss":0,"event_name":"Beggar","floor":27,"gold_loss":75}],"is_beta":false,"boss_relics":[{"not_picked":["Fusion Hammer","Inserter"],"picked":"Astrolabe"}],"items_purged_floors":[],"is_endless":false,"potions_floor_spawned":[3,6,8,16,18,24],"killed_by":"3 Cultists","ascension_level":11}}