{"host":"w5vfr18i2ft1pzo2","time":1610772351,"event":{"mods":["AchievementEnabler","Act Like it!","Aspiration","BaseMod","Better Debug","Better Third Choice","BetterRewards","Colored Map","Colored Powertips","Conspire","Curses Come First","DNKmod","Defuse TimeMaze Blight","Dota2Spire","Elementarium","Energized Spire","Evolution","Force Act Four","Fox Events","Friendly Minions","Gensokyo","GifTheSpireLib","Gold Saver","Halation","Hallownest","Hubris","Hyrulean Relics","Infinite Spire","Jedi Mod","Marisa????????","Minty Spire (QoL Compilation)","MostiFishMod","Poor People Problems","Prisma Mod","Remilia??????","Replay The Spire","SacredBarkPlus","Small Relic Pack","Spicy Shops","Spikes Relics","StSLib","Stuff the Spire","SuperFastMode","Synergy Search","The Animator","The Blue Laboratory","The Servant 0.9.4","Trackpad","Treasure Hunter","Uncapped","Wandering Minibosses","Yakumo Yukari mod","noobMod","vexMod","??????REMEMod"],"gold_per_floor":[2387,2403,2403,2403,2416,2416,2441,29,29,48,103,103,129,146,146,249,399,411,511,511,691,691,691,782,907,1007,180,236,303,329,351,351,469,569,585,373,373,392,413,413,464,590,713,732,778,112,134,168,168,187,187,187,994,1045,1100,1100,1100,220,295,380,380,105,201,201,511,78,193,193,198],"floor_reached":70,"language":"ENG","playtime":2822,"items_purged":["Overencumbered","Defend_G","Strike_G","Strike_G","Strike_G+1"],"score":1820,"play_id":"57964424-21e8-47ed-9e7a-6ad82acac778","local_time":"20210116124551","is_ascension_mode":true,"campfire_choices":[{"floor":6,"key":"RECALL"},{"data":"Prepared","floor":15,"key":"SMITH"},{"data":"Toxin Wave","floor":15,"key":"SMITH"},{"data":"jedi:studypoison","floor":22,"key":"SMITH"},{"data":"MostiFishMod:ButterFly","floor":22,"key":"SMITH"},{"data":"Blade Dance","floor":23,"key":"SMITH"},{"data":"Escape Plan","floor":23,"key":"SMITH"},{"data":"Draining Mist","floor":32,"key":"SMITH"},{"data":"Apotheosis","floor":32,"key":"SMITH"},{"data":"REME_Shoggoth","floor":40,"key":"SMITH"},{"data":"StuffTheSpire:ReptileScales","floor":40,"key":"SMITH"},{"data":"MostiFishMod:HiddenBlade","floor":49,"key":"SMITH"},{"data":"Backflip","floor":49,"key":"SMITH"},{"data":"Neutralize","floor":52,"key":"SMITH"},{"data":"Noxious Fumes","floor":52,"key":"SMITH"},{"data":"REME_FirmDetermination","floor":68,"key":"SMITH"}],"circlet_count":0,"master_deck":["Strike_G+1","Strike_G+1","Defend_G+1","Defend_G","Defend_G+1","Defend_G","Neutralize+1","Noxious Fumes+1","REME_Shoggoth+1","Blade Dance","m_Survivalism+1","Noxious Fumes","TH:TreasureMap","Toxin Wave+1","Prepared+1","Underhanded Strike","MostiFishMod:ButterFly+1","Sadistic Nature","TH:BikiniMail","Escape Plan+1","Backflip+1","animator:HigakiRinne","TH:CopperCoins","Well Laid Plans+1","jedi:studypoison+1","animator:HigakiRinne+1","Quick Slash","TH:TreasureMap","MostiFishMod:HiddenBlade+1","TH:BikiniMail","REME_FirmDetermination+1","MostiFishMod:ButterFly+1","Footwork+1","Toxin Wave+1","Prepared","Apotheosis+1","PiercingWail+1","animator:HigakiRinne+1","Draining Mist","jedi:poisonivy+1","TH:Mimic+1","Acrobatics","Acrobatics+1","Well Laid Plans+1","Escape Plan+1","Quick Slash","MostiFishMod:VineMother","Backstab","Flash of Steel+1","Specialist+1","Backstab+1","MostiFishMod:FrostNova+1","ReplayTheSpireMod:Tripwire+1","Trip+1","Deflect+1","jedi:pocketpoison","ReplayTheSpireMod:Speed Training","Phantasmal Killer+1"],"relics":["animator:TheWolleyCore","Ring of the Snake","animator:AncientMedallion"],"acts_visited":["Exordium","TheCity","TheBeyond","TheEnding","EYB:TheUnnamedReign"],"potions_floor_usage":[69,69],"damage_taken":[{"damage":2,"enemies":"Cultist","floor":1,"turns":4},{"damage":0,"enemies":"Small Slimes","floor":2,"turns":1},{"damage":2,"enemies":"Jaw Worm","floor":5,"turns":2},{"damage":43,"enemies":"Lagavulin","floor":7,"turns":8},{"damage":0,"enemies":"2 Fungi Beasts","floor":10,"turns":2},{"damage":0,"enemies":"Colosseum Slavers","floor":11,"turns":6},{"damage":0,"enemies":"Replay:BlueRogue","floor":13,"turns":3},{"damage":0,"enemies":"3 Louse","floor":14,"turns":2},{"damage":0,"enemies":"Fading Forest","floor":16,"turns":4},{"damage":0,"enemies":"3 Byrds","floor":18,"turns":2},{"damage":0,"enemies":"Book of Stabbing","floor":24,"turns":2},{"damage":0,"enemies":"Spheric Guardian","floor":28,"turns":2},{"damage":0,"enemies":"Nightmare","floor":29,"turns":4},{"damage":0,"enemies":"3 Cultists","floor":30,"turns":2},{"damage":0,"enemies":"Chosen and Byrds","floor":31,"turns":2},{"damage":4,"enemies":"Collector","floor":33,"turns":5},{"damage":4,"enemies":"3 Shapes","floor":35,"turns":2},{"damage":0,"enemies":"Orb Walker","floor":38,"turns":1},{"damage":0,"enemies":"Maw","floor":39,"turns":2},{"damage":5,"enemies":"Giant Head","floor":41,"turns":6},{"damage":0,"enemies":"Sphere and 2 Shapes","floor":44,"turns":1},{"damage":0,"enemies":"R_Hoarder","floor":45,"turns":2},{"damage":0,"enemies":"Jaw Worm Horde","floor":47,"turns":2},{"damage":0,"enemies":"Reptomancer","floor":48,"turns":2},{"damage":0,"enemies":"infinitespire:MassOfShapes","floor":50,"turns":4},{"damage":1,"enemies":"animator:TRIPLE_SHAPES_WEAK","floor":54,"turns":4},{"damage":1,"enemies":"animator:UNNAMED_HAT","floor":55,"turns":1},{"damage":43,"enemies":"animator:TRIPLE_LAGAVULIN","floor":59,"turns":3},{"damage":30,"enemies":"animator:LARGE_CUBE","floor":60,"turns":3},{"damage":13,"enemies":"animator:ULTIMATE_CUBE","floor":63,"turns":5},{"damage":17,"enemies":"animator:ULTIMATE_WISP","floor":67,"turns":3}],"seed_played":"-2236727399097168021","potions_obtained":[{"floor":1,"key":"Weak Potion"},{"floor":10,"key":"Elixir"},{"floor":13,"key":"BlessingOfTheForge"},{"floor":14,"key":"blueLaboratory:SavagePotion"},{"floor":17,"key":"blueLaboratory:HorrorPotion"},{"floor":54,"key":"animator:FalseLifePotion"},{"floor":55,"key":"animator:FalseLifePotion"},{"floor":59,"key":"animator:FalseLifePotion"},{"floor":60,"key":"animator:FalseLifePotion"}],"is_trial":false,"path_per_floor":["M","M","?","?","M","R","E","$","T","M","?","?","E","M","R","B",null,"M","T","?","T","R","R","E","T","T","$","M","NM","M","M","R","B",null,"M","$","?","M","M","R","E","T","T","M","E","$","M","E","R","B",null,"R","??","M","M","T","?","$","M","M","?","$","E","T","?","$","E","R","B",null],"character_chosen":"THE_SILENT","items_purchased":["Onion Ring","Prepared","Underhanded Strike","Frozen Egg 2","Potion Belt","ReplayTheSpireMod:ShopPack","Bronze Scales","jedi:arcanewood","Replay:Arrowhead","trackpad:BottledTsunami","StuffTheSpire:DarkSteelAnvil","trackpad:GuardianSpirit","Tiny Chest","StuffTheSpire:Nightcore","vexMod:RetaliationKit","REME_FirmDetermination+1","MostiFishMod:ButterFly","Footwork+1","Toxin Wave","Prepared","Apotheosis","Bag of Preparation","Acrobatics","Well Laid Plans+1","Flash of Steel","Specialist+1","Unceasing Top","Lantern","animator:AncientMedallion","Trip","Deflect","animator:AncientMedallion","animator:AncientMedallion","animator:AncientMedallion"],"campfire_rested":0,"item_purchase_floors":[8,8,8,8,8,8,8,8,8,8,8,8,8,8,8,27,27,27,27,27,27,36,36,36,46,46,46,46,58,58,58,58,58,66],"current_hp_per_floor":[68,68,71,71,69,69,26,26,26,26,70,70,73,76,76,76,81,81,81,81,81,81,81,81,81,81,81,81,81,81,81,81,77,81,77,77,77,81,81,81,76,76,76,76,76,76,76,76,76,81,81,81,92,92,91,91,91,91,49,43,43,43,50,50,50,50,41,41,60],"gold":198,"neow_bonus":"RANDOM_EVENT","is_daily":false,"chose_seed":false,"campfire_upgraded":15,"win_rate":0.0,"timestamp":1610772351,"path_taken":["M","?","?","?","M","R","E","$","T","?","?","?","E","M","R","BOSS","M","?","?","?","?","R","E","?","T","$","M","NM","?","M","R","BOSS","M","$","?","M","?","R","E","?","T","?","E","?","?","E","R","BOSS","R","??","M","M","T","?","$","M","M","?","$","E","T","?","$","E","R","BOSS"],"items_purchased_type":["Relic","Card","Card","Relic","Relic","Relic","Relic","Relic","Relic","Relic","Relic","Relic","Relic","Relic","Relic","Card","Card","Card","Card","Card","Card","Relic","Card","Card","Card","Card","Relic","Relic","Relic","Card","Card","Relic","Relic","Relic"],"build_version":"2020-12-22","purchased_purges":5,"victory":true,"max_hp_per_floor":[70,70,73,73,73,73,73,73,73,73,73,73,73,76,76,76,81,81,81,81,81,81,81,81,81,81,81,81,81,81,81,81,81,81,81,81,81,81,81,81,81,81,81,81,81,81,81,81,81,81,81,81,92,92,92,92,92,92,92,92,92,92,92,92,92,92,92,92,92],"card_choices":[{"not_picked":["hubris:SlightOfHand","Cloak And Dagger","REME_ShadowStrike"],"picked":"SKIP","floor":1},{"not_picked":["conspire:DoublingDagger","StuffTheSpire:MirrorStance","Prepared","Bane"],"picked":"Blade Dance","floor":2},{"not_picked":["Blade Dance","Hidden Blade","Sucker Punch","Predator"],"picked":"Noxious Fumes","floor":5},{"not_picked":["TH:DeckOfManyThings","TH:PixieDust","TH:CursedSword"],"picked":"TH:TreasureMap","floor":7},{"not_picked":["Dodge and Roll","Sucker Punch","Bane","Replay:Poison Smokescreen"],"picked":"Toxin Wave","floor":7},{"not_picked":["MostiFishMod:Kaleido","REME_EyeOfCthun","Discovery","ReplayTheSpireMod:Trickstab"],"picked":"MostiFishMod:ButterFly","floor":8},{"not_picked":["Purity","ReplayTheSpireMod:Brewmster","REME_EyeOfCthun","Madness"],"picked":"Sadistic Nature","floor":8},{"not_picked":["TH:DeckOfManyThings","TH:PixieDust","TH:CursedSword"],"picked":"TH:BikiniMail","floor":9},{"not_picked":["Bane","Underhanded Strike","Calculated Gamble","jedi:pocketpoison"],"picked":"Escape Plan","floor":10},{"not_picked":["Outmaneuver","Cloak And Dagger","StuffTheSpire:BumpUp","StuffTheSpire:Python"],"picked":"Backflip","floor":11},{"not_picked":["StuffTheSpire:Injection","MostiFishMod:PerfectParry","MostiFishMod:GrandStart","StuffTheSpire:BumpUp"],"picked":"ReplayTheSpireMod:Scrap Shanks+1","floor":13},{"not_picked":["TH:TreasureMap","TH:PixieDust","TH:EnergyPotion"],"picked":"TH:CopperCoins","floor":13},{"not_picked":["Backflip","Bouncing Flask","Deflect","Cloak And Dagger"],"picked":"Well Laid Plans+1","floor":14},{"not_picked":["Unload","Wraith Form v2+1","Corpse Explosion","jedi:rejectivetoxin"],"picked":"jedi:studypoison","floor":16},{"not_picked":["Blade Dance","StuffTheSpire:ClusterCrunch","Prepared","Dagger Spray"],"picked":"StuffTheSpire:ReptileScales","floor":17},{"not_picked":["Pace","jedi:collectorvenom","Dagger Throw","Deadly Poison"],"picked":"Quick Slash","floor":18},{"not_picked":["TH:CursedSword","TH:ElvenBoots","TH:DeckOfManyThings"],"picked":"TH:TreasureMap","floor":19},{"not_picked":["TH:ArmorSpikes","TH:DeckOfManyThings","TH:PixieDust","TH:TreasureMap"],"picked":"SKIP","floor":21},{"not_picked":["hubris:Counter","Sneak Up+1","StuffTheSpire:Python+1","conspire:DoublingDagger"],"picked":"MostiFishMod:HiddenBlade","floor":24},{"not_picked":["TH:PixieDust","TH:TreasureMap","TH:CursedSword"],"picked":"TH:BikiniMail","floor":24},{"not_picked":["TH:EnergyPotion","TH:ElvenBoots","TH:ArmorSpikes","TH:Mimic"],"picked":"SKIP","floor":25},{"not_picked":["TH:TreasureMap","TH:ArmorSpikes","TH:ElvenBoots","TH:CursedSword"],"picked":"SKIP","floor":26},{"not_picked":["TH:TreasureMap","TH:ArmorSpikes","TH:ElvenBoots","TH:CursedSword"],"picked":"SKIP","floor":26},{"not_picked":["Underhanded Strike+1","Prepared","Deadly Poison","StuffTheSpire:Repulse"],"picked":"PiercingWail","floor":28},{"not_picked":["Tactician","StuffTheSpire:ReptileScales","StuffTheSpire:Python","MostiFishMod:SpreadingSpore"],"picked":"ReplayTheSpireMod:Tripwire+1","floor":29},{"not_picked":["TH:PixieDust","TH:EnergyPotion","TH:CursedSword","TH:BikiniMail"],"picked":"SKIP","floor":29},{"not_picked":["Terror+1","StuffTheSpire:DoubleShiv","All Out Attack","Masterful Stab"],"picked":"Draining Mist","floor":30},{"not_picked":["ReplayTheSpireMod:Speed Training","Dagger Spray","Hidden Blade","Flechettes"],"picked":"jedi:poisonivy+1","floor":31},{"not_picked":["TH:PixieDust","TH:DeckOfManyThings","TH:CopperCoins"],"picked":"TH:Mimic","floor":33},{"not_picked":["Burst","Doppelganger","REME_GrazeFinale","Wraith Form v2+1"],"picked":"MostiFishMod:FullyArmed","floor":33},{"not_picked":["PiercingWail+1","Concentrate","jedi:pocketpoison","StuffTheSpire:Injection+1"],"picked":"Acrobatics+1","floor":35},{"not_picked":["Riddle With Holes","ReplayTheSpireMod:Shiv Toss","Pace+1","Corpse Explosion"],"picked":"Escape Plan+1","floor":38},{"not_picked":["MostiFishMod:ThornCasing+1","StuffTheSpire:Python+1","MostiFishMod:PerfectParry+1","Bane+1"],"picked":"Quick Slash+1","floor":39},{"not_picked":["Terror+1","Backflip+1","ShadowRift","jedi:collectorvenom+1"],"picked":"MostiFishMod:VineMother+1","floor":41},{"not_picked":["TH:DeckOfManyThings","TH:PixieDust","TH:CopperCoins","TH:ArmorSpikes"],"picked":"SKIP","floor":41},{"not_picked":["TH:Mimic","TH:PixieDust","TH:ElvenBoots","TH:ArmorSpikes"],"picked":"SKIP","floor":42},{"not_picked":["TH:ArmorSpikes","TH:PixieDust","TH:Mimic","TH:TreasureMap"],"picked":"SKIP","floor":43},{"not_picked":["hubris:Counter","Sucker Punch+1","Dodge and Roll","Accuracy+1"],"picked":"Backstab","floor":44},{"not_picked":["TH:PixieDust","TH:Mimic","TH:BikiniMail","TH:DeckOfManyThings"],"picked":"SKIP","floor":45},{"not_picked":["aspiration:Lunge","StuffTheSpire:Incursion+1","StuffTheSpire:ReptileScales","Flying Knee","Bane+1"],"picked":"SKIP","floor":45},{"not_picked":["TH:PixieDust","TH:Mimic","TH:BikiniMail","TH:DeckOfManyThings"],"picked":"SKIP","floor":45},{"not_picked":["aspiration:Lunge","StuffTheSpire:Incursion+1","StuffTheSpire:ReptileScales","Flying Knee","Bane+1"],"picked":"SKIP","floor":45},{"not_picked":["StuffTheSpire:Incursion","Draining Mist","Prepared+1","StuffTheSpire:BumpUp","Acrobatics+1"],"picked":"SKIP","floor":47},{"not_picked":["Reflex","Distraction+1","Poisoned Stab+1","StuffTheSpire:Incantation"],"picked":"Backstab","floor":48},{"not_picked":["TH:EnergyPotion","TH:TreasureMap","TH:CursedSword","TH:Mimic"],"picked":"SKIP","floor":48},{"not_picked":["StuffTheSpire:BumpUp+1","StuffTheSpire:Shiver"],"picked":"MostiFishMod:FrostNova+1","floor":54},{"not_picked":["Cloak And Dagger","Poisoned Stab+1"],"picked":"ReplayTheSpireMod:Tripwire","floor":55},{"not_picked":["TH:ArmorSpikes","TH:TreasureMap"],"picked":"SKIP","floor":56},{"not_picked":["Deadly Poison","Underhanded Strike+1"],"picked":"jedi:pocketpoison","floor":59},{"not_picked":["Crippling Poison+1","Escape Plan+1"],"picked":"ReplayTheSpireMod:Speed Training","floor":60},{"not_picked":["MostiFishMod:Wind+1","REME_CopyPotion+1"],"picked":"Phantasmal Killer+1","floor":61},{"not_picked":["TH:ElvenBoots","TH:PixieDust"],"picked":"SKIP","floor":63},{"not_picked":["hubris:Sniper","Outmaneuver","StuffTheSpire:ClusterCrunch+1"],"picked":"SKIP","floor":63},{"not_picked":["TH:BikiniMail","TH:CopperCoins"],"picked":"SKIP","floor":64},{"not_picked":["TH:TreasureMap","TH:EnergyPotion"],"picked":"SKIP","floor":67},{"not_picked":["MostiFishMod:PoisonShield","Backflip+1","Finisher"],"picked":"SKIP","floor":67}],"player_experience":469973,"relics_obtained":[{"floor":1,"key":"SynthV:TestCard"},{"floor":7,"key":"hubris:PeanutButter"},{"floor":11,"key":"foxEvents:LuckyCharm"},{"floor":11,"key":"wanderingMiniBosses:AbyssPearl"},{"floor":13,"key":"infinitespire:Eraser"},{"floor":14,"key":"halation:EternalFortune"},{"floor":19,"key":"REME_ArchaeologicalTools"},{"floor":20,"key":"ReplayTheSpireMod:Ring of Exchange"},{"floor":20,"key":"ReplayTheSpireMod:Ring of Collecting"},{"floor":21,"key":"Ring of Fangs"},{"floor":21,"key":"StuffTheSpire:ForceGauntlet"},{"floor":24,"key":"Dota2Spire:Desolator"},{"floor":25,"key":"Vajra"},{"floor":26,"key":"StuffTheSpire:WitherSkull"},{"floor":29,"key":"Letter Opener"},{"floor":41,"key":"Dota2Spire:Vanguard"},{"floor":42,"key":"halation:LettersToHer"},{"floor":43,"key":"Ring of Panic"},{"floor":43,"key":"halation:LettersToHer"},{"floor":43,"key":"StuffTheSpire:Experiment12"},{"floor":45,"key":"Dota2Spire:EtherealBlade"},{"floor":48,"key":"jedi:matchstick"},{"floor":53,"key":"animator:TheWolleyCore"},{"floor":56,"key":"animator:AncientMedallion"},{"floor":63,"key":"animator:AncientMedallion"},{"floor":64,"key":"animator:AncientMedallion"},{"floor":67,"key":"animator:AncientMedallion"}],"event_choices":[],"is_beta":false,"boss_relics":[{"not_picked":["relicPack:KazumaCape","Cursed Key"],"picked":"Tiny House"},{"not_picked":["Ring of Chaos","REME_DuelDisc"],"picked":"vexMod:MysteryBossChallenge"}],"items_purged_floors":[27,58,62,62,66],"is_endless":false,"potions_floor_spawned":[1,10,13,14,24,28,30,39,44,45,48,55,59,67],"ascension_level":4}}