{"host":"51mqhfpmwwd4kxyt","time":1610802791,"event":{"mods":["BaseMod","Downfall","Highlight Path","Minty Spire (QoL Compilation)","READ ME - Guardian Mod","StSLib","The Cursed","The Servant 0.9.4"],"gold_per_floor":[115,132,82,82,92,92,121,121,172,247,247,63,63,63,63,63,63],"floor_reached":16,"language":"ENG","playtime":489,"items_purged":[],"score":130,"play_id":"634be3f8-a01d-4d5c-abbb-c5ab80b20e8d","local_time":"20210116081311","is_ascension_mode":true,"campfire_choices":[{"data":"Bullet Time","floor":6,"key":"SMITH"},{"floor":8,"key":"REST"},{"floor":11,"key":"REST"},{"data":"Prepared","floor":15,"key":"SMITH"}],"circlet_count":0,"master_deck":["Strike_G","Strike_G","Strike_G","Strike_G","Defend_G","Defend_G","Defend_G","Defend_G","Defend_G","Survivor","Neutralize","Bullet Time+1","Escape Plan","Acrobatics+1","Cloak And Dagger","Wraith Form v2","Prepared+1","Blade Dance","Mayhem"],"relics":["Ring of the Snake","Snake Skull","Omamori","Akabeko"],"acts_visited":["Exordium"],"potions_floor_usage":[7,7],"damage_taken":[{"damage":3,"enemies":"Cultist","floor":1,"turns":5},{"damage":1,"enemies":"Jaw Worm","floor":2,"turns":4},{"damage":1,"enemies":"2 Louse","floor":5,"turns":3},{"damage":13,"enemies":"Gremlin Nob","floor":7,"turns":4},{"damage":62,"enemies":"Slime Boss","floor":16,"turns":11}],"seed_played":"5228714825951307311","potions_obtained":[{"floor":1,"key":"AttackPotion"},{"floor":2,"key":"FearPotion"}],"is_trial":false,"path_per_floor":["M","M","?","?","M","R","E","R","T","?","R","$","?","?","R","B"],"character_chosen":"THE_SILENT","items_purchased":["Mayhem"],"campfire_rested":2,"item_purchase_floors":[12],"current_hp_per_floor":[42,41,41,41,40,40,27,48,48,37,58,58,58,58,58,0,0],"gold":63,"neow_bonus":"THREE_RARE_CARDS","is_daily":false,"chose_seed":false,"campfire_upgraded":2,"win_rate":0.0,"timestamp":1610802791,"path_taken":["M","M","?","?","?","R","E","R","T","?","R","?","?","?","R","BOSS"],"items_purchased_type":["Card"],"build_version":"2020-12-22","purchased_purges":0,"victory":false,"max_hp_per_floor":[70,70,70,70,70,70,70,70,70,70,70,70,70,70,70,70,70],"card_choices":[{"not_picked":["Corpse Explosion","Night Terror"],"picked":"Bullet Time","floor":0},{"not_picked":["Bouncing Flask","Dagger Throw"],"picked":"Escape Plan","floor":1},{"not_picked":["PiercingWail","Deflect"],"picked":"Acrobatics","floor":2},{"not_picked":["Masterful Stab","Finisher"],"picked":"Prepared","floor":5},{"not_picked":["Infinite Blades","Bane"],"picked":"Blade Dance","floor":7}],"player_experience":395270,"relics_obtained":[{"floor":7,"key":"Snake Skull"},{"floor":9,"key":"Omamori"}],"event_choices":[{"cards_removed":["Strike_G"],"damage_healed":0,"gold_gain":0,"player_choice":"Card Removal","damage_taken":0,"max_hp_gain":0,"max_hp_loss":0,"event_name":"The Cleric","floor":3,"gold_loss":50},{"damage_healed":0,"gold_gain":0,"player_choice":"2 cards matched","damage_taken":0,"max_hp_gain":0,"max_hp_loss":0,"event_name":"Match and Keep!","floor":4,"gold_loss":0,"cards_obtained":["Cloak And Dagger","Wraith Form v2"]},{"damage_healed":0,"gold_gain":75,"player_choice":"Gather Gold","damage_taken":11,"max_hp_gain":0,"max_hp_loss":0,"event_name":"World of Goop","floor":10,"gold_loss":0},{"damage_healed":0,"gold_gain":0,"player_choice":"Box","damage_taken":0,"relics_obtained":["Akabeko"],"max_hp_gain":0,"max_hp_loss":0,"event_name":"Big Fish","floor":13,"gold_loss":0,"cards_obtained":["Regret"]},{"damage_healed":0,"gold_gain":0,"player_choice":"Grow","damage_taken":0,"max_hp_gain":0,"max_hp_loss":0,"event_name":"Living Wall","floor":14,"gold_loss":0,"cards_upgraded":["Acrobatics"]}],"is_beta":false,"boss_relics":[],"items_purged_floors":[],"is_endless":false,"potions_floor_spawned":[1,2],"killed_by":"Slime Boss","ascension_level":7}}