{"host":"yo9wwslrag05lh37","time":1610839730,"event":{"mods":["AchievementEnabler","BaseMod","Block Reminder","Colored Map","Colored Powertips","GifTheSpireLib","HexUI Lib","Highlight Path","Minty Spire (QoL Compilation)","Rare Cards Sparkle","Relic Stats","StSLib","everything is the same but u backflip on backflip"],"gold_per_floor":[119,79,4,19,32,32,62,62,62,75,85,117,135,155,155,255,255,272,272,286,305,318,352,352,382,382,482,508,523,558,569,569,569,569,585,601,620,667,336,364,364,364,444,454,483,152,171,171,171,171,171,171,51,80,80],"floor_reached":56,"language":"ENG","playtime":4811,"items_purged":["Pummel","Regret","Doubt","Armaments"],"score":1622,"play_id":"eca1b53b-e53b-4394-ae87-c1539f8f56c8","local_time":"20210117002850","daily_mods":["Draft","Vintage","Heirloom","DeadlyEvents"],"is_ascension_mode":true,"campfire_choices":[{"data":"Armaments","floor":6,"key":"SMITH"},{"data":"Clash","floor":8,"key":"SMITH"},{"data":"Feel No Pain","floor":15,"key":"SMITH"},{"data":"True Grit","floor":24,"key":"SMITH"},{"data":"Demon Form","floor":32,"key":"SMITH"},{"floor":41,"key":"RECALL"},{"floor":49,"key":"DIG"},{"floor":52,"key":"DIG"}],"circlet_count":0,"master_deck":["Whirlwind","Anger+1","Armaments+1","Clothesline","Twin Strike+1","Wild Strike","Heavy Blade","Spot Weakness","Shrug It Off+1","Feel No Pain+1","Pommel Strike","Ghostly Armor+1","Clash+1","Demon Form+1","True Grit+1","True Grit+1","Reaper","Dual Wield","Exhume","Madness","Parasite"],"relics":["Burning Blood","Champion Belt","Pear","War Paint","Ancient Tea Set","Ornamental Fan","Ice Cream","Toy Ornithopter","Whetstone","Bird Faced Urn","Unceasing Top","Red Skull","Cursed Key","The Courier","Bag of Preparation","Nunchaku","Bronze Scales","Sundial","Dream Catcher","Bottled Flame","Mango","Mummified Hand","Anchor","PreservedInsect","Pen Nib","Blood Vial","Fusion Hammer","Bag of Marbles","Vajra","Shovel","Prayer Wheel","Incense Burner","Gambling Chip","MawBank","CeramicFish","Happy Flower","Art of War","Letter Opener","Boot","Blue Candle","Kunai"],"acts_visited":["Exordium","TheCity","TheBeyond","TheEnding"],"potions_floor_usage":[16,16,23,40,55,55,55],"damage_taken":[{"damage":2,"enemies":"Small Slimes","floor":1,"turns":2},{"damage":1,"enemies":"Cultist","floor":4,"turns":3},{"damage":12,"enemies":"Jaw Worm","floor":5,"turns":2},{"damage":15,"enemies":"Lagavulin","floor":7,"turns":5},{"damage":0,"enemies":"2 Fungi Beasts","floor":10,"turns":2},{"damage":1,"enemies":"Exordium Wildlife","floor":11,"turns":2},{"damage":16,"enemies":"3 Sentries","floor":12,"turns":5},{"damage":0,"enemies":"Large Slime","floor":13,"turns":4},{"damage":9,"enemies":"3 Louse","floor":14,"turns":3},{"damage":38,"enemies":"Hexaghost","floor":16,"turns":7},{"damage":1,"enemies":"3 Byrds","floor":18,"turns":5},{"damage":18,"enemies":"Shell Parasite","floor":20,"turns":4},{"damage":0,"enemies":"Sentry and Sphere","floor":21,"turns":4},{"damage":8,"enemies":"3 Cultists","floor":22,"turns":3},{"damage":0,"enemies":"Slavers","floor":23,"turns":2},{"damage":12,"enemies":"Book of Stabbing","floor":25,"turns":3},{"damage":2,"enemies":"Colosseum Slavers","floor":27,"turns":4},{"damage":24,"enemies":"Colosseum Nobs","floor":27,"turns":4},{"damage":45,"enemies":"Gremlin Leader","floor":28,"turns":5},{"damage":15,"enemies":"Centurion and Healer","floor":29,"turns":4},{"damage":31,"enemies":"Slavers","floor":30,"turns":3},{"damage":4,"enemies":"Snecko","floor":31,"turns":4},{"damage":11,"enemies":"Champ","floor":33,"turns":9},{"damage":14,"enemies":"3 Darklings","floor":35,"turns":5},{"damage":0,"enemies":"Orb Walker","floor":36,"turns":2},{"damage":21,"enemies":"Jaw Worm Horde","floor":37,"turns":3},{"damage":47,"enemies":"2 Orb Walkers","floor":38,"turns":4},{"damage":14,"enemies":"Reptomancer","floor":40,"turns":3},{"damage":7,"enemies":"Maw","floor":44,"turns":5},{"damage":0,"enemies":"Writhing Mass","floor":45,"turns":3},{"damage":9,"enemies":"3 Darklings","floor":47,"turns":3},{"damage":27,"enemies":"Donu and Deca","floor":50,"turns":5},{"damage":0,"enemies":"Shield and Spear","floor":54,"turns":3},{"damage":126,"enemies":"The Heart","floor":55,"turns":8}],"seed_played":"-8654316236504368168","potions_obtained":[{"floor":2,"key":"SteroidPotion"},{"floor":2,"key":"DistilledChaos"},{"floor":2,"key":"CultistPotion"},{"floor":7,"key":"AttackPotion"},{"floor":13,"key":"Ancient Potion"},{"floor":16,"key":"Ancient Potion"},{"floor":23,"key":"SkillPotion"},{"floor":25,"key":"BloodPotion"},{"floor":40,"key":"AttackPotion"}],"is_trial":true,"path_per_floor":["M","?","$","M","M","R","E","R","T","M","M","E","M","M","R","B",null,"M","?","M","M","M","E","R","E","T","?","E","M","E","M","R","B",null,"M","M","M","?","$","E","R","?","T","M","M","$","M","?","R","B",null,"R","$","E","B",null],"character_chosen":"IRONCLAD","items_purchased":["Incense Burner","Happy Flower","Art of War"],"campfire_rested":0,"item_purchase_floors":[39,46,46],"current_hp_per_floor":[86,86,86,90,84,84,75,75,75,81,86,76,84,83,83,63,83,90,74,64,74,74,89,89,86,86,88,53,48,46,57,57,72,96,104,104,104,85,85,84,84,71,71,85,97,97,96,96,96,99,103,103,103,104,73],"gold":80,"neow_bonus":"","is_daily":false,"chose_seed":false,"campfire_upgraded":5,"win_rate":0.0,"timestamp":1610839730,"path_taken":["M","?","?","M","M","R","E","R","T","M","M","?","M","M","R","BOSS","M","?","M","M","?","E","R","E","T","?","E","M","?","M","R","BOSS","M","M","M","?","$","E","R","?","T","M","?","$","M","?","R","BOSS","R","$","E","BOSS"],"items_purchased_type":["Relic","Relic","Relic"],"build_version":"2020-12-22","purchased_purges":4,"victory":true,"max_hp_per_floor":[90,90,90,90,90,90,90,90,90,90,90,90,90,90,90,90,90,90,90,90,90,90,90,90,90,90,104,104,104,104,104,104,104,104,104,104,104,104,104,104,104,104,104,104,104,104,104,104,104,104,104,104,104,104,104],"relic_stats":{"CeramicFish":0,"Bag of Preparation":[44],"Whetstone":["Anger","Twin Strike"],"Cursed Key":2,"Boot":[2],"Burning Blood":178,"Blood Vial":15,"Nunchaku":[15],"Dream Catcher":0,"Shovel":2,"Sundial":[20],"Mummified Hand":[28],"Gambling Chip":[31],"Prayer Wheel":0,"Kunai":[1],"Happy Flower":[6],"counters":[34,133],"Blue Candle":[1],"PreservedInsect":165,"Pen Nib":[10],"Letter Opener":[25],"War Paint":["Shrug It Off","Ghostly Armor"],"MawBank":24,"Ornamental Fan":[120],"Bird Faced Urn":[61],"Bronze Scales":[279],"Art of War":[3],"Champion Belt":[15],"obtain_stats":[{"Ice Cream":9,"CeramicFish":45,"Vajra":36,"Mango":27,"Bag of Preparation":20,"Incense Burner":39,"Whetstone":11,"Ancient Tea Set":5,"Cursed Key":17,"Boot":49,"Burning Blood":0,"Blood Vial":31,"Nunchaku":21,"Dream Catcher":25,"Shovel":37,"Sundial":23,"Mummified Hand":27,"Gambling Chip":40,"Prayer Wheel":38,"Fusion Hammer":34,"Kunai":54,"Red Skull":14,"Pear":1,"Happy Flower":46,"Blue Candle":52,"The Courier":18,"PreservedInsect":29,"Pen Nib":30,"Letter Opener":47,"War Paint":4,"MawBank":44,"Bottled Flame":26,"Anchor":28,"Ornamental Fan":7,"Bird Faced Urn":12,"Bronze Scales":22,"Bag of Marbles":35,"Art of War":46,"Champion Belt":0,"Toy Ornithopter":10,"Unceasing Top":13},{"Ice Cream":4,"CeramicFish":30,"Vajra":25,"Mango":18,"Bag of Preparation":12,"Incense Burner":27,"Whetstone":6,"Ancient Tea Set":3,"Cursed Key":10,"Boot":31,"Burning Blood":0,"Blood Vial":22,"Nunchaku":13,"Dream Catcher":16,"Shovel":26,"Sundial":15,"Mummified Hand":18,"Gambling Chip":28,"Prayer Wheel":27,"Fusion Hammer":23,"Kunai":33,"Red Skull":9,"Pear":1,"Happy Flower":30,"Blue Candle":32,"The Courier":11,"PreservedInsect":20,"Pen Nib":21,"Letter Opener":31,"War Paint":2,"MawBank":29,"Bottled Flame":16,"Anchor":19,"Ornamental Fan":4,"Bird Faced Urn":7,"Bronze Scales":14,"Bag of Marbles":24,"Art of War":30,"Champion Belt":0,"Toy Ornithopter":5,"Unceasing Top":8},{"Ice Cream":12,"CeramicFish":114,"Vajra":96,"Mango":64,"Bag of Preparation":44,"Incense Burner":103,"Whetstone":16,"Ancient Tea Set":7,"Cursed Key":35,"Boot":117,"Burning Blood":0,"Blood Vial":80,"Nunchaku":48,"Dream Catcher":56,"Shovel":99,"Sundial":53,"Mummified Hand":64,"Gambling Chip":106,"Prayer Wheel":103,"Fusion Hammer":89,"Kunai":125,"Red Skull":28,"Pear":2,"Happy Flower":114,"Blue Candle":122,"The Courier":40,"PreservedInsect":73,"Pen Nib":76,"Letter Opener":117,"War Paint":5,"MawBank":111,"Bottled Flame":56,"Anchor":69,"Ornamental Fan":12,"Bird Faced Urn":21,"Bronze Scales":51,"Bag of Marbles":94,"Art of War":114,"Champion Belt":0,"Toy Ornithopter":14,"Unceasing Top":25}],"Toy Ornithopter":35,"Unceasing Top":[14]},"card_choices":[{"not_picked":["Perfected Strike","Uppercut"],"picked":"Whirlwind","floor":0},{"not_picked":["Flex","Warcry"],"picked":"Anger","floor":0},{"not_picked":["Clothesline","Disarm"],"picked":"Armaments","floor":0},{"not_picked":["Dual Wield","Whirlwind"],"picked":"Clothesline","floor":0},{"not_picked":["Warcry","Anger"],"picked":"Twin Strike","floor":0},{"not_picked":["Warcry","Metallicize"],"picked":"Wild Strike","floor":0},{"not_picked":["Cleave","Armaments"],"picked":"Heavy Blade","floor":0},{"not_picked":["Clothesline","Whirlwind"],"picked":"Spot Weakness","floor":0},{"not_picked":["Havoc","Anger"],"picked":"Armaments","floor":0},{"not_picked":["Pommel Strike","Power Through"],"picked":"Shrug It Off","floor":0},{"not_picked":["True Grit","Entrench"],"picked":"Feel No Pain","floor":0},{"not_picked":["Dropkick","Warcry"],"picked":"Pommel Strike","floor":0},{"not_picked":["Heavy Blade","Body Slam"],"picked":"Ghostly Armor","floor":0},{"not_picked":["Sword Boomerang","Perfected Strike"],"picked":"Clash","floor":0},{"not_picked":["Infernal Blade","Anger"],"picked":"Pummel","floor":0},{"not_picked":["Feel No Pain","Twin Strike","Perfected Strike"],"picked":"SKIP","floor":7},{"not_picked":["Sword Boomerang","Thunderclap","Body Slam"],"picked":"SKIP","floor":12},{"not_picked":["Feed","Reaper"],"picked":"Demon Form","floor":16},{"not_picked":["Flex+1","Combust+1"],"picked":"True Grit","floor":23},{"not_picked":["Twin Strike","Ghostly Armor"],"picked":"True Grit+1","floor":25},{"not_picked":["Spot Weakness","Burning Pact"],"picked":"Reaper","floor":28},{"not_picked":["Infernal Blade","Metallicize"],"picked":"Dual Wield","floor":30},{"not_picked":["Searing Blow","True Grit+1"],"picked":"Exhume","floor":40},{"not_picked":["Pommel Strike","Hemokinesis+1","Rampage"],"picked":"SKIP","floor":54}],"player_experience":1508675,"relics_obtained":[{"floor":1,"key":"Pear"},{"floor":4,"key":"War Paint"},{"floor":5,"key":"Ancient Tea Set"},{"floor":7,"key":"Ornamental Fan"},{"floor":9,"key":"Ice Cream"},{"floor":10,"key":"Toy Ornithopter"},{"floor":11,"key":"Whetstone"},{"floor":12,"key":"Bird Faced Urn"},{"floor":13,"key":"Unceasing Top"},{"floor":14,"key":"Red Skull"},{"floor":18,"key":"The Courier"},{"floor":20,"key":"Bag of Preparation"},{"floor":21,"key":"Nunchaku"},{"floor":22,"key":"Bronze Scales"},{"floor":23,"key":"Sundial"},{"floor":25,"key":"Dream Catcher"},{"floor":26,"key":"Bottled Flame"},{"floor":27,"key":"Mango"},{"floor":27,"key":"Mummified Hand"},{"floor":28,"key":"Anchor"},{"floor":29,"key":"PreservedInsect"},{"floor":30,"key":"Pen Nib"},{"floor":31,"key":"Blood Vial"},{"floor":35,"key":"Bag of Marbles"},{"floor":36,"key":"Vajra"},{"floor":37,"key":"Shovel"},{"floor":38,"key":"Prayer Wheel"},{"floor":40,"key":"Gambling Chip"},{"floor":44,"key":"MawBank"},{"floor":45,"key":"CeramicFish"},{"floor":47,"key":"Letter Opener"},{"floor":49,"key":"Boot"},{"floor":52,"key":"Blue Candle"},{"floor":54,"key":"Kunai"}],"event_choices":[{"damage_healed":0,"gold_gain":0,"player_choice":"Bought 3 Potions","damage_taken":0,"max_hp_gain":0,"max_hp_loss":0,"event_name":"The Woman in Blue","floor":2,"gold_loss":0},{"damage_healed":0,"gold_gain":0,"player_choice":"Obtained Book","damage_taken":16,"max_hp_gain":0,"max_hp_loss":0,"event_name":"Cursed Tome","floor":19,"gold_loss":0},{"damage_healed":0,"gold_gain":0,"player_choice":"Fight","damage_taken":0,"max_hp_gain":0,"max_hp_loss":0,"event_name":"Colosseum","floor":27,"gold_loss":0},{"damage_healed":0,"gold_gain":0,"player_choice":"Fought Nobs","damage_taken":0,"max_hp_gain":0,"max_hp_loss":0,"event_name":"Colosseum","floor":27,"gold_loss":0},{"damage_healed":0,"gold_gain":0,"player_choice":"Fight","damage_taken":0,"max_hp_gain":0,"max_hp_loss":0,"event_name":"Mysterious Sphere","floor":38,"gold_loss":0},{"damage_healed":0,"gold_gain":0,"player_choice":"Embrace Madness","damage_taken":13,"max_hp_gain":0,"max_hp_loss":0,"event_name":"Winding Halls","floor":42,"gold_loss":0,"cards_obtained":["Madness","Madness"]},{"cards_removed":["Madness"],"damage_healed":0,"gold_gain":0,"player_choice":"Removed Skill","damage_taken":0,"max_hp_gain":0,"max_hp_loss":0,"event_name":"Falling","floor":48,"gold_loss":0}],"is_beta":false,"boss_relics":[{"not_picked":["Velvet Choker","Runic Pyramid"],"picked":"Cursed Key"},{"not_picked":["Black Blood","Runic Dome"],"picked":"Fusion Hammer"}],"items_purged_floors":[3,39,46,53],"is_endless":false,"potions_floor_spawned":[4,7,10,13,16,23,25,27,27,33,37,38,40,45],"ascension_level":6}}