{"host":"51fyd6gkml7xavq8","time":1610825196,"event":{"mods":["BaseMod","BetterRewards","Colored Map","Energized Spire","Infinite Spire","Minty Spire (QoL Compilation)","Replay The Spire","Shop Mod","Spicy Shops","StSLib","The Blue Laboratory","[IsaacMod]????"],"gold_per_floor":[125,125,207,232,124,124,124],"floor_reached":6,"language":"ENG","playtime":306,"items_purged":["Dualcast","infinitespire:Pacifist","Strike_B"],"score":48,"play_id":"aff3cb48-3f75-432b-b3d8-1676b6303d9e","local_time":"20210116162636","is_ascension_mode":true,"campfire_choices":[],"circlet_count":0,"master_deck":["Strike_B","Strike_B","Strike_B","Defend_B","Defend_B","Defend_B","Defend_B","Zap","FIFO Queue","Madness"],"relics":["Cracked Core","HushsDoor","SalivaCoin","infinitespire:PuzzleCube","MerchantsRug","Oddly Smooth Stone","Orichalcum","Peace Pipe","ReplayTheSpireMod:CursedCoin","PrismaticShard"],"acts_visited":["Exordium"],"potions_floor_usage":[],"damage_taken":[{"damage":16,"enemies":"Jaw Worm","floor":1,"turns":4},{"damage":4,"enemies":"2 Louse","floor":4,"turns":4},{"damage":0,"enemies":"Lagavulin","floor":6,"turns":4}],"seed_played":"9070528006642404294","potions_obtained":[{"floor":4,"key":"blueLaboratory:BottleOfRum"}],"is_trial":false,"path_per_floor":["M","?","?","M","$","E"],"character_chosen":"DEFECT","items_purchased":["infinitespire:PuzzleCube","MerchantsRug","FIFO Queue","Madness","Oddly Smooth Stone","Orichalcum","Peace Pipe","ReplayTheSpireMod:CursedCoin","PrismaticShard"],"campfire_rested":0,"item_purchase_floors":[0,0,0,0,0,0,0,0,0],"current_hp_per_floor":[6,31,20,16,16,16,16],"gold":124,"neow_bonus":"","is_daily":false,"chose_seed":false,"campfire_upgraded":0,"win_rate":0.0,"timestamp":1610825196,"path_taken":["M","?","?","M","$","E"],"items_purchased_type":["Relic","Relic","Card","Card","Relic","Relic","Relic","Relic","Relic"],"build_version":"2020-12-22","purchased_purges":3,"victory":false,"max_hp_per_floor":[75,75,75,75,75,75,75],"card_choices":[{"not_picked":[],"picked":"Bomb","floor":0},{"not_picked":["Go for the Eyes","Blood for Blood","Iron Wave"],"picked":"SKIP","floor":1},{"not_picked":["Sever Soul","Replay:AtTheReady","Sucker Punch"],"picked":"SKIP","floor":4}],"player_experience":563949,"relics_obtained":[],"event_choices":[{"damage_healed":25,"gold_gain":0,"player_choice":"Banana","damage_taken":0,"max_hp_gain":0,"max_hp_loss":0,"event_name":"Big Fish","floor":2,"gold_loss":0},{"damage_healed":0,"gold_gain":75,"player_choice":"Gather Gold","damage_taken":11,"max_hp_gain":0,"max_hp_loss":0,"event_name":"World of Goop","floor":3,"gold_loss":0}],"is_beta":false,"boss_relics":[],"items_purged_floors":[0,0,5],"is_endless":false,"potions_floor_spawned":[4],"killed_by":"Lagavulin","ascension_level":8}}