{"host":"440aydzcd8mkncjo","time":1610834724,"event":{"mods":["2.2 Compatiblity","Act Like it!","Aspiration","Astrologer","Bard","BaseMod","Beaked The Cultist","Challenge The Spire","Chen","Colored Map","Conspire","Energized Spire","Friendly Minions","Gensokyo","Gremlin Mod","Halation","Hallownest","Hubris","Infinite Spire","Jedi Mod","Jorbs\u0027s Wanderer Trilogy","Koishi","Mad Scientist","Marisa????????","Mimic Mod","Minty Spire (QoL Compilation)","Rare Cards Sparkle","Reimu??????","Relic Sorter","Remilia??????","Replay The Spire","Shade Mod","Shop Mod","Somnambulant","StSLib","The Administrix","The Alterego","The Blackbeard","The Bug Knight","The Construct","The Cursed","The Elementalist","The Florist","The Gatherer","The Hierophant","The Jungle","The Marked","The Mystic","The Problem Sleuth","The Runesmith","The Servant 0.9.4","TheBandit","TheSwordswoman","Unknown Chances","Waifu the Spire","Youmu??????","Yuri Mod","Yuyuko","thorton","vexMod"],"gold_per_floor":[117,42,42,57,68,68,98,113,113,126,19,31,31,31,31,135,135,151,201,251,281,281,325,325,325,325],"floor_reached":25,"language":"ENG","playtime":1629,"items_purged":[],"score":344,"play_id":"4bd1dc60-7e45-4aa0-8ee4-82ee70dd5de6","local_time":"20210116220524","is_ascension_mode":false,"campfire_choices":[{"data":"theMarked:ComboAttacks","floor":6,"key":"SMITH"},{"data":"theMarked:Opportunist","floor":15,"key":"SMITH"}],"circlet_count":0,"master_deck":["theMarked:Strike","theMarked:Strike","theMarked:Strike","theMarked:Strike","theMarked:Strike","theMarked:Defend","theMarked:Defend","theMarked:Defend","theMarked:Defend","theMarked:SoldierOfQuellstein","theMarked:ComboAttacks+1","theMarked:ChainLightning","theMarked:BanishingStrike","theMarked:DeterminationOfTheMarked","theMarked:Opportunist+1","theMarked:EmpowerWeapon","theMarked:WardOff","theMarked:BindingBlade","theMarked:EternalStudent","hubris:Greed","stsjorbsmod:Procrastination","jedi:thedog","theMarked:ElectricStrings+1","Spreading Infection","hubris:Greed","theMarked:RogueSparks+1","hubris:Greed","theMarked:Frustration+1","theMarked:WardOff","theMarked:EternalStudent"],"relics":["theMarked:ArtifactOfAir","Hallownest:BankAccountRelic","aspiration:Lifesprig","aspiration:EmptySkull","hubris:SlimyHat","elementalistmod:BlueRibbon","Replay:Ancient Bell","Boot","HollowMod:LifeEnderRelic","hubris:MedicalManual","Ring of Misfortune","Ring of Greed","Replay:Wax Seal","Smiling Mask","StoneCalendar"],"acts_visited":["Hallownest:Greenpath","Hallownest:Greenpath"],"potions_floor_usage":[7,12,16],"damage_taken":[{"damage":6,"enemies":"Hallownest:2_Tiktiks_and_1_Crawlid","floor":1,"turns":5},{"damage":2,"enemies":"Hallownest:monsterHuskGuard","floor":5,"turns":3},{"damage":0,"enemies":"Hallownest:eliteVengeflyKing","floor":7,"turns":5},{"damage":1,"enemies":"Hallownest:monsterHuskWarrior","floor":8,"turns":3},{"damage":1,"enemies":"Hallownest:monsterMossCharger","floor":10,"turns":4},{"damage":14,"enemies":"Hallownest:1_Ooma_and_2_Uuma","floor":12,"turns":5},{"damage":2,"enemies":"Hallownest:monsterAspidMother","floor":14,"turns":4},{"damage":36,"enemies":"Hallownest:BossFalseKnight","floor":16,"turns":7},{"damage":9,"enemies":"theJungle:5_Spyders","floor":18,"turns":6},{"damage":17,"enemies":"theJungle:MUSHROOMGANG","floor":21,"turns":6},{"damage":24,"enemies":"Nightmare","floor":23,"turns":8},{"damage":46,"enemies":"theJungle:2_Flameangoes","floor":25,"turns":2}],"seed_played":"-5407876586846257824","potions_obtained":[{"floor":1,"key":"Explosive Potion"},{"floor":7,"key":"Block Potion"},{"floor":12,"key":"AttackPotion"},{"floor":16,"key":"LiquidBronze"},{"floor":21,"key":"SpeedPotion"},{"floor":23,"key":"Dexterity Potion"}],"is_trial":false,"path_per_floor":["M","?","?","$","M","R","E","M","T","M","$","M","?","M","R","B",null,"M","?","?","M","?","NM","R","M"],"character_chosen":"THE_DEFAULT","items_purchased":["theMarked:ChainLightning","hubris:SlimyHat"],"campfire_rested":0,"item_purchase_floors":[4,11],"current_hp_per_floor":[71,71,62,62,60,60,60,59,59,58,58,44,44,42,42,6,77,68,68,68,51,61,37,37,0,0],"gold":325,"neow_bonus":"TEN_PERCENT_HP_BONUS","is_daily":false,"chose_seed":false,"campfire_upgraded":2,"win_rate":0.0,"timestamp":1610834724,"path_taken":["M","?","?","$","?","R","E","M","T","?","?","M","?","M","R","BOSS","M","?","?","M","?","NM","R","M"],"items_purchased_type":["Card","Relic"],"build_version":"2020-12-22","purchased_purges":0,"victory":false,"max_hp_per_floor":[77,77,77,77,77,77,77,77,77,77,77,77,77,77,77,77,77,77,77,77,77,77,77,77,77,77],"card_choices":[{"not_picked":["theMarked:BanishingStrike","theMarked:EnhanceMovement"],"picked":"theMarked:ComboAttacks","floor":1},{"not_picked":["theMarked:Polarize","theMarked:ResourceFulStrike"],"picked":"theMarked:BanishingStrike","floor":5},{"not_picked":["theMarked:Parry","theMarked:LightningStrikesTwice"],"picked":"theMarked:DeterminationOfTheMarked","floor":7},{"not_picked":["theMarked:KeepCalmAndFightOn","theMarked:Static"],"picked":"theMarked:Opportunist","floor":8},{"not_picked":["theMarked:ContemptForTheProud","theMarked:RepellingDischarge"],"picked":"theMarked:EmpowerWeapon","floor":10},{"not_picked":["theMarked:WastefulDefense","theMarked:Parry"],"picked":"theMarked:WardOff","floor":12},{"not_picked":["theMarked:Panic","theMarked:WastefulAttack"],"picked":"theMarked:BindingBlade","floor":14},{"not_picked":["theMarked:MagicAdept","theMarked:ChannelForce"],"picked":"theMarked:EternalStudent","floor":16},{"not_picked":["Gensokyo:AllTheWorldsEvil","hubris:Lust"],"picked":"hubris:Greed","floor":17},{"not_picked":["Injury","stsjorbsmod:Withering"],"picked":"stsjorbsmod:Procrastination","floor":17},{"not_picked":["jedi:frostbite","hubris:Lust"],"picked":"jedi:thedog","floor":17},{"not_picked":["theMarked:Static","theMarked:ChainLightning"],"picked":"theMarked:ElectricStrings+1","floor":18},{"not_picked":["theMarked:HeritageOfTheMarked","theMarked:PowerFlow+1"],"picked":"theMarked:RogueSparks+1","floor":21},{"not_picked":["theMarked:SwordAndMagic+1","theMarked:ChainLightning"],"picked":"theMarked:Frustration+1","floor":23}],"player_experience":705843,"relics_obtained":[{"floor":7,"key":"aspiration:Lifesprig"},{"floor":9,"key":"aspiration:EmptySkull"},{"floor":20,"key":"Ring of Misfortune"},{"floor":20,"key":"Ring of Greed"},{"floor":20,"key":"Replay:Wax Seal"},{"floor":20,"key":"Smiling Mask"},{"floor":23,"key":"StoneCalendar"}],"event_choices":[],"is_beta":false,"boss_relics":[{"not_picked":["energizedSpire:NeverEndingSparkler","aspiration:FutureDiary"],"picked":"Replay:Ancient Bell"},{"not_picked":["vexMod:MemoryStick","ReplayFunnel"],"picked":"Boot"},{"not_picked":["InkBottle","conspire:DecoderRing"],"picked":"HollowMod:LifeEnderRelic"},{"not_picked":["vexMod:PlasmaPancake","theMarked:SecretDocuments"],"picked":"hubris:MedicalManual"}],"items_purged_floors":[],"is_endless":true,"potions_floor_spawned":[1,7,12,16,21,23],"killed_by":"theJungle:2_Flameangoes","ascension_level":0}}