{"host":"2pmmafybkq7zb6na","time":1610794534,"event":{"mods":["AchievementEnabler","BaseMod","Colored Map","Highlight Path","Minty Spire (QoL Compilation)","Quick Restart","StSLib","SuperFastMode"],"gold_per_floor":[114,114,133,11,21,56,56,71,71,97,117,117,132,150,150,255,255,273,283,309,50,250,250,270,270,316,335,354,354,389,407,407,407,407],"floor_reached":33,"language":"KOR","playtime":1678,"items_purged":[],"score":306,"play_id":"0887a851-ed88-4b3b-b681-15cf8ea520d9","local_time":"20210116195534","is_ascension_mode":false,"campfire_choices":[{"floor":7.0,"key":"REST"},{"floor":12.0,"key":"REST"},{"floor":15.0,"key":"RECALL"},{"data":"Scrape","floor":23.0,"key":"SMITH"},{"data":"Go for the Eyes","floor":25.0,"key":"SMITH"},{"floor":29,"key":"REST"},{"floor":32,"key":"REST"}],"circlet_count":0,"master_deck":["Strike_B","Defend_B","Defend_B","Defend_B","Defend_B","Zap","Dualcast","Conserve Battery","Beam Cell","FTL","Go for the Eyes","Conserve Battery","Go for the Eyes","Go for the Eyes+1","Rebound","Go for the Eyes","Scrape+1","Creative AI+1","Self Repair+1","Melter+1","Compile Driver+1","Glacier","Go for the Eyes","Hello World+1","Go for the Eyes","Scrape+1","Gash+1","Conserve Battery+1"],"relics":["Cracked Core","WingedGreaves","Incense Burner","Frozen Egg 2","Astrolabe","Red Mask","Bottled Flame","PreservedInsect","Juzu Bracelet"],"acts_visited":["Exordium","TheCity"],"potions_floor_usage":[30,33,33],"damage_taken":[{"damage":11.0,"enemies":"2 Louse","floor":1.0,"turns":3.0},{"damage":0.0,"enemies":"Cultist","floor":3.0,"turns":4.0},{"damage":0.0,"enemies":"Jaw Worm","floor":5.0,"turns":3.0},{"damage":22.0,"enemies":"3 Sentries","floor":6.0,"turns":7.0},{"damage":7.0,"enemies":"Lots of Slimes","floor":8.0,"turns":4.0},{"damage":28.0,"enemies":"Gremlin Nob","floor":10.0,"turns":5.0},{"damage":8.0,"enemies":"2 Fungi Beasts","floor":11.0,"turns":3.0},{"damage":6.0,"enemies":"Exordium Wildlife","floor":13.0,"turns":5.0},{"damage":2.0,"enemies":"Large Slime","floor":14.0,"turns":4.0},{"damage":43.0,"enemies":"The Guardian","floor":16.0,"turns":10.0},{"damage":0.0,"enemies":"Spheric Guardian","floor":18.0,"turns":2.0},{"damage":8.0,"enemies":"Shell Parasite","floor":19.0,"turns":4.0},{"damage":40.0,"enemies":"Masked Bandits","floor":20.0,"turns":5.0},{"damage":14.0,"enemies":"Snecko","floor":24.0,"turns":6.0},{"damage":11,"enemies":"Snake Plant","floor":27,"turns":7},{"damage":0,"enemies":"Shelled Parasite and Fungi","floor":28,"turns":4},{"damage":56,"enemies":"Slavers","floor":30,"turns":6},{"damage":2,"enemies":"3 Cultists","floor":31,"turns":6},{"damage":54,"enemies":"Collector","floor":33,"turns":6}],"seed_played":"967139818640878668","potions_obtained":[{"floor":1.0,"key":"FearPotion"},{"floor":3.0,"key":"Strength Potion"},{"floor":5.0,"key":"LiquidBronze"},{"floor":16.0,"key":"LiquidBronze"},{"floor":18.0,"key":"PotionOfCapacity"},{"floor":28,"key":"EssenceOfSteel"},{"floor":30,"key":"Explosive Potion"}],"is_trial":false,"path_per_floor":["M","?","M","$","M","E","R","M","T","E","M","R","M","M","R","B",null,"M","M","?","$","?","R","M","R","T","M","M","R","E","M","R","B"],"character_chosen":"DEFECT","items_purchased":["FTL","Go for the Eyes","Bottled Flame"],"campfire_rested":4,"item_purchase_floors":[4,4,21],"current_hp_per_floor":[71,71,71,71,71,49,73,66,66,38,30,54,48,46,46,3,82,82,82,52,52,52,52,48,48,48,47,47,71,15,23,47,0,0],"gold":407,"neow_bonus":"TEN_PERCENT_HP_BONUS","is_daily":false,"chose_seed":false,"campfire_upgraded":2,"win_rate":0.0,"timestamp":1610794534,"path_taken":["M","?","M","$","M","E","R","M","T","E","?","R","M","M","R","BOSS","M","M","?","$","?","R","?","R","T","M","M","R","E","M","R","BOSS"],"items_purchased_type":["Card","Card","Relic"],"build_version":"2020-12-22","purchased_purges":0,"victory":false,"max_hp_per_floor":[82,82,82,82,82,82,82,82,82,82,82,82,82,82,82,82,82,82,82,82,82,82,82,82,82,82,82,82,82,82,82,82,82,82],"card_choices":[{"not_picked":["Barrage","Cold Snap"],"picked":"Conserve Battery","floor":1.0},{"not_picked":["Sweeping Beam","Scrape"],"picked":"Beam Cell","floor":3.0},{"not_picked":["Rebound","Turbo"],"picked":"Conserve Battery","floor":5.0},{"not_picked":["Defragment","Streamline"],"picked":"Go for the Eyes","floor":6.0},{"not_picked":["Recycle","Doom and Gloom","Sweeping Beam"],"picked":"SKIP","floor":8.0},{"not_picked":["Hologram","Heatsinks+1"],"picked":"Go for the Eyes","floor":10.0},{"not_picked":["Leap","Redo"],"picked":"Rebound","floor":11.0},{"not_picked":["Fission","Conserve Battery"],"picked":"Go for the Eyes","floor":13.0},{"not_picked":["Go for the Eyes","Barrage"],"picked":"Scrape","floor":14.0},{"not_picked":["Meteor Strike","Echo Form+1"],"picked":"Creative AI+1","floor":16.0},{"not_picked":["Stack","Melter"],"picked":"Glacier","floor":18.0},{"not_picked":["Coolheaded+1","Turbo"],"picked":"Go for the Eyes","floor":19.0},{"not_picked":["Aggregate","Barrage"],"picked":"Hello World+1","floor":20.0},{"not_picked":["BootSequence","Steam"],"picked":"Go for the Eyes","floor":24.0},{"not_picked":["Rebound","Sunder","Conserve Battery"],"picked":"SKIP","floor":27},{"not_picked":["Defragment+1","Hologram"],"picked":"Scrape+1","floor":28},{"not_picked":["Fusion","Sunder"],"picked":"Gash+1","floor":30},{"not_picked":["Glacier+1","Sweeping Beam+1"],"picked":"Conserve Battery+1","floor":31}],"player_experience":56897,"relics_obtained":[{"floor":6.0,"key":"WingedGreaves"},{"floor":9.0,"key":"Incense Burner"},{"floor":10.0,"key":"Frozen Egg 2"},{"floor":20.0,"key":"Red Mask"},{"floor":26.0,"key":"PreservedInsect"},{"floor":30,"key":"Juzu Bracelet"}],"event_choices":[{"damage_healed":0.0,"max_hp_gain":0.0,"max_hp_loss":0.0,"gold_gain":0.0,"event_name":"The Woman in Blue","player_choice":"Bought 0 Potions","floor":2.0,"gold_loss":0.0,"damage_taken":0.0},{"damage_healed":0.0,"max_hp_gain":0.0,"max_hp_loss":0.0,"gold_gain":0.0,"event_name":"Masked Bandits","player_choice":"Fought Bandits","floor":20.0,"gold_loss":0.0,"damage_taken":0.0},{"damage_healed":0.0,"max_hp_gain":0.0,"max_hp_loss":0.0,"gold_gain":200.0,"event_name":"Wheel of Change","player_choice":"Gold","floor":22.0,"gold_loss":0.0,"damage_taken":0.0}],"is_beta":false,"boss_relics":[{"not_picked":["Tiny House","Velvet Choker"],"picked":"Astrolabe"}],"items_purged_floors":[],"is_endless":false,"potions_floor_spawned":[1,3,5,16,18,28,30],"killed_by":"Collector","ascension_level":0}}