{"host":"j7tjb4cvlhh9ur1i","time":1610820625,"event":{"mods":["BaseMod","Hermit","Marisa????????","Minty Spire (QoL Compilation)","StSLib","The Animator","The Cursed","The Dragon Tamer","The Marked","The Servant 0.9.4"],"gold_per_floor":[118,118,193,193,193,193,228,228,228,275,348,390,502,545,557,684,696,742,754,32,32,65,65,65,65,92,125,225,241,241,241],"floor_reached":30,"language":"ENG","playtime":1778,"items_purged":[],"score":226,"play_id":"6e9740ba-c6b7-4f07-a806-b660f67932e1","local_time":"20210116191025","is_ascension_mode":false,"campfire_choices":[{"floor":6,"key":"RECALL"},{"floor":8,"key":"REST"},{"floor":15,"key":"REST"},{"floor":23,"key":"REST"},{"floor":24,"key":"REST"}],"circlet_count":0,"master_deck":["Strike_MRS","Strike_MRS","Strike_MRS","Strike_MRS","Defend_MRS","Defend_MRS","Defend_MRS","Defend_MRS","MasterSpark","UpSweep","WitchOfGreed","LuminesStrike","TreasureHunter","PowerUp","DeepEcoloBomb","SporeBomb","StarDustReverie","LuminesStrike","Thinking Ahead","DC","6A","LuminesStrike","GravityBeat"],"relics":["BewitchedHakkero","Strawberry","WingedGreaves","White Beast Statue","Gremlin Horn","Juzu Bracelet","MawBank","MutagenicStrength","Frozen Eye","Regal Pillow","Mummified Hand","Frozen Egg 2","Peace Pipe","Bottled Flame"],"acts_visited":["Exordium","TheCity"],"potions_floor_usage":[10,11,11,11,12,12,14,16,16,16,18,22,22,27,27,28,28,28,30,30],"damage_taken":[{"damage":0,"enemies":"Small Slimes","floor":1,"turns":3},{"damage":6,"enemies":"Jaw Worm","floor":7,"turns":3},{"damage":38,"enemies":"Lagavulin","floor":10,"turns":7},{"damage":6,"enemies":"Gremlin Nob","floor":11,"turns":4},{"damage":8,"enemies":"2 Louse","floor":12,"turns":2},{"damage":33,"enemies":"Exordium Thugs","floor":14,"turns":4},{"damage":21,"enemies":"Slime Boss","floor":16,"turns":5},{"damage":49,"enemies":"Spheric Guardian","floor":18,"turns":7},{"damage":32,"enemies":"2 Thieves","floor":22,"turns":4},{"damage":19,"enemies":"Centurion and Healer","floor":27,"turns":3},{"damage":11,"enemies":"Colosseum Slavers","floor":28,"turns":2},{"damage":18,"enemies":"Colosseum Nobs","floor":28,"turns":4},{"damage":20,"enemies":"Snake Plant","floor":29,"turns":4},{"damage":21,"enemies":"3 Cultists","floor":30,"turns":3}],"seed_played":"5712996504735836755","potions_obtained":[{"floor":7,"key":"Block Potion"},{"floor":7,"key":"SpeedPotion"},{"floor":10,"key":"SpeedPotion"},{"floor":10,"key":"BottledSpark"},{"floor":11,"key":"DistilledChaos"},{"floor":11,"key":"Regen Potion"},{"floor":12,"key":"CultistPotion"},{"floor":12,"key":"Ancient Potion"},{"floor":14,"key":"ColorlessPotion"},{"floor":14,"key":"ShroomBrew"},{"floor":16,"key":"Weak Potion"},{"floor":16,"key":"BottledSpark"},{"floor":18,"key":"ColorlessPotion"},{"floor":18,"key":"Energy Potion"},{"floor":22,"key":"BottledSpark"},{"floor":22,"key":"BlessingOfTheForge"},{"floor":27,"key":"SneckoOil"},{"floor":27,"key":"LiquidMemories"},{"floor":28,"key":"Swift Potion"},{"floor":29,"key":"Regen Potion"}],"is_trial":false,"path_per_floor":["M","?","?","?","T","R","M","R","T","E","?","M","?","M","R","B",null,"M","?","$","?","M","R","R","$","T","M","?","M","M"],"character_chosen":"MARISA","items_purchased":["Frozen Eye","Regal Pillow","Mummified Hand","Thinking Ahead"],"campfire_rested":4,"item_purchase_floors":[20,20,20,20],"current_hp_per_floor":[82,75,64,64,64,64,58,82,82,44,38,35,35,2,26,5,82,33,33,33,33,1,40,79,79,79,60,31,11,0,0],"gold":241,"neow_bonus":"RANDOM_COMMON_RELIC","is_daily":false,"chose_seed":false,"campfire_upgraded":0,"win_rate":0.0,"timestamp":1610820625,"path_taken":["M","?","?","?","?","R","?","R","T","E","?","M","?","M","R","BOSS","M","?","$","?","M","R","R","$","T","M","?","M","M"],"items_purchased_type":["Relic","Relic","Relic","Card"],"build_version":"2020-12-22","purchased_purges":0,"victory":false,"max_hp_per_floor":[82,82,82,82,82,82,82,82,82,82,82,82,82,82,82,82,82,82,82,82,82,82,82,82,82,82,82,82,82,82,82],"card_choices":[{"not_picked":["LuminesStrike","6A"],"picked":"WitchOfGreed","floor":1},{"not_picked":["UnstableBomb","ShootingEcho"],"picked":"LuminesStrike","floor":7},{"not_picked":["EarthLightRay","AsteroidBelt"],"picked":"TreasureHunter","floor":10},{"not_picked":["GasGiant","DoubleSpark"],"picked":"PowerUp","floor":11},{"not_picked":["MeteoricShower","DoubleSpark"],"picked":"DeepEcoloBomb","floor":12},{"not_picked":["ShootingEcho","WitchLeyline"],"picked":"SporeBomb","floor":14},{"not_picked":["BigCrunch","BlazingStar"],"picked":"StarDustReverie","floor":16},{"not_picked":["AsteroidBelt","DC"],"picked":"LuminesStrike","floor":18},{"not_picked":["Acceleration+1","Orbital"],"picked":"DC","floor":22},{"not_picked":["ShootingEcho","DarkSpark"],"picked":"6A","floor":27},{"not_picked":["DarkSpark","Acceleration"],"picked":"LuminesStrike","floor":28},{"not_picked":["ShootingEcho","DoubleSpark"],"picked":"GravityBeat","floor":29}],"player_experience":56210,"relics_obtained":[{"floor":5,"key":"White Beast Statue"},{"floor":9,"key":"Gremlin Horn"},{"floor":10,"key":"Juzu Bracelet"},{"floor":11,"key":"MawBank"},{"floor":28,"key":"Peace Pipe"},{"floor":28,"key":"Bottled Flame"}],"event_choices":[{"damage_healed":0,"gold_gain":0,"player_choice":"Success","damage_taken":7,"relics_obtained":["WingedGreaves"],"max_hp_gain":0,"max_hp_loss":0,"event_name":"Scrap Ooze","floor":2,"gold_loss":0},{"damage_healed":0,"gold_gain":75,"player_choice":"Gather Gold","damage_taken":11,"max_hp_gain":0,"max_hp_loss":0,"event_name":"World of Goop","floor":3,"gold_loss":0},{"damage_healed":0,"gold_gain":0,"player_choice":"Ignored","damage_taken":0,"max_hp_gain":0,"max_hp_loss":0,"event_name":"Liars Game","floor":4,"gold_loss":0},{"damage_healed":0,"gold_gain":0,"player_choice":"Searched \u00271\u0027 times","damage_taken":0,"max_hp_gain":0,"max_hp_loss":0,"event_name":"Dead Adventurer","floor":11,"gold_loss":0},{"damage_healed":0,"gold_gain":100,"player_choice":"Pray","damage_taken":0,"max_hp_gain":0,"max_hp_loss":0,"event_name":"Golden Shrine","floor":13,"gold_loss":0},{"damage_healed":0,"gold_gain":0,"player_choice":"Inject Mutagens","damage_taken":0,"relics_obtained":["MutagenicStrength"],"max_hp_gain":0,"max_hp_loss":0,"event_name":"Drug Dealer","floor":19,"gold_loss":0},{"damage_healed":0,"gold_gain":0,"player_choice":"Opened","damage_taken":0,"relics_obtained":["Frozen Egg 2"],"max_hp_gain":0,"max_hp_loss":0,"event_name":"The Mausoleum","floor":21,"gold_loss":0},{"damage_healed":0,"gold_gain":0,"player_choice":"Fight","damage_taken":0,"max_hp_gain":0,"max_hp_loss":0,"event_name":"Colosseum","floor":28,"gold_loss":0},{"damage_healed":0,"gold_gain":0,"player_choice":"Fought Nobs","damage_taken":0,"max_hp_gain":0,"max_hp_loss":0,"event_name":"Colosseum","floor":28,"gold_loss":0}],"is_beta":false,"boss_relics":[{"not_picked":["Runic Pyramid","Black Star"],"picked":"BewitchedHakkero"}],"items_purged_floors":[],"is_endless":false,"potions_floor_spawned":[7,10,11,12,14,16,18,22,27,28,28,29],"killed_by":"3 Cultists","ascension_level":0}}