{"host":"i0avyit1s6jb1siw","time":1610813204,"event":{"mods":["BaseMod","DeckTracker","Dota2Spire","Highlight Path","Minty Spire (QoL Compilation)","Quick Restart","StSLib","SuperFastMode"],"gold_per_floor":[18,18,18,18,30,30,47,47,72,72,101,101,134,5,5,78,78,88,88,106,122,22,22,39,39,63,77,127,127,152,152,152,229,229,244,263,282,293,293,293],"floor_reached":39,"language":"ENG","playtime":3120,"items_purged":["Pain","Strike_G"],"score":798,"play_id":"3ad17385-ec86-4bad-909f-7d528960ebe8","local_time":"20210116170644","is_ascension_mode":true,"campfire_choices":[{"data":"Glass Knife","floor":6,"key":"SMITH"},{"data":"Bouncing Flask","floor":10,"key":"SMITH"},{"floor":15,"key":"REST"},{"data":"Adrenaline","floor":23,"key":"SMITH"},{"floor":25,"key":"REST"},{"data":"Blade Dance","floor":29,"key":"SMITH"},{"data":"Accuracy","floor":32,"key":"SMITH"}],"circlet_count":0,"master_deck":["AscendersBane","Strike_G+1","Strike_G","Strike_G+1","Defend_G","Defend_G","Defend_G","Defend_G","Defend_G","Survivor","Neutralize","Glass Knife+1","Bouncing Flask+1","Accuracy+1","Dagger Throw","Flying Knee","Adrenaline+1","Terror","Deflect","PiercingWail","Calculated Gamble","Blade Dance+1","Malaise","Blade Dance","Blur"],"relics":["Ring of the Snake","WarpedTongs","Odd Mushroom","Gremlin Horn","Pear","Runic Pyramid","Whetstone","Dota2Spire:EyeOfSkadi","Dota2Spire:RefresherOrb"],"acts_visited":["Exordium","TheCity","TheBeyond"],"potions_floor_usage":[16,16,27,30,33,33,33],"damage_taken":[{"damage":0,"enemies":"2 Louse","floor":1,"turns":2},{"damage":2,"enemies":"Cultist","floor":5,"turns":2},{"damage":9,"enemies":"Jaw Worm","floor":7,"turns":2},{"damage":23,"enemies":"The Mushroom Lair","floor":11,"turns":5},{"damage":24,"enemies":"3 Sentries","floor":13,"turns":9},{"damage":30,"enemies":"Slime Boss","floor":16,"turns":9},{"damage":19,"enemies":"Spheric Guardian","floor":18,"turns":4},{"damage":9,"enemies":"Shell Parasite","floor":20,"turns":4},{"damage":9,"enemies":"Sentry and Sphere","floor":21,"turns":5},{"damage":2,"enemies":"Centurion and Healer","floor":24,"turns":7},{"damage":1,"enemies":"Cultist and Chosen","floor":27,"turns":3},{"damage":12,"enemies":"Book of Stabbing","floor":30,"turns":4},{"damage":16,"enemies":"Automaton","floor":33,"turns":8},{"damage":0,"enemies":"3 Shapes","floor":35,"turns":6},{"damage":25,"enemies":"3 Darklings","floor":36,"turns":5},{"damage":11,"enemies":"Spire Growth","floor":37,"turns":3},{"damage":23,"enemies":"Writhing Mass","floor":38,"turns":7},{"damage":7,"enemies":"Sphere and 2 Shapes","floor":39,"turns":3}],"seed_played":"1544082948292115789","potions_obtained":[{"floor":5,"key":"SneckoOil"},{"floor":7,"key":"CultistPotion"},{"floor":13,"key":"Fire Potion"},{"floor":18,"key":"DistilledChaos"},{"floor":27,"key":"ColorlessPotion"},{"floor":31,"key":"CunningPotion"},{"floor":31,"key":"EntropicBrew"},{"floor":33,"key":"FearPotion"}],"is_trial":false,"path_per_floor":["M","?","$","?","M","R","M","?","T","R","?","T","E","$","R","B",null,"M","$","M","M","$","R","M","R","T","M","?","R","E","?","R","B",null,"M","M","M","M","M"],"character_chosen":"THE_SILENT","items_purchased":["Flying Knee"],"campfire_rested":2,"item_purchase_floors":[14],"current_hp_per_floor":[59,59,59,59,57,57,48,48,48,48,25,25,11,11,33,3,58,39,39,30,21,21,21,19,41,41,40,40,40,33,33,33,17,65,65,40,29,6,0,0],"gold":293,"neow_bonus":"THREE_RARE_CARDS","is_daily":false,"chose_seed":false,"campfire_upgraded":5,"win_rate":0.0,"timestamp":1610813204,"path_taken":["M","?","?","?","M","R","?","?","T","R","?","?","E","$","R","BOSS","M","?","M","M","$","R","M","R","T","M","?","R","E","?","R","BOSS","M","?","M","M","M"],"items_purchased_type":["Card"],"build_version":"2020-12-22","purchased_purges":2,"victory":false,"max_hp_per_floor":[66,66,66,66,66,66,66,66,66,66,66,66,76,76,76,76,76,76,76,76,76,76,76,76,76,76,76,76,76,81,81,81,81,81,81,81,81,81,81,81],"card_choices":[{"not_picked":["Die Die Die","A Thousand Cuts"],"picked":"Glass Knife","floor":0},{"not_picked":["Outmaneuver","Calculated Gamble"],"picked":"Bouncing Flask","floor":1},{"not_picked":["Cloak And Dagger","Dodge and Roll"],"picked":"Accuracy","floor":5},{"not_picked":["Prepared","Reflex","Heel Hook"],"picked":"SKIP","floor":7},{"not_picked":["Deflect","Poisoned Stab"],"picked":"Dagger Throw","floor":13},{"not_picked":["Tools of the Trade","Die Die Die"],"picked":"Adrenaline","floor":16},{"not_picked":["Blur","Acrobatics"],"picked":"Terror","floor":18},{"not_picked":["Backflip","Riddle With Holes"],"picked":"Deflect","floor":20},{"not_picked":["Eviscerate","Dodge and Roll"],"picked":"PiercingWail","floor":21},{"not_picked":["Dodge and Roll","Poisoned Stab+1"],"picked":"Calculated Gamble","floor":24},{"not_picked":["Quick Slash","Footwork"],"picked":"Blade Dance","floor":27},{"not_picked":["Expertise","Riddle With Holes","Sucker Punch"],"picked":"SKIP","floor":30},{"not_picked":["Night Terror","Burst"],"picked":"Malaise","floor":33},{"not_picked":["Reflex","Backstab","Dodge and Roll"],"picked":"SKIP","floor":35},{"not_picked":["Acrobatics+1","Catalyst+1"],"picked":"Blade Dance","floor":36},{"not_picked":["Quick Slash","Dagger Throw","Sucker Punch+1"],"picked":"SKIP","floor":37},{"not_picked":["Outmaneuver","Leg Sweep"],"picked":"Blur","floor":38}],"player_experience":2263126,"relics_obtained":[{"floor":11,"key":"Odd Mushroom"},{"floor":12,"key":"Gremlin Horn"},{"floor":13,"key":"Pear"},{"floor":26,"key":"Whetstone"},{"floor":30,"key":"Dota2Spire:EyeOfSkadi"}],"event_choices":[{"cards_removed":["Strike_G"],"damage_healed":0,"gold_gain":0,"player_choice":"Offered Basic","damage_taken":0,"max_hp_gain":0,"max_hp_loss":0,"event_name":"Bonfire Elementals","floor":2,"gold_loss":0},{"damage_healed":0,"gold_gain":0,"player_choice":"Rummage","damage_taken":0,"relics_obtained":["WarpedTongs"],"max_hp_gain":0,"max_hp_loss":0,"event_name":"Accursed Blacksmith","floor":4,"gold_loss":0,"cards_obtained":["Pain"]},{"damage_healed":0,"gold_gain":0,"player_choice":"Ignored","damage_taken":0,"max_hp_gain":0,"max_hp_loss":0,"event_name":"Liars Game","floor":8,"gold_loss":0},{"damage_healed":0,"gold_gain":0,"player_choice":"Fought Mushrooms","damage_taken":0,"max_hp_gain":0,"max_hp_loss":0,"event_name":"Mushrooms","floor":11,"gold_loss":0},{"damage_healed":0,"gold_gain":50,"player_choice":"Stole From Cult","damage_taken":0,"max_hp_gain":0,"max_hp_loss":0,"event_name":"Nest","floor":28,"gold_loss":0},{"damage_healed":0,"gold_gain":0,"player_choice":"Got Potions","damage_taken":0,"max_hp_gain":0,"max_hp_loss":0,"event_name":"Lab","floor":31,"gold_loss":0}],"is_beta":false,"boss_relics":[{"not_picked":["Fusion Hammer","Velvet Choker"],"picked":"Runic Pyramid"},{"not_picked":["Empty Cage","Pandora\u0027s Box"],"picked":"Dota2Spire:RefresherOrb"}],"items_purged_floors":[14,22],"is_endless":false,"potions_floor_spawned":[5,7,13,18,27,33,37,38],"killed_by":"Sphere and 2 Shapes","ascension_level":20}}