{"host":"x2bb8tnu3h3a650h","time":1610823647,"event":{"mods":["AchievementEnabler","Aspiration","BaseMod","BetterRewards","Colored Map","Conspire","Defuse TimeMaze Blight","Energized Spire","Halation","Hermit","Hubris","Infinite Spire","Mimic Mod","Minty Spire (QoL Compilation)","Rare Cards Sparkle","Replay The Spire","Shop Mod","Spicy Shops","StSLib","The Jungle","The Servant 0.9.4","Wandering Minibosses","vexMod"],"gold_per_floor":[109,209,229,239,263,292,292,323,323,349,349,376,376,68,68,174,174,207,207,167,442,506,573,573,314,393,395,407,407,437,453,453,461,461],"floor_reached":33,"language":"ENG","playtime":1381,"items_purged":["Doubt","hermit:Strike_Hermit","hermit:Defend_Hermit"],"score":409,"play_id":"e3e47275-738a-4440-8063-d27f8e37054e","local_time":"20210116190047","is_ascension_mode":true,"campfire_choices":[{"data":"hermit:RoundhouseKick","floor":7,"key":"SMITH"},{"floor":11,"key":"REST"},{"data":"Pot Of Greed","floor":15,"key":"SMITH"},{"floor":24,"key":"REST"},{"data":"Pot Of Greed","floor":29,"key":"SMITH"},{"data":"conspire:Banana","floor":32,"key":"SMITH"}],"circlet_count":0,"master_deck":["RitualDagger+1","hermit:Strike_Hermit","hermit:Strike_Hermit","hermit:Strike_Hermit+1","hermit:Defend_Hermit","hermit:Defend_Hermit","hermit:Defend_Hermit","hermit:Snapshot+1","hermit:Covet","hermit:RoundhouseKick+1","Pot Of Greed+1","Pot Of Greed+1","hermit:DeadOrAlive+1","Doubt","conspire:Banana+1","hermit:Snipe","Regret"],"relics":["hermit:Momento","Lantern","halation:TwoAmDonut","conspire:Flyswatter","Juzu Bracelet","Grinning Jar","PreservedInsect","Membership Card","infinitespire:Midas Blood","MerchantsRug","ReplayTheSpireMod:SealedPack","halation:EternalFortune","halation:AfternoonTea","Tiny Chest","Whetstone","Replay:Bottled Steam"],"acts_visited":["Exordium","TheCity"],"potions_floor_usage":[10,10,33,33,33,33],"damage_taken":[{"damage":10,"enemies":"Jaw Worm","floor":1,"turns":4},{"damage":0,"enemies":"Cultist","floor":3,"turns":2},{"damage":0,"enemies":"2 Louse","floor":4,"turns":3},{"damage":21,"enemies":"Lagavulin","floor":6,"turns":5},{"damage":0,"enemies":"Gremlin Nob","floor":8,"turns":2},{"damage":0,"enemies":"Lagavulin","floor":10,"turns":2},{"damage":18,"enemies":"3 Sentries","floor":12,"turns":5},{"damage":32,"enemies":"Slime Boss","floor":16,"turns":7},{"damage":12,"enemies":"Shell Parasite","floor":18,"turns":3},{"damage":49,"enemies":"3 Byrds","floor":22,"turns":7},{"damage":0,"enemies":"Gremlin Leader","floor":23,"turns":4},{"damage":2,"enemies":"Centurion and Healer","floor":28,"turns":3},{"damage":0,"enemies":"Sentry and Sphere","floor":30,"turns":2},{"damage":16,"enemies":"Snake Plant","floor":31,"turns":2},{"damage":48,"enemies":"Champ","floor":33,"turns":6}],"seed_played":"5956184299837766300","potions_obtained":[{"floor":3,"key":"SteroidPotion"},{"floor":6,"key":"Adrenaline Potion"},{"floor":12,"key":"Milkshake"},{"floor":16,"key":"hermit:Eclipse"},{"floor":18,"key":"Dexterity Potion"},{"floor":20,"key":"Cursed Concoction"},{"floor":20,"key":"hermit:Eclipse"},{"floor":28,"key":"Adrenaline Potion"}],"is_trial":false,"path_per_floor":["M","?","M","M","T","E","R","E","T","E","R","E","?","$","R","B",null,"M","?","?","?","M","E","R","$","T","?","M","R","M","M","R_BF","B"],"character_chosen":"HERMIT","items_purchased":["Membership Card","infinitespire:Midas Blood","MerchantsRug","Tiny Chest","Whetstone"],"campfire_rested":2,"item_purchase_floors":[14,14,14,25,25],"current_hp_per_floor":[65,65,65,65,65,44,44,44,44,44,66,48,75,75,75,43,75,64,67,67,67,19,23,48,48,48,32,40,40,40,25,25,0,0],"gold":461,"neow_bonus":"UPGRADE_CARD","is_daily":false,"chose_seed":false,"campfire_upgraded":4,"win_rate":0.0,"timestamp":1610823647,"path_taken":["M","?","?","M","?","E","R","E","T","E","R","E","?","?","R","BOSS","M","?","?","?","M","E","R","$","T","?","M","R","M","M","R_BF","BOSS"],"items_purchased_type":["Relic","Relic","Relic","Relic","Relic"],"build_version":"2020-12-22","purchased_purges":3,"victory":false,"max_hp_per_floor":[75,75,75,75,75,75,75,75,75,75,75,75,75,75,75,75,75,76,79,79,79,80,84,84,84,84,89,90,90,90,91,91,93,93],"card_choices":[{"not_picked":["hermit:SprayPray","hermit:ItchyTrigger"],"picked":"hermit:Determination","floor":1},{"not_picked":["hermit:BodyArmor","hermit:Dive","hermit:Misfire"],"picked":"SKIP","floor":3},{"not_picked":["hermit:Roulette","hermit:PistolWhip","hermit:CalledShot"],"picked":"SKIP","floor":4},{"not_picked":["hermit:Malice","hermit:Determination"],"picked":"hermit:RoundhouseKick","floor":6},{"not_picked":["hermit:SprayPray","hermit:GoldenBullet","hermit:Manifest"],"picked":"SKIP","floor":8},{"not_picked":["hermit:HoleUp","hermit:LoneWolf","hermit:Glare"],"picked":"SKIP","floor":10},{"not_picked":["hermit:Combo","hermit:Feint","hermit:FinalCanter"],"picked":"SKIP","floor":12},{"not_picked":["hermit:Adapt","hermit:Purgatory"],"picked":"hermit:DeadOrAlive","floor":16},{"not_picked":["ReplayTheSpireMod:Trickstab","vexMod:EmailVexCard"],"picked":"conspire:Banana","floor":17},{"not_picked":["hermit:HighCaliber","hermit:Dive"],"picked":"hermit:Snipe","floor":18},{"not_picked":["hermit:LowProfile","hermit:CalledShot","hermit:FullyLoaded"],"picked":"SKIP","floor":22},{"not_picked":["hermit:SprayPray","hermit:FromBeyond","hermit:CalledShot"],"picked":"SKIP","floor":23},{"not_picked":["hermit:EyeOfTheStorm+1","hermit:CalledShot","hermit:Brawl"],"picked":"SKIP","floor":28},{"not_picked":["hermit:FlashPowder+1","hermit:Dive","hermit:Magnum"],"picked":"SKIP","floor":30},{"not_picked":["hermit:Roulette","hermit:Dive+1","hermit:Combo"],"picked":"SKIP","floor":31}],"player_experience":579933,"relics_obtained":[{"floor":5,"key":"Lantern"},{"floor":6,"key":"halation:TwoAmDonut"},{"floor":8,"key":"conspire:Flyswatter"},{"floor":9,"key":"Juzu Bracelet"},{"floor":10,"key":"Grinning Jar"},{"floor":12,"key":"PreservedInsect"},{"floor":23,"key":"halation:EternalFortune"},{"floor":23,"key":"halation:AfternoonTea"},{"floor":26,"key":"Replay:Bottled Steam"}],"event_choices":[{"damage_healed":0,"gold_gain":100,"player_choice":"Gold","damage_taken":0,"max_hp_gain":0,"max_hp_loss":0,"event_name":"Wheel of Change","floor":2,"gold_loss":0},{"cards_removed":["hermit:Determination"],"damage_healed":27,"gold_gain":0,"player_choice":"Offered Uncommon","damage_taken":0,"max_hp_gain":0,"max_hp_loss":0,"event_name":"Bonfire Elementals","floor":13,"gold_loss":0},{"damage_healed":0,"gold_gain":0,"player_choice":"Bought 3 Potions","damage_taken":0,"max_hp_gain":0,"max_hp_loss":0,"event_name":"The Woman in Blue","floor":20,"gold_loss":0},{"damage_healed":0,"gold_gain":275,"player_choice":"Desecrate","damage_taken":0,"max_hp_gain":0,"max_hp_loss":0,"event_name":"Golden Shrine","floor":21,"gold_loss":0,"cards_obtained":["Regret"]},{"damage_healed":0,"gold_gain":0,"player_choice":"Shed Blood","damage_taken":21,"max_hp_gain":5,"max_hp_loss":0,"event_name":"Forgotten Altar","floor":27,"gold_loss":0}],"is_beta":false,"boss_relics":[{"not_picked":["vexMod:FluxCapacitor","ChewingGum"],"picked":"ReplayTheSpireMod:SealedPack"}],"items_purged_floors":[14,25,25],"is_endless":false,"potions_floor_spawned":[3,6,12,16,18,28,30],"killed_by":"Champ","ascension_level":1}}