{"host":"981nlwu0905dw1bz","time":1610802550,"event":{"mods":["AchievementEnabler","BaseMod","DeckTracker","Minty Spire (QoL Compilation)","Rare Cards Sparkle","SuperFastMode"],"gold_per_floor":[119,119,119,136,150,175,175,175,175],"floor_reached":8,"language":"KOR","playtime":152,"items_purged":[],"score":76,"play_id":"4e375d0d-27e2-4b05-83f8-34e7b4bd55a3","local_time":"20210116220910","is_ascension_mode":true,"campfire_choices":[{"floor":7,"key":"REST"}],"circlet_count":0,"master_deck":["Strike_R","Strike_R","Strike_R","Strike_R","Strike_R","Defend_R","Defend_R","Defend_R","Defend_R","Bash","Cleave","Spot Weakness","Flame Barrier+1","Bloodletting+1","Ghostly Armor+1"],"relics":["Burning Blood","Toxic Egg 2","Letter Opener"],"acts_visited":["Exordium"],"potions_floor_usage":[4],"damage_taken":[{"damage":8,"enemies":"2 Louse","floor":1,"turns":2},{"damage":12,"enemies":"Small Slimes","floor":4,"turns":3},{"damage":14,"enemies":"Jaw Worm","floor":5,"turns":3},{"damage":32,"enemies":"Gremlin Nob","floor":6,"turns":5},{"damage":57,"enemies":"Lagavulin","floor":8,"turns":8}],"seed_played":"-1602285627037957460","potions_obtained":[{"floor":1,"key":"Swift Potion"}],"is_trial":false,"path_per_floor":["M","?","?","M","M","E","R","E"],"character_chosen":"IRONCLAD","items_purchased":[],"campfire_rested":1,"item_purchase_floors":[],"current_hp_per_floor":[70,70,67,61,53,27,51,0,0],"gold":175,"neow_bonus":"THREE_CARDS","is_daily":false,"chose_seed":false,"campfire_upgraded":0,"win_rate":0.0,"timestamp":1610802550,"path_taken":["M","?","?","M","M","E","R","E"],"items_purchased_type":[],"build_version":"2020-12-22","purchased_purges":0,"victory":false,"max_hp_per_floor":[80,80,80,80,80,80,80,80,80],"card_choices":[{"not_picked":["Flex","Body Slam"],"picked":"Cleave","floor":0},{"not_picked":["Blood for Blood","True Grit"],"picked":"Spot Weakness","floor":1},{"not_picked":["Burning Pact+1","Entrench+1"],"picked":"Flame Barrier+1","floor":4},{"not_picked":["Entrench+1","Headbutt"],"picked":"Bloodletting+1","floor":5},{"not_picked":["Metallicize","Rage+1"],"picked":"Ghostly Armor+1","floor":6}],"player_experience":548107,"relics_obtained":[{"floor":6,"key":"Letter Opener"}],"event_choices":[{"damage_healed":0,"gold_gain":0,"player_choice":"Ignored","damage_taken":0,"max_hp_gain":0,"max_hp_loss":0,"event_name":"Liars Game","floor":2,"gold_loss":0},{"damage_healed":0,"gold_gain":0,"player_choice":"Success","damage_taken":3,"relics_obtained":["Toxic Egg 2"],"max_hp_gain":0,"max_hp_loss":0,"event_name":"Scrap Ooze","floor":3,"gold_loss":0}],"is_beta":false,"boss_relics":[],"items_purged_floors":[],"is_endless":false,"potions_floor_spawned":[1],"killed_by":"Lagavulin","ascension_level":7}}