{"host":"v1m5rkjj38qutr02","time":1610781747,"event":{"mods":["Act Like it!","BaseMod","Challenge The Spire","Conspire","Gensokyo","GungeonMod","Hallownest","Minty Spire (QoL Compilation)","Replay The Spire","StSLib","The Bug Knight","Youmu£®ªÍ∆«—˝√Œ£©"],"gold_per_floor":[118,118,135,135,147,178,178,198,198,210,236,236,168,187,187,291,291,303,303,313,2,13,13,13,13,13],"floor_reached":25,"language":"ZHS","playtime":954,"items_purged":[],"score":345,"play_id":"63776791-c7d2-4049-adbe-a0a157c63e7e","local_time":"20210116152227","is_ascension_mode":true,"campfire_choices":[{"data":"Zap","floor":7.0,"key":"SMITH"},{"data":"Thunder Strike","floor":15.0,"key":"SMITH"},{"floor":23,"key":"REST"}],"circlet_count":0,"master_deck":["AscendersBane","Strike_B","Defend_B","Defend_B","Defend_B","Defend_B","Zap+1","Dualcast","Hologram","Ball Lightning","Heatsinks","Hello World","Thunder Strike+1","ReplayTheSpireMod:Calculation Training","Buffer","White Noise","Storm","Conserve Battery+1"],"relics":["Cracked Core","NeowsBlessing","DemoMod:Orange","Pear","Meat on the Bone","Empty Cage","Toxic Egg 2"],"acts_visited":["Exordium","TheCity"],"potions_floor_usage":[],"damage_taken":[{"damage":0.0,"enemies":"Small Slimes","floor":1.0,"turns":1.0},{"damage":0.0,"enemies":"Cultist","floor":3.0,"turns":1.0},{"damage":0.0,"enemies":"2 Louse","floor":5.0,"turns":1.0},{"damage":23.0,"enemies":"Gremlin Nob","floor":6.0,"turns":5.0},{"damage":0.0,"enemies":"Blue Slaver","floor":8.0,"turns":4.0},{"damage":10.0,"enemies":"Gremlin Gang","floor":10.0,"turns":5.0},{"damage":14.0,"enemies":"Lagavulin","floor":11.0,"turns":6.0},{"damage":0.0,"enemies":"Large Slime","floor":14.0,"turns":3.0},{"damage":41.0,"enemies":"Fading Forest","floor":16.0,"turns":11.0},{"damage":35.0,"enemies":"2 Thieves","floor":18.0,"turns":5.0},{"damage":11,"enemies":"conspire:FuzzyDice","floor":20,"turns":8},{"damage":43,"enemies":"Snake Plant","floor":22,"turns":5},{"damage":30,"enemies":"Replay:Snechameleon","floor":25,"turns":7}],"seed_played":"7662210782458050278","potions_obtained":[{"floor":1.0,"key":"SpeedPotion"},{"floor":4.0,"key":"LiquidMemories"},{"floor":4.0,"key":"DemoMod:BlankPotion"},{"floor":6.0,"key":"Dexterity Potion"},{"floor":8.0,"key":"Block Potion"},{"floor":14.0,"key":"Energy Potion"},{"floor":18.0,"key":"Ancient Potion"}],"is_trial":false,"path_per_floor":["M","?","M","?","M","E","R","M","T","M","E","?","$","M","R","B",null,"M","?","M","$","M","R","?","E"],"character_chosen":"DEFECT","items_purchased":["ReplayTheSpireMod:Calculation Training","Storm","Toxic Egg 2"],"campfire_rested":1,"item_purchase_floors":[13,21,21],"current_hp_per_floor":[68,68,68,68,68,57,57,57,67,57,43,43,43,55,55,36,82,59,53,54,54,23,52,52,22,22],"gold":13,"neow_bonus":"THREE_ENEMY_KILL","is_daily":false,"chose_seed":false,"campfire_upgraded":2,"win_rate":0.0,"timestamp":1610781747,"path_taken":["M","?","?","?","?","E","R","M","T","M","E","?","$","M","R","BOSS","M","?","?","$","M","R","?","E"],"items_purchased_type":["Card","Card","Relic"],"build_version":"2020-12-22","purchased_purges":0,"victory":false,"max_hp_per_floor":[75,75,75,75,75,87,87,87,97,97,97,97,97,97,97,97,97,97,97,97,97,97,97,97,97,97],"card_choices":[{"not_picked":["Leap","Ball Lightning"],"picked":"Hologram","floor":1.0},{"not_picked":["BasicCrystalCard","Melter","Rip and Tear"],"picked":"SKIP","floor":3.0},{"not_picked":["Time Bomb","Go for the Eyes"],"picked":"Ball Lightning","floor":5.0},{"not_picked":["Panic Button","Gash"],"picked":"Heatsinks","floor":6.0},{"not_picked":["Rainbow","Hologram","Go for the Eyes"],"picked":"SKIP","floor":8.0},{"not_picked":["Cold Snap","ReplayTheSpireMod:Repulse"],"picked":"Hello World","floor":10.0},{"not_picked":["Undo","Turbo"],"picked":"Thunder Strike","floor":11.0},{"not_picked":["Fusion","Streamline","BasicCrystalCard"],"picked":"SKIP","floor":14.0},{"not_picked":["Machine Learning","Hyperbeam"],"picked":"Buffer","floor":16.0},{"not_picked":["Double Energy","Recycle"],"picked":"White Noise","floor":18.0},{"not_picked":["Redo","Streamline","Sunder+1"],"picked":"SKIP","floor":20},{"not_picked":["ReplayTheSpireMod:Dual Polarity+1","BasicCrystalCard+1"],"picked":"Conserve Battery+1","floor":22}],"player_experience":412157,"relics_obtained":[{"floor":6.0,"key":"DemoMod:Orange"},{"floor":9.0,"key":"Pear"},{"floor":11.0,"key":"Meat on the Bone"}],"event_choices":[{"cards_removed":["Strike_B"],"damage_healed":0.0,"max_hp_gain":0.0,"max_hp_loss":0.0,"gold_gain":0.0,"event_name":"Bonfire Elementals","player_choice":"Offered Basic","floor":2.0,"gold_loss":0.0,"damage_taken":0.0},{"damage_healed":0.0,"max_hp_gain":0.0,"max_hp_loss":0.0,"gold_gain":0.0,"event_name":"Lab","player_choice":"Got Potions","floor":4.0,"gold_loss":0.0,"damage_taken":0.0},{"damage_healed":0.0,"max_hp_gain":0.0,"max_hp_loss":0.0,"gold_gain":0.0,"event_name":"Knowing Skull","player_choice":"","floor":19.0,"potions_obtained":[],"gold_loss":0.0,"damage_taken":6.0,"cards_obtained":[]}],"is_beta":false,"boss_relics":[{"not_picked":["Replay:Bronze Core","Coffee Dripper"],"picked":"Empty Cage"}],"items_purged_floors":[],"is_endless":false,"potions_floor_spawned":[1,6,8,14,18],"killed_by":"Replay:Snechameleon","ascension_level":10}}