{"host":"dftyqn972q7tuon4","time":1610830131,"event":{"mods":["AchievementEnabler","BaseMod","Better Altar","Better Match","Better Note","Better Sensory Stone","Better Skull","Better Third Choice","Colored Powertips","Highlight Path","Minty Spire (QoL Compilation)","Permanent Neow","Quick Restart","StSLib"],"gold_per_floor":[111,111,13,31,45,72,182,197,268,281,281,313,313,338,338,441,441,482,482,414,457,469,494,494,506,530,556,30,41,56,56,56,183,183,193,311,331,331,345,345,379,395,474,507,28,28,28,41,41,41],"floor_reached":51,"language":"ENG","playtime":3351,"items_purged":["Strike_P","Halt"],"score":1235,"play_id":"b223b130-9352-4fb8-9361-1ab586506624","local_time":"20210116214851","is_ascension_mode":true,"campfire_choices":[{"floor":11.0,"key":"REST"},{"floor":13.0,"key":"REST"},{"data":"SashWhip","floor":15.0,"key":"SMITH"},{"data":"Ragnarok","floor":24.0,"key":"SMITH"},{"floor":32.0,"key":"REST"},{"floor":40.0,"key":"REST"},{"floor":47,"key":"REST"},{"data":"Establishment","floor":49,"key":"SMITH"}],"circlet_count":0,"master_deck":["Defend_P","Defend_P","Vigilance","BowlingBash","Protect","CutThroughFate","SandsOfTime","SashWhip+1","Ragnarok+1","SandsOfTime","Wish+1","DevaForm","Evaluate+1","Fasting2","DevaForm","Swivel+1","Worship+1","Enlightenment+1","ThirdEye+1","Worship+1","Wallop","Establishment+1","Panacea+1","Nirvana+1","Wallop","Protect+1","Wireheading+1","ThirdEye+1","Evaluate+1","Ragnarok","JustLucky","Ragnarok","Brilliance"],"relics":["PureWater","Gambling Chip","Bag of Preparation","Toxic Egg 2","PreservedInsect","Torii","Empty Cage","Singing Bowl","Toy Ornithopter","Vajra","Lantern","Art of War","Pen Nib","Ornamental Fan","Black Star","Mercury Hourglass","Question Card","Ancient Tea Set","The Courier","Blood Vial","Kunai"],"acts_visited":["Exordium","TheCity","TheBeyond"],"potions_floor_usage":[42,48,50],"damage_taken":[{"damage":0.0,"enemies":"2 Louse","floor":1.0,"turns":2.0},{"damage":2.0,"enemies":"Cultist","floor":4.0,"turns":4.0},{"damage":7.0,"enemies":"Small Slimes","floor":5.0,"turns":2.0},{"damage":7.0,"enemies":"Lagavulin","floor":6.0,"turns":4.0},{"damage":2.0,"enemies":"Red Slaver","floor":8.0,"turns":4.0},{"damage":5.0,"enemies":"Large Slime","floor":10.0,"turns":3.0},{"damage":0.0,"enemies":"Gremlin Nob","floor":12.0,"turns":2.0},{"damage":0.0,"enemies":"Lagavulin","floor":14.0,"turns":2.0},{"damage":21.0,"enemies":"The Guardian","floor":16.0,"turns":7.0},{"damage":12.0,"enemies":"Shell Parasite","floor":18.0,"turns":5.0},{"damage":11.0,"enemies":"3 Byrds","floor":21.0,"turns":5.0},{"damage":0.0,"enemies":"Snecko","floor":22.0,"turns":4.0},{"damage":0.0,"enemies":"Slavers","floor":23.0,"turns":1.0},{"damage":37.0,"enemies":"Centurion and Healer","floor":25.0,"turns":5.0},{"damage":15.0,"enemies":"Gremlin Leader","floor":27.0,"turns":5.0},{"damage":0.0,"enemies":"3 Cultists","floor":29.0,"turns":3.0},{"damage":2.0,"enemies":"Snake Plant","floor":30.0,"turns":4.0},{"damage":36.0,"enemies":"Champ","floor":33.0,"turns":7.0},{"damage":2.0,"enemies":"Orb Walker","floor":35.0,"turns":4.0},{"damage":21.0,"enemies":"3 Darklings","floor":37.0,"turns":4.0},{"damage":24.0,"enemies":"Transient","floor":39.0,"turns":5.0},{"damage":8.0,"enemies":"Nemesis","floor":41.0,"turns":3.0},{"damage":9,"enemies":"Jaw Worm Horde","floor":42,"turns":3},{"damage":11,"enemies":"Giant Head","floor":44,"turns":7},{"damage":0,"enemies":"Maw","floor":48,"turns":7},{"damage":58,"enemies":"Awakened One","floor":50,"turns":11}],"seed_played":"-5819111513637318695","potions_obtained":[{"floor":2.0,"key":"Ambrosia"},{"floor":2.0,"key":"SteroidPotion"},{"floor":2.0,"key":"LiquidMemories"},{"floor":8.0,"key":"FairyPotion"},{"floor":12.0,"key":"SneckoOil"},{"floor":14.0,"key":"SkillPotion"},{"floor":16.0,"key":"Strength Potion"},{"floor":21.0,"key":"Ambrosia"},{"floor":27.0,"key":"Strength Potion"},{"floor":29.0,"key":"SkillPotion"},{"floor":30.0,"key":"Explosive Potion"},{"floor":36.0,"key":"FairyPotion"},{"floor":37.0,"key":"Ancient Potion"},{"floor":41.0,"key":"SteroidPotion"},{"floor":48,"key":"AttackPotion"}],"is_trial":false,"path_per_floor":["M","?","$","M","M","E","?","M","T","M","R","E","R","E","R","B",null,"M","?","?","M","M","E","R","M","T","E","$","M","M","T","R","B",null,"M","?","M","?","M","R","E","M","T","E","$","?","R","M","R","B",null],"character_chosen":"WATCHER","items_purchased":["Protect","Art of War","Pen Nib","Enlightenment+1","ThirdEye+1","EntropicBrew","Regen Potion","ThirdEye+1","Evaluate+1","Ragnarok","JustLucky","Ragnarok"],"campfire_rested":5,"item_purchase_floors":[3,28,28,28,28,28,45,45,45,45,45,45],"current_hp_per_floor":[65,65,65,63,56,49,27,25,25,20,41,41,62,62,62,41,64,52,52,52,41,43,43,43,6,6,15,15,20,18,18,40,9,58,58,58,42,42,20,43,40,36,36,25,25,25,48,70,70,19],"gold":41,"neow_bonus":"REMOVE_CARD","is_daily":false,"chose_seed":false,"campfire_upgraded":3,"win_rate":0.0,"timestamp":1610830131,"path_taken":["M","?","$","M","?","E","?","?","T","M","R","E","R","E","R","BOSS","M","?","?","M","M","E","R","?","T","E","$","M","M","?","R","BOSS","M","?","?","?","M","R","E","?","T","E","$","?","R","M","R","BOSS"],"items_purchased_type":["Card","Relic","Relic","Card","Card","Potion","Potion","Card","Card","Card","Card","Card"],"build_version":"2020-12-22","purchased_purges":2,"victory":true,"max_hp_per_floor":[72,72,72,72,72,72,72,72,72,72,72,72,72,72,72,72,72,72,72,72,72,74,74,74,74,74,74,74,74,74,74,74,74,74,76,76,76,76,78,78,78,78,78,78,78,78,78,78,78,78],"card_choices":[{"not_picked":["PathToVictory","Swivel"],"picked":"BowlingBash","floor":1.0},{"not_picked":["WaveOfTheHand","BowlingBash"],"picked":"CutThroughFate","floor":4.0},{"not_picked":["Crescendo","ClearTheMind"],"picked":"Halt","floor":5.0},{"not_picked":["Pray","FlurryOfBlows"],"picked":"SandsOfTime","floor":6.0},{"not_picked":["JustLucky","EmptyBody"],"picked":"SashWhip","floor":8.0},{"not_picked":["WheelKick","Swivel+1"],"picked":"Ragnarok","floor":10.0},{"not_picked":["FollowUp","Crescendo+1"],"picked":"SandsOfTime","floor":12.0},{"not_picked":["JustLucky","FlurryOfBlows"],"picked":"Wish+1","floor":14.0},{"not_picked":["SpiritShield+1","Ragnarok"],"picked":"DevaForm","floor":16.0},{"not_picked":["Nirvana","Halt+1"],"picked":"Evaluate+1","floor":18.0},{"not_picked":["FollowUp","Consecrate"],"picked":"Fasting2","floor":21.0},{"not_picked":["EmptyBody+1","Crescendo+1","PathToVictory+1"],"picked":"Singing Bowl","floor":22.0},{"not_picked":["Brilliance","Evaluate+1"],"picked":"DevaForm","floor":23.0},{"not_picked":["Consecrate","Collect+1"],"picked":"Swivel+1","floor":25.0},{"not_picked":["Swivel+1","Halt+1"],"picked":"Worship+1","floor":27.0},{"not_picked":["CutThroughFate+1","PathToVictory+1"],"picked":"Worship+1","floor":29.0},{"not_picked":["ThirdEye+1","FearNoEvil"],"picked":"Wallop","floor":30.0},{"not_picked":["Brilliance","Vault+1"],"picked":"Establishment","floor":33.0},{"not_picked":["Meditate+1","FlurryOfBlows","Halt+1"],"picked":"Singing Bowl","floor":35.0},{"not_picked":["Swift Strike","PanicButton+1"],"picked":"Panacea+1","floor":36.0},{"not_picked":["BowlingBash+1","MentalFortress"],"picked":"Nirvana+1","floor":37.0},{"not_picked":["EmptyBody+1","ClearTheMind+1","SashWhip"],"picked":"Singing Bowl","floor":39.0},{"not_picked":["InnerPeace+1","BowlingBash"],"picked":"Wallop","floor":41.0},{"not_picked":["CutThroughFate+1","Collect+1","Evaluate+1"],"picked":"Protect+1","floor":42},{"not_picked":["JustLucky","CutThroughFate","SignatureMove"],"picked":"Wireheading+1","floor":44},{"not_picked":["Crescendo+1","FlyingSleeves","ClearTheMind+1"],"picked":"Brilliance","floor":48}],"player_experience":672495,"relics_obtained":[{"floor":6.0,"key":"Gambling Chip"},{"floor":9.0,"key":"Toxic Egg 2"},{"floor":12.0,"key":"PreservedInsect"},{"floor":14.0,"key":"Torii"},{"floor":23.0,"key":"Toy Ornithopter"},{"floor":26.0,"key":"Vajra"},{"floor":27.0,"key":"Lantern"},{"floor":31.0,"key":"Ornamental Fan"},{"floor":36.0,"key":"Mercury Hourglass"},{"floor":41.0,"key":"Question Card"},{"floor":41.0,"key":"Ancient Tea Set"},{"floor":43,"key":"The Courier"},{"floor":44,"key":"Blood Vial"},{"floor":44,"key":"Kunai"}],"event_choices":[{"damage_healed":0.0,"max_hp_gain":0.0,"max_hp_loss":0.0,"gold_gain":0.0,"event_name":"Lab","player_choice":"Got Potions","floor":2.0,"gold_loss":0.0,"damage_taken":0.0},{"damage_healed":0.0,"max_hp_gain":0.0,"max_hp_loss":0.0,"gold_gain":110.0,"event_name":"betterSkull:BetterSkull","player_choice":"RE GO ","floor":7.0,"gold_loss":0.0,"damage_taken":25.0,"cards_upgraded":[],"relics_obtained":["Bag of Preparation"]},{"cards_removed":["Defend_P"],"damage_healed":0.0,"max_hp_gain":0.0,"max_hp_loss":0.0,"gold_gain":0.0,"event_name":"betterThird:BetterWriting","player_choice":"Elegance","floor":19.0,"gold_loss":0.0,"damage_taken":0.0},{"damage_healed":0.0,"max_hp_gain":0.0,"max_hp_loss":0.0,"gold_gain":0.0,"event_name":"WeMeetAgain","player_choice":"Paid Gold","floor":20.0,"gold_loss":68.0,"damage_taken":0.0,"relics_obtained":["Singing Bowl"]},{"damage_healed":0.0,"max_hp_gain":0.0,"max_hp_loss":0.0,"gold_gain":0.0,"event_name":"betterThird:BetterPortal","player_choice":"Random: Red","floor":36.0,"gold_loss":0.0,"damage_taken":0.0},{"cards_removed":["Eruption"],"damage_healed":0.0,"max_hp_gain":0.0,"max_hp_loss":0.0,"gold_gain":0.0,"event_name":"Purifier","player_choice":"Purged","floor":38.0,"gold_loss":0.0,"damage_taken":0.0},{"cards_removed":["Defend_P"],"damage_healed":0,"gold_gain":0,"player_choice":"Offered Basic","damage_taken":0,"max_hp_gain":0,"max_hp_loss":0,"event_name":"Bonfire Elementals","floor":46,"gold_loss":0}],"is_beta":false,"boss_relics":[{"not_picked":["HolyWater","Calling Bell"],"picked":"Empty Cage"},{"not_picked":["Busted Crown","Cursed Key"],"picked":"Black Star"}],"items_purged_floors":[3,45],"is_endless":false,"potions_floor_spawned":[5,8,12,14,16,21,27,29,30,37,41,48],"ascension_level":9}}