{"host":"qxeepl7ydvsgmfdb","time":1610790754,"event":{"mods":["AchievementEnabler","BaseMod","Colored Powertips","Minty Spire (QoL Compilation)","Quick Restart","slay the spire mod where everything is the same but ironclad has a cowboy hat"],"gold_per_floor":[118,118,118,118,169,196,121,136,136,164,164,339,352,57,57,154,154,166,22,41,55,73,73,73],"floor_reached":23,"language":"ENG","playtime":1263,"items_purged":["Regret"],"score":302,"play_id":"114432bb-258b-4e5d-8788-511e1e468341","local_time":"20210116045234","is_ascension_mode":true,"campfire_choices":[{"floor":11.0,"key":"REST"},{"data":"Die Die Die","floor":15.0,"key":"SMITH"}],"circlet_count":0,"master_deck":["Strike_G","Strike_G","Strike_G+1","Strike_G","Defend_G","Defend_G+1","Defend_G","Defend_G","Defend_G","Survivor","Neutralize","Noxious Fumes+1","Blade Dance","Dagger Throw","Slice","Die Die Die+1","Corpse Explosion","Deadly Poison+1","A Thousand Cuts","Backflip","Deadly Poison","PiercingWail"],"relics":["Ring of the Snake","NeowsBlessing","Lantern","Juzu Bracelet","Paper Crane","Meat on the Bone","Smiling Mask","TwistedFunnel","Empty Cage"],"acts_visited":["Exordium","TheCity"],"potions_floor_usage":[23,23,23],"damage_taken":[{"damage":0.0,"enemies":"2 Louse","floor":1.0,"turns":1.0},{"damage":0.0,"enemies":"3 Sentries","floor":6.0,"turns":1.0},{"damage":0.0,"enemies":"Small Slimes","floor":8.0,"turns":1.0},{"damage":24.0,"enemies":"Lagavulin","floor":10.0,"turns":8.0},{"damage":0.0,"enemies":"Jaw Worm","floor":13.0,"turns":3.0},{"damage":37.0,"enemies":"The Guardian","floor":16.0,"turns":10.0},{"damage":33.0,"enemies":"Shell Parasite","floor":18.0,"turns":6.0},{"damage":6.0,"enemies":"3 Byrds","floor":20.0,"turns":2.0},{"damage":7.0,"enemies":"Centurion and Healer","floor":21.0,"turns":3.0},{"damage":35.0,"enemies":"Snake Plant","floor":22.0,"turns":4.0},{"damage":18,"enemies":"Slavers","floor":23,"turns":1}],"seed_played":"360754462860998534","potions_obtained":[{"floor":1.0,"key":"BlessingOfTheForge"},{"floor":8.0,"key":"LiquidBronze"},{"floor":21.0,"key":"Poison Potion"}],"is_trial":false,"path_per_floor":["M","?","?","?","T","E","$","M","T","E","R","?","M","$","R","B",null,"M","$","M","M","M","E"],"character_chosen":"THE_SILENT","items_purchased":["TwistedFunnel","Die Die Die","A Thousand Cuts"],"campfire_rested":1,"item_purchase_floors":[14,14,19],"current_hp_per_floor":[63,63,49,49,49,49,49,49,49,37,58,58,58,58,58,33,61,40,40,46,39,16,0,0],"gold":73,"neow_bonus":"THREE_ENEMY_KILL","is_daily":false,"chose_seed":false,"campfire_upgraded":1,"win_rate":0.0,"timestamp":1610790754,"path_taken":["M","?","?","?","?","E","$","M","T","E","R","?","M","$","R","BOSS","M","$","M","M","M","E"],"items_purchased_type":["Relic","Card","Card"],"build_version":"2020-12-22","purchased_purges":1,"victory":false,"max_hp_per_floor":[70,70,70,70,70,70,70,70,70,70,70,70,70,70,70,70,70,70,70,70,70,70,70,70],"card_choices":[{"not_picked":["Flechettes","Acrobatics"],"picked":"Noxious Fumes","floor":1.0},{"not_picked":["Prepared","Outmaneuver"],"picked":"Blade Dance","floor":6.0},{"not_picked":["PiercingWail","Infinite Blades"],"picked":"Dagger Throw","floor":8.0},{"not_picked":["Acrobatics","Flying Knee"],"picked":"Slice","floor":10.0},{"not_picked":["Predator","Outmaneuver","Dodge and Roll"],"picked":"SKIP","floor":13.0},{"not_picked":["Night Terror","Malaise"],"picked":"Corpse Explosion","floor":16.0},{"not_picked":["Prepared+1","Backflip"],"picked":"Deadly Poison+1","floor":18.0},{"not_picked":["Predator","Dagger Throw"],"picked":"Backflip","floor":20.0},{"not_picked":["Acrobatics","Endless Agony"],"picked":"Deadly Poison","floor":21.0},{"not_picked":["Dagger Throw","Dodge and Roll+1"],"picked":"PiercingWail","floor":22.0}],"player_experience":148398,"relics_obtained":[{"floor":5.0,"key":"Juzu Bracelet"},{"floor":6.0,"key":"Paper Crane"},{"floor":9.0,"key":"Meat on the Bone"},{"floor":10.0,"key":"Smiling Mask"}],"event_choices":[{"damage_healed":0.0,"max_hp_gain":0.0,"max_hp_loss":0.0,"gold_gain":0.0,"event_name":"Living Wall","player_choice":"Grow","floor":2.0,"gold_loss":0.0,"damage_taken":0.0,"cards_upgraded":["Noxious Fumes"]},{"damage_healed":0.0,"max_hp_gain":0.0,"max_hp_loss":0.0,"gold_gain":0.0,"event_name":"Shining Light","player_choice":"Entered Light","floor":3.0,"gold_loss":0.0,"damage_taken":14.0,"cards_upgraded":["Defend_G","Strike_G"]},{"damage_healed":0.0,"max_hp_gain":0.0,"max_hp_loss":0.0,"gold_gain":0.0,"event_name":"Big Fish","player_choice":"Box","floor":4.0,"gold_loss":0.0,"damage_taken":0.0,"relics_obtained":["Lantern"],"cards_obtained":["Regret"]},{"damage_healed":0.0,"max_hp_gain":0.0,"max_hp_loss":0.0,"gold_gain":175.0,"event_name":"Liars Game","player_choice":"AGREE","floor":12.0,"gold_loss":0.0,"damage_taken":0.0,"cards_obtained":["Doubt"]}],"is_beta":false,"boss_relics":[{"not_picked":["Coffee Dripper","Velvet Choker"],"picked":"Empty Cage"}],"items_purged_floors":[7],"is_endless":false,"potions_floor_spawned":[1,8,21,22],"killed_by":"Slavers","ascension_level":7}}