{"host":"p9t7qd83igtcp2bh","time":1610763685,"event":{"mods":["2.2 Compatiblity","AchievementEnabler","BaseMod","Colored Map","Colored Powertips","Custom Start","DeckTracker","Keyboard Shortcuts","Minty Spire (QoL Compilation)","Permanent Neow","StSLib","SuperFastMode","everything is the same but u backflip on backflip"],"gold_per_floor":[115,129,129,204,204,233,233,268,268,268,56,74,104,121,121,121,121],"floor_reached":16,"language":"KOR","playtime":279,"items_purged":[],"score":230,"play_id":"d33a5c01-e99d-4e47-9eb6-721174ba2983","local_time":"20210116112125","is_ascension_mode":true,"campfire_choices":[{"data":"Redo","floor":7,"key":"SMITH"},{"data":"Doom and Gloom","floor":10,"key":"SMITH"},{"data":"Capacitor","floor":15,"key":"SMITH"}],"circlet_count":0,"master_deck":["AscendersBane","Strike_B","Strike_B","Strike_B","Strike_B","Defend_B","Defend_B","Defend_B","Defend_B","Zap+1","Dualcast","Doom and Gloom+1","Redo+1","Biased Cognition","Capacitor+1","Ball Lightning+1","Cold Snap+1"],"relics":["Cracked Core","Akabeko","Eternal Feather","Matryoshka","Strawberry","Molten Egg 2","Symbiotic Virus","Blood Vial","HornCleat"],"acts_visited":["Exordium"],"potions_floor_usage":[13,13,14,16],"damage_taken":[{"damage":0,"enemies":"Small Slimes","floor":1,"turns":3},{"damage":0,"enemies":"2 Louse","floor":2,"turns":2},{"damage":34,"enemies":"Lagavulin","floor":6,"turns":5},{"damage":8,"enemies":"Gremlin Nob","floor":8,"turns":3},{"damage":7,"enemies":"Jaw Worm","floor":12,"turns":2},{"damage":15,"enemies":"Lagavulin","floor":13,"turns":3},{"damage":6,"enemies":"Looter","floor":14,"turns":2},{"damage":20,"enemies":"The Guardian","floor":16,"turns":8}],"seed_played":"-3047895284652548355","potions_obtained":[{"floor":12,"key":"AttackPotion"},{"floor":13,"key":"Fruit Juice"},{"floor":14,"key":"Block Potion"}],"is_trial":false,"path_per_floor":["M","M","?","?","?","E","R","E","T","R","$","M","E","M","R","B"],"character_chosen":"DEFECT","items_purchased":["Capacitor","Blood Vial"],"campfire_rested":0,"item_purchase_floors":[11,11],"current_hp_per_floor":[64,64,69,58,47,13,19,18,18,24,24,19,6,7,16,0,0],"gold":121,"neow_bonus":"UPGRADE_CARD","is_daily":false,"chose_seed":false,"campfire_upgraded":3,"win_rate":0.0,"timestamp":1610763685,"path_taken":["M","M","?","?","?","E","R","E","T","R","$","M","E","M","R","BOSS"],"items_purchased_type":["Card","Relic"],"build_version":"2020-12-22","purchased_purges":0,"victory":false,"max_hp_per_floor":[71,71,76,76,76,76,76,83,83,83,83,83,83,88,88,88,88],"card_choices":[{"not_picked":["Steam","Redo","Gash"],"picked":"SKIP","floor":1},{"not_picked":["Go for the Eyes","Redo"],"picked":"Doom and Gloom","floor":2},{"not_picked":["Hello World","Streamline"],"picked":"Redo","floor":6},{"not_picked":["Coolheaded","Storm"],"picked":"Biased Cognition","floor":8},{"not_picked":["Rebound+1","Conserve Battery"],"picked":"Ball Lightning+1","floor":12},{"not_picked":["Chill","Stack"],"picked":"Cold Snap+1","floor":13},{"not_picked":["Genetic Algorithm","Double Energy","Scrape+1"],"picked":"SKIP","floor":14}],"player_experience":648375,"relics_obtained":[{"floor":6,"key":"Matryoshka"},{"floor":8,"key":"Strawberry"},{"floor":9,"key":"Molten Egg 2"},{"floor":9,"key":"Symbiotic Virus"},{"floor":13,"key":"HornCleat"}],"event_choices":[{"damage_healed":0,"gold_gain":0,"player_choice":"Donut","damage_taken":0,"max_hp_gain":5,"max_hp_loss":0,"event_name":"Big Fish","floor":3,"gold_loss":0},{"damage_healed":0,"gold_gain":75,"player_choice":"Gather Gold","damage_taken":11,"max_hp_gain":0,"max_hp_loss":0,"event_name":"World of Goop","floor":4,"gold_loss":0},{"damage_healed":0,"gold_gain":0,"player_choice":"Success","damage_taken":11,"relics_obtained":["Eternal Feather"],"max_hp_gain":0,"max_hp_loss":0,"event_name":"Scrap Ooze","floor":5,"gold_loss":0}],"is_beta":false,"boss_relics":[],"items_purged_floors":[],"is_endless":false,"potions_floor_spawned":[12,13,14],"killed_by":"The Guardian","ascension_level":19}}