{"host":"s35zr3gblm7slh1q","time":1610767982,"event":{"mods":["BaseMod","Colored Powertips","Downfall","Hermit","Highlight Path","Marisa????????","Minty Spire (QoL Compilation)","Permanent Neow","StSLib"],"gold_per_floor":[113,113,128,159,187,187,187,18,18,18,18,18,58,77,77,239,239,277,277,192,46,116,116,182,220,220,220,286,286,303,398,398,555,605,702,757,191,314,422,422],"floor_reached":39,"language":"ENG","playtime":2547,"items_purged":[],"score":475,"play_id":"e1d860aa-7257-46eb-b212-82765dd50da9","local_time":"20210115223302","is_ascension_mode":false,"campfire_choices":[{"data":"Robbery","floor":6,"key":"SMITH"},{"data":"FinalSpark","floor":12,"key":"SMITH"},{"floor":15,"key":"REST"},{"floor":23,"key":"REST"},{"floor":27,"key":"REST"},{"data":"Enlightenment","floor":32,"key":"SMITH"}],"circlet_count":0,"master_deck":["Strike_MRS+1","Strike_MRS","Strike_MRS","Strike_MRS","Defend_MRS","Defend_MRS","Defend_MRS","Defend_MRS","MasterSpark+1","UpSweep","GalacticHalo","Robbery+1","SporeBomb","FinalSpark+1","Enlightenment+1","AsteroidBelt","Singularity","MillisecondPulsars+1","DarkMatter+1","AlicesGift","WitchOfGreed+1","GalacticHalo","GalacticHalo","BlazeAway","ShootTheMoon","BlazeAway","DoubleSpark","ShootTheMoon","Acceleration"],"relics":["BewitchedHakkero","Bag of Preparation","StoneCalendar","Bird Faced Urn","Ice Cream","Pantograph","Tiny House","ClockworkSouvenir","Juzu Bracelet","White Beast Statue","Shovel"],"acts_visited":["Exordium","TheCity","TheBeyond"],"potions_floor_usage":[22,25,31,31,34,36,36,38,39,39,39],"damage_taken":[{"damage":0,"enemies":"2 Louse","floor":1,"turns":2},{"damage":1,"enemies":"Jaw Worm","floor":3,"turns":3},{"damage":3,"enemies":"Small Slimes","floor":4,"turns":3},{"damage":11,"enemies":"Red Slaver","floor":5,"turns":4},{"damage":17,"enemies":"Gremlin Gang","floor":13,"turns":3},{"damage":0,"enemies":"2 Fungi Beasts","floor":14,"turns":1},{"damage":0,"enemies":"Slime Boss","floor":16,"turns":6},{"damage":0,"enemies":"Chosen","floor":18,"turns":3},{"damage":0,"enemies":"Shell Parasite","floor":22,"turns":3},{"damage":16,"enemies":"Centurion and Healer","floor":24,"turns":6},{"damage":40,"enemies":"Cultist and Chosen","floor":25,"turns":8},{"damage":0,"enemies":"3 Cultists","floor":28,"turns":4},{"damage":0,"enemies":"Snecko","floor":30,"turns":3},{"damage":9,"enemies":"Chosen and Byrds","floor":31,"turns":5},{"damage":49,"enemies":"Collector","floor":33,"turns":8},{"damage":3,"enemies":"3 Shapes","floor":35,"turns":3},{"damage":17,"enemies":"3 Darklings","floor":36,"turns":3},{"damage":16,"enemies":"Mind Bloom Boss Battle","floor":38,"turns":6},{"damage":84,"enemies":"Transient","floor":39,"turns":4}],"seed_played":"3676386210865282786","potions_obtained":[{"floor":3,"key":"FearPotion"},{"floor":13,"key":"GamblersBrew"},{"floor":14,"key":"BlessingOfTheForge"},{"floor":22,"key":"Strength Potion"},{"floor":25,"key":"SneckoOil"},{"floor":28,"key":"Weak Potion"},{"floor":31,"key":"Energy Potion"},{"floor":33,"key":"BottledSpark"},{"floor":34,"key":"Fruit Juice"},{"floor":35,"key":"AttackPotion"},{"floor":36,"key":"sneckomod:MuddlingPotion"},{"floor":38,"key":"PowerPotion"},{"floor":38,"key":"SkillPotion"}],"is_trial":false,"path_per_floor":["M","?","M","M","M","R","?","$","T","?","?","R","M","M","R","B",null,"M","?","?","$","M","R","M","M","T","R","M","?","M","M","R","B",null,"M","M","$","?","M"],"character_chosen":"MARISA","items_purchased":["FinalSpark","Enlightenment","AlicesGift","WitchOfGreed","GalacticHalo","ClockworkSouvenir","Acceleration","Juzu Bracelet","White Beast Statue"],"campfire_rested":3,"item_purchase_floors":[8,8,21,21,21,37,37,37,37],"current_hp_per_floor":[75,68,67,64,53,53,38,38,38,38,63,63,46,46,68,70,75,75,75,75,75,75,75,65,27,27,49,53,53,57,52,52,30,85,82,70,70,71,0,0],"gold":422,"neow_bonus":"RANDOM_COMMON_RELIC","is_daily":false,"chose_seed":false,"campfire_upgraded":3,"win_rate":0.0,"timestamp":1610767982,"path_taken":["M","?","M","M","M","R","?","$","T","?","?","R","M","M","R","BOSS","M","?","?","$","M","R","M","?","T","R","M","?","?","M","R","BOSS","M","?","$","?","M"],"items_purchased_type":["Card","Card","Card","Card","Card","Relic","Card","Relic","Relic"],"build_version":"2020-12-22","purchased_purges":0,"victory":false,"max_hp_per_floor":[75,75,75,75,75,75,75,75,75,75,75,75,75,75,75,75,75,75,75,75,75,75,75,75,75,75,75,75,75,75,75,75,75,85,85,85,85,85,85,85],"card_choices":[{"not_picked":["WitchOfGreed","DarkSpark"],"picked":"GalacticHalo","floor":1},{"not_picked":["MysteriousBeam","Acceleration"],"picked":"Robbery","floor":3},{"not_picked":["GravityBeat","BigCrunch"],"picked":"SporeBomb","floor":4},{"not_picked":["LuminesStrike","SporeBomb","MeteoricShower"],"picked":"SKIP","floor":5},{"not_picked":["GravityBeat","DragonMeteor"],"picked":"AsteroidBelt","floor":13},{"not_picked":["Acceleration","MeteoricShower"],"picked":"Singularity","floor":14},{"not_picked":["SuperNova","StarDustReverie"],"picked":"MillisecondPulsars","floor":16},{"not_picked":["IllusionStar","ChargingUp+1"],"picked":"DarkMatter+1","floor":18},{"not_picked":["SporeBomb+1","Occultation"],"picked":"GalacticHalo","floor":22},{"not_picked":["StarlightTyphoon+1","Occultation","MysteriousBeam"],"picked":"SKIP","floor":24},{"not_picked":["GalacticHalo","NonDirectionalLaser+1","OneTimeOff"],"picked":"SKIP","floor":25},{"not_picked":["Occultation","GravityBeat+1"],"picked":"BlazeAway","floor":28},{"not_picked":["SporeBomb+1","GravityBeat","IllusionStar+1"],"picked":"SKIP","floor":30},{"not_picked":["MagicChant","Singularity"],"picked":"ShootTheMoon","floor":31},{"not_picked":["IllusionStar","OpenUniverse"],"picked":"BlazeAway","floor":34},{"not_picked":["GalacticHalo+1","MilkyWay"],"picked":"DoubleSpark","floor":35},{"not_picked":["LuminesStrike+1","MeteoricShower+1"],"picked":"ShootTheMoon","floor":36}],"player_experience":344980,"relics_obtained":[{"floor":9,"key":"Bird Faced Urn"},{"floor":26,"key":"Pantograph"},{"floor":38,"key":"Shovel"}],"event_choices":[{"damage_healed":0,"gold_gain":0,"player_choice":"Success","damage_taken":7,"relics_obtained":["StoneCalendar"],"max_hp_gain":0,"max_hp_loss":0,"event_name":"Scrap Ooze","floor":2,"gold_loss":0},{"damage_healed":0,"gold_gain":0,"player_choice":"Entered Light","damage_taken":15,"max_hp_gain":0,"max_hp_loss":0,"event_name":"Shining Light","floor":7,"gold_loss":0,"cards_upgraded":["Strike_MRS","MasterSpark"]},{"damage_healed":25,"gold_gain":0,"player_choice":"Banana","damage_taken":0,"max_hp_gain":0,"max_hp_loss":0,"event_name":"Big Fish","floor":11,"gold_loss":0},{"damage_healed":0,"gold_gain":0,"player_choice":"Ignored","damage_taken":0,"max_hp_gain":0,"max_hp_loss":0,"event_name":"Ghosts","floor":19,"gold_loss":0},{"damage_healed":0,"gold_gain":0,"player_choice":"Obtained Relic","damage_taken":0,"relics_obtained":["Ice Cream"],"max_hp_gain":0,"max_hp_loss":0,"event_name":"Addict","floor":20,"gold_loss":85},{"damage_healed":0,"gold_gain":0,"player_choice":"Upgraded","damage_taken":0,"max_hp_gain":0,"max_hp_loss":0,"event_name":"Upgrade Shrine","floor":29,"gold_loss":0,"cards_upgraded":["MillisecondPulsars"]},{"damage_healed":0,"gold_gain":0,"player_choice":"Fight","damage_taken":0,"max_hp_gain":0,"max_hp_loss":0,"event_name":"MindBloom","floor":38,"gold_loss":0}],"is_beta":false,"boss_relics":[{"not_picked":["SacredBark","Busted Crown"],"picked":"BewitchedHakkero"},{"not_picked":["Black Star","Velvet Choker"],"picked":"Tiny House"}],"items_purged_floors":[],"is_endless":false,"potions_floor_spawned":[3,13,14,16,22,25,28,30,33,35,38],"killed_by":"Transient","ascension_level":0}}