{"host":"knduvrfsmt572yyo","time":1610829344,"event":{"mods":["AchievementEnabler","BaseMod","Bestiary","Better Match","Better Note","Better Skull","Better Third Choice","Colored Powertips","Minty Spire (QoL Compilation)","Permanent Neow","Quick Restart","Spicy Shops","StSLib","Thieving Mod","Waifu the Spire","everything is the same but u backflip on backflip"],"gold_per_floor":[116,130,130,130,147,174,174,200,200,210,241,241,516,534,534,632,632,648,51,62,75,75,110,110,120,146,40,40,50,50,85,85,188,188,207,429,480,480,497,497,523,523,571,571,591,591,609,111,111,111],"floor_reached":51,"language":"ENG","playtime":2712,"items_purged":["Strike_R"],"score":896,"play_id":"31ff4c04-9ff7-4c90-af2b-1703348344f0","local_time":"20210116233544","is_ascension_mode":true,"campfire_choices":[{"data":"Armaments","floor":7,"key":"SMITH"},{"floor":12,"key":"REST"},{"floor":15,"key":"DIG"},{"data":"1","floor":24,"key":"LIFT"},{"data":"2","floor":28,"key":"LIFT"},{"data":"3","floor":30,"key":"LIFT"},{"floor":32,"key":"REST"},{"floor":40,"key":"DIG"},{"floor":44,"key":"DIG"},{"floor":46,"key":"DIG"},{"floor":49,"key":"REST"}],"circlet_count":0,"master_deck":["Strike_R+1","Strike_R","Strike_R+1","Defend_R","Defend_R","Defend_R","Bash","Feed","Combust","Shrug It Off","Armaments+1","Iron Wave","Flex","Regret","Warcry","Demon Form+1","Inflame+1","Thunderclap","Reaper","Sword Boomerang+1","Dual Wield","Metallicize+1","Cleave+1","Juggernaut+1","Spot Weakness+1","Combust+1","Sword Boomerang+1","Panache+1","Headbutt+1","Parasite","Metallicize+1","Mayhem+1","Feel No Pain+1"],"relics":["Burning Blood","Blue Candle","Mummified Hand","Whetstone","Frozen Egg 2","Shovel","Self Forming Clay","Runic Cube","Girya","Magic Flower","Regal Pillow","Molten Egg 2","Nunchaku","Red Mask","Philosopher\u0027s Stone","Pocketwatch","Ornamental Fan","Pen Nib","Bag of Preparation","Centennial Puzzle","Lizard Tail","Dream Catcher"],"acts_visited":["Exordium","TheCity","TheBeyond"],"potions_floor_usage":[11,16,23,33,39,50],"damage_taken":[{"damage":10,"enemies":"Small Slimes","floor":1,"turns":3},{"damage":9,"enemies":"Jaw Worm","floor":2,"turns":3},{"damage":6,"enemies":"Cultist","floor":5,"turns":3},{"damage":20,"enemies":"Gremlin Nob","floor":6,"turns":4},{"damage":42,"enemies":"3 Sentries","floor":8,"turns":7},{"damage":4,"enemies":"Blue Slaver","floor":10,"turns":5},{"damage":25,"enemies":"Lagavulin","floor":11,"turns":8},{"damage":13,"enemies":"Lots of Slimes","floor":14,"turns":3},{"damage":65,"enemies":"Slime Boss","floor":16,"turns":9},{"damage":23,"enemies":"2 Thieves","floor":18,"turns":5},{"damage":20,"enemies":"Chosen","floor":20,"turns":5},{"damage":30,"enemies":"Centurion and Healer","floor":21,"turns":6},{"damage":48,"enemies":"Slavers","floor":23,"turns":5},{"damage":34,"enemies":"Cultist and Chosen","floor":25,"turns":7},{"damage":25,"enemies":"Snecko","floor":29,"turns":4},{"damage":21,"enemies":"Masked Bandits","floor":31,"turns":4},{"damage":84,"enemies":"Automaton","floor":33,"turns":7},{"damage":4,"enemies":"Orb Walker","floor":35,"turns":2},{"damage":21,"enemies":"2 Orb Walkers","floor":37,"turns":3},{"damage":6,"enemies":"3 Shapes","floor":39,"turns":4},{"damage":46,"enemies":"Nemesis","floor":41,"turns":5},{"damage":34,"enemies":"Maw","floor":45,"turns":5},{"damage":32,"enemies":"Writhing Mass","floor":47,"turns":3},{"damage":52,"enemies":"Donu and Deca","floor":50,"turns":4}],"seed_played":"-4840271222741166904","potions_obtained":[{"floor":1,"key":"FairyPotion"},{"floor":10,"key":"AttackPotion"},{"floor":11,"key":"LiquidBronze"},{"floor":18,"key":"ColorlessPotion"},{"floor":21,"key":"SkillPotion"},{"floor":29,"key":"SpeedPotion"},{"floor":35,"key":"Fire Potion"},{"floor":41,"key":"FearPotion"},{"floor":47,"key":"Weak Potion"}],"is_trial":false,"path_per_floor":["M","M","?","?","M","E","R","E","T","M","E","R","?","M","R","B",null,"M","$","M","M","?","E","R","M","T","$","R","M","R","?","R","B",null,"M","?","?","?","M","R","E","?","T","R","M","R","M","$","R","B",null],"character_chosen":"IRONCLAD","items_purchased":["Girya","Magic Flower","Regal Pillow","Metallicize+1","Dream Catcher","Mayhem+1","BloodPotion"],"campfire_rested":3,"item_purchase_floors":[19,19,19,27,48,48,48],"current_hp_per_floor":[79,79,72,72,75,61,61,25,25,30,15,43,43,39,39,13,99,85,85,74,58,58,48,48,59,59,59,59,63,63,67,112,37,112,112,112,101,101,112,112,75,75,75,75,68,68,45,45,93,83],"gold":111,"neow_bonus":"ONE_RANDOM_RARE_CARD","is_daily":false,"chose_seed":false,"campfire_upgraded":1,"win_rate":0.0,"timestamp":1610829344,"path_taken":["M","M","?","?","M","E","R","E","T","?","E","R","?","M","R","BOSS","M","?","M","M","?","E","R","M","T","$","R","M","R","?","R","BOSS","M","?","?","?","M","R","E","?","T","R","M","R","M","$","R","BOSS"],"items_purchased_type":["Relic","Relic","Relic","Card","Relic","Card","Potion"],"build_version":"2020-12-22","purchased_purges":1,"victory":true,"max_hp_per_floor":[83,86,86,86,89,89,89,89,89,92,96,96,96,99,99,99,99,102,102,102,105,105,109,109,109,109,109,109,109,109,112,112,112,112,112,112,112,112,112,112,112,112,112,112,112,112,112,112,112,112],"card_choices":[{"not_picked":["Uppercut","Clothesline"],"picked":"Combust","floor":1},{"not_picked":["Pommel Strike","Disarm"],"picked":"Shrug It Off","floor":2},{"not_picked":["Havoc","Anger"],"picked":"Armaments","floor":5},{"not_picked":["Wild Strike","Corruption"],"picked":"Iron Wave","floor":6},{"not_picked":["Headbutt","Whirlwind"],"picked":"Battle Trance","floor":8},{"not_picked":["Wild Strike","Iron Wave","Body Slam"],"picked":"SKIP","floor":10},{"not_picked":["Shockwave","Burning Pact"],"picked":"Flex","floor":11},{"not_picked":["Seeing Red","Heavy Blade"],"picked":"Warcry","floor":14},{"not_picked":["Limit Break","Berserk+1"],"picked":"Demon Form+1","floor":16},{"not_picked":["Intimidate","Clash+1"],"picked":"Inflame+1","floor":18},{"not_picked":["Reckless Charge","Perfected Strike"],"picked":"Thunderclap","floor":20},{"not_picked":["Rampage","Flex"],"picked":"Reaper","floor":21},{"not_picked":["Clothesline+1","Reckless Charge+1"],"picked":"Sword Boomerang+1","floor":23},{"not_picked":["Blood for Blood+1","Flex+1"],"picked":"Dual Wield","floor":25},{"not_picked":["Burning Pact","Iron Wave+1"],"picked":"Cleave+1","floor":29},{"not_picked":["Double Tap","Fiend Fire+1"],"picked":"Juggernaut+1","floor":33},{"not_picked":["Flex+1","Pommel Strike+1"],"picked":"Spot Weakness+1","floor":35},{"not_picked":["Thunderclap+1","Twin Strike+1"],"picked":"Combust+1","floor":37},{"not_picked":["Anger+1","Clothesline+1","Warcry+1"],"picked":"SKIP","floor":39},{"not_picked":["Clash+1","Feel No Pain+1"],"picked":"Sword Boomerang+1","floor":41},{"not_picked":["Mind Blast+1","Violence"],"picked":"Panache+1","floor":42},{"not_picked":["Sword Boomerang+1","Warcry+1"],"picked":"Headbutt+1","floor":45},{"not_picked":["Carnage+1","Thunderclap+1"],"picked":"Metallicize+1","floor":47},{"not_picked":["Pommel Strike+1","Iron Wave+1"],"picked":"Feel No Pain+1","floor":49}],"player_experience":302987,"relics_obtained":[{"floor":4,"key":"Blue Candle"},{"floor":6,"key":"Mummified Hand"},{"floor":8,"key":"Whetstone"},{"floor":9,"key":"Frozen Egg 2"},{"floor":11,"key":"Shovel"},{"floor":15,"key":"Self Forming Clay"},{"floor":23,"key":"Molten Egg 2"},{"floor":26,"key":"Nunchaku"},{"floor":31,"key":"Red Mask"},{"floor":37,"key":"Pocketwatch"},{"floor":40,"key":"Ornamental Fan"},{"floor":41,"key":"Pen Nib"},{"floor":43,"key":"Bag of Preparation"},{"floor":44,"key":"Centennial Puzzle"},{"floor":46,"key":"Lizard Tail"}],"event_choices":[{"cards_removed":["Defend_R"],"damage_healed":0,"gold_gain":0,"player_choice":"Card Removal","damage_taken":7,"max_hp_gain":0,"max_hp_loss":0,"event_name":"Golden Wing","floor":3,"gold_loss":0},{"damage_healed":0,"gold_gain":0,"player_choice":"Relic","damage_taken":0,"max_hp_gain":0,"max_hp_loss":0,"event_name":"Wheel of Change","floor":4,"gold_loss":0},{"damage_healed":0,"gold_gain":275,"player_choice":"Desecrate","damage_taken":0,"max_hp_gain":0,"max_hp_loss":0,"event_name":"Golden Shrine","floor":13,"gold_loss":0,"cards_obtained":["Regret"]},{"cards_removed":["Strike_R"],"damage_healed":0,"gold_gain":0,"player_choice":"Elegance","damage_taken":0,"max_hp_gain":0,"max_hp_loss":0,"event_name":"betterThird:BetterWriting","floor":22,"gold_loss":0},{"damage_healed":0,"gold_gain":0,"player_choice":"Fought Bandits","damage_taken":0,"max_hp_gain":0,"max_hp_loss":0,"event_name":"Masked Bandits","floor":31,"gold_loss":0},{"damage_healed":0,"gold_gain":222,"player_choice":"Wore Mask","damage_taken":0,"max_hp_gain":0,"max_hp_loss":0,"event_name":"Tomb of Lord Red Mask","floor":36,"gold_loss":0},{"damage_healed":0,"gold_gain":0,"player_choice":"Fight","damage_taken":0,"max_hp_gain":0,"max_hp_loss":0,"event_name":"Mysterious Sphere","floor":37,"gold_loss":0},{"cards_removed":["Battle Trance"],"damage_healed":0,"gold_gain":0,"player_choice":"Removed Skill","damage_taken":0,"max_hp_gain":0,"max_hp_loss":0,"event_name":"Falling","floor":38,"gold_loss":0},{"damage_healed":0,"gold_gain":0,"player_choice":"Memory 1","damage_taken":0,"max_hp_gain":0,"max_hp_loss":0,"event_name":"SensoryStone","floor":42,"gold_loss":0}],"is_beta":false,"boss_relics":[{"not_picked":["Mark of Pain","Runic Dome"],"picked":"Runic Cube"},{"not_picked":["Black Star","Snecko Eye"],"picked":"Philosopher\u0027s Stone"}],"items_purged_floors":[48],"is_endless":false,"potions_floor_spawned":[1,10,11,18,21,29,35,41,47],"ascension_level":4}}