{"host":"zxkjcgzis4pm3za5","time":1610824147,"event":{"mods":["AchievementEnabler","Act Like it!","BaseMod","Colored Map","Colored Powertips","Friendly Minions","GifTheSpireLib","Minty Spire (QoL Compilation)","Quick Restart","RNG Fix","Random Character Button","Relic Sorter","Relic Stats","StSLib"],"gold_per_floor":[219,231,231,248,248,248,282,62,62,87,87,118,130,147,147,220,220,239,289,300,300,164,164,190,190,190,218,230,263,114,131,131,205,205,224,244,259,103,119,150,164,191,191,191,191,222,222,222,222,222,222,222,38,68,68,68],"floor_reached":55,"language":"ENG","playtime":3234,"items_purged":["Strike_P"],"score":1658,"play_id":"d842793b-d9b7-4da1-82ec-f52453b80ad0","local_time":"20210117003907","is_ascension_mode":true,"campfire_choices":[{"data":"Eruption","floor":6.0,"key":"SMITH"},{"floor":11.0,"key":"REST"},{"data":"Tantrum","floor":15.0,"key":"SMITH"},{"data":"Fasting2","floor":23.0,"key":"SMITH"},{"data":"Omniscience","floor":25.0,"key":"SMITH"},{"data":"MentalFortress","floor":32.0,"key":"SMITH"},{"floor":47.0,"key":"RECALL"},{"data":"Vault","floor":49.0,"key":"SMITH"},{"data":"Scrawl","floor":52.0,"key":"SMITH"}],"circlet_count":0,"master_deck":["AscendersBane","Defend_P","Defend_P","Defend_P","Defend_P","Eruption+1","Vigilance","WheelKick+1","LikeWater+1","WaveOfTheHand","EmptyFist","Tantrum+1","ThirdEye","EmptyMind","Indignation","Vault+1","Perseverance","RitualDagger","Fasting2+1","Omniscience+1","InnerPeace","Wallop","FearNoEvil+1","MentalFortress+1","InnerPeace","Scrawl+1","TalkToTheHand+1","InnerPeace+1","SignatureMove+1","Halt","Meditate","JustLucky","DeceiveReality+1","ThirdEye","TalkToTheHand+1","Fasting2","Protect+1"],"relics":["PureWater","Happy Flower","OrangePellets","TungstenRod","Dead Branch","Sundial","Philosopher\u0027s Stone","Dream Catcher","Pantograph","Gremlin Horn","Nunchaku","Astrolabe","Bag of Preparation","HornCleat","Boot","Kunai","Strange Spoon","Ornamental Fan"],"acts_visited":["Exordium","TheCity","TheBeyond","TheEnding"],"potions_floor_usage":[55],"damage_taken":[{"damage":0.0,"enemies":"Small Slimes","floor":1.0,"turns":2.0},{"damage":13.0,"enemies":"Jaw Worm","floor":2.0,"turns":4.0},{"damage":0.0,"enemies":"2 Louse","floor":4.0,"turns":2.0},{"damage":16.0,"enemies":"Gremlin Nob","floor":7.0,"turns":3.0},{"damage":24.0,"enemies":"Lagavulin","floor":10.0,"turns":3.0},{"damage":15.0,"enemies":"Gremlin Nob","floor":12.0,"turns":3.0},{"damage":0.0,"enemies":"Looter","floor":13.0,"turns":1.0},{"damage":0.0,"enemies":"Blue Slaver","floor":14.0,"turns":1.0},{"damage":0.0,"enemies":"Slime Boss","floor":16.0,"turns":3.0},{"damage":0.0,"enemies":"Shell Parasite","floor":18.0,"turns":3.0},{"damage":0.0,"enemies":"Spheric Guardian","floor":20.0,"turns":2.0},{"damage":12.0,"enemies":"Book of Stabbing","floor":24.0,"turns":5.0},{"damage":12.0,"enemies":"Slavers","floor":27.0,"turns":8.0},{"damage":1.0,"enemies":"Snecko","floor":28.0,"turns":5.0},{"damage":0.0,"enemies":"Gremlin Leader","floor":29.0,"turns":4.0},{"damage":0.0,"enemies":"3 Cultists","floor":31.0,"turns":4.0},{"damage":13.0,"enemies":"Champ","floor":33.0,"turns":11.0},{"damage":4.0,"enemies":"Orb Walker","floor":35.0,"turns":2.0},{"damage":6.0,"enemies":"3 Shapes","floor":36.0,"turns":3.0},{"damage":0.0,"enemies":"3 Darklings","floor":37.0,"turns":5.0},{"damage":3.0,"enemies":"Writhing Mass","floor":39.0,"turns":8.0},{"damage":0.0,"enemies":"Reptomancer","floor":40.0,"turns":5.0},{"damage":8.0,"enemies":"Jaw Worm Horde","floor":41.0,"turns":3.0},{"damage":0.0,"enemies":"Giant Head","floor":42.0,"turns":7.0},{"damage":0.0,"enemies":"Reptomancer","floor":46.0,"turns":4.0},{"damage":11.0,"enemies":"Donu and Deca","floor":50.0,"turns":10.0},{"damage":64.0,"enemies":"Shield and Spear","floor":54.0,"turns":6.0},{"damage":57,"enemies":"The Heart","floor":55,"turns":5}],"seed_played":"136131348134017727","potions_obtained":[{"floor":2.0,"key":"DuplicationPotion"},{"floor":4.0,"key":"Energy Potion"},{"floor":12.0,"key":"LiquidMemories"},{"floor":18.0,"key":"Block Potion"},{"floor":24.0,"key":"Regen Potion"},{"floor":31.0,"key":"BlessingOfTheForge"},{"floor":33.0,"key":"SteroidPotion"},{"floor":35.0,"key":"FairyPotion"}],"is_trial":false,"path_per_floor":["M","M","?","M","?","R","E","$","T","E","R","E","M","M","R","B",null,"M","?","M","?","$","R","E","R","T","E","M","E","$","M","R","B",null,"M","M","M","$","M","E","M","E","T","?","?","E","R","?","R","B",null,"R","$","E","B"],"character_chosen":"WATCHER","items_purchased":["OrangePellets","Tantrum","Fasting2","Omniscience","MentalFortress","Bag of Preparation","Strange Spoon","Fasting2"],"campfire_rested":1,"item_purchase_floors":[8,8,22,22,30,38,53,53],"current_hp_per_floor":[61,48,28,28,50,50,34,34,34,10,30,15,15,15,15,15,55,55,50,50,45,45,45,33,33,33,36,35,35,35,35,35,47,63,59,53,53,53,50,50,42,42,42,42,42,42,42,42,42,56,65,65,65,1,0,0],"gold":68,"neow_bonus":"HUNDRED_GOLD","is_daily":false,"chose_seed":false,"campfire_upgraded":7,"win_rate":0.0,"timestamp":1610824147,"path_taken":["M","M","?","M","?","R","E","$","T","E","R","E","M","M","R","BOSS","M","?","M","?","$","R","E","R","T","E","M","E","$","M","R","BOSS","M","M","M","$","M","E","M","E","T","?","?","E","R","?","R","BOSS","R","$","E","BOSS"],"items_purchased_type":["Relic","Card","Card","Card","Card","Relic","Relic","Card"],"build_version":"2020-12-22","purchased_purges":1,"victory":false,"max_hp_per_floor":[68,68,68,68,68,68,68,68,68,68,68,68,68,68,68,68,68,68,68,68,68,68,68,68,68,68,68,68,68,68,68,68,68,68,68,68,68,68,68,68,68,68,68,68,68,68,68,68,68,68,68,68,68,68,68,68],"relic_stats":{"Happy Flower":[37],"Gremlin Horn":[23,23],"counters":[28,122],"Dead Branch":[103],"Astrolabe":["TalkToTheHand","InnerPeace","SignatureMove"],"Bag of Preparation":[16],"Boot":[5],"OrangePellets":[19],"Strange Spoon":[8],"Dream Catcher":0,"Nunchaku":[15],"Sundial":[8],"Ornamental Fan":[4],"Pantograph":75,"Kunai":[8],"obtain_stats":[{"Happy Flower":7,"Gremlin Horn":27,"Dead Branch":10,"Astrolabe":34,"Bag of Preparation":38,"Boot":42,"OrangePellets":8,"Strange Spoon":53,"Dream Catcher":24,"Nunchaku":29,"HornCleat":40,"Sundial":12,"Ornamental Fan":54,"Pantograph":26,"Philosopher\u0027s Stone":17,"Kunai":46,"PureWater":0,"TungstenRod":9},{"Happy Flower":4,"Gremlin Horn":13,"Dead Branch":5,"Astrolabe":17,"Bag of Preparation":20,"Boot":24,"OrangePellets":4,"Strange Spoon":26,"Dream Catcher":12,"Nunchaku":15,"HornCleat":22,"Sundial":6,"Ornamental Fan":27,"Pantograph":12,"Philosopher\u0027s Stone":9,"Kunai":25,"PureWater":0,"TungstenRod":4},{"Happy Flower":11,"Gremlin Horn":40,"Dead Branch":14,"Astrolabe":64,"Bag of Preparation":74,"Boot":97,"OrangePellets":11,"Strange Spoon":111,"Dream Catcher":32,"Nunchaku":49,"HornCleat":87,"Sundial":17,"Ornamental Fan":117,"Pantograph":32,"Philosopher\u0027s Stone":22,"Kunai":101,"PureWater":0,"TungstenRod":11}],"TungstenRod":46},"card_choices":[{"not_picked":["Crescendo","BowlingBash"],"picked":"WheelKick","floor":1.0},{"not_picked":["Evaluate","Crescendo"],"picked":"LikeWater","floor":2.0},{"not_picked":["WreathOfFlame","Perseverance"],"picked":"WaveOfTheHand","floor":4.0},{"not_picked":["Protect","Swivel"],"picked":"EmptyFist","floor":7.0},{"not_picked":["Crescendo","Halt"],"picked":"ThirdEye","floor":10.0},{"not_picked":["BowlingBash","WaveOfTheHand"],"picked":"EmptyMind","floor":12.0},{"not_picked":["Protect","MasterReality"],"picked":"FlurryOfBlows","floor":13.0},{"not_picked":["EmptyBody","EmptyFist"],"picked":"Indignation","floor":14.0},{"not_picked":["ConjureBlade","Establishment"],"picked":"Vault","floor":16.0},{"not_picked":["FollowUp","FlyingSleeves","CrushJoints"],"picked":"SKIP","floor":18.0},{"not_picked":["LikeWater","FlurryOfBlows"],"picked":"Perseverance","floor":20.0},{"not_picked":["Alpha","PathToVictory"],"picked":"InnerPeace","floor":24.0},{"not_picked":["Conclude","FollowUp"],"picked":"Wallop","floor":27.0},{"not_picked":["Study","ClearTheMind","CrushJoints"],"picked":"SKIP","floor":28.0},{"not_picked":["EmptyFist","Crescendo"],"picked":"FearNoEvil+1","floor":29.0},{"not_picked":["WheelKick","EmptyFist"],"picked":"InnerPeace","floor":31.0},{"not_picked":["MasterReality","Ragnarok"],"picked":"Scrawl","floor":33.0},{"not_picked":["WreathOfFlame","SashWhip"],"picked":"Halt","floor":35.0},{"not_picked":["Vengeance","Prostrate+1"],"picked":"Meditate","floor":36.0},{"not_picked":["CrushJoints","CutThroughFate","EmptyFist+1"],"picked":"SKIP","floor":37.0},{"not_picked":["JustLucky","Wireheading","CutThroughFate"],"picked":"SKIP","floor":39.0},{"not_picked":["Wireheading","CutThroughFate"],"picked":"JustLucky","floor":39.0},{"not_picked":["Establishment","CutThroughFate+1"],"picked":"DeceiveReality+1","floor":40.0},{"not_picked":["JustLucky","EmptyFist","Perseverance"],"picked":"SKIP","floor":41.0},{"not_picked":["ForeignInfluence+1","Weave+1"],"picked":"ThirdEye","floor":42.0},{"not_picked":["Protect","WaveOfTheHand","Halt"],"picked":"SKIP","floor":46.0},{"not_picked":["Collect","FollowUp"],"picked":"Protect+1","floor":54.0}],"player_experience":229253,"relics_obtained":[{"floor":7.0,"key":"Happy Flower"},{"floor":9.0,"key":"TungstenRod"},{"floor":10.0,"key":"Dead Branch"},{"floor":12.0,"key":"Sundial"},{"floor":24.0,"key":"Dream Catcher"},{"floor":26.0,"key":"Pantograph"},{"floor":27.0,"key":"Gremlin Horn"},{"floor":29.0,"key":"Nunchaku"},{"floor":40.0,"key":"HornCleat"},{"floor":42.0,"key":"Boot"},{"floor":46.0,"key":"Kunai"},{"floor":54.0,"key":"Ornamental Fan"}],"event_choices":[{"damage_healed":0.0,"max_hp_gain":0.0,"max_hp_loss":0.0,"gold_gain":0.0,"event_name":"Shining Light","player_choice":"Entered Light","floor":3.0,"gold_loss":0.0,"damage_taken":20.0,"cards_upgraded":["WheelKick","LikeWater"]},{"damage_healed":22.0,"max_hp_gain":0.0,"max_hp_loss":0.0,"gold_gain":0.0,"event_name":"Big Fish","player_choice":"Banana","floor":5.0,"gold_loss":0.0,"damage_taken":0.0},{"damage_healed":0.0,"max_hp_gain":0.0,"max_hp_loss":0.0,"gold_gain":50.0,"event_name":"FaceTrader","player_choice":"Touch","floor":19.0,"gold_loss":0.0,"damage_taken":6.0},{"damage_healed":0.0,"max_hp_gain":0.0,"max_hp_loss":0.0,"gold_gain":0.0,"event_name":"Nest","player_choice":"Joined the Cult","floor":21.0,"gold_loss":0.0,"damage_taken":6.0,"cards_obtained":["RitualDagger"]},{"damage_healed":0.0,"max_hp_gain":0.0,"max_hp_loss":0.0,"gold_gain":0.0,"event_name":"Duplicator","player_choice":"Copied","floor":44.0,"gold_loss":0.0,"damage_taken":0.0,"cards_obtained":["TalkToTheHand"]},{"damage_healed":0.0,"max_hp_gain":0.0,"max_hp_loss":0.0,"gold_gain":0.0,"event_name":"Tomb of Lord Red Mask","player_choice":"Ignored","floor":45.0,"gold_loss":0.0,"damage_taken":0.0},{"cards_removed":["FlurryOfBlows"],"damage_healed":0.0,"max_hp_gain":0.0,"max_hp_loss":0.0,"gold_gain":0.0,"event_name":"Falling","player_choice":"Removed Attack","floor":48.0,"gold_loss":0.0,"damage_taken":0.0}],"is_beta":false,"boss_relics":[{"not_picked":["Tiny House","Empty Cage"],"picked":"Philosopher\u0027s Stone"},{"not_picked":["Fusion Hammer","Pandora\u0027s Box"],"picked":"Astrolabe"}],"items_purged_floors":[30],"is_endless":false,"potions_floor_spawned":[2,4,7,12,14,18,24,31,33,35,40,41],"killed_by":"The Heart","ascension_level":15}}