{"host":"bb5r3ba2ig485dr2","time":1610827543,"event":{"mods":["Act Like it!","BaseMod","CapriCore","Chen","Curses Come First","Gensokyo","Hallownest","Koishi","Lobotomy","LobotomyExtend","Marisa（霧雨　魔理沙）","Minty Spire (QoL Compilation)","Random Character Button","Rare Cards Sparkle","Reimu（博??梦）","StSLib","Td1madao Mod","The Administrix","The Bug Knight","The Immortal","The Servant 0.9.4","The Wild Card"],"gold_per_floor":[118,47,59,70,88,88,88,100,126,145,145,145,163,173,173,189,11,11,107,107,107,67,17,35,53,53,53],"floor_reached":23,"language":"ENG","playtime":1880,"items_purged":["PhosphorusFlame:ReiMu","Strike_Lin:ReiMu"],"score":197,"play_id":"6773a3d7-de79-4594-9934-fad832116e50","local_time":"20210116210543","is_ascension_mode":false,"campfire_choices":[{"floor":8,"key":"REST"},{"floor":12,"key":"REST"},{"data":"PhosphorusFlame:ReiMu","floor":15,"key":"SMITH"}],"circlet_count":0,"master_deck":["Strike_Lin:ReiMu","Strike_Lin:ReiMu","Strike_Lin:ReiMu","Defend_Lin:ReiMu","Defend_Lin:ReiMu","Defend_Lin:ReiMu","Defend_Lin:ReiMu","NB:ReiMu","Stagnation:ReiMu","ShadowOfCrow2:ReiMu","TightArray:ReiMu","SpreadBorder2:ReiMu+1","PhosphorusFlame:ReiMu+1","SubcavityInstant:ReiMu","Conquer:ReiMu","Amulet:ReiMu","EmergencyTakeOff:ReiMu","Mountainwind:ReiMu","OctopathSalyBorderN:ReiMu"],"relics":["FlyPower:ReiMu","Smiling Mask","LetterFromLob","Toy Ornithopter","Bottled Lightning","Centennial Puzzle","DonationBox:ReiMu"],"acts_visited":["Hallownest:Greenpath","TheBeyond"],"potions_floor_usage":[6,7,13,16,23,23,23],"damage_taken":[{"damage":8,"enemies":"Hallownest:monsterHuskGuard","floor":1,"turns":6},{"damage":6,"enemies":"Hallownest:2_Baldur","floor":3,"turns":4},{"damage":1,"enemies":"Jaw Worm","floor":1,"turns":5},{"damage":0,"enemies":"2 Louse","floor":2,"turns":3},{"damage":4,"enemies":"Cultist","floor":5,"turns":4},{"damage":21,"enemies":"Gremlin Nob","floor":6,"turns":4},{"damage":47,"enemies":"Gremlin Gang","floor":7,"turns":4},{"damage":6,"enemies":"Exordium Wildlife","floor":10,"turns":5},{"damage":3,"enemies":"Blue Slaver","floor":11,"turns":7},{"damage":17,"enemies":"Large Slime","floor":13,"turns":8},{"damage":2,"enemies":"The Guardian","floor":16,"turns":9},{"damage":4,"enemies":"Orb Walker","floor":21,"turns":4},{"damage":11,"enemies":"3 Darklings","floor":22,"turns":3},{"damage":72,"enemies":"Nemesis","floor":23,"turns":12}],"seed_played":"-4690441158097717359","potions_obtained":[{"floor":1,"key":"LiquidBronze"},{"floor":3,"key":"ZuzhouPotion:ReiMu"},{"floor":2,"key":"Fire Potion"},{"floor":6,"key":"LiquidFlight:ReiMu"},{"floor":10,"key":"Weak Potion"},{"floor":16,"key":"HakureiPotion:ReiMu"}],"is_trial":false,"path_per_floor":["M","$","M","?","M","M","?","T","M","E","M","R","T","M","M","R","M","$","R","B",null,"M","?","$","M","M","E"],"character_chosen":"REIMU","items_purchased":["PhosphorusFlame:ReiMu","Mountainwind:ReiMu","SkillPotion"],"campfire_rested":2,"item_purchase_floors":[2,14,14],"current_hp_per_floor":[57,57,51,64,64,69,69,65,49,7,28,28,22,19,40,28,28,28,31,70,70,70,70,66,55,0,0],"gold":53,"neow_bonus":"RANDOM_COMMON_RELIC","is_daily":false,"chose_seed":false,"campfire_upgraded":1,"win_rate":0.0,"timestamp":1610827543,"path_taken":["M","$","M","?","M","M","?","?","M","E","?","R","T","M","M","R","M","?","R","BOSS","M","?","$","?","M","E"],"items_purchased_type":["Card","Card","Potion"],"build_version":"2020-12-22","purchased_purges":2,"victory":false,"max_hp_per_floor":[65,65,65,65,65,70,70,70,70,70,70,70,70,70,70,70,70,70,70,70,70,70,70,70,70,70,70],"card_choices":[{"not_picked":["AirManeuver:ReiMu","YinYangSange:ReiMu"],"picked":"ShadowOfCrow2:ReiMu","floor":1},{"not_picked":["FantasyMoon:ReiMu","Intuition:ReiMu","SpringWay:ReiMu"],"picked":"SKIP","floor":3},{"not_picked":["ForcedLanding:ReiMu","SpringWay:ReiMu"],"picked":"TightArray:ReiMu","floor":1},{"not_picked":["Gathering:ReiMu","YinYangSange:ReiMu"],"picked":"SpreadBorder2:ReiMu","floor":2},{"not_picked":["AlertArray:ReiMu","UpKicking:ReiMu"],"picked":"PhosphorusFlame:ReiMu","floor":5},{"not_picked":["ForcedLanding:ReiMu","PrayRite:ReiMu"],"picked":"SubcavityInstant:ReiMu","floor":6},{"not_picked":["NineCharacters:ReiMu","SpringWay:ReiMu"],"picked":"Conquer:ReiMu","floor":7},{"not_picked":["TightArray:ReiMu","SpreadBorder2:ReiMu","SafetyPray:ReiMu"],"picked":"SKIP","floor":10},{"not_picked":["Intuition:ReiMu","RainPray2:ReiMu"],"picked":"Amulet:ReiMu","floor":11},{"not_picked":["TightArray:ReiMu","KamiSacrifice:ReiMu"],"picked":"EmergencyTakeOff:ReiMu","floor":13},{"not_picked":["HakureiPhantom:ReiMu","Determination:ReiMu"],"picked":"OctopathSalyBorderN:ReiMu","floor":16},{"not_picked":["NineCharacters:ReiMu","Meditation:ReiMu+1","SpiritualOutbreak2:ReiMu"],"picked":"SKIP","floor":21},{"not_picked":["KamiSacrifice:ReiMu","EmergencyTakeOff:ReiMu+1","Conquer:ReiMu"],"picked":"SKIP","floor":22}],"player_experience":231347,"relics_obtained":[{"floor":1,"key":"LetterFromLob"},{"floor":4,"key":"Toy Ornithopter"},{"floor":6,"key":"Bottled Lightning"},{"floor":9,"key":"Centennial Puzzle"}],"event_choices":[{"damage_healed":0,"gold_gain":0,"player_choice":"Donut","damage_taken":0,"max_hp_gain":5,"max_hp_loss":0,"event_name":"Big Fish","floor":3,"gold_loss":0},{"damage_healed":0,"gold_gain":0,"player_choice":"Upgrade","damage_taken":0,"max_hp_gain":0,"max_hp_loss":0,"event_name":"Designer","floor":19,"gold_loss":40,"cards_upgraded":["SpreadBorder2:ReiMu"]}],"is_beta":false,"boss_relics":[{"not_picked":["Busted Crown","SacredBark"],"picked":"DonationBox:ReiMu"}],"items_purged_floors":[14,20],"is_endless":false,"potions_floor_spawned":[1,3,2,6,10,11,16,21],"killed_by":"Nemesis","ascension_level":0}}