{"host":"kn32u0f2pym5bozc","time":1610788947,"event":{"mods":["2.2 Compatiblity","BaseMod","Better Third Choice","Minty Spire (QoL Compilation)","Permanent Neow","Relic Stats","StSLib","The Animator"],"gold_per_floor":[212,228,56,56,86,119,119,151,151,169,181,181,206,239,239,314,314,332,344,344,359,359,385,385,385],"floor_reached":24,"language":"ENG","playtime":1528,"items_purged":["animator:Strike"],"score":442,"play_id":"e5d39b5a-017c-4070-ad19-623c06a39bd7","local_time":"20210116042227","is_ascension_mode":true,"campfire_choices":[{"data":"animator:Mitsurugi","floor":7,"key":"SMITH"},{"data":"animator:TukaLunaMarceau","floor":12,"key":"SMITH"},{"data":"animator:Konayuki","floor":15,"key":"SMITH"}],"circlet_count":0,"master_deck":["AscendersBane","animator:Strike_TenSura","animator:Defend_TenSura","animator:Strike","animator:Strike","animator:Defend","animator:Defend","animator:Defend","animator:Benimaru","animator:Shuna","animator:Lu","animator:DolaCouronne","animator:Konayuki+1","animator:TukaLunaMarceau+1","animator:Spearman","animator:Mitsurugi+1","animator:Elesis","animator:MetalKnight","animator:Kazuma","animator:Emonzaemon","animator:DwarfShaman","animator:ChaikaTrabant","animator:Yuuichirou","animator:Alexander+1","animator:Ciel","animator:Sebas"],"relics":["animator:VividPicture","animator:TheMissingPiece","animator:PurgingStone","TungstenRod","Pear","Centennial Puzzle","Bronze Scales","Mummified Hand"],"acts_visited":["Exordium","TheCity"],"potions_floor_usage":[6,13,14,16,23,23],"damage_taken":[{"damage":0,"enemies":"Small Slimes","floor":1,"turns":4},{"damage":0,"enemies":"Cultist","floor":2,"turns":3},{"damage":7,"enemies":"Jaw Worm","floor":5,"turns":6},{"damage":16,"enemies":"3 Sentries","floor":6,"turns":10},{"damage":19,"enemies":"Gremlin Nob","floor":8,"turns":5},{"damage":0,"enemies":"Large Slime","floor":10,"turns":5},{"damage":0,"enemies":"Blue Slaver","floor":11,"turns":4},{"damage":0,"enemies":"Lots of Slimes","floor":13,"turns":3},{"damage":13,"enemies":"3 Sentries","floor":14,"turns":7},{"damage":3,"enemies":"The Guardian","floor":16,"turns":8},{"damage":2,"enemies":"3 Byrds","floor":18,"turns":2},{"damage":8,"enemies":"Shell Parasite","floor":19,"turns":3},{"damage":16,"enemies":"Snecko","floor":21,"turns":4},{"damage":27,"enemies":"Book of Stabbing","floor":23,"turns":5},{"damage":24,"enemies":"Centurion and Healer","floor":24,"turns":4}],"seed_played":"-4832388536095692131","potions_obtained":[{"floor":5,"key":"SteroidPotion"},{"floor":10,"key":"Regen Potion"},{"floor":11,"key":"ColorlessPotion"},{"floor":13,"key":"LiquidBronze"},{"floor":14,"key":"SpeedPotion"},{"floor":18,"key":"EssenceOfSteel"},{"floor":19,"key":"SkillPotion"}],"is_trial":false,"path_per_floor":["M","M","$","?","M","E","R","E","T","M","M","R","M","E","R","B",null,"M","M","?","M","?","E","M"],"character_chosen":"THE_ANIMATOR","items_purchased":["animator:Konayuki","animator:TukaLunaMarceau"],"campfire_rested":0,"item_purchase_floors":[3,3],"current_hp_per_floor":[54,54,54,59,52,36,36,27,27,27,27,27,27,30,30,27,64,62,54,76,60,39,12,0,0],"gold":385,"neow_bonus":"HUNDRED_GOLD","is_daily":false,"chose_seed":false,"campfire_upgraded":3,"win_rate":0.0,"timestamp":1610788947,"path_taken":["M","M","$","?","M","E","R","E","T","M","M","R","M","E","R","BOSS","M","M","?","?","?","E","M"],"items_purchased_type":["Card","Card"],"build_version":"2020-12-22","purchased_purges":1,"victory":false,"max_hp_per_floor":[60,60,60,65,65,65,65,75,75,75,75,75,75,76,76,76,76,76,76,76,76,81,81,81,81],"relic_stats":{"Centennial Puzzle":[21],"counters":[15,73],"Mummified Hand":[0],"Bronze Scales":[97],"obtain_stats":[{"Centennial Puzzle":9,"Pear":8,"animator:PurgingStone":0,"Mummified Hand":23,"animator:TheMissingPiece":0,"Bronze Scales":14,"animator:LivingPicture":0,"animator:VividPicture":17,"TungstenRod":6},{"Centennial Puzzle":5,"Pear":5,"animator:PurgingStone":0,"Mummified Hand":14,"animator:TheMissingPiece":0,"Bronze Scales":9,"animator:LivingPicture":0,"animator:VividPicture":10,"TungstenRod":4},{"Centennial Puzzle":28,"Pear":28,"animator:PurgingStone":0,"Mummified Hand":69,"animator:TheMissingPiece":0,"Bronze Scales":47,"animator:LivingPicture":0,"animator:VividPicture":55,"TungstenRod":23}],"TungstenRod":28},"card_choices":[{"not_picked":["animator:Millim","animator:PandorasActor"],"picked":"animator:Lu","floor":1},{"not_picked":["animator:AcuraTooru","animator:Sebas"],"picked":"animator:DolaCouronne","floor":2},{"not_picked":["animator:Shigure","animator:YunYun"],"picked":"animator:Spearman","floor":5},{"not_picked":["animator:Verdia","animator:Vanir"],"picked":"animator:Mitsurugi","floor":6},{"not_picked":["animator:Mikaela","animator:PandorasActor"],"picked":"animator:Elesis","floor":8},{"not_picked":["animator:Shalltear","animator:Viivi"],"picked":"animator:MetalKnight","floor":10},{"not_picked":["animator:ZankiKiguchi","animator:Millim"],"picked":"animator:Kazuma","floor":11},{"not_picked":["animator:UneriGinkaku","animator:Konayuki"],"picked":"animator:Emonzaemon","floor":13},{"not_picked":["animator:Mikaela","animator:YaoHaDucy"],"picked":"animator:DwarfShaman","floor":14},{"not_picked":["animator:Guren","animator:ItamiYouji"],"picked":"animator:ChaikaTrabant","floor":16},{"not_picked":["animator:Vesta","animator:Mitsurugi"],"picked":"animator:Yuuichirou","floor":18},{"not_picked":["animator:Demiurge","animator:PandorasActor"],"picked":"animator:Alexander+1","floor":19},{"not_picked":["animator:Ara","animator:Laby"],"picked":"animator:Ciel","floor":21},{"not_picked":["animator:Konayuki","animator:Guren"],"picked":"animator:Sebas","floor":23}],"player_experience":855863,"relics_obtained":[{"floor":6,"key":"TungstenRod"},{"floor":8,"key":"Pear"},{"floor":9,"key":"Centennial Puzzle"},{"floor":14,"key":"Bronze Scales"},{"floor":23,"key":"Mummified Hand"}],"event_choices":[{"damage_healed":0,"gold_gain":0,"player_choice":"Donut","damage_taken":0,"max_hp_gain":5,"max_hp_loss":0,"event_name":"Big Fish","floor":4,"gold_loss":0},{"damage_healed":22,"gold_gain":0,"player_choice":"Full Heal","damage_taken":0,"max_hp_gain":0,"max_hp_loss":0,"event_name":"Wheel of Change","floor":20,"gold_loss":0},{"damage_healed":0,"gold_gain":0,"player_choice":"Shed Blood","damage_taken":27,"max_hp_gain":5,"max_hp_loss":0,"event_name":"Forgotten Altar","floor":22,"gold_loss":0}],"is_beta":false,"boss_relics":[{"not_picked":["Pandora\u0027s Box","animator:RacePiece"],"picked":"animator:VividPicture"}],"items_purged_floors":[3],"is_endless":false,"potions_floor_spawned":[5,10,11,13,14,18,19],"killed_by":"Centurion and Healer","ascension_level":15}}