{"host":"sum4dy402bbv9y4o","time":1610796253,"event":{"mods":["Aspiration","BaseMod","Conspire","Highlight Path","Minty Spire (QoL Compilation)","StSLib"],"gold_per_floor":[115,135,152,152,172,172,200,200,200,210,222,234,261,276,276,276,276],"floor_reached":16,"language":"ENG","playtime":1125,"items_purged":[],"score":282,"play_id":"1360977d-6971-48a1-92cc-80cf53ec01a6","local_time":"20210116142413","is_ascension_mode":true,"campfire_choices":[{"data":"Eruption","floor":6,"key":"SMITH"},{"data":"SashWhip","floor":8,"key":"SMITH"},{"data":"Halt","floor":15,"key":"SMITH"}],"circlet_count":0,"master_deck":["AscendersBane","Strike_P","Strike_P","Strike_P","Defend_P","Defend_P","Defend_P","Defend_P","Eruption+1","Vigilance","FollowUp","SashWhip+1","DeceiveReality","Vengeance","Halt+1","Conclude","EmptyBody","Halt"],"relics":["PureWater","aspiration:Nostalgia","Ring of the Snake","TeardropLocket","conspire:DecoderRing","Regal Pillow"],"acts_visited":["Exordium"],"potions_floor_usage":[7,12,14,14],"damage_taken":[{"damage":0,"enemies":"Cultist","floor":1,"turns":2},{"damage":0,"enemies":"Jaw Worm","floor":2,"turns":3},{"damage":1,"enemies":"conspire:RoseBush","floor":3,"turns":1},{"damage":2,"enemies":"Looter","floor":5,"turns":4},{"damage":12,"enemies":"Gremlin Nob","floor":7,"turns":3},{"damage":0,"enemies":"3 Louse","floor":10,"turns":2},{"damage":0,"enemies":"conspire:2 RoseBushes","floor":11,"turns":5},{"damage":0,"enemies":"Exordium Thugs","floor":12,"turns":5},{"damage":0,"enemies":"Lagavulin","floor":13,"turns":2},{"damage":9,"enemies":"Gremlin Gang","floor":14,"turns":3},{"damage":42,"enemies":"Hexaghost","floor":16,"turns":9}],"seed_played":"-6344861530172607425","potions_obtained":[{"floor":2,"key":"Fire Potion"},{"floor":7,"key":"FearPotion"},{"floor":10,"key":"ColorlessPotion"},{"floor":12,"key":"ColorlessPotion"},{"floor":13,"key":"DuplicationPotion"}],"is_trial":false,"path_per_floor":["M","M","M","?","M","R","E","R","T","M","M","M","E","M","R","B"],"character_chosen":"WATCHER","items_purchased":[],"campfire_rested":0,"item_purchase_floors":[],"current_hp_per_floor":[61,61,60,60,58,58,46,46,46,46,46,46,46,37,37,0,0],"gold":276,"neow_bonus":"NOSTALGIA","is_daily":false,"chose_seed":false,"campfire_upgraded":3,"win_rate":0.0,"timestamp":1610796253,"path_taken":["M","M","?","?","M","R","E","R","T","M","M","?","E","M","R","BOSS"],"items_purchased_type":[],"build_version":"2020-12-22","purchased_purges":0,"victory":false,"max_hp_per_floor":[68,68,68,68,68,68,68,68,68,68,68,68,68,68,68,68,68],"card_choices":[{"not_picked":["CutThroughFate","Prostrate"],"picked":"FollowUp","floor":1},{"not_picked":["Prostrate","Study"],"picked":"SashWhip","floor":2},{"not_picked":["Collect","Study","WreathOfFlame"],"picked":"SKIP","floor":3},{"not_picked":["Meditate","Vengeance"],"picked":"DeceiveReality","floor":5},{"not_picked":["Prostrate","Protect"],"picked":"Vengeance","floor":7},{"not_picked":["FollowUp","SandsOfTime"],"picked":"Halt","floor":10},{"not_picked":["CrushJoints","SashWhip","Prostrate"],"picked":"SKIP","floor":11},{"not_picked":["EmptyMind","LikeWater"],"picked":"Conclude","floor":12},{"not_picked":["DeusExMachina","Prostrate"],"picked":"EmptyBody","floor":13},{"not_picked":["FollowUp","SandsOfTime"],"picked":"Halt","floor":14}],"player_experience":2942155,"relics_obtained":[{"floor":7,"key":"TeardropLocket"},{"floor":9,"key":"conspire:DecoderRing"},{"floor":13,"key":"Regal Pillow"}],"event_choices":[{"cards_removed":["Strike_P"],"damage_healed":0,"gold_gain":0,"player_choice":"Card Removal","damage_taken":0,"max_hp_gain":0,"max_hp_loss":0,"event_name":"Wheel of Change","floor":4,"gold_loss":0}],"is_beta":false,"boss_relics":[],"items_purged_floors":[],"is_endless":false,"potions_floor_spawned":[2,7,10,12,13],"killed_by":"Hexaghost","ascension_level":20}}