{"host":"ee2njjf408o9d0kx","time":1610759355,"event":{"mods":["Act Like it!","Arknights The Spire","Bartender","BaseMod","Colored Powertips","Duelist Mod","GifTheSpireLib","Hallownest","Hermit","Melee Mod","Minty Spire (QoL Compilation)","Quick Restart","StSLib","Td1madao Mod","The Animator","The Bug Knight","The Necromancer","The Servant 0.9.4","The Wild Card"],"gold_per_floor":[116,128,142,33,51,82,93,93,117,117,38,101,129,139,139,237,237,251,251,267,278,278,278,294,314,314,367,367,4,4,17,17,116,166,181,181,181],"floor_reached":36,"language":"ENG","playtime":3828,"items_purged":[],"score":378,"play_id":"598457b5-749a-4360-8d59-5ed64c2dca66","local_time":"20210115170915","is_ascension_mode":false,"campfire_choices":[{"floor":15,"key":"REST"},{"floor":23,"key":"REST"},{"floor":28,"key":"REST"},{"floor":30,"key":"REST"},{"data":"HollowMod:MantisMark","floor":32,"key":"SMITH"}],"circlet_count":0,"master_deck":["HollowMod:NailStrikeStart","HollowMod:NailStrikeStart","HollowMod:NailStrikeStart","HollowMod:NailStrikeStart","HollowMod:QuickDashStart","HollowMod:QuickDashStart","HollowMod:QuickDashStart","HollowMod:QuickDashStart","HollowMod:FocusHealStart+1","HollowMod:PogoStrike+1","HollowMod:SoulVessel","HollowMod:CloakDash","HollowMod:QuirrelsAssistance","HollowMod:VengefulVoid","HollowMod:MonarchWings","HollowMod:CrystalDash","HollowMod:SharpenedNail","HollowMod:PureNailStrike","HollowMod:LifebloodCore","HollowMod:BlackTendrils","HollowMod:VoidDash+1","HollowMod:HuntersJournal","HollowMod:HeavyBlow+1","HollowMod:SoulStrike","HollowMod:AbyssShriek","HollowMod:MantisMark+1","HollowMod:SiblingsSouls","HollowMod:InfectedCysts","HollowMod:GoodIntentions","HollowMod:HeavyBlow+1","HollowMod:SoulMaster","HollowMod:DescendingDark","HollowMod:PureNailStrike"],"relics":["HollowMod:VesselMask","Bag of Preparation","MealTicket","Ancient Tea Set","Snecko Eye","Letter Opener","Incense Burner","Tiny House"],"acts_visited":["Hallownest:Greenpath","Hallownest:CityofTears","Hallownest:KingdomsEdge"],"potions_floor_usage":[5,14,20,33,33,35],"damage_taken":[{"damage":0,"enemies":"Hallownest:monsterHuskWarrior","floor":1,"turns":4},{"damage":0,"enemies":"Hallownest:2_Baldur","floor":2,"turns":4},{"damage":16,"enemies":"Hallownest:2_Tiktiks_and_1_Crawlid","floor":3,"turns":5},{"damage":6,"enemies":"Hallownest:monsterFoolEater","floor":5,"turns":4},{"damage":8,"enemies":"Hallownest:eliteCrystalGuardian","floor":6,"turns":8},{"damage":6,"enemies":"Hallownest:monsterAspidMother","floor":7,"turns":5},{"damage":53,"enemies":"Hallownest:eliteMossKnight","floor":13,"turns":9},{"damage":16,"enemies":"Hallownest:2_Tiktiks_1_Baldur_1_Crawlid","floor":14,"turns":5},{"damage":55,"enemies":"Hallownest:BossFalseKnight","floor":16,"turns":14},{"damage":0,"enemies":"Hallownest:Flukemon_and_Top","floor":18,"turns":5},{"damage":63,"enemies":"Hallownest:3_Youths","floor":20,"turns":17},{"damage":16,"enemies":"Hallownest:2_Husk_Sentries","floor":21,"turns":8},{"damage":37,"enemies":"Hallownest:2_Flukemon","floor":24,"turns":8},{"damage":11,"enemies":"Hallownest:monsterMisterMushroom","floor":25,"turns":5},{"damage":0,"enemies":"Hallownest:Glutton_and_Coward","floor":27,"turns":4},{"damage":7,"enemies":"Hallownest:Master_and_Novice","floor":31,"turns":3},{"damage":73,"enemies":"Hallownest:BossGrimm","floor":33,"turns":15},{"damage":71,"enemies":"Hallownest:3_Siblings","floor":35,"turns":10},{"damage":27,"enemies":"Hallownest:2_Littles","floor":36,"turns":1}],"seed_played":"-3903784541245150894","potions_obtained":[{"floor":1,"key":"Ancient Potion"},{"floor":3,"key":"Energy Potion"},{"floor":5,"key":"Fire Potion"},{"floor":13,"key":"BlessingOfTheForge"},{"floor":16,"key":"SkillPotion"},{"floor":20,"key":"ColorlessPotion"},{"floor":27,"key":"GamblersBrew"},{"floor":34,"key":"SkillPotion"}],"is_trial":false,"path_per_floor":["M","M","M","$","M","E","M","?","T","?","$","?","E","M","R","B",null,"M","?","M","M","?","R","M","M","T","M","R","$","R","M","R","B",null,"M","M"],"character_chosen":"THE_BUGKNIGHT","items_purchased":["HollowMod:VengefulVoid","HollowMod:MonarchWings","HollowMod:LifebloodCore","Incense Burner","HollowMod:InfectedCysts","HollowMod:GoodIntentions"],"campfire_rested":4,"item_purchase_floors":[4,4,11,29,29,29],"current_hp_per_floor":[75,75,68,68,62,60,64,64,64,64,75,75,32,22,44,3,75,75,75,32,28,28,50,15,12,12,12,34,49,71,64,64,6,80,18,0,0],"gold":181,"neow_bonus":"UPGRADE_CARD","is_daily":false,"chose_seed":false,"campfire_upgraded":1,"win_rate":0.0,"timestamp":1610759355,"path_taken":["M","M","M","$","M","E","M","?","T","?","$","?","E","M","R","BOSS","M","?","M","M","?","R","M","M","T","M","R","$","R","M","R","BOSS","M","?"],"items_purchased_type":["Card","Card","Card","Relic","Card","Card"],"build_version":"2020-12-22","purchased_purges":0,"victory":false,"max_hp_per_floor":[75,75,75,75,75,75,75,75,75,75,75,75,75,75,75,75,75,75,75,75,75,75,75,75,75,75,75,75,75,75,75,75,75,80,80,80,80],"card_choices":[{"not_picked":["HollowMod:ShapeofUnn","HollowMod:InfectedCysts"],"picked":"HollowMod:SoulVessel","floor":1},{"not_picked":["HollowMod:SoulEater","HollowMod:LifebloodCocoon"],"picked":"HollowMod:CloakDash","floor":2},{"not_picked":["HollowMod:SharpenedNail","HollowMod:DashSlash"],"picked":"HollowMod:QuirrelsAssistance","floor":3},{"not_picked":["HollowMod:DreamGate","HollowMod:Grubsong"],"picked":"HollowMod:CrystalDash","floor":5},{"not_picked":["HollowMod:MothsMistake","HollowMod:TaintedHusks"],"picked":"HollowMod:SharpenedNail","floor":6},{"not_picked":["HollowMod:BaldurShell","HollowMod:QuirrelsAssistance"],"picked":"HollowMod:PureNailStrike","floor":7},{"not_picked":["HollowMod:Grubsong","HollowMod:InfectedCysts","HollowMod:NewInfectedGuardian"],"picked":"SKIP","floor":13},{"not_picked":["HollowMod:CloakDash","HollowMod:SharpenedNail"],"picked":"HollowMod:BlackTendrils","floor":14},{"not_picked":["HollowMod:theNailsmith","HollowMod:AwokenDreamNail"],"picked":"HollowMod:VoidDash","floor":16},{"not_picked":["HollowMod:HowlingWraiths","HollowMod:GoodIntentions"],"picked":"HollowMod:HuntersJournal","floor":18},{"not_picked":["HollowMod:LifebloodCocoon+1","HollowMod:DreamGate"],"picked":"HollowMod:HeavyBlow+1","floor":20},{"not_picked":["HollowMod:MawleksShell+1","HollowMod:NewJinnsSoul"],"picked":"HollowMod:SoulStrike","floor":21},{"not_picked":["HollowMod:SoulStrike","HollowMod:HowlingWraiths"],"picked":"HollowMod:AbyssShriek","floor":24},{"not_picked":["HollowMod:DoubleDash","HollowMod:NewLittleFool"],"picked":"HollowMod:MantisMark","floor":25},{"not_picked":["HollowMod:SoulSplash","HollowMod:BaldurShell+1"],"picked":"HollowMod:SiblingsSouls","floor":27},{"not_picked":["HollowMod:CycloneSlash","HollowMod:LifebloodCocoon+1"],"picked":"HollowMod:HeavyBlow+1","floor":31},{"not_picked":["HollowMod:LifebloodCore","HollowMod:theNailsmith"],"picked":"HollowMod:SoulMaster","floor":33},{"not_picked":["HollowMod:ShapeofUnn","HollowMod:GreatSlash+1"],"picked":"HollowMod:DescendingDark","floor":34},{"not_picked":["HollowMod:InfectionAssault","HollowMod:NewGlowingWomb"],"picked":"HollowMod:PureNailStrike","floor":35}],"player_experience":40267,"relics_obtained":[{"floor":6,"key":"Bag of Preparation"},{"floor":9,"key":"MealTicket"},{"floor":13,"key":"Ancient Tea Set"},{"floor":26,"key":"Letter Opener"}],"event_choices":[],"is_beta":false,"boss_relics":[{"not_picked":["Runic Dome","Coffee Dripper"],"picked":"Snecko Eye"},{"not_picked":["Philosopher\u0027s Stone","Astrolabe"],"picked":"Tiny House"}],"items_purged_floors":[],"is_endless":false,"potions_floor_spawned":[1,3,5,13,16,20,21,27,31],"killed_by":"Hallownest:2_Littles","ascension_level":0}}