{"host":"bfxnw9us3ok3sr4c","time":1610760237,"event":{"mods":["Act Like it!","BaseMod","BetterRewards","Colored Map","Colored Powertips","Downfall","Hallownest","Hubris","Infinite Spire","Minty Spire (QoL Compilation)","StSLib","The Cursed"],"gold_per_floor":[99,114,4,4,18,33,33,33,50,66,97,97,132,117,134,230,230,30,115,215,215,231,231,285,299,310,342,353,253,253,353,364,461,461,461,479,496,496,496,65,65,79,98,98,98,17,17,17,17],"floor_reached":47,"language":"ENG","playtime":5527,"items_purged":[],"score":505,"play_id":"2b13e3c0-d09d-45b6-99f3-f966e75347c0","local_time":"20210116042357","is_ascension_mode":false,"campfire_choices":[{"floor":1,"key":"RECALL"},{"data":"Guardian:TwinSlam","floor":8,"key":"SMITH"},{"data":"Guardian:DonusPower","floor":12,"key":"SMITH"},{"data":"Guardian:BodySlam","floor":18,"key":"SMITH"},{"data":"Guardian:EvasiveProtocol","floor":29,"key":"SMITH"},{"data":"Guardian:StasisStrike","floor":35,"key":"SMITH"},{"data":"Guardian:Suspension","floor":44,"key":"SMITH"}],"circlet_count":0,"master_deck":["Guardian:Strike_Guardian","Guardian:Strike_Guardian","Guardian:Strike_Guardian","Guardian:Strike_Guardian","Guardian:Defend_Guardian","Guardian:Defend_Guardian","Guardian:Defend_Guardian","Guardian:CurlUp+1","Guardian:TwinSlam+1","Guardian:ChargeCore","Guardian:ArmoredProtocol","Guardian:EvasiveProtocol+1","Guardian:ShieldCharger+1","Guardian:GuardianWhirl+1","Guardian:WalkerClaw","Guardian:DonusPower+1","Guardian:BodySlam+1","Guardian:RefractedBeam","Guardian:Gem_Cyan","Guardian:PolyBeam+1","Guardian:Gem_Green","Guardian:Gem_Lightblue","Guardian:Preprogram","Guardian:StasisStrike+1","Guardian:CrystalBeam","Guardian:Gem_Yellow","infinitespire:Execution","Guardian:ChargeCore+1","Guardian:TimeCapacitor","Guardian:Emergency","Guardian:Suspension+1","Guardian:BronzeOrb","expansioncontent:LastStand","Dramatic Entrance"],"relics":["Guardian:ModeShifter","infinitespire:FocusingShard","Anchor","War Paint","bronze:MakeshiftBattery","downfall:HeartBlessingRed","downfall:HeartBlessingGreen","hubris:Towel","Lee\u0027s Waffle","Matryoshka","downfall:HeartBlessingBlue","downfall:GremlinWheel","Guardian:StasisSlotReductionRelic","OrangePellets","hubris:EmptyBottle","Bird Faced Urn","Whetstone","Mercury Hourglass","Omamori"],"acts_visited":["Exordium","TheCity","TheBeyond"],"potions_floor_usage":[33,33,33],"damage_taken":[{"damage":11,"enemies":"Jaw Worm","floor":2,"turns":4},{"damage":5,"enemies":"downfall:FleeingMerchant","floor":3,"turns":4},{"damage":0,"enemies":"Cultist","floor":5,"turns":4},{"damage":2,"enemies":"2 Louse","floor":6,"turns":3},{"damage":6,"enemies":"Exordium Wildlife","floor":9,"turns":4},{"damage":7,"enemies":"3 Louse","floor":10,"turns":2},{"damage":9,"enemies":"Gremlin Nob","floor":11,"turns":5},{"damage":4,"enemies":"3 Sentries","floor":13,"turns":9},{"damage":4,"enemies":"downfall:FleeingMerchant","floor":14,"turns":4},{"damage":16,"enemies":"Large Slime","floor":15,"turns":4},{"damage":16,"enemies":"SI_SHIV_ARCHETYPE","floor":16,"turns":7},{"damage":18,"enemies":"3 Byrds","floor":22,"turns":4},{"damage":5,"enemies":"Shell Parasite","floor":25,"turns":3},{"damage":0,"enemies":"Sentry and Sphere","floor":26,"turns":4},{"damage":25,"enemies":"Book of Stabbing","floor":27,"turns":5},{"damage":6,"enemies":"Cultist and Chosen","floor":28,"turns":6},{"damage":0,"enemies":"Cultist and Chosen","floor":31,"turns":5},{"damage":15,"enemies":"Snecko","floor":32,"turns":4},{"damage":28,"enemies":"WA_ARCHETYPE_CALM","floor":33,"turns":11},{"damage":13,"enemies":"Orb Walker","floor":36,"turns":3},{"damage":9,"enemies":"3 Darklings","floor":37,"turns":3},{"damage":0,"enemies":"downfall:FleeingMerchant","floor":40,"turns":2},{"damage":0,"enemies":"Jaw Worm Horde","floor":42,"turns":5},{"damage":21,"enemies":"4 Shapes","floor":43,"turns":3},{"damage":46,"enemies":"Reptomancer","floor":47,"turns":2}],"seed_played":"-8775628422991830638","potions_obtained":[{"floor":2,"key":"Fire Potion"},{"floor":5,"key":"Block Potion"},{"floor":10,"key":"SkillPotion"},{"floor":28,"key":"Regen Potion"},{"floor":37,"key":"Block Potion"}],"is_trial":false,"path_per_floor":["R","M","$","?","M","M","T","R","M","M","E","R","E","$","M","B",null,"R","?","?","?","M","AVR","T","M","M","E","M","R","?","?","M","B",null,"R","M","M","?","AVR","$","T","M","M","R","?","$","E"],"character_chosen":"GUARDIAN","items_purchased":["Guardian:Gem_Green","Guardian:ArmoredProtocol","hubris:EmptyBottle","Bird Faced Urn","Guardian:TimeCapacitor","Guardian:Emergency","bronze:BurnAndBuffPotion","EntropicBrew","Dramatic Entrance"],"campfire_rested":0,"item_purchase_floors":[3,3,40,40,40,40,40,40,46],"current_hp_per_floor":[88,77,72,72,72,70,70,70,64,57,48,48,44,40,24,8,88,88,72,72,72,54,95,95,90,90,65,59,69,69,69,54,41,105,105,92,83,56,56,56,56,62,43,43,43,43,0,0,0],"gold":17,"neow_bonus":"TEN_PERCENT_HP_BONUS","is_daily":false,"chose_seed":false,"campfire_upgraded":6,"win_rate":0.0,"timestamp":1610760237,"path_taken":["R","M","$","?","?","M","T","R","M","M","E","R","E","$","M","BOSS","R","?","?","?","M","AVR","T","M","M","E","M","R","?","?","M","BOSS","R","M","?","?","AVR","?","T","M","?","R","?","$","E"],"items_purchased_type":["Card","Card","Relic","Relic","Card","Card","Potion","Potion","Card"],"build_version":"2020-12-22","purchased_purges":0,"victory":false,"max_hp_per_floor":[88,88,88,88,88,88,88,88,88,88,88,88,88,88,88,88,88,88,88,88,88,88,95,95,95,95,95,95,105,105,105,105,105,105,105,105,105,105,105,105,105,105,105,105,105,105,105,105,105],"card_choices":[{"not_picked":["Guardian:RollAttack","Guardian:FloatingOrbs"],"picked":"Guardian:Gem_Cyan","floor":2},{"not_picked":["Guardian:BodySlam","Guardian:CrystalBeam"],"picked":"Guardian:ChargeCore","floor":3},{"not_picked":["Guardian:BodySlam","Guardian:Incinerate"],"picked":"Guardian:Gem_Red","floor":5},{"not_picked":["Guardian:PrismaticBarrier","Guardian:PiercingHide"],"picked":"Guardian:ShieldCharger","floor":6},{"not_picked":["Guardian:EvasiveProtocol","Guardian:SpikerProtocol"],"picked":"Guardian:GuardianWhirl","floor":9},{"not_picked":["Guardian:Suspension","Guardian:ChargeCore"],"picked":"Guardian:WalkerClaw","floor":10},{"not_picked":["Guardian:GuardianWhirl","Guardian:Gem_Crimson"],"picked":"Guardian:DonusPower","floor":11},{"not_picked":["Guardian:SphericShield","Guardian:TemporalShield"],"picked":"Guardian:BodySlam","floor":13},{"not_picked":["Guardian:Gem_Cyan","Guardian:TimeCapacitor"],"picked":"Guardian:RefractedBeam","floor":14},{"not_picked":["Guardian:BodySlam","Guardian:GuardianWhirl"],"picked":"Guardian:Gem_Cyan","floor":15},{"not_picked":["Guardian:FastForward","Guardian:BaubleBeam"],"picked":"Guardian:Gem_Synthetic","floor":16},{"not_picked":["Guardian:FloatingOrbs","Guardian:WalkerClaw+1"],"picked":"Guardian:PolyBeam+1","floor":22},{"not_picked":["Guardian:ArmoredProtocol","Guardian:Harden"],"picked":"Guardian:Gem_Green","floor":25},{"not_picked":["Guardian:Gem_Red","Guardian:EvasiveProtocol+1"],"picked":"Guardian:Gem_Lightblue","floor":26},{"not_picked":["Guardian:EvasiveProtocol","Guardian:Clone"],"picked":"Guardian:Preprogram","floor":27},{"not_picked":["Guardian:Reroute","Guardian:Gem_Cyan"],"picked":"Guardian:Gem_Blue","floor":28},{"not_picked":["Guardian:Preprogram","Guardian:Emergency"],"picked":"Guardian:Gem_Crimson","floor":32},{"not_picked":["Guardian:BaubleBeam","Guardian:RevengeProtocol"],"picked":"Guardian:StasisStrike","floor":33},{"not_picked":["Guardian:WalkerClaw+1","Guardian:RollAttack"],"picked":"Guardian:CrystalBeam","floor":36},{"not_picked":["Guardian:Gem_Cyan","Guardian:EvasiveProtocol"],"picked":"Guardian:Gem_Yellow","floor":37},{"not_picked":["hubris:Rewind","infinitespire:Fortify"],"picked":"infinitespire:Execution","floor":38},{"not_picked":["Guardian:EvasiveProtocol+1","Guardian:BodySlam+1"],"picked":"Guardian:ChargeCore","floor":40},{"not_picked":["Guardian:Gem_Green","Guardian:StasisStrike"],"picked":"Guardian:Suspension","floor":42},{"not_picked":["Guardian:Gem_Green","Guardian:Repulse+1"],"picked":"Guardian:BronzeOrb","floor":43},{"not_picked":["expansioncontent:Chronoboost","expansioncontent:Hexaburn"],"picked":"expansioncontent:LastStand","floor":45}],"player_experience":240581,"relics_obtained":[{"floor":7,"key":"infinitespire:FocusingShard"},{"floor":11,"key":"Anchor"},{"floor":13,"key":"War Paint"},{"floor":27,"key":"Matryoshka"},{"floor":31,"key":"downfall:GremlinWheel"},{"floor":41,"key":"Whetstone"},{"floor":41,"key":"Mercury Hourglass"},{"floor":44,"key":"Omamori"}],"event_choices":[{"damage_healed":0,"gold_gain":0,"player_choice":"Ignored","damage_taken":0,"max_hp_gain":0,"max_hp_loss":0,"event_name":"Vampires","floor":30,"gold_loss":0},{"damage_healed":0,"gold_gain":0,"player_choice":"Relic","damage_taken":0,"max_hp_gain":0,"max_hp_loss":0,"event_name":"Wheel of Change","floor":44,"gold_loss":0}],"is_beta":false,"boss_relics":[{"not_picked":["Snecko Eye","hubris:HollowSoul"],"picked":"bronze:MakeshiftBattery"},{"not_picked":["hubris:RunicObelisk","Runic Dome"],"picked":"Guardian:StasisSlotReductionRelic"}],"items_purged_floors":[],"is_endless":false,"potions_floor_spawned":[2,5,10,28,31,32,37,42],"killed_by":"Reptomancer","ascension_level":0}}