{"host":"cjhtzh7tp54jdfyv","time":1610823021,"event":{"mods":["AchievementEnabler","BaseMod","Colored Map","Colored Powertips","Curses Come First","DeckTracker","Filter the Spire","Minty Spire (QoL Compilation)","RNG Fix","Relic Sorter","Relic Stats","StSLib","UnlockEverythingMod","ojb\u0027s Better Paths Mod","ojb\u0027s Info Mod"],"gold_per_floor":[11,11,26,42,54,54,83,83,107,132,132,132,132],"floor_reached":12,"language":"ENG","playtime":795,"items_purged":[],"score":176,"play_id":"cd40d14a-96b3-4960-8d13-0d561586f335","local_time":"20210116135021","is_ascension_mode":true,"campfire_choices":[{"floor":6.0,"key":"REST"},{"floor":8.0,"key":"REST"},{"data":"Calculated Gamble","floor":11,"key":"SMITH"}],"circlet_count":0,"master_deck":["AscendersBane","Strike_G","Strike_G","Strike_G","Strike_G","Strike_G","Defend_G","Defend_G","Defend_G","Defend_G","Defend_G","Survivor","Neutralize","Eviscerate","Blade Dance","Calculated Gamble+1","All Out Attack","Adrenaline"],"relics":["Ring of the Snake","Turnip","Question Card","Peace Pipe","Lantern","Strawberry"],"acts_visited":["Exordium"],"potions_floor_usage":[],"damage_taken":[{"damage":13.0,"enemies":"Jaw Worm","floor":1.0,"turns":7.0},{"damage":0.0,"enemies":"Cultist","floor":3.0,"turns":3.0},{"damage":0.0,"enemies":"Small Slimes","floor":4.0,"turns":2.0},{"damage":12.0,"enemies":"Exordium Thugs","floor":5.0,"turns":4.0},{"damage":13.0,"enemies":"Lagavulin","floor":7.0,"turns":6.0},{"damage":7.0,"enemies":"3 Sentries","floor":10.0,"turns":6.0},{"damage":50,"enemies":"Lagavulin","floor":12,"turns":6}],"seed_played":"-4351877934522408518","potions_obtained":[{"floor":1.0,"key":"Explosive Potion"},{"floor":3.0,"key":"Strength Potion"},{"floor":5.0,"key":"SpeedPotion"}],"is_trial":false,"path_per_floor":["M","?","M","M","M","R","E","R","T","E","R","E"],"character_chosen":"THE_SILENT","items_purchased":[],"campfire_rested":2,"item_purchase_floors":[],"current_hp_per_floor":[46,20,20,20,8,27,14,33,33,33,33,0,0],"gold":132,"neow_bonus":"ONE_RARE_RELIC","is_daily":false,"chose_seed":false,"campfire_upgraded":1,"win_rate":0.0,"timestamp":1610823021,"path_taken":["M","?","?","M","M","R","E","R","T","E","R","E"],"items_purchased_type":[],"build_version":"2020-12-22","purchased_purges":0,"victory":false,"max_hp_per_floor":[66,66,66,66,66,66,66,66,66,73,73,73,73],"relic_stats":{"Peace Pipe":0,"counters":[7,34],"Turnip":[3],"Question Card":6,"obtain_stats":[{"Peace Pipe":7,"Lantern":9,"Strawberry":10,"Turnip":0,"Question Card":2,"Ring of the Snake":0},{"Peace Pipe":5,"Lantern":5,"Strawberry":6,"Turnip":0,"Question Card":1,"Ring of the Snake":0},{"Peace Pipe":22,"Lantern":22,"Strawberry":28,"Turnip":0,"Question Card":7,"Ring of the Snake":0}],"Ring of the Snake":[14]},"card_choices":[{"not_picked":["Deadly Poison","Masterful Stab"],"picked":"Eviscerate","floor":1.0},{"not_picked":["Reflex","Catalyst","Deadly Poison"],"picked":"Blade Dance","floor":3.0},{"not_picked":["Concentrate","Expertise","Deflect"],"picked":"Calculated Gamble","floor":4.0},{"not_picked":["PiercingWail","Outmaneuver","Sucker Punch","Dodge and Roll"],"picked":"SKIP","floor":5.0},{"not_picked":["Cloak And Dagger","Escape Plan","Flying Knee"],"picked":"All Out Attack","floor":7.0},{"not_picked":["PiercingWail","Escape Plan","Calculated Gamble"],"picked":"Adrenaline","floor":10}],"player_experience":4392151,"relics_obtained":[{"floor":7.0,"key":"Peace Pipe"},{"floor":9.0,"key":"Lantern"},{"floor":10,"key":"Strawberry"}],"event_choices":[{"damage_healed":0.0,"max_hp_gain":0.0,"max_hp_loss":0.0,"gold_gain":0.0,"event_name":"Scrap Ooze","player_choice":"Success","floor":2.0,"gold_loss":0.0,"damage_taken":26.0,"relics_obtained":["Question Card"]}],"is_beta":false,"boss_relics":[],"items_purged_floors":[],"is_endless":false,"potions_floor_spawned":[1,3,5],"killed_by":"Lagavulin","ascension_level":20}}