{"host":"i0avyit1s6jb1siw","time":1610836658,"event":{"mods":["BaseMod","DeckTracker","Dota2Spire","Highlight Path","Minty Spire (QoL Compilation)","Quick Restart","StSLib","SuperFastMode"],"gold_per_floor":[118,43,118,118,137,137,149,178,178,195,195,211,24,37,37,112,112,126,176,51,67,67,67,67,67],"floor_reached":24,"language":"ENG","playtime":403,"items_purged":["Strike_G","Strike_G","Strike_G"],"score":392,"play_id":"4ccb3481-4af3-473e-b163-aaab0e878d3f","local_time":"20210116233738","is_ascension_mode":true,"campfire_choices":[{"data":"Bouncing Flask","floor":6,"key":"SMITH"},{"data":"Neutralize","floor":11,"key":"SMITH"},{"data":"Finisher","floor":15,"key":"SMITH"},{"floor":23,"key":"REST"}],"circlet_count":0,"master_deck":["AscendersBane","Strike_G","Strike_G","Defend_G","Defend_G","Defend_G","Defend_G","Defend_G","Survivor","Neutralize+1","Bouncing Flask+1","Masterful Stab","All Out Attack","Heel Hook","Reflex","Blade Dance","Finisher+1","Infinite Blades","Backflip","Footwork"],"relics":["Philosopher\u0027s Stone","Eternal Feather","Dota2Spire:BattleFury","SlaversCollar"],"acts_visited":["TheCity"],"potions_floor_usage":[8,16,21,24],"damage_taken":[{"damage":0,"enemies":"2 Louse","floor":1,"turns":3},{"damage":8,"enemies":"Small Slimes","floor":5,"turns":3},{"damage":0,"enemies":"Cultist","floor":7,"turns":3},{"damage":9,"enemies":"Lagavulin","floor":8,"turns":4},{"damage":4,"enemies":"Blue Slaver","floor":10,"turns":3},{"damage":0,"enemies":"Lots of Slimes","floor":12,"turns":1},{"damage":2,"enemies":"Exordium Thugs","floor":14,"turns":3},{"damage":36,"enemies":"The Guardian","floor":16,"turns":10},{"damage":27,"enemies":"2 Thieves","floor":18,"turns":4},{"damage":15,"enemies":"3 Byrds","floor":21,"turns":3},{"damage":44,"enemies":"Book of Stabbing","floor":24,"turns":4}],"seed_played":"-1672939241744644789","potions_obtained":[{"floor":7,"key":"BlessingOfTheForge"},{"floor":8,"key":"Swift Potion"},{"floor":14,"key":"BlessingOfTheForge"},{"floor":21,"key":"Dota2Spire:Clarity"}],"is_trial":false,"path_per_floor":["M","$","?","?","M","R","M","E","T","M","R","M","$","M","R","B",null,"M","?","$","M","?","R","E"],"character_chosen":"THE_SILENT","items_purchased":["Infinite Blades"],"campfire_rested":1,"item_purchase_floors":[13],"current_hp_per_floor":[59,59,48,48,40,40,40,31,31,27,36,36,36,34,43,7,51,24,24,24,9,9,40,0,0],"gold":67,"neow_bonus":"BOSS_RELIC","is_daily":false,"chose_seed":false,"campfire_upgraded":3,"win_rate":0.0,"timestamp":1610836658,"path_taken":["M","$","?","?","M","R","M","E","T","M","R","M","$","M","R","BOSS","M","?","$","M","?","R","E"],"items_purchased_type":["Card"],"build_version":"2020-12-22","purchased_purges":3,"victory":false,"max_hp_per_floor":[66,66,66,66,66,66,66,66,66,66,66,66,66,66,66,66,66,66,66,66,66,66,66,66,66],"card_choices":[{"not_picked":["Prepared","Bane"],"picked":"Bouncing Flask","floor":1},{"not_picked":["Sucker Punch","Noxious Fumes"],"picked":"All Out Attack","floor":5},{"not_picked":["Quick Slash","Dodge and Roll"],"picked":"Heel Hook","floor":7},{"not_picked":["Bouncing Flask","Tools of the Trade"],"picked":"Reflex","floor":8},{"not_picked":["Deadly Poison","Dagger Throw"],"picked":"Blade Dance","floor":10},{"not_picked":["Dagger Throw","Cloak And Dagger"],"picked":"Finisher","floor":12},{"not_picked":["Skewer","Outmaneuver","Masterful Stab"],"picked":"SKIP","floor":14},{"not_picked":["Calculated Gamble","Slice"],"picked":"Backflip","floor":18},{"not_picked":["Setup","Well Laid Plans"],"picked":"Footwork","floor":21}],"player_experience":2267043,"relics_obtained":[{"floor":8,"key":"Eternal Feather"},{"floor":9,"key":"Dota2Spire:BattleFury"}],"event_choices":[{"damage_healed":0,"gold_gain":75,"player_choice":"Gather Gold","damage_taken":11,"max_hp_gain":0,"max_hp_loss":0,"event_name":"World of Goop","floor":3,"gold_loss":0},{"damage_healed":0,"gold_gain":0,"player_choice":"1 cards matched","damage_taken":0,"max_hp_gain":0,"max_hp_loss":0,"event_name":"Match and Keep!","floor":4,"gold_loss":0,"cards_obtained":["Masterful Stab"]},{"damage_healed":0,"gold_gain":50,"player_choice":"Stole From Cult","damage_taken":0,"max_hp_gain":0,"max_hp_loss":0,"event_name":"Nest","floor":19,"gold_loss":0},{"damage_healed":0,"gold_gain":0,"player_choice":"0 cards matched","damage_taken":0,"max_hp_gain":0,"max_hp_loss":0,"event_name":"Match and Keep!","floor":22,"gold_loss":0,"cards_obtained":[]}],"is_beta":false,"boss_relics":[{"not_picked":["Tiny House","Busted Crown"],"picked":"SlaversCollar"}],"items_purged_floors":[2,13,20],"is_endless":false,"potions_floor_spawned":[7,8,14,21],"killed_by":"Book of Stabbing","ascension_level":20}}