{"host":"dwqr8rfkubzfvfti","time":1610756337,"event":{"mods":["BaseMod","Colored Map","Colored Powertips","Minty Spire (QoL Compilation)","Rare Cards Sparkle","Relic Stats"],"gold_per_floor":[110,122,122,137,148,148,178,178,178,206,133,147,147,158,158,259,259,273,123,49,59,77,77,109,109,136,161,16,35,35,49,49,49,49],"floor_reached":33,"language":"ENG","playtime":1331,"items_purged":[],"score":401,"play_id":"4681e508-9d9b-478c-8241-e75c4ff15db5","local_time":"20210115191857","is_ascension_mode":true,"campfire_choices":[{"data":"Neutralize","floor":6.0,"key":"SMITH"},{"floor":8.0,"key":"REST"},{"floor":15.0,"key":"REST"},{"floor":23,"key":"REST"},{"floor":25,"key":"REST"},{"floor":30,"key":"REST"},{"floor":32,"key":"REST"}],"circlet_count":0,"master_deck":["AscendersBane","Strike_G","Strike_G","Strike_G","Strike_G","Strike_G","Defend_G","Defend_G","Defend_G","Defend_G","Defend_G","Survivor","Neutralize+1","Deadly Poison","Blur","All Out Attack","Choke","Dagger Throw","Terror","Poisoned Stab","Adrenaline","Caltrops","Well Laid Plans","Underhanded Strike+1","Dagger Throw"],"relics":["SlaversCollar","Odd Mushroom","HornCleat","Mummified Hand","Singing Bowl","HoveringKite","Lantern","InkBottle","Nunchaku","Anchor","PreservedInsect"],"acts_visited":["Exordium","TheCity"],"potions_floor_usage":[24,24,33,33],"damage_taken":[{"damage":24.0,"enemies":"Jaw Worm","floor":1.0,"turns":10.0},{"damage":4.0,"enemies":"Small Slimes","floor":2.0,"turns":4.0},{"damage":1.0,"enemies":"Cultist","floor":4.0,"turns":4.0},{"damage":1.0,"enemies":"Red Slaver","floor":5.0,"turns":5.0},{"damage":14.0,"enemies":"The Mushroom Lair","floor":7.0,"turns":5.0},{"damage":8.0,"enemies":"Gremlin Nob","floor":10.0,"turns":4.0},{"damage":6.0,"enemies":"Looter","floor":12.0,"turns":3.0},{"damage":14.0,"enemies":"Exordium Wildlife","floor":14.0,"turns":4.0},{"damage":15.0,"enemies":"Slime Boss","floor":16.0,"turns":5.0},{"damage":18,"enemies":"Shell Parasite","floor":18,"turns":6},{"damage":16,"enemies":"3 Byrds","floor":21,"turns":4},{"damage":11,"enemies":"Centurion and Healer","floor":22,"turns":6},{"damage":17,"enemies":"Gremlin Leader","floor":24,"turns":7},{"damage":38,"enemies":"Shelled Parasite and Fungi","floor":29,"turns":6},{"damage":9,"enemies":"Snake Plant","floor":31,"turns":4},{"damage":58,"enemies":"Automaton","floor":33,"turns":10}],"seed_played":"4995883091043935913","potions_obtained":[{"floor":1.0,"key":"SpeedPotion"},{"floor":7.0,"key":"DistilledChaos"},{"floor":10.0,"key":"Energy Potion"},{"floor":14.0,"key":"GhostInAJar"},{"floor":16.0,"key":"Dexterity Potion"},{"floor":18,"key":"Swift Potion"},{"floor":31,"key":"PowerPotion"}],"is_trial":false,"path_per_floor":["M","M","?","M","M","R","?","R","T","E","$","M","T","M","R","B",null,"M","$","$","M","M","R","E","R","T","T","$","M","R","M","R","B"],"character_chosen":"THE_SILENT","items_purchased":["Terror","Lantern","Well Laid Plans","PreservedInsect"],"campfire_rested":6,"item_purchase_floors":[11,19,20,28],"current_hp_per_floor":[39,35,58,57,56,56,42,63,63,55,55,49,49,37,58,43,65,47,47,47,31,22,44,27,49,49,49,49,13,35,28,51,0,0],"gold":49,"neow_bonus":"BOSS_RELIC","is_daily":false,"chose_seed":false,"campfire_upgraded":1,"win_rate":0.0,"timestamp":1610756337,"path_taken":["M","M","?","M","M","R","?","R","T","E","$","M","?","M","R","BOSS","M","?","$","M","?","R","E","R","T","?","$","M","R","M","R","BOSS"],"items_purchased_type":["Card","Relic","Card","Relic"],"build_version":"2020-12-22","purchased_purges":0,"victory":false,"max_hp_per_floor":[70,70,70,70,70,70,70,70,70,70,70,70,70,72,72,72,72,72,72,72,72,74,74,74,74,74,74,74,76,76,78,78,78,78],"relic_stats":{"Nunchaku":[4],"Singing Bowl":8,"counters":[16,87],"Mummified Hand":[13],"HoveringKite":[24],"PreservedInsect":0,"obtain_stats":[{"SlaversCollar":0,"Lantern":19,"Nunchaku":26,"Anchor":27,"HornCleat":9,"Singing Bowl":13,"Mummified Hand":10,"HoveringKite":17,"PreservedInsect":28,"Odd Mushroom":7,"InkBottle":24,"Ring of the Snake":0},{"SlaversCollar":0,"Lantern":10,"Nunchaku":13,"Anchor":13,"HornCleat":5,"Singing Bowl":7,"Mummified Hand":6,"HoveringKite":9,"PreservedInsect":13,"Odd Mushroom":5,"InkBottle":13,"Ring of the Snake":0},{"SlaversCollar":0,"Lantern":50,"Nunchaku":67,"Anchor":67,"HornCleat":28,"Singing Bowl":35,"Mummified Hand":32,"HoveringKite":44,"PreservedInsect":67,"Odd Mushroom":28,"InkBottle":67,"Ring of the Snake":0}],"InkBottle":[8]},"card_choices":[{"not_picked":["Escape Plan","Deflect"],"picked":"Deadly Poison","floor":1.0},{"not_picked":["Dagger Spray","Crippling Poison"],"picked":"Blur","floor":2.0},{"not_picked":["Masterful Stab","Escape Plan"],"picked":"All Out Attack","floor":4.0},{"not_picked":["Quick Slash","Outmaneuver"],"picked":"Choke","floor":5.0},{"not_picked":["PiercingWail","Underhanded Strike"],"picked":"Dagger Throw","floor":7.0},{"not_picked":["Distraction","Quick Slash","Outmaneuver"],"picked":"SKIP","floor":10.0},{"not_picked":["Slice","Outmaneuver"],"picked":"Poisoned Stab","floor":12.0},{"not_picked":["Deadly Poison","Predator","Escape Plan"],"picked":"Singing Bowl","floor":14.0},{"not_picked":["Malaise","Bullet Time"],"picked":"Adrenaline","floor":16.0},{"not_picked":["Setup+1","Outmaneuver"],"picked":"Caltrops","floor":18},{"not_picked":["Dagger Spray","All Out Attack"],"picked":"Underhanded Strike+1","floor":21},{"not_picked":["Dagger Throw","Deflect","Predator"],"picked":"Singing Bowl","floor":22},{"not_picked":["Underhanded Strike","Flying Knee"],"picked":"Dagger Throw","floor":24},{"not_picked":["Terror","Slice","Accuracy+1"],"picked":"Singing Bowl","floor":29},{"not_picked":["Flechettes+1","Quick Slash","Reflex"],"picked":"Singing Bowl","floor":31}],"player_experience":485684,"relics_obtained":[{"floor":7.0,"key":"Odd Mushroom"},{"floor":9.0,"key":"HornCleat"},{"floor":10.0,"key":"Mummified Hand"},{"floor":13.0,"key":"Singing Bowl"},{"floor":24,"key":"InkBottle"},{"floor":26,"key":"Nunchaku"},{"floor":27,"key":"Anchor"}],"event_choices":[{"damage_healed":23.0,"max_hp_gain":0.0,"max_hp_loss":0.0,"gold_gain":0.0,"event_name":"Big Fish","player_choice":"Banana","floor":3.0,"gold_loss":0.0,"damage_taken":0.0},{"damage_healed":0.0,"max_hp_gain":0.0,"max_hp_loss":0.0,"gold_gain":0.0,"event_name":"Mushrooms","player_choice":"Fought Mushrooms","floor":7.0,"gold_loss":0.0,"damage_taken":0.0}],"is_beta":false,"boss_relics":[{"not_picked":["Snecko Eye","Runic Pyramid"],"picked":"HoveringKite"}],"items_purged_floors":[],"is_endless":false,"potions_floor_spawned":[1,7,10,14,16,18,31],"killed_by":"Automaton","ascension_level":10}}