{"host":"mai03x2ekbjy4059","time":1610761503,"event":{"mods":["2.2 Compatiblity","BaseMod","DeckTracker","Highlight Path","Keyboard Shortcuts","Minty Spire (QoL Compilation)","Permanent Neow","Quick Restart","SuperFastMode","everything is the same but u backflip on backflip"],"gold_per_floor":[116,116,116,139,89,123,123,123,169,204,204,235,251,69,69,197,197,212,212,237,60,78,78,112,112,112,147,22,45,385,385,385,485,485,505,505,517,517,532,563,563,596,623,634,649,683,700,727,727,727,727,727,91,119,119],"floor_reached":56,"language":"KOR","playtime":1905,"items_purged":["Strike_G","Strike_G","Strike_G","Unload+1"],"score":1576,"play_id":"55e7f0b4-0a75-4ecb-9bcf-4744aafaca2c","local_time":"20210116104503","is_ascension_mode":true,"campfire_choices":[{"floor":7.0,"key":"REST"},{"data":"Bouncing Flask","floor":11.0,"key":"SMITH"},{"data":"Catalyst","floor":15.0,"key":"SMITH"},{"data":"Burst","floor":25.0,"key":"SMITH"},{"data":"Corpse Explosion","floor":32.0,"key":"SMITH"},{"data":"Madness","floor":41.0,"key":"SMITH"},{"floor":49,"key":"RECALL"},{"data":"Deadly Poison","floor":52,"key":"SMITH"}],"circlet_count":0,"master_deck":["Defend_G","Survivor+1","Neutralize","Deadly Poison+1","Bouncing Flask+1","Adrenaline+1","Catalyst+1","Blur","Burst+1","PiercingWail","Footwork+1","Noxious Fumes+1","Noxious Fumes+1","Corpse Explosion+1","Dodge and Roll+1","Doppelganger+1","Blur","Madness+1","Madness+1","Backflip","After Image+1","Deflect+1","Panache+1","Blur+1"],"relics":["Ring of the Serpent","Bloody Idol","Meat on the Bone","Frozen Egg 2","War Paint","Toy Ornithopter","Question Card","Blue Candle","Ginger","Old Coin","Astrolabe","Darkstone Periapt","Ancient Tea Set","Bag of Preparation","Letter Opener","Vajra","Art of War","Strawberry","Gremlin Horn"],"acts_visited":["Exordium","TheCity","TheBeyond","TheEnding"],"potions_floor_usage":[42,42,55,55,55,55,55,55],"damage_taken":[{"damage":1.0,"enemies":"2 Louse","floor":1.0,"turns":3.0},{"damage":0.0,"enemies":"Small Slimes","floor":4.0,"turns":3.0},{"damage":33.0,"enemies":"Gremlin Nob","floor":6.0,"turns":5.0},{"damage":18.0,"enemies":"Lagavulin","floor":10.0,"turns":5.0},{"damage":14.0,"enemies":"3 Sentries","floor":12.0,"turns":8.0},{"damage":0.0,"enemies":"Cultist","floor":13.0,"turns":3.0},{"damage":17.0,"enemies":"Hexaghost","floor":16.0,"turns":5.0},{"damage":0.0,"enemies":"Spheric Guardian","floor":18.0,"turns":2.0},{"damage":10.0,"enemies":"3 Byrds","floor":20.0,"turns":5.0},{"damage":0.0,"enemies":"Centurion and Healer","floor":22.0,"turns":7.0},{"damage":0.0,"enemies":"Book of Stabbing","floor":24.0,"turns":5.0},{"damage":0.0,"enemies":"Gremlin Leader","floor":27.0,"turns":3.0},{"damage":0.0,"enemies":"3 Cultists","floor":29.0,"turns":6.0},{"damage":47.0,"enemies":"Slavers","floor":30.0,"turns":7.0},{"damage":22.0,"enemies":"Automaton","floor":33.0,"turns":5.0},{"damage":1.0,"enemies":"3 Shapes","floor":35.0,"turns":2.0},{"damage":6.0,"enemies":"Orb Walker","floor":37.0,"turns":4.0},{"damage":0.0,"enemies":"Maw","floor":39.0,"turns":6.0},{"damage":12.0,"enemies":"Giant Head","floor":40.0,"turns":4.0},{"damage":36,"enemies":"Reptomancer","floor":42,"turns":6},{"damage":27,"enemies":"4 Shapes","floor":44,"turns":4},{"damage":9,"enemies":"Transient","floor":45,"turns":5},{"damage":0,"enemies":"Giant Head","floor":46,"turns":4},{"damage":22,"enemies":"Spire Growth","floor":47,"turns":4},{"damage":0,"enemies":"Nemesis","floor":48,"turns":5},{"damage":0,"enemies":"Donu and Deca","floor":50,"turns":5},{"damage":12,"enemies":"Shield and Spear","floor":54,"turns":4},{"damage":35,"enemies":"The Heart","floor":55,"turns":8}],"seed_played":"-3965485623829012394","potions_obtained":[{"floor":1.0,"key":"Weak Potion"},{"floor":10.0,"key":"PowerPotion"},{"floor":18.0,"key":"SpeedPotion"},{"floor":20.0,"key":"AttackPotion"},{"floor":29.0,"key":"LiquidMemories"},{"floor":30.0,"key":"Swift Potion"},{"floor":33.0,"key":"Weak Potion"},{"floor":44,"key":"PowerPotion"},{"floor":46,"key":"EntropicBrew"}],"is_trial":false,"path_per_floor":["M","?","?","M","?","E","R","T","T","E","R","E","M","$","R","B",null,"M","?","M","$","M","?","E","R","T","E","$","M","E","?","R","B",null,"M","?","M","?","M","E","R","E","T","M","M","E","M","E","R","B",null,"R","$","E","B",null],"character_chosen":"THE_SILENT","items_purchased":["Catalyst","Blur","Footwork+1","Art of War","Strawberry","Panache+1"],"campfire_rested":1,"item_purchase_floors":[14,14,21,53,53,53],"current_hp_per_floor":[48,48,48,48,48,15,34,34,34,28,28,26,38,38,38,33,65,65,65,55,55,55,55,55,55,55,55,55,55,30,30,30,25,65,65,57,56,56,61,54,54,45,50,40,48,53,48,53,53,53,65,65,72,65,48],"gold":119,"neow_bonus":"REMOVE_TWO","is_daily":false,"chose_seed":false,"campfire_upgraded":6,"win_rate":0.0,"timestamp":1610761503,"path_taken":["M","?","?","?","?","E","R","?","T","E","R","E","M","$","R","BOSS","M","?","M","$","M","?","E","R","T","E","$","?","E","?","R","BOSS","M","?","M","?","M","E","R","E","T","M","M","E","M","E","R","BOSS","R","$","E","BOSS"],"items_purchased_type":["Card","Card","Card","Relic","Relic","Card"],"build_version":"2020-12-22","purchased_purges":4,"victory":true,"max_hp_per_floor":[70,65,65,65,65,65,65,65,65,65,65,65,65,65,65,65,65,65,65,65,65,65,65,65,65,65,65,65,65,65,65,65,65,65,65,65,65,65,65,65,65,65,65,65,65,65,65,65,65,65,65,65,72,72,72],"card_choices":[{"not_picked":["Setup","Dagger Spray","Flying Knee"],"picked":"SKIP","floor":1.0},{"not_picked":["Dagger Throw","Outmaneuver"],"picked":"Deadly Poison","floor":4.0},{"not_picked":["Cloak And Dagger","Heel Hook"],"picked":"Bouncing Flask","floor":6.0},{"not_picked":["Slice","Bane"],"picked":"Adrenaline","floor":10.0},{"not_picked":["Dagger Throw","Setup","Prepared"],"picked":"SKIP","floor":12.0},{"not_picked":["Blade Dance","Dagger Spray","Bane"],"picked":"SKIP","floor":13.0},{"not_picked":["Blade Dance","Dagger Spray","Bane"],"picked":"SKIP","floor":13.0},{"not_picked":["Storm of Steel","Tools of the Trade+1"],"picked":"Burst","floor":16.0},{"not_picked":["Flying Knee","Finisher"],"picked":"PiercingWail","floor":18.0},{"not_picked":["Acrobatics+1","Predator","Cloak And Dagger"],"picked":"SKIP","floor":20.0},{"not_picked":["Deadly Poison","Bane","Dagger Spray"],"picked":"SKIP","floor":22.0},{"not_picked":["Sucker Punch","Die Die Die","Bane"],"picked":"SKIP","floor":24.0},{"not_picked":["Quick Slash","Backflip","Concentrate"],"picked":"Noxious Fumes+1","floor":27.0},{"not_picked":["Cloak And Dagger","Dash","Acrobatics"],"picked":"Noxious Fumes+1","floor":29.0},{"not_picked":["Slice+1","Cloak And Dagger+1","Endless Agony"],"picked":"Corpse Explosion","floor":30.0},{"not_picked":["Choke","Deflect+1","Deadly Poison+1"],"picked":"Blur","floor":35.0},{"not_picked":["Deadly Poison+1","A Thousand Cuts+1","Tactician"],"picked":"Backflip","floor":37.0},{"not_picked":["Sucker Punch","Terror","Distraction+1","Blade Dance+1"],"picked":"SKIP","floor":39.0},{"not_picked":["Acrobatics+1","Choke","Flechettes+1","PiercingWail+1"],"picked":"SKIP","floor":40.0},{"not_picked":["Bouncing Flask","Blade Dance","Prepared+1"],"picked":"After Image+1","floor":42},{"not_picked":["Acrobatics+1","Flechettes+1","Deadly Poison","Heel Hook+1"],"picked":"SKIP","floor":44},{"not_picked":["Dodge and Roll","Calculated Gamble","Dagger Throw+1"],"picked":"Deflect+1","floor":45},{"not_picked":["Leg Sweep+1","Dagger Throw","Flechettes","Infinite Blades+1"],"picked":"SKIP","floor":46},{"not_picked":["Flying Knee","Slice+1","Accuracy+1","Deadly Poison"],"picked":"SKIP","floor":47},{"not_picked":["Riddle With Holes+1","Setup+1","Quick Slash","Doppelganger"],"picked":"SKIP","floor":48},{"not_picked":["Dodge and Roll","Acrobatics","Expertise"],"picked":"Blur+1","floor":54}],"player_experience":1039993,"relics_obtained":[{"floor":6.0,"key":"Meat on the Bone"},{"floor":8.0,"key":"Frozen Egg 2"},{"floor":10.0,"key":"War Paint"},{"floor":12.0,"key":"Toy Ornithopter"},{"floor":24.0,"key":"Question Card"},{"floor":26.0,"key":"Blue Candle"},{"floor":27.0,"key":"Ginger"},{"floor":30.0,"key":"Old Coin"},{"floor":40.0,"key":"Darkstone Periapt"},{"floor":42,"key":"Ancient Tea Set"},{"floor":43,"key":"Bag of Preparation"},{"floor":46,"key":"Letter Opener"},{"floor":48,"key":"Vajra"},{"floor":54,"key":"Gremlin Horn"}],"event_choices":[{"damage_healed":0.0,"max_hp_gain":0.0,"max_hp_loss":5.0,"gold_gain":0.0,"event_name":"Golden Idol","player_choice":"Lose Max HP","floor":2.0,"gold_loss":0.0,"damage_taken":0.0,"relics_obtained":["Golden Idol"]},{"damage_healed":0.0,"max_hp_gain":0.0,"max_hp_loss":0.0,"gold_gain":0.0,"event_name":"The Woman in Blue","player_choice":"Bought 0 Potions","floor":3.0,"gold_loss":0.0,"damage_taken":0.0},{"cards_removed":["Strike_G"],"damage_healed":0.0,"max_hp_gain":0.0,"max_hp_loss":0.0,"gold_gain":0.0,"event_name":"The Cleric","player_choice":"Card Removal","floor":5.0,"gold_loss":50.0,"damage_taken":0.0},{"damage_healed":0.0,"max_hp_gain":0.0,"max_hp_loss":0.0,"gold_gain":0.0,"event_name":"Ghosts","player_choice":"Ignored","floor":19.0,"gold_loss":0.0,"damage_taken":0.0},{"damage_healed":0.0,"max_hp_gain":0.0,"max_hp_loss":0.0,"gold_gain":0.0,"event_name":"NoteForYourself","player_choice":"Ignored","floor":23.0,"gold_loss":0.0,"damage_taken":0.0},{"damage_healed":0.0,"max_hp_gain":0.0,"max_hp_loss":0.0,"gold_gain":0.0,"event_name":"Forgotten Altar","player_choice":"Gave Idol","floor":31.0,"relics_lost":["Golden Idol"],"gold_loss":0.0,"damage_taken":0.0,"relics_obtained":["Bloody Idol"]},{"damage_healed":0.0,"max_hp_gain":0.0,"max_hp_loss":0.0,"gold_gain":0.0,"event_name":"Winding Halls","player_choice":"Embrace Madness","floor":36.0,"gold_loss":0.0,"damage_taken":8.0,"cards_obtained":["Madness","Madness"]},{"damage_healed":0.0,"max_hp_gain":0.0,"max_hp_loss":0.0,"gold_gain":0.0,"event_name":"Upgrade Shrine","player_choice":"Upgraded","floor":38.0,"gold_loss":0.0,"damage_taken":0.0,"cards_upgraded":["Madness"]}],"is_beta":false,"boss_relics":[{"not_picked":["Velvet Choker","Coffee Dripper"],"picked":"Ring of the Serpent"},{"not_picked":["SlaversCollar","Fusion Hammer"],"picked":"Astrolabe"}],"items_purged_floors":[14,21,28,53],"is_endless":false,"potions_floor_spawned":[1,10,18,20,29,30,33,37,44,46,48],"ascension_level":1}}