{"host":"1pwde2j81wdvsae3","time":1610793095,"event":{"mods":["BaseMod","Minty Spire (QoL Compilation)","Replay The Spire","Shop Mod","StSLib"],"gold_per_floor":[138,138,172,189,189,189,0,31,54,54,84,84,84,97,97,188,188,208,220,220,234,254,254],"floor_reached":22,"language":"ZHS","playtime":653,"items_purged":[],"score":320,"play_id":"43cfc2e4-f3be-46cf-b2b7-84a04012baf5","local_time":"20210116183135","is_ascension_mode":true,"campfire_choices":[{"data":"Searing Blow","floor":6.0,"key":"SMITH"},{"floor":10.0,"key":"REST"},{"data":"Searing Blow+1","floor":12.0,"key":"SMITH"},{"data":"Searing Blow+2","floor":15.0,"key":"SMITH"}],"circlet_count":0,"master_deck":["AscendersBane","Strike_R","Strike_R","Strike_R","Strike_R","Defend_R","Defend_R","Defend_R","Defend_R","HandOfGreed","Rampage","Second Wind","Searing Blow+4","Life Link+1","Iron Wave","Cleave","Fiend Fire","Metallicize","Barricade","Armaments+1","ReplayTheSpireMod:Muscle Training","Burning Pact"],"relics":["Burning Blood","ClockworkSouvenir","Vajra","Red Skull","Strawberry","ChewingGum"],"acts_visited":["Exordium","TheCity"],"potions_floor_usage":[16,16],"damage_taken":[{"damage":10.0,"enemies":"Small Slimes","floor":1.0,"turns":5.0},{"damage":1.0,"enemies":"Cultist","floor":3.0,"turns":4.0},{"damage":7.0,"enemies":"Jaw Worm","floor":4.0,"turns":3.0},{"damage":19.0,"enemies":"Gremlin Nob","floor":8.0,"turns":4.0},{"damage":15.0,"enemies":"Replay:BlueRogue","floor":11.0,"turns":5.0},{"damage":8.0,"enemies":"Large Slime","floor":14.0,"turns":5.0},{"damage":30,"enemies":"Slime Boss","floor":16,"turns":5},{"damage":37,"enemies":"3 Byrds","floor":18,"turns":6},{"damage":11,"enemies":"Spheric Guardian","floor":19,"turns":3},{"damage":11,"enemies":"Snake Plant","floor":21,"turns":3},{"damage":48,"enemies":"Shelled Parasite and Fungi","floor":22,"turns":4}],"seed_played":"-8361160890513331616","potions_obtained":[{"floor":4.0,"key":"Adrenaline Potion"},{"floor":11.0,"key":"PowerPotion"},{"floor":16,"key":"EssenceOfSteel"}],"is_trial":false,"path_per_floor":["M","?","M","M","?","R","$","E","T","R","E","R","?","M","R","B",null,"M","M","?","M","M"],"character_chosen":"IRONCLAD","items_purchased":["ClockworkSouvenir","Iron Wave"],"campfire_rested":1,"item_purchase_floors":[7,7],"current_hp_per_floor":[47,47,52,51,51,51,51,38,38,62,60,60,65,63,63,39,79,48,43,43,38,0,0],"gold":254,"neow_bonus":"RANDOM_COLORLESS_2","is_daily":false,"chose_seed":false,"campfire_upgraded":3,"win_rate":0.0,"timestamp":1610793095,"path_taken":["M","?","?","M","?","R","$","E","T","R","E","R","?","M","R","BOSS","M","M","?","?","M"],"items_purchased_type":["Relic","Card"],"build_version":"2020-12-22","purchased_purges":0,"victory":false,"max_hp_per_floor":[80,80,80,80,80,80,80,80,80,80,87,87,92,92,92,92,92,92,92,92,92,92,92],"card_choices":[{"not_picked":["Poisoned Strike","Midas Touch"],"picked":"HandOfGreed","floor":0.0},{"not_picked":["Cleave","Body Slam"],"picked":"Rampage","floor":1.0},{"not_picked":["Clothesline","Warcry"],"picked":"Second Wind","floor":3.0},{"not_picked":["Heavy Blade","Warcry"],"picked":"Searing Blow","floor":4.0},{"not_picked":["Havoc","Rampage"],"picked":"Cleave","floor":8.0},{"not_picked":["True Grit","Body Slam"],"picked":"Fiend Fire","floor":11.0},{"not_picked":["Body Slam","Wild Strike"],"picked":"Metallicize","floor":14.0},{"not_picked":["Juggernaut","Immolate"],"picked":"Barricade","floor":16},{"not_picked":["Replay:Undeath\u0027s Touch","Defy Death"],"picked":"Armaments+1","floor":18},{"not_picked":["Wild Strike","Run Through"],"picked":"ReplayTheSpireMod:Muscle Training","floor":19},{"not_picked":["ReplayTheSpireMod:Strike From Hell","True Grit"],"picked":"Burning Pact","floor":21}],"player_experience":212277,"relics_obtained":[{"floor":8.0,"key":"Vajra"},{"floor":9.0,"key":"Red Skull"},{"floor":11.0,"key":"Strawberry"}],"event_choices":[{"cards_removed":["Strike_R"],"damage_healed":0.0,"max_hp_gain":0.0,"max_hp_loss":0.0,"gold_gain":0.0,"event_name":"Wheel of Change","player_choice":"Card Removal","floor":2.0,"gold_loss":0.0,"damage_taken":0.0},{"damage_healed":0.0,"max_hp_gain":5.0,"max_hp_loss":0.0,"gold_gain":0.0,"event_name":"Big Fish","player_choice":"Donut","floor":13.0,"gold_loss":0.0,"damage_taken":0.0},{"damage_healed":0,"gold_gain":0,"player_choice":"Upgraded","damage_taken":0,"max_hp_gain":0,"max_hp_loss":0,"event_name":"Upgrade Shrine","floor":20,"gold_loss":0,"cards_upgraded":["Searing Blow"]}],"is_beta":false,"boss_relics":[{"not_picked":["Busted Crown","Calling Bell"],"picked":"ChewingGum"}],"items_purged_floors":[],"is_endless":false,"potions_floor_spawned":[4,11,14,16],"killed_by":"Shelled Parasite and Fungi","ascension_level":13}}