{"host":"o5or1zybx7au40zl","time":1610801124,"event":{"mods":["Act Like it!","Aspiration","BaseMod","Better Third Choice","Conspire","Dota2Spire","GungeonMod","Halation","Hubris","Infinite Spire","Minty Spire (QoL Compilation)","Replay The Spire","StSLib","The Jungle","Yuri Mod","vexMod"],"gold_per_floor":[111,111,111,121,121,147,159,179,179,212,225,245,245,258,258,365,365,393,91,113,136,136,178,198,240,288,288,313,349,377,477,477,582,582,611,620,636,657,657,682,714,732,732,397,420,461,472,481,481,585,585,605,613,623,623,641,665,682,650,703,748,748,766,779,476,476,578,578,590,604,632,632,646,672,672,691,716,716,722,732,743,755,764,841,841,850,859,902,909,916,961,1057,1057,1083,1109,1109,1129,1147,1165,1165,1260,1260,1286,1295,891,891,909,937,913,913,967,995,1002,1033,1033,1041,1041,1140,1140,1150,1163,255,270,275,291,291,323,323,346,351,357,357,360,360,444,444,461,470,481,488,500,512,512,527,575,587,606,4,11,37,37,103,103,103,395,791,851],"floor_reached":158,"language":"ENG","playtime":3601,"items_purged":["Defend_R","Defend_R","Madness"],"score":5793,"play_id":"22fb624f-f08e-4ef5-ab6d-808c90fe7a4b","local_time":"20210116134524","is_ascension_mode":true,"campfire_choices":[{"floor":13.0,"key":"RECALL"},{"data":"Perfected Strike","floor":15.0,"key":"SMITH"},{"floor":32.0,"key":"REST"},{"data":"DemoMod:Invincible","floor":49.0,"key":"SMITH"},{"floor":62.0,"key":"REST"},{"data":"hubris:Fate","floor":66.0,"key":"SMITH"},{"data":"infinitespire:Punishment","floor":78.0,"key":"SMITH"},{"floor":96,"key":"REST"},{"data":"Replay:Fractal Strike","floor":100,"key":"SMITH"},{"data":"Demon Form","floor":115,"key":"SMITH"},{"data":"Feed","floor":117,"key":"SMITH"},{"floor":126,"key":"REST"},{"data":"ReplayTheSpireMod:Limb From Limb","floor":134,"key":"SMITH"},{"data":"Perfected Strike","floor":143,"key":"SMITH"},{"data":"infinitespire:FinalStrike","floor":151,"key":"SMITH"},{"data":"Brutality","floor":154,"key":"SMITH"}],"circlet_count":0,"master_deck":["Strike_R","Strike_R","Strike_R","Strike_R","Strike_R","Bash","Pommel Strike","Pommel Strike","Spot Weakness+1","ReplayTheSpireMod:Limb From Limb+1","Infernal Blade","Perfected Strike+1","Bludgeon","infinitespire:OneForAll","Perfected Strike+1","ReplayTheSpireMod:LeadingStrike+1","Clothesline+1","ReplayTheSpireMod:Limb From Limb","Twin Strike","Wild Strike","hubris:StunningStrike","Perfected Strike+1","infinitespire:Punishment+1","Wild Strike","Heavy Blade+1","Madness","Pommel Strike+1","Twin Strike","DemoMod:Invincible+1","Immolate+1","Perfected Strike+1","Perfected Strike+1","Whirlwind+1","hubris:Fate+1","Twin Strike","Whirlwind+1","Twin Strike","Twin Strike","Feed","Writhe","Brutality+1","Perfected Strike+1","Replay:Fractal Strike+1","Twin Strike+1","Feed+1","Demon Form+1","Twin Strike","Double Tap+1","hubris:StunningStrike","Twin Strike","Twin Strike","Pommel Strike","Twin Strike","Perfected Strike+1","Feed","infinitespire:FinalStrike+1"],"relics":["Burning Blood","hubris:Icosahedron","halation:StarCompass","Replay:Bottled Snecko","hubris:SphereOfDissonance","CeramicFish","Painkiller Herb","Dota2Spire:Desolator","DemoMod:MeltedRock","Akabeko","hubris:Towel","aspiration:TomeofQuesting","hubris:Backtick","infinitespire:EmpoweringShard","Dota2Spire:RefresherOrb","vexMod:Cooldron","halation:PapillonHeart","Dota2Spire:ArmletOfMordiggian","hubris:Potato","infinitespire:BottledMercury","infinitespire:ShieldingShard","halation:Risk","StoneCalendar","betterThird:SlimedRelic","Dota2Spire:EchoSabre","DemoMod:Orange","Replay:Wax Seal","Dota2Spire:PhaseBoots","vexMod:ImprovementManual","Champion Belt","aspiration:HatOfInfinitePower","ReplayTheSpireMod:TigerMarble","hubris:TerracottaHorce","halation:Trompette","conspire:GiftBox","DemoMod:RingOfEthereal","hubris:CuriousFeather","Dota2Spire:ArcaneBoots","Dota2Spire:HeartOfTarrasque","hubris:Stopwatch","vexMod:BarristanHead","Self Forming Clay","Gremlin Food","betterThird:SlimedRelic","CultistMask","infinitespire:Lucky Rock","DemoMod:BlueGuonStone","Strawberry","hubris:VirtuousBlindfold","infinitespire:Joker Card","Replay:Lucky Slots","halation:TwoAmDonut","DemoMod:OrangeGuonStone","infinitespire:CheckeredPen","Bottled Flame","MealTicket","Lizard Tail","DemoMod:WaxWing","Bag of Preparation","infinitespire:WardingShard","War Paint","Bronze Scales","Thread and Needle","Chemical X","DemoMod:WeirdEgg","Replay:Towering Pillar of Hats","infinitespire:Cupcake","hubris:NiceRug","Dota2Spire:Dagon","Another Sword","halation:BottledHappiness","vexMod:FocusSash","DemoMod:GlassGuonStoneRelic"],"acts_visited":["Exordium","Exordium","TheBeyond","Exordium","Exordium","TheBeyond","Exordium","Exordium","TheBeyond","TheEnding"],"potions_floor_usage":[95,118,118,135,135,135,135,135,135,150,152,152,152,152,152,152,152],"damage_taken":[{"damage":2.0,"enemies":"conspire:RoseBush","floor":1.0,"turns":3.0},{"damage":2.0,"enemies":"2 Louse","floor":4.0,"turns":3.0},{"damage":31.0,"enemies":"Gremlin Nob","floor":6.0,"turns":4.0},{"damage":0.0,"enemies":"Cultist","floor":7.0,"turns":2.0},{"damage":13.0,"enemies":"conspire:2 RoseBushes","floor":8.0,"turns":4.0},{"damage":26.0,"enemies":"3 Sentries","floor":10.0,"turns":6.0},{"damage":0.0,"enemies":"2 Fungi Beasts","floor":11.0,"turns":2.0},{"damage":6.0,"enemies":"Blue Slaver","floor":12.0,"turns":2.0},{"damage":0.0,"enemies":"Looter","floor":14.0,"turns":1.0},{"damage":29.0,"enemies":"Hexaghost","floor":16.0,"turns":4.0},{"damage":23.0,"enemies":"theJungle:Flameango_and_Byrd","floor":18.0,"turns":3.0},{"damage":3.0,"enemies":"theJungle:MUSHROOMGANG","floor":20.0,"turns":4.0},{"damage":4.0,"enemies":"theJungle:2_Flameangoes","floor":21.0,"turns":4.0},{"damage":19.0,"enemies":"theJungle:Cassacara","floor":23.0,"turns":3.0},{"damage":0.0,"enemies":"theJungle:JungleHuntersEncounter","floor":24.0,"turns":3.0},{"damage":33.0,"enemies":"Nightmare","floor":25.0,"turns":6.0},{"damage":16.0,"enemies":"theJungle:Snecko_Cultist_And_Trap","floor":28.0,"turns":2.0},{"damage":0.0,"enemies":"theJungle:MamaSnecko","floor":29.0,"turns":2.0},{"damage":36.0,"enemies":"theJungle:2_Flameangoes","floor":30.0,"turns":4.0},{"damage":29.0,"enemies":"theJungle:QueenSpyder","floor":33.0,"turns":7.0},{"damage":9.0,"enemies":"3 Shapes","floor":35.0,"turns":2.0},{"damage":11.0,"enemies":"3 Darklings","floor":37.0,"turns":3.0},{"damage":0.0,"enemies":"Maw","floor":38.0,"turns":3.0},{"damage":7.0,"enemies":"Transient","floor":40.0,"turns":5.0},{"damage":13.0,"enemies":"Giant Head","floor":41.0,"turns":4.0},{"damage":0.0,"enemies":"Sphere and 2 Shapes","floor":45.0,"turns":3.0},{"damage":30.0,"enemies":"Reptomancer","floor":46.0,"turns":4.0},{"damage":0.0,"enemies":"Spire Growth","floor":47.0,"turns":2.0},{"damage":71.0,"enemies":"Donu and Deca","floor":50.0,"turns":7.0},{"damage":0.0,"enemies":"2 Louse","floor":52.0,"turns":1.0},{"damage":0.0,"enemies":"Small Slimes","floor":53.0,"turns":1.0},{"damage":0.0,"enemies":"Cultist","floor":54.0,"turns":1.0},{"damage":0.0,"enemies":"Large Slime","floor":56.0,"turns":1.0},{"damage":0.0,"enemies":"3 Sentries","floor":57.0,"turns":2.0},{"damage":0.0,"enemies":"Red Slaver","floor":58.0,"turns":1.0},{"damage":0.0,"enemies":"2 Fungi Beasts","floor":64.0,"turns":1.0},{"damage":0.0,"enemies":"Slime Boss","floor":67.0,"turns":1.0},{"damage":0.0,"enemies":"theJungle:5_Spyders","floor":69.0,"turns":2.0},{"damage":11.0,"enemies":"Shell Parasite","floor":70.0,"turns":2.0},{"damage":0.0,"enemies":"Snake Plant","floor":71.0,"turns":1.0},{"damage":0.0,"enemies":"theJungle:2_Snecko_Cultists","floor":73.0,"turns":1.0},{"damage":0.0,"enemies":"theJungle:Cassacara","floor":74.0,"turns":2.0},{"damage":0.0,"enemies":"theJungle:JungleHuntersEncounter","floor":76.0,"turns":1.0},{"damage":35.0,"enemies":"theJungle:2_Flameangoes","floor":79.0,"turns":3.0},{"damage":0.0,"enemies":"theJungle:Lyon","floor":80.0,"turns":1.0},{"damage":0.0,"enemies":"theJungle:SlimyTreeVines","floor":81.0,"turns":2.0},{"damage":0.0,"enemies":"theJungle:2_Snecko_Cultists","floor":82.0,"turns":1.0},{"damage":12.0,"enemies":"theJungle:QueenSpyder","floor":84.0,"turns":6.0},{"damage":1.0,"enemies":"3 Shapes","floor":86.0,"turns":2.0},{"damage":0.0,"enemies":"2 Orb Walkers","floor":88.0,"turns":1.0},{"damage":0.0,"enemies":"Orb Walker","floor":89.0,"turns":1.0},{"damage":0.0,"enemies":"Maw","floor":90.0,"turns":1.0},{"damage":0.0,"enemies":"R_Hoarder","floor":91.0,"turns":1.0},{"damage":7.0,"enemies":"infinitespire:Three Voidlings","floor":92.0,"turns":2.0},{"damage":57.0,"enemies":"Nightmare_Alpha","floor":92.0,"turns":7.0},{"damage":10,"enemies":"Nemesis","floor":95,"turns":3},{"damage":24,"enemies":"Nightmare","floor":97,"turns":3},{"damage":0,"enemies":"Spire Growth","floor":98,"turns":1},{"damage":0,"enemies":"3 Darklings","floor":99,"turns":1},{"damage":36,"enemies":"Time Eater","floor":101,"turns":4},{"damage":0,"enemies":"2 Louse","floor":103,"turns":1},{"damage":0,"enemies":"Small Slimes","floor":104,"turns":1},{"damage":0,"enemies":"Jaw Worm","floor":107,"turns":1},{"damage":0,"enemies":"3 Sentries","floor":108,"turns":2},{"damage":0,"enemies":"Gremlin Nob","floor":112,"turns":1},{"damage":0,"enemies":"2 Fungi Beasts","floor":113,"turns":1},{"damage":0,"enemies":"Lagavulin","floor":114,"turns":1},{"damage":0,"enemies":"Blue Slaver","floor":116,"turns":2},{"damage":0,"enemies":"The Guardian","floor":118,"turns":2},{"damage":0,"enemies":"Shell Parasite","floor":120,"turns":1},{"damage":0,"enemies":"theJungle:MUSHROOMGANG","floor":121,"turns":1},{"damage":0,"enemies":"theJungle:JungleHuntersEncounter","floor":123,"turns":1},{"damage":0,"enemies":"theJungle:SlimyTreeVines","floor":124,"turns":2},{"damage":52,"enemies":"Nightmare","floor":125,"turns":4},{"damage":0,"enemies":"theJungle:MamaSnecko","floor":127,"turns":1},{"damage":0,"enemies":"theJungle:2_Phrogs","floor":129,"turns":1},{"damage":0,"enemies":"theJungle:Lyon","floor":130,"turns":1},{"damage":0,"enemies":"Snake Plant","floor":131,"turns":1},{"damage":0,"enemies":"theJungle:JungleHuntersEncounter","floor":133,"turns":1},{"damage":0,"enemies":"theJungle:TotemBoss","floor":135,"turns":2},{"damage":0,"enemies":"Orb Walker","floor":137,"turns":1},{"damage":0,"enemies":"3 Shapes","floor":139,"turns":1},{"damage":0,"enemies":"3 Darklings","floor":140,"turns":2},{"damage":0,"enemies":"Writhing Mass","floor":141,"turns":1},{"damage":1,"enemies":"R_Hoarder","floor":142,"turns":3},{"damage":0,"enemies":"Giant Head","floor":144,"turns":1},{"damage":0,"enemies":"Spire Growth","floor":146,"turns":1},{"damage":0,"enemies":"R_Hoarder","floor":147,"turns":1},{"damage":0,"enemies":"3 Darklings","floor":149,"turns":1},{"damage":0,"enemies":"Nightmare","floor":150,"turns":2},{"damage":12,"enemies":"infinitespire:LordOfFortification","floor":152,"turns":13},{"damage":0,"enemies":"hubris:Merchant","floor":155,"turns":2},{"damage":0,"enemies":"Shield and Spear","floor":156,"turns":3},{"damage":12,"enemies":"The Heart","floor":157,"turns":6}],"seed_played":"-7092247921006329151","potions_obtained":[{"floor":3.0,"key":"SpeedPotion"},{"floor":3.0,"key":"Adrenaline Potion"},{"floor":3.0,"key":"Dota2Spire:Clarity"},{"floor":14.0,"key":"Strength Potion"},{"floor":20.0,"key":"Milkshake"},{"floor":24.0,"key":"conspire:TimeTravelPotion"},{"floor":30.0,"key":"GamblersBrew"},{"floor":33.0,"key":"PowerPotion"},{"floor":47.0,"key":"EntropicBrew"},{"floor":53.0,"key":"EntropicBrew"},{"floor":81.0,"key":"EntropicBrew"},{"floor":89.0,"key":"EntropicBrew"},{"floor":92,"key":"EntropicBrew"},{"floor":118,"key":"EntropicBrew"},{"floor":125,"key":"EntropicBrew"},{"floor":137,"key":"EntropicBrew"},{"floor":150,"key":"EntropicBrew"},{"floor":152,"key":"EntropicBrew"},{"floor":155,"key":"EntropicBrew"},{"floor":155,"key":"EntropicBrew"}],"is_trial":false,"path_per_floor":["M","?","?","M","?","E","M","M","T","E","M","M","R","M","R","B",null,"?","T","?","?","?","E","?","NM","T","?","?","E","?","?","T","B",null,"?","AVR","?","?","?","?","E","?","T","T","?","E","?","?","T","B",null,"?","?","?","?","?","E","?","?","T","?","T","AVR","?","T","T","B",null,"?","?","?","T","?","E","?","?","T","T","?","?","?","?","T","B",null,"?","?","?","?","?","E","?","T","T","E","T","NM","?","?","T","B",null,"?","?","T","?","?","E","?","?","T","E","?","E","T","?","T","B",null,"?","?","T","?","?","NM","T","E","T","E","?","?","T","?","T","B",null,"?","?","?","?","?","E","T","E","T","?","E","T","?","NM","T","B",null,"T","T","E","B",null],"character_chosen":"IRONCLAD","items_purchased":["Dota2Spire:Desolator","infinitespire:OneForAll","infinitespire:BottledMercury","Replay:Wax Seal","Dota2Spire:PhaseBoots","vexMod:BarristanHead","Self Forming Clay","infinitespire:Joker Card","Replay:Lucky Slots","halation:TwoAmDonut","Twin Strike","Pommel Strike","Thread and Needle","Chemical X","DemoMod:WeirdEgg"],"campfire_rested":4,"item_purchase_floors":[19,19,44,65,65,105,105,122,122,122,122,122,148,148,148],"current_hp_per_floor":[80,80,80,80,80,55,61,54,54,34,40,40,40,46,46,23,80,63,63,66,68,79,66,72,45,45,45,35,41,11,6,30,7,80,77,77,72,78,76,75,68,58,58,58,64,70,76,76,76,11,76,76,76,76,81,81,81,81,70,70,62,89,89,93,93,93,93,93,93,88,93,93,93,93,93,93,93,93,64,70,76,82,82,76,89,93,93,96,96,96,96,54,54,54,60,88,78,94,104,104,74,97,107,107,107,110,110,113,102,102,102,113,113,120,120,120,120,120,120,120,120,120,120,120,84,120,120,120,120,123,123,123,123,123,123,123,123,123,123,123,123,123,123,123,123,123,127,127,127,127,127,127,127,127,127,127,121],"gold":851,"neow_bonus":"THREE_CARDS","is_daily":false,"chose_seed":false,"campfire_upgraded":11,"win_rate":0.0,"timestamp":1610801124,"path_taken":["M","?","?","?","?","E","M","M","T","E","M","M","R","M","R","BOSS","?","T","?","?","?","E","?","NM","T","?","?","E","?","?","T","BOSS","?","AVR","?","?","?","?","E","?","T","?","?","E","?","?","T","BOSS","?","?","?","?","?","E","?","?","T","?","T","AVR","?","T","T","BOSS","?","?","?","?","?","E","?","?","T","T","?","?","?","?","T","BOSS","?","?","?","?","?","E","?","?","T","E","T","NM","?","?","T","BOSS","?","?","T","?","?","E","?","?","T","E","?","E","T","?","T","BOSS","?","?","T","?","?","NM","T","E","T","E","?","?","?","?","T","BOSS","?","?","?","?","?","E","T","E","T","?","E","T","?","NM","T","BOSS","T","T","E","BOSS"],"items_purchased_type":["Relic","Card","Relic","Relic","Relic","Relic","Relic","Relic","Relic","Relic","Card","Card","Relic","Relic","Relic"],"build_version":"2020-12-22","purchased_purges":3,"victory":true,"max_hp_per_floor":[80,80,80,80,80,80,80,80,80,80,80,80,80,80,80,80,80,80,80,80,80,80,80,80,80,80,80,80,80,80,80,80,80,80,80,80,80,80,76,76,76,76,76,76,76,76,76,76,76,76,76,76,76,76,81,81,81,81,81,81,93,93,93,93,93,93,93,93,93,93,93,93,93,93,93,93,93,93,93,93,93,93,93,93,93,93,93,96,96,96,96,96,96,96,96,96,104,104,104,104,104,104,107,107,107,110,110,113,113,113,113,113,113,120,120,120,120,120,120,120,120,120,120,120,120,120,120,120,120,123,123,123,123,123,123,123,123,123,123,123,123,123,123,123,123,123,127,127,127,127,127,127,127,127,127,127,127],"card_choices":[{"not_picked":["Heavy Blade","Havoc"],"picked":"Pommel Strike","floor":0.0},{"not_picked":["Sever Soul","Wild Strike"],"picked":"Pommel Strike","floor":1.0},{"not_picked":["Twin Strike","Abandon"],"picked":"Spot Weakness","floor":4.0},{"not_picked":["Thunderclap","Carnage"],"picked":"ReplayTheSpireMod:Limb From Limb","floor":6.0},{"not_picked":["Flex","Havoc"],"picked":"Infernal Blade","floor":7.0},{"not_picked":["DemoMod:WhiteBlade","ReplayTheSpireMod:Strike From Hell"],"picked":"Perfected Strike","floor":8.0},{"not_picked":["Headbutt","Infernal Blade","ReplayTheSpireMod:Strike From Hell"],"picked":"SKIP","floor":10.0},{"not_picked":["Run Through","ReplayTheSpireMod:Corrosion Curse","Warcry"],"picked":"SKIP","floor":11.0},{"not_picked":["Dropkick","Warcry","Evolve"],"picked":"SKIP","floor":12.0},{"not_picked":["Iron Wave","hubris:ReadiedAction","ReplayTheSpireMod:Corrosion Curse"],"picked":"SKIP","floor":14.0},{"not_picked":["Fiend Fire","hubris:StunningStrike"],"picked":"Bludgeon","floor":16.0},{"not_picked":["Searing Blow","Headbutt"],"picked":"Shrug It Off+1","floor":18.0},{"not_picked":["Pummel+1","ReplayTheSpireMod:Corrosion Curse"],"picked":"Perfected Strike","floor":20.0},{"not_picked":["Rupture+1","Replay:Undeath\u0027s Touch+1"],"picked":"ReplayTheSpireMod:LeadingStrike+1","floor":21.0},{"not_picked":["hubris:CleavingFinish+1","Clothesline+1","Iron Wave"],"picked":"SKIP","floor":23.0},{"not_picked":["hubris:CleavingFinish+1","Iron Wave"],"picked":"Clothesline+1","floor":23.0},{"not_picked":["conspire:Charge","Bloodletting","Pummel"],"picked":"SKIP","floor":24.0},{"not_picked":["Iron Wave","infinitespire:OneForAll"],"picked":"ReplayTheSpireMod:Limb From Limb","floor":25.0},{"not_picked":["Carnage+1","Thunderclap"],"picked":"Twin Strike","floor":28.0},{"not_picked":["Defy Death","Run Through"],"picked":"Wild Strike","floor":29.0},{"not_picked":["Wild Strike","Offering"],"picked":"Twin Strike","floor":30.0},{"not_picked":["Impervious","Limit Break"],"picked":"hubris:StunningStrike","floor":33.0},{"not_picked":["ReplayTheSpireMod:Muscle Training+1","Exhume"],"picked":"Perfected Strike","floor":35.0},{"not_picked":["Fire Breathing","Rampage+1","Havoc"],"picked":"SKIP","floor":37.0},{"not_picked":["Clothesline+1","Massacre+1"],"picked":"Wild Strike","floor":38.0},{"not_picked":["Ghostly Armor+1","Armaments"],"picked":"Heavy Blade+1","floor":40.0},{"not_picked":["Dropkick","Thunderclap","Intimidate"],"picked":"SKIP","floor":41.0},{"not_picked":["hubris:StunningStrike","Seeing Red"],"picked":"Pommel Strike+1","floor":45.0},{"not_picked":["conspire:Charge+1","Clash"],"picked":"Twin Strike","floor":46.0},{"not_picked":["Defy Death+1","Disarm+1","Flex+1"],"picked":"SKIP","floor":47.0},{"not_picked":["Defy Death+1","Disarm+1","Flex+1"],"picked":"SKIP","floor":47.0},{"not_picked":["PanicButton","Poisoned Strike"],"picked":"DemoMod:Invincible","floor":48.0},{"not_picked":["Barricade","Hemogenesis"],"picked":"Immolate","floor":50.0},{"not_picked":["Shrug It Off","Flex"],"picked":"Perfected Strike","floor":52.0},{"not_picked":["ReplayTheSpireMod:Strike From Hell","Abandon","Havoc"],"picked":"SKIP","floor":53.0},{"not_picked":["Dropkick","Iron Wave","Brutality"],"picked":"SKIP","floor":54.0},{"not_picked":["Thunderclap","Clash"],"picked":"Perfected Strike","floor":56.0},{"not_picked":["Run Through","Demon Form","Entrench"],"picked":"SKIP","floor":57.0},{"not_picked":["Iron Wave","Headbutt"],"picked":"Whirlwind","floor":58.0},{"not_picked":["DemoMod:WhiteBlade","Warcry","Power Through"],"picked":"SKIP","floor":64.0},{"not_picked":["ReplayTheSpireMod:Muscle Training+1","Heavy Blade+1","Headbutt"],"picked":"SKIP","floor":69.0},{"not_picked":["Iron Wave","Body Slam","Dropkick"],"picked":"SKIP","floor":70.0},{"not_picked":["Warcry","Wild Strike"],"picked":"Twin Strike","floor":71.0},{"not_picked":["Body Slam","Clash","Flex+1"],"picked":"SKIP","floor":73.0},{"not_picked":["ReplayTheSpireMod:Strike From Hell","Clothesline","Run Through"],"picked":"SKIP","floor":74.0},{"not_picked":["infinitespire:OneForAll+1","Clash+1"],"picked":"Whirlwind+1","floor":76.0},{"not_picked":["Power Through","Massacre","Thunderclap"],"picked":"SKIP","floor":79.0},{"not_picked":["Replay:Undeath\u0027s Touch","Evolve","Clash+1"],"picked":"SKIP","floor":80.0},{"not_picked":["Iron Wave","hubris:ReadiedAction+1"],"picked":"Twin Strike","floor":81.0},{"not_picked":["ReplayTheSpireMod:Strike From Hell+1","True Grit","Armaments"],"picked":"SKIP","floor":82.0},{"not_picked":["Berserk","Fiend Fire"],"picked":"Feed","floor":84.0},{"not_picked":["hubris:CleavingFinish","True Grit+1","Burning Pact+1"],"picked":"SKIP","floor":86.0},{"not_picked":["Clothesline","ReplayTheSpireMod:Strike From Hell+1","hubris:ReadiedAction"],"picked":"SKIP","floor":89.0},{"not_picked":["Headbutt","hubris:CleavingFinish+1","Thunderclap+1"],"picked":"SKIP","floor":90.0},{"not_picked":["Hemogenesis","Berserk"],"picked":"Brutality","floor":91.0},{"not_picked":["Clash","hubris:SharpeningStone"],"picked":"Perfected Strike+1","floor":91.0},{"not_picked":["infinitespire:NeuralNetwork","hubris:Rewind"],"picked":"Replay:Fractal Strike","floor":92},{"not_picked":["hubris:SharpeningStone+1","Headbutt+1"],"picked":"Twin Strike+1","floor":92},{"not_picked":["Heavy Blade+1","Rage+1"],"picked":"Feed","floor":95},{"not_picked":["Anger+1","Sword Boomerang","conspire:HitWhereItHurts"],"picked":"SKIP","floor":97},{"not_picked":["Disarm","Run Through+1","ReplayTheSpireMod:LeadingStrike"],"picked":"SKIP","floor":98},{"not_picked":["True Grit+1","Evolve","Dropkick+1"],"picked":"SKIP","floor":99},{"not_picked":["Limit Break","Berserk"],"picked":"Demon Form","floor":101},{"not_picked":["Iron Wave","Flex"],"picked":"Twin Strike","floor":103},{"not_picked":["Flex","True Grit","Iron Wave"],"picked":"SKIP","floor":104},{"not_picked":["Run Through","Burning Pact","Disarm"],"picked":"SKIP","floor":107},{"not_picked":["Hemokinesis","Shockwave"],"picked":"Double Tap","floor":108},{"not_picked":["True Grit","Ghostly Armor","conspire:Purge"],"picked":"SKIP","floor":112},{"not_picked":["Heavy Blade","Uppercut","Abandon"],"picked":"SKIP","floor":113},{"not_picked":["hubris:SharpeningStone","Carnage","Fiend Fire"],"picked":"SKIP","floor":114},{"not_picked":["ReplayTheSpireMod:Strike From Hell","Headbutt","Infernal Blade"],"picked":"SKIP","floor":116},{"not_picked":["Limit Break","Replay:Many Hands"],"picked":"hubris:StunningStrike","floor":118},{"not_picked":["Combust","Clothesline+1","Iron Wave"],"picked":"SKIP","floor":120},{"not_picked":["Thunderclap","Combust"],"picked":"Twin Strike","floor":121},{"not_picked":["hubris:ReadiedAction+1","ReplayTheSpireMod:Strike From Hell+1","Power Through"],"picked":"SKIP","floor":123},{"not_picked":["Fire Breathing","conspire:Charge","ReplayTheSpireMod:Corrosion Curse"],"picked":"SKIP","floor":124},{"not_picked":["Headbutt","Intimidate","Cleave"],"picked":"SKIP","floor":125},{"not_picked":["Havoc","Shrug It Off"],"picked":"Twin Strike","floor":127},{"not_picked":["Fire Breathing","Havoc","Clothesline"],"picked":"SKIP","floor":129},{"not_picked":["Heavy Blade","Anger","Demonic Infusion"],"picked":"SKIP","floor":130},{"not_picked":["Heavy Blade","hubris:ReadiedAction","Uppercut"],"picked":"SKIP","floor":131},{"not_picked":["Battle Trance+1","Power Through","Defy Death"],"picked":"SKIP","floor":133},{"not_picked":["Iron Wave","Heavy Blade+1"],"picked":"Perfected Strike","floor":137},{"not_picked":["hubris:SharpeningStone","Warcry+1","Armaments+1"],"picked":"SKIP","floor":139},{"not_picked":["Fire Breathing","Infernal Blade+1","hubris:SharpeningStone"],"picked":"SKIP","floor":140},{"not_picked":["Headbutt+1","hubris:ReadiedAction","Carnage"],"picked":"SKIP","floor":141},{"not_picked":["Dropkick+1","Cleave","Shrug It Off"],"picked":"SKIP","floor":142},{"not_picked":["Defy Death+1","Ghostly Armor","Replay:Many Hands"],"picked":"SKIP","floor":144},{"not_picked":["Thunderclap","Heavy Blade","Searing Blow"],"picked":"SKIP","floor":146},{"not_picked":["Offering","Cleave","Armaments"],"picked":"SKIP","floor":147},{"not_picked":["Spot Weakness+1","Armaments","Havoc+1"],"picked":"SKIP","floor":149},{"not_picked":["ReplayTheSpireMod:Echoes of Time","infinitespire:Execution"],"picked":"infinitespire:FinalStrike","floor":150},{"not_picked":["Impervious","True Grit+1","Warcry+1"],"picked":"SKIP","floor":150},{"not_picked":["Body Slam"],"picked":"SKIP","floor":155},{"not_picked":["Reckless Charge"],"picked":"SKIP","floor":155},{"not_picked":["ReplayReversal"],"picked":"SKIP","floor":155},{"not_picked":["Warcry"],"picked":"SKIP","floor":155},{"not_picked":["Rupture"],"picked":"SKIP","floor":155},{"not_picked":["Discovery"],"picked":"SKIP","floor":155},{"not_picked":["Secret Weapon"],"picked":"SKIP","floor":155},{"not_picked":["Wild Strike","Berserk","Anger+1"],"picked":"SKIP","floor":156}],"player_experience":970311,"relics_obtained":[{"floor":6.0,"key":"Replay:Bottled Snecko"},{"floor":9.0,"key":"hubris:SphereOfDissonance"},{"floor":10.0,"key":"CeramicFish"},{"floor":23.0,"key":"DemoMod:MeltedRock"},{"floor":25.0,"key":"Akabeko"},{"floor":29.0,"key":"aspiration:TomeofQuesting"},{"floor":41.0,"key":"Dota2Spire:ArmletOfMordiggian"},{"floor":43.0,"key":"hubris:Potato"},{"floor":46.0,"key":"infinitespire:ShieldingShard"},{"floor":57.0,"key":"StoneCalendar"},{"floor":60.0,"key":"Dota2Spire:EchoSabre"},{"floor":61.0,"key":"DemoMod:Orange"},{"floor":72.0,"key":"Champion Belt"},{"floor":74.0,"key":"aspiration:HatOfInfinitePower"},{"floor":77.0,"key":"ReplayTheSpireMod:TigerMarble"},{"floor":88.0,"key":"halation:Trompette"},{"floor":91.0,"key":"conspire:GiftBox"},{"floor":92,"key":"DemoMod:RingOfEthereal"},{"floor":93,"key":"hubris:CuriousFeather"},{"floor":94,"key":"Dota2Spire:ArcaneBoots"},{"floor":97,"key":"Dota2Spire:HeartOfTarrasque"},{"floor":108,"key":"Gremlin Food"},{"floor":111,"key":"infinitespire:Lucky Rock"},{"floor":112,"key":"DemoMod:BlueGuonStone"},{"floor":114,"key":"Strawberry"},{"floor":125,"key":"DemoMod:OrangeGuonStone"},{"floor":127,"key":"infinitespire:CheckeredPen"},{"floor":128,"key":"Bottled Flame"},{"floor":129,"key":"MealTicket"},{"floor":132,"key":"Lizard Tail"},{"floor":142,"key":"Bag of Preparation"},{"floor":144,"key":"infinitespire:WardingShard"},{"floor":145,"key":"War Paint"},{"floor":147,"key":"Bronze Scales"},{"floor":150,"key":"Replay:Towering Pillar of Hats"},{"floor":155,"key":"Dota2Spire:Dagon"},{"floor":155,"key":"Another Sword"},{"floor":155,"key":"halation:BottledHappiness"},{"floor":156,"key":"vexMod:FocusSash"}],"event_choices":[{"damage_healed":0.0,"max_hp_gain":0.0,"max_hp_loss":0.0,"gold_gain":0.0,"event_name":"Lab","player_choice":"Got Potions","floor":3.0,"gold_loss":0.0,"damage_taken":0.0},{"damage_healed":0.0,"max_hp_gain":0.0,"max_hp_loss":0.0,"gold_gain":0.0,"event_name":"Winding Halls","player_choice":"Embrace Madness","floor":42.0,"gold_loss":0.0,"damage_taken":10.0,"cards_obtained":["Madness","Madness"]},{"damage_healed":0.0,"max_hp_gain":0.0,"max_hp_loss":0.0,"gold_gain":0.0,"event_name":"SensoryStone","player_choice":"Memory 1","floor":48.0,"gold_loss":0.0,"damage_taken":0.0},{"damage_healed":0.0,"max_hp_gain":5.0,"max_hp_loss":0.0,"gold_gain":0.0,"event_name":"Big Fish","player_choice":"Donut","floor":55.0,"gold_loss":0.0,"damage_taken":0.0},{"damage_healed":0.0,"max_hp_gain":0.0,"max_hp_loss":0.0,"gold_gain":0.0,"event_name":"betterThird:BetterGoop","player_choice":"Slimed","floor":59.0,"gold_loss":32.0,"damage_taken":11.0},{"cards_removed":["Defend_R"],"damage_healed":0.0,"max_hp_gain":0.0,"max_hp_loss":0.0,"gold_gain":0.0,"event_name":"Purifier","player_choice":"Purged","floor":75.0,"gold_loss":0.0,"damage_taken":0.0},{"damage_healed":23.0,"max_hp_gain":0.0,"max_hp_loss":0.0,"gold_gain":0.0,"event_name":"Winding Halls","player_choice":"Writhe","floor":87.0,"gold_loss":0.0,"damage_taken":0.0,"cards_obtained":["Writhe"]},{"damage_healed":0.0,"max_hp_gain":0.0,"max_hp_loss":0.0,"gold_gain":0.0,"event_name":"Mysterious Sphere","player_choice":"Fight","floor":88.0,"gold_loss":0.0,"damage_taken":0.0},{"damage_healed":0,"gold_gain":0,"player_choice":"Slimed","damage_taken":11,"max_hp_gain":0,"max_hp_loss":0,"event_name":"betterThird:BetterGoop","floor":109,"gold_loss":24},{"damage_healed":0,"gold_gain":0,"player_choice":"Trade","damage_taken":0,"relics_obtained":["CultistMask"],"max_hp_gain":0,"max_hp_loss":0,"event_name":"FaceTrader","floor":110,"gold_loss":0},{"damage_healed":0,"gold_gain":0,"player_choice":"1 cards matched","damage_taken":0,"max_hp_gain":0,"max_hp_loss":0,"event_name":"Match and Keep!","floor":138,"gold_loss":0,"cards_obtained":["Feed"]}],"is_beta":false,"boss_relics":[{"not_picked":["Abe\u0027s Treasure","Mark of Pain"],"picked":"Painkiller Herb"},{"not_picked":["hubris:CrackedHourglass","conspire:SeveredTorchhead"],"picked":"hubris:Backtick"},{"not_picked":["ReplayTheSpireMod:DimensionalGlitch","Replay:Fungal Core"],"picked":"halation:Risk"},{"not_picked":["Coffee Dripper","Fusion Hammer"],"picked":"vexMod:ImprovementManual"},{"not_picked":["SacredBark","Ooze Armor"],"picked":"hubris:TerracottaHorce"},{"not_picked":["aspiration:WatcherSkillbook","halation:Yufonium"],"picked":"hubris:Stopwatch"},{"not_picked":["aspiration:FutureDiary","Ooze Armor"],"picked":"hubris:VirtuousBlindfold"},{"not_picked":["hubris:RunicObelisk","halation:LoveArrow"],"picked":"DemoMod:WaxWing"},{"not_picked":["vexMod:CursedCompass","aspiration:RitualDagger"],"picked":"infinitespire:Cupcake"}],"items_purged_floors":[44,65,122],"is_endless":true,"potions_floor_spawned":[4,7,14,20,24,30,33,38,41,45,47,53,58,64,70,71,74,80,81,89,92,92,95,98,99,101,112,116,118,121,125,127,129,137,142,149,150,152,156],"ascension_level":5}}