{"host":"sf9jac3ppl7h88gj","time":1610775311,"event":{"mods":["AchievementEnabler","Ascension Unlocker","BaseMod","Colored Map","Custom Start","Force Act Four","Minty Spire (QoL Compilation)","Replay The Spire","StSLib"],"gold_per_floor":[109,121,138,155,167,184,184,215,215,231,243,257,273,6,6,110,110,123,138,138,154,171,171,210,210,237,120,120,138,147,163,163,272,272,287,300,41,59,76,76,145,145,145,254,254,306,364,386,386,410,410,410,46,109,149],"floor_reached":56,"language":"ENG","playtime":4250,"items_purged":["Massacre","Cleave","Strike_R"],"score":1139,"play_id":"b062176f-7033-4920-a8e3-a33e4397b2e1","local_time":"20210116003511","daily_mods":["Specialized","Vintage"],"is_ascension_mode":false,"campfire_choices":[{"data":"Inflame","floor":7,"key":"SMITH"},{"floor":15,"key":"REST"},{"floor":23,"key":"REST"},{"floor":25,"key":"REST"},{"floor":28,"key":"RECALL"},{"floor":32,"key":"DIG"},{"data":"Replay:Many Hands","floor":40,"key":"SMITH"},{"data":"Iron Wave","floor":42,"key":"SMITH"},{"data":"Replay:Undeath\u0027s Touch","floor":45,"key":"SMITH"},{"floor":49,"key":"DIG"},{"floor":52,"key":"DIG"}],"circlet_count":0,"master_deck":["Strike_R+1","Strike_R","Strike_R","Strike_R+2","Defend_R","Defend_R","Defend_R","Defend_R","Bash+1","Inflame","Inflame","Inflame","Inflame","Inflame+1","Shrug It Off","Iron Wave+1","Replay:Many Hands+1","ReplayTheSpireMod:Trickstab","Life Link","Twin Strike","RitualDagger","Immolate","ReplayTheSpireMod:Limb From Limb","Sword Boomerang","Flex+1","Replay:Undeath\u0027s Touch+1","Clash","Twin Strike+1","Shockwave"],"relics":["Burning Blood","replay:Trail_Library","Turnip","ReplayTheSpireMod:Lightbulb","Ornamental Fan","Boot","Omamori","Blue Candle","Shovel","Replay:WaspNest","Akabeko","ReplayTheSpireMod:TigerMarble","Replay:Mystery Machine","Bronze Scales","ReplayTheSpireMod:CursedCoin","Lizard Tail","Busted Crown","Anchor","Iron Hammer","CeramicFish","Gremlin Food","Gremlin Horn","FossilizedHelix","Regal Pillow","Replay:Rubber Ducky","Calling Bell","Art of War","Snack Pack","Counterbalance","Pondfish Scales","Kunai","Lantern","Bag of Marbles","Replay:Bandana","Replay:Baseball","ReplayFunnel","The Courier","MealTicket","Simple Rune","Replay:Wax Seal","Quantum Egg","OrangePellets","Charon\u0027s Ashes"],"acts_visited":["Exordium","TheCity","TheBeyond","TheEnding"],"potions_floor_usage":[2,4,4,8,8,11,13,16,18,22,22,39,46,50,50,54,55,55],"damage_taken":[{"damage":6,"enemies":"Cultist","floor":1,"turns":3},{"damage":10,"enemies":"Jaw Worm","floor":2,"turns":4},{"damage":8,"enemies":"2 Louse","floor":3,"turns":4},{"damage":3,"enemies":"2 Fungi Beasts","floor":4,"turns":4},{"damage":16,"enemies":"Blue Slaver","floor":5,"turns":5},{"damage":12,"enemies":"Large Slime","floor":6,"turns":6},{"damage":32,"enemies":"Gremlin Nob","floor":8,"turns":5},{"damage":18,"enemies":"Lots of Slimes","floor":10,"turns":4},{"damage":0,"enemies":"Blue Slaver","floor":11,"turns":5},{"damage":8,"enemies":"3 Louse","floor":12,"turns":4},{"damage":1,"enemies":"2 Fungi Beasts","floor":13,"turns":3},{"damage":22,"enemies":"Slime Boss","floor":16,"turns":8},{"damage":5,"enemies":"3 Byrds","floor":18,"turns":4},{"damage":16,"enemies":"Spheric Guardian","floor":19,"turns":4},{"damage":4,"enemies":"Shelled Parasite and Fungi","floor":21,"turns":3},{"damage":5,"enemies":"Snecko","floor":22,"turns":4},{"damage":29,"enemies":"Book of Stabbing","floor":24,"turns":4},{"damage":0,"enemies":"Snake Plant","floor":29,"turns":1},{"damage":0,"enemies":"Sentry and Sphere","floor":31,"turns":3},{"damage":42,"enemies":"Collector","floor":33,"turns":6},{"damage":0,"enemies":"3 Shapes","floor":35,"turns":1},{"damage":18,"enemies":"3 Darklings","floor":36,"turns":5},{"damage":0,"enemies":"4 Shapes","floor":38,"turns":2},{"damage":0,"enemies":"Transient","floor":39,"turns":5},{"damage":0,"enemies":"Nemesis","floor":41,"turns":3},{"damage":0,"enemies":"Maw","floor":46,"turns":4},{"damage":0,"enemies":"Reptomancer","floor":47,"turns":2},{"damage":0,"enemies":"Spire Growth","floor":48,"turns":2},{"damage":0,"enemies":"Replay:Hell Engine","floor":50,"turns":8},{"damage":0,"enemies":"Shield and Spear","floor":54,"turns":3},{"damage":82,"enemies":"The Heart","floor":55,"turns":6}],"seed_played":"3411045988042093576","potions_obtained":[{"floor":2,"key":"EntropicBrew"},{"floor":3,"key":"Strength Potion"},{"floor":5,"key":"ColorlessPotion"},{"floor":10,"key":"HeartOfIron"},{"floor":12,"key":"AttackPotion"},{"floor":13,"key":"ColorlessPotion"},{"floor":16,"key":"Fire Potion"},{"floor":19,"key":"ColorlessPotion"},{"floor":21,"key":"Block Potion"},{"floor":33,"key":"Block Potion"},{"floor":36,"key":"Adrenaline Potion"},{"floor":38,"key":"ColorlessPotion"},{"floor":39,"key":"AttackPotion"},{"floor":41,"key":"PowerPotion"}],"is_trial":true,"path_per_floor":["M","M","M","M","M","M","R","E","T","M","M","M","M","$","R","B",null,"M","M","?","M","M","R","E","R","T","$","R","M","?","M","R","B",null,"M","M","$","M","M","R","E","R","T","?","R","M","E","M","R","B",null,"R","$","E","B",null],"character_chosen":"IRONCLAD","items_purchased":["ReplayTheSpireMod:CursedCoin","Lizard Tail","Iron Wave","Twin Strike","ReplayTheSpireMod:Limb From Limb","Lantern","Sword Boomerang","OrangePellets","PowerPotion","BloodPotion","Block Potion","Twin Strike+1"],"campfire_rested":3,"item_purchase_floors":[14,14,14,27,37,37,37,53,53,53,53,53],"current_hp_per_floor":[80,76,74,77,67,61,61,35,35,23,29,27,32,32,56,40,80,80,70,58,60,61,80,57,80,80,80,80,80,74,80,80,44,80,80,70,70,78,80,80,80,80,80,80,80,80,80,80,80,80,80,80,80,80,22],"gold":149,"neow_bonus":"","is_daily":false,"chose_seed":false,"campfire_upgraded":4,"win_rate":0.0,"timestamp":1610775311,"path_taken":["M","M","M","M","M","M","R","E","T","?","M","M","M","$","R","BOSS","M","M","?","M","M","R","E","R","T","?","R","M","?","M","R","BOSS","M","M","$","M","M","R","E","R","T","?","R","M","E","M","R","BOSS","R","$","E","BOSS"],"items_purchased_type":["Relic","Relic","Card","Card","Card","Relic","Card","Relic","Potion","Potion","Potion","Card"],"build_version":"2020-12-22","purchased_purges":3,"victory":true,"max_hp_per_floor":[80,80,80,80,80,80,80,80,80,80,80,80,80,80,80,80,80,80,80,80,80,80,80,80,80,80,80,80,80,80,80,80,80,80,80,80,80,80,80,80,80,80,80,80,80,80,80,80,80,80,80,80,80,80,80],"card_choices":[{"not_picked":["Iron Wave","Whirlwind"],"picked":"Shrug It Off","floor":8},{"not_picked":["Brutality","Corruption"],"picked":"Replay:Many Hands","floor":16},{"not_picked":[],"picked":"Life Link","floor":24},{"not_picked":[],"picked":"Immolate","floor":33},{"not_picked":[],"picked":"Flex+1","floor":41},{"not_picked":[],"picked":"Clash","floor":47},{"not_picked":[],"picked":"Shockwave","floor":54}],"player_experience":1239256,"relics_obtained":[{"floor":1,"key":"Turnip"},{"floor":2,"key":"ReplayTheSpireMod:Lightbulb"},{"floor":3,"key":"Ornamental Fan"},{"floor":4,"key":"Boot"},{"floor":5,"key":"Omamori"},{"floor":6,"key":"Blue Candle"},{"floor":8,"key":"Shovel"},{"floor":9,"key":"Replay:WaspNest"},{"floor":10,"key":"Akabeko"},{"floor":11,"key":"ReplayTheSpireMod:TigerMarble"},{"floor":12,"key":"Replay:Mystery Machine"},{"floor":13,"key":"Bronze Scales"},{"floor":18,"key":"Anchor"},{"floor":19,"key":"Iron Hammer"},{"floor":21,"key":"CeramicFish"},{"floor":22,"key":"Gremlin Food"},{"floor":24,"key":"Gremlin Horn"},{"floor":29,"key":"FossilizedHelix"},{"floor":31,"key":"Regal Pillow"},{"floor":32,"key":"Replay:Rubber Ducky"},{"floor":34,"key":"Art of War"},{"floor":34,"key":"Snack Pack"},{"floor":34,"key":"Counterbalance"},{"floor":35,"key":"Pondfish Scales"},{"floor":36,"key":"Kunai"},{"floor":38,"key":"Bag of Marbles"},{"floor":39,"key":"Replay:Bandana"},{"floor":41,"key":"Replay:Baseball"},{"floor":43,"key":"ReplayFunnel"},{"floor":46,"key":"The Courier"},{"floor":47,"key":"MealTicket"},{"floor":48,"key":"Simple Rune"},{"floor":49,"key":"Replay:Wax Seal"},{"floor":52,"key":"Quantum Egg"},{"floor":54,"key":"Charon\u0027s Ashes"}],"event_choices":[{"damage_healed":0,"gold_gain":0,"player_choice":"CARD ","damage_taken":12,"max_hp_gain":0,"max_hp_loss":0,"event_name":"Knowing Skull","floor":20,"potions_obtained":[],"gold_loss":0,"cards_obtained":["ReplayTheSpireMod:Trickstab"]},{"damage_healed":0,"gold_gain":0,"player_choice":"Joined the Cult","damage_taken":6,"max_hp_gain":0,"max_hp_loss":0,"event_name":"Nest","floor":30,"gold_loss":0,"cards_obtained":["RitualDagger"]},{"damage_healed":0,"gold_gain":100,"player_choice":"Pray","damage_taken":0,"max_hp_gain":0,"max_hp_loss":0,"event_name":"Golden Shrine","floor":44,"gold_loss":0}],"is_beta":false,"boss_relics":[{"not_picked":["Honey Jar","Replay:Wanted Poster"],"picked":"Busted Crown"},{"not_picked":["Runic Dome","SacredBark"],"picked":"Calling Bell"}],"items_purged_floors":[14,27,53],"is_endless":false,"potions_floor_spawned":[2,3,5,10,12,13,16,19,21,33,36,38,39,41],"ascension_level":0}}