{"host":"gs0b57ogvki1o7r7","time":1610811561,"event":{"mods":["2.2 Compatiblity","BaseMod","Colored Map","DeckTracker","Highlight Path","KOR Keyword Fix","Keyboard Shortcuts","Minty Spire (QoL Compilation)","Permanent Neow","Quick Restart","StSLib","SuperFastMode","everything is the same but u backflip on backflip"],"gold_per_floor":[112,127,141,44,34,34,34,45,125,139,152,152,152,172,172,269,269,285,285,285,305,54,54,71,71,126,142,142,52,67,87,87,191,191,205,57,74,92,92,92,92,111,134,152,152,163,176,191,191,191],"floor_reached":51,"language":"KOR","playtime":2547,"items_purged":["Strike_R","Strike_R"],"score":724,"play_id":"b4bdab0f-7c0d-45de-a568-989e4683b9d0","local_time":"20210117003921","is_ascension_mode":false,"campfire_choices":[{"data":"Body Slam","floor":6,"key":"SMITH"},{"data":"Body Slam","floor":12,"key":"SMITH"},{"data":"Battle Trance","floor":15,"key":"SMITH"},{"data":"Shrug It Off","floor":23,"key":"SMITH"},{"data":"Bloodletting","floor":25,"key":"SMITH"},{"data":"Armaments","floor":32,"key":"SMITH"},{"data":"Barricade","floor":40,"key":"SMITH"},{"data":"Fire Breathing","floor":45,"key":"SMITH"},{"data":"Offering","floor":49,"key":"SMITH"}],"circlet_count":0,"master_deck":["Defend_R","Defend_R","Body Slam+1","Body Slam+1","Bloodletting+1","Armaments+1","Shrug It Off+1","Battle Trance+1","Armaments+1","Battle Trance","Warcry+1","Fire Breathing+1","Barricade+1","Body Slam+1","Seeing Red+1","Shrug It Off+1","Offering+1"],"relics":["Burning Blood","Paper Frog","SlaversCollar","Pen Nib","Boot","Coffee Dripper","DollysMirror","Dream Catcher"],"acts_visited":["Exordium","TheCity","TheBeyond"],"potions_floor_usage":[14,14,24,33],"damage_taken":[{"damage":6,"enemies":"Cultist","floor":1,"turns":3},{"damage":14,"enemies":"2 Louse","floor":2,"turns":4},{"damage":5,"enemies":"Small Slimes","floor":3,"turns":4},{"damage":20,"enemies":"Exordium Thugs","floor":5,"turns":4},{"damage":22,"enemies":"Exordium Wildlife","floor":8,"turns":6},{"damage":9,"enemies":"2 Fungi Beasts","floor":10,"turns":4},{"damage":4,"enemies":"3 Louse","floor":11,"turns":4},{"damage":23,"enemies":"Gremlin Gang","floor":14,"turns":5},{"damage":15,"enemies":"Hexaghost","floor":16,"turns":13},{"damage":14,"enemies":"Spheric Guardian","floor":18,"turns":4},{"damage":6,"enemies":"3 Byrds","floor":21,"turns":6},{"damage":31,"enemies":"Sentry and Sphere","floor":24,"turns":6},{"damage":5,"enemies":"Snecko","floor":27,"turns":5},{"damage":6,"enemies":"Chosen and Byrds","floor":30,"turns":5},{"damage":3,"enemies":"Centurion and Healer","floor":31,"turns":2},{"damage":31,"enemies":"Collector","floor":33,"turns":4},{"damage":5,"enemies":"Orb Walker","floor":35,"turns":5},{"damage":6,"enemies":"3 Darklings","floor":37,"turns":4},{"damage":3,"enemies":"Writhing Mass","floor":38,"turns":4},{"damage":9,"enemies":"4 Shapes","floor":42,"turns":4},{"damage":19,"enemies":"Transient","floor":44,"turns":5},{"damage":0,"enemies":"Sphere and 2 Shapes","floor":46,"turns":3},{"damage":2,"enemies":"4 Shapes","floor":47,"turns":4},{"damage":9,"enemies":"Jaw Worm Horde","floor":48,"turns":3},{"damage":6,"enemies":"Awakened One","floor":50,"turns":8}],"seed_played":"5352578457060779574","potions_obtained":[{"floor":5,"key":"BlessingOfTheForge"},{"floor":10,"key":"Energy Potion"},{"floor":11,"key":"Strength Potion"},{"floor":16,"key":"PowerPotion"},{"floor":27,"key":"BloodPotion"},{"floor":30,"key":"SkillPotion"},{"floor":42,"key":"Dexterity Potion"}],"is_trial":false,"path_per_floor":["M","M","M","$","M","R","?","M","T","M","M","R","?","M","R","B",null,"M","?","?","M","$","R","M","R","T","M","?","?","M","M","R","B",null,"M","$","M","M","?","R","$","M","T","M","R","M","M","M","R","B",null],"character_chosen":"IRONCLAD","items_purchased":["Body Slam","Pen Nib","DollysMirror"],"campfire_rested":0,"item_purchase_floors":[4,22,36],"current_hp_per_floor":[80,72,73,73,59,59,59,43,43,40,42,42,35,18,18,9,80,72,57,57,57,57,57,32,32,32,33,33,33,33,36,36,11,85,85,85,85,85,85,85,85,82,82,69,69,75,79,76,76,76],"gold":191,"neow_bonus":"THREE_CARDS","is_daily":false,"chose_seed":false,"campfire_upgraded":9,"win_rate":0.0,"timestamp":1610811561,"path_taken":["M","M","M","$","?","R","?","?","T","M","M","R","?","M","R","BOSS","M","?","?","M","$","R","M","R","T","M","?","?","M","?","R","BOSS","M","$","M","M","?","R","$","M","T","?","R","M","M","M","R","BOSS"],"items_purchased_type":["Card","Relic","Relic"],"build_version":"2020-12-22","purchased_purges":2,"victory":true,"max_hp_per_floor":[80,80,80,80,80,80,80,80,80,80,80,80,80,80,80,80,80,80,85,85,85,85,85,85,85,85,85,85,85,85,85,85,85,85,85,85,85,85,85,85,85,85,85,85,85,85,85,85,85,85],"card_choices":[{"not_picked":["Reckless Charge","Dark Embrace"],"picked":"Body Slam","floor":0},{"not_picked":["Clothesline","Clash","True Grit"],"picked":"SKIP","floor":1},{"not_picked":["Dark Embrace","True Grit","Flex"],"picked":"SKIP","floor":2},{"not_picked":["Infernal Blade","Power Through","Twin Strike"],"picked":"SKIP","floor":3},{"not_picked":["Iron Wave","Sword Boomerang","Metallicize"],"picked":"SKIP","floor":5},{"not_picked":["Clothesline","Havoc"],"picked":"Armaments","floor":8},{"not_picked":["Clothesline","Second Wind"],"picked":"Shrug It Off","floor":10},{"not_picked":["Havoc","Clash","Pummel"],"picked":"SKIP","floor":11},{"not_picked":["Bloodletting","Anger"],"picked":"Battle Trance","floor":14},{"not_picked":["Cleave+1","Dark Embrace+1"],"picked":"Armaments+1","floor":18},{"not_picked":["Headbutt","Cleave","Clash"],"picked":"SKIP","floor":21},{"not_picked":["Headbutt+1","Ghostly Armor","Thunderclap"],"picked":"SKIP","floor":24},{"not_picked":["Headbutt+1","Ghostly Armor","Thunderclap"],"picked":"SKIP","floor":24},{"not_picked":["Iron Wave","Rampage","Sever Soul"],"picked":"SKIP","floor":27},{"not_picked":["Headbutt","Heavy Blade","Clothesline+1"],"picked":"SKIP","floor":30},{"not_picked":["Cleave","Anger"],"picked":"Fire Breathing","floor":31},{"not_picked":["Immolate","Exhume"],"picked":"Barricade","floor":33},{"not_picked":["Inflame","Havoc","Perfected Strike"],"picked":"SKIP","floor":35},{"not_picked":["Heavy Blade+1","Second Wind","Wild Strike+1"],"picked":"SKIP","floor":37},{"not_picked":["Uppercut+1","Battle Trance+1","Power Through+1"],"picked":"SKIP","floor":38},{"not_picked":["Thunderclap+1","Evolve+1"],"picked":"Seeing Red+1","floor":42},{"not_picked":["Blood for Blood","Cleave","Perfected Strike+1"],"picked":"SKIP","floor":44},{"not_picked":["Blood for Blood","Cleave","Perfected Strike+1"],"picked":"SKIP","floor":44},{"not_picked":["Armaments","Clothesline+1"],"picked":"Shrug It Off+1","floor":46},{"not_picked":["Iron Wave+1","Warcry+1"],"picked":"Offering","floor":47},{"not_picked":["Twin Strike+1","Anger+1","Evolve+1"],"picked":"SKIP","floor":48}],"player_experience":110391,"relics_obtained":[{"floor":9,"key":"Paper Frog"},{"floor":26,"key":"Boot"},{"floor":43,"key":"Dream Catcher"}],"event_choices":[{"damage_healed":0,"gold_gain":0,"player_choice":"1 cards matched","damage_taken":0,"max_hp_gain":0,"max_hp_loss":0,"event_name":"Match and Keep!","floor":7,"gold_loss":0,"cards_obtained":["Bloodletting"]},{"cards_removed":["Strike_R"],"damage_healed":0,"gold_gain":0,"player_choice":"Card Removal","damage_taken":7,"max_hp_gain":0,"max_hp_loss":0,"event_name":"Golden Wing","floor":13,"gold_loss":0},{"damage_healed":0,"gold_gain":0,"player_choice":"Shed Blood","damage_taken":20,"max_hp_gain":5,"max_hp_loss":0,"event_name":"Forgotten Altar","floor":19,"gold_loss":0},{"cards_removed":["Strike_R"],"damage_healed":0,"gold_gain":0,"player_choice":"Elegance","damage_taken":0,"max_hp_gain":0,"max_hp_loss":0,"event_name":"Back to Basics","floor":20,"gold_loss":0},{"damage_healed":0,"gold_gain":0,"cards_transformed":["Strike_R","Defend_R"],"player_choice":"Became Test Subject","damage_taken":0,"max_hp_gain":0,"max_hp_loss":0,"event_name":"Drug Dealer","floor":28,"gold_loss":0,"cards_obtained":["Battle Trance","Warcry"]},{"cards_removed":["Defend_R"],"damage_healed":0,"gold_gain":0,"player_choice":"Upgrade and Remove","damage_taken":0,"max_hp_gain":0,"max_hp_loss":0,"event_name":"Designer","floor":29,"gold_loss":90,"cards_upgraded":["Warcry"]},{"cards_removed":["Bash"],"damage_healed":0,"gold_gain":0,"player_choice":"Offered Basic","damage_taken":0,"max_hp_gain":0,"max_hp_loss":0,"event_name":"Bonfire Elementals","floor":39,"gold_loss":0}],"is_beta":false,"boss_relics":[{"not_picked":["Tiny House","Snecko Eye"],"picked":"SlaversCollar"},{"not_picked":["Astrolabe","Velvet Choker"],"picked":"Coffee Dripper"}],"items_purged_floors":[4,22],"is_endless":false,"potions_floor_spawned":[5,10,11,16,27,30,31,42,44,46],"ascension_level":0}}