{"host":"o9oojikv0j1jifqm","time":1610803791,"event":{"mods":["BaseMod","Downfall","Marisa£®ÏF”Í°°ƒß¿Ì…≥£©","Minty Spire (QoL Compilation)","Shop Mod","StSLib","UnlockEverythingMod"],"gold_per_floor":[99,99,99,99,99,130,130,227,64,64,99,99,16,29,43,143,143,143,158,172,172,272,303,303,313,313,313,313,55,55,66,79,174,174,174,185,198,248,248,259,259,271,271,291,291,88,105,70,86,86,86,86],"floor_reached":50,"language":"ZHS","playtime":9070,"items_purged":["hexamod:Strike"],"score":568,"play_id":"4a67a22e-2966-4416-9660-3b927f2dde51","local_time":"20210116212951","is_ascension_mode":false,"campfire_choices":[{"data":"hexamod:TimeOfNeed","floor":10.0,"key":"SMITH"},{"data":"hexamod:CatchUp","floor":18.0,"key":"SMITH"},{"floor":30,"key":"REST"},{"data":"hexamod:FlameSwitch","floor":35,"key":"SMITH"},{"data":"hexamod:EtherealExpedition","floor":43,"key":"SMITH"},{"data":"1","floor":45,"key":"LIFT"}],"circlet_count":1,"master_deck":["hexamod:Strike+1","hexamod:Strike+1","hexamod:Defend+1","hexamod:Defend+1","hexamod:Defend+1","hexamod:Defend+1","hexamod:Sear","hexamod:Float","hexamod:GhostLash","hexamod:ThermalTransfer","hexamod:DynamicBlow","hexamod:PhantomCloak","hexamod:TimeOfNeed+1","hexamod:SpectralAdrenaline","hexamod:PhantomCloak+1","hexamod:CatchUp+1","hexamod:RecurringNightmare+1","hexamod:EmpoweredFlame+1","hexamod:GhostOfSpirePast+1","hexamod:Rewind","hexamod:TurnItUp","hexamod:SpectersWail","hexamod:VolcanoVisage+1","hexamod:PhantomFireball+1","hexamod:ExtraCrispy+1","hexamod:Again","hexamod:UnleashSpirits","hexamod:PhantomCloak+1","hexamod:GhostShield","Madness","hexamod:Sear","Good Instincts","hexamod:HexaLevel+1","hexamod:RadiantFlame+1","RitualDagger+1","hexamod:AdvancingGuard","hexamod:StepThrough","hexamod:ThermalTransfer","hexamod:FirstSeal","hexamod:FlameSwitch+1","hexamod:ThirdSeal","hexamod:Rewind+1","hexamod:Hexaguard+1","hexamod:Hexaguard","hexamod:StepThrough+1","hexamod:DynamicBlow","hexamod:EtherealExpedition+1","hexamod:SpectralAdrenaline+1","hexamod:EtherealExpedition+1","hexamod:FifthSeal","hexamod:FourthSeal","hexamod:RetreatToShadows","hexamod:SearingWound","hexamod:FastForward+1","hexamod:BacktrackSmack","hexamod:EtherealExpedition","hexamod:EmpoweredFlame+1","hexamod:SkipABeat"],"relics":["hexamod:SpiritBrand","downfall:HeartsMalice","Peace Pipe","Frozen Egg 2","Pantograph","hexamod:MatchstickCase","White Beast Statue","Circlet","downfall:GremlinSack","Nunchaku","downfall:RedIOU","MealTicket","Runic Pyramid","Girya","downfall:TeleportStone","HornCleat","Art of War","InkBottle"],"acts_visited":["TheBeyond"],"potions_floor_usage":[29,29,32,33,33,44,44,46,46,46,46,47,47,50,50,50],"damage_taken":[{"damage":0.0,"enemies":"Cultist","floor":2.0,"turns":1.0},{"damage":0.0,"enemies":"Small Slimes","floor":3.0,"turns":1.0},{"damage":0.0,"enemies":"downfall:FleeingMerchant","floor":4.0,"turns":1.0},{"damage":15.0,"enemies":"3 Sentries","floor":6.0,"turns":8.0},{"damage":0.0,"enemies":"downfall:FleeingMerchant","floor":9.0,"turns":4.0},{"damage":34.0,"enemies":"Gremlin Nob","floor":11.0,"turns":6.0},{"damage":5.0,"enemies":"downfall:FleeingMerchant","floor":13.0,"turns":4.0},{"damage":1.0,"enemies":"Jaw Worm","floor":14.0,"turns":3.0},{"damage":0.0,"enemies":"3 Louse","floor":15.0,"turns":2.0},{"damage":23.0,"enemies":"downfall:Defect","floor":16.0,"turns":8.0},{"damage":4.0,"enemies":"Shell Parasite","floor":19.0,"turns":5.0},{"damage":6.0,"enemies":"3 Byrds","floor":20.0,"turns":5.0},{"damage":30.0,"enemies":"3 Byrds","floor":22.0,"turns":6.0},{"damage":7.0,"enemies":"Book of Stabbing","floor":23.0,"turns":5.0},{"damage":10.0,"enemies":"Shelled Parasite and Fungi","floor":25.0,"turns":4.0},{"damage":15,"enemies":"downfall:FleeingMerchant","floor":29,"turns":4},{"damage":2,"enemies":"Centurion and Healer","floor":31,"turns":7},{"damage":0,"enemies":"3 Cultists","floor":32,"turns":6},{"damage":29,"enemies":"WA_ARCHETYPE_CALM","floor":33,"turns":9},{"damage":7,"enemies":"Orb Walker","floor":36,"turns":3},{"damage":32,"enemies":"3 Shapes","floor":37,"turns":7},{"damage":2,"enemies":"3 Shapes","floor":38,"turns":8},{"damage":7,"enemies":"Maw","floor":40,"turns":8},{"damage":16,"enemies":"Writhing Mass","floor":42,"turns":6},{"damage":31,"enemies":"Jaw Worm Horde","floor":44,"turns":4},{"damage":0,"enemies":"downfall:FleeingMerchant","floor":46,"turns":4},{"damage":17,"enemies":"Sphere and 2 Shapes","floor":47,"turns":5},{"damage":7,"enemies":"Writhing Mass","floor":49,"turns":6},{"damage":128,"enemies":"SI_POISON_ARCHETYPE","floor":50,"turns":5}],"seed_played":"-5604469024280162322","potions_obtained":[{"floor":6.0,"key":"Energy Potion"},{"floor":11.0,"key":"SpeedPotion"},{"floor":13.0,"key":"SkillPotion"},{"floor":14.0,"key":"Dexterity Potion"},{"floor":15.0,"key":"BlessingOfTheForge"},{"floor":16.0,"key":"SkillPotion"},{"floor":19.0,"key":"Block Potion"},{"floor":20.0,"key":"Milkshake"},{"floor":22.0,"key":"Elixir"},{"floor":23.0,"key":"champ:CounterPotion"},{"floor":25.0,"key":"Regen Potion"},{"floor":27,"key":"CultistPotion"},{"floor":29,"key":"Fire Potion"},{"floor":31,"key":"SmokeBomb"},{"floor":32,"key":"Fire Potion"},{"floor":33,"key":"EntropicBrew"},{"floor":36,"key":"SteroidPotion"},{"floor":37,"key":"SpeedPotion"},{"floor":38,"key":"Energy Potion"},{"floor":44,"key":"PowerPotion"},{"floor":46,"key":"Swift Potion"},{"floor":47,"key":"FairyPotion"},{"floor":47,"key":"FearPotion"}],"is_trial":false,"path_per_floor":["R","M","M","$","?","E","T","?","$","R","E","?","$","M","M","B",null,"R","M","M","?","?","E","T","M","?","?","?","$","R","M","M","B",null,"R","M","M","?","?","M","T","M","R","M","R","$","M","$","M","B"],"character_chosen":"THE_SPIRIT","items_purchased":["hexamod:RecurringNightmare","hexamod:Rewind","MealTicket","hexamod:AdvancingGuard","hexamod:StepThrough","hexamod:SearingWound","Art of War","InkBottle","hexamod:EtherealExpedition"],"campfire_rested":1,"item_purchase_floors":[9,13,29,29,29,46,46,46,48],"current_hp_per_floor":[70,70,70,70,67,52,52,52,52,52,18,18,13,12,12,14,70,70,66,60,60,30,23,23,13,13,13,13,10,31,29,29,25,70,70,63,38,68,68,68,68,52,52,21,21,43,33,48,48,0,0,0],"gold":86,"neow_bonus":"THREE_ENEMY_KILL","is_daily":false,"chose_seed":false,"campfire_upgraded":4,"win_rate":0.0,"timestamp":1610803791,"path_taken":["R","M","M","$","?","E","T","?","?","R","E","?","$","M","M","BOSS","R","M","M","?","?","E","T","?","?","?","?","$","R","M","M","BOSS","R","M","M","?","?","?","T","M","R","?","R","?","?","$","M","BOSS"],"items_purchased_type":["Card","Card","Relic","Card","Card","Card","Relic","Relic","Card"],"build_version":"2020-12-22","purchased_purges":1,"victory":false,"max_hp_per_floor":[70,70,70,70,70,70,70,70,70,70,70,70,70,70,70,70,70,70,70,70,70,70,70,70,70,70,70,70,70,70,70,70,70,70,70,70,70,70,70,70,70,70,70,70,70,70,70,70,70,70,70,70],"card_choices":[{"not_picked":["hexamod:Firestarter","hexamod:InspiringFlames"],"picked":"hexamod:ThermalTransfer","floor":2.0},{"not_picked":["hexamod:HeatMetal","hexamod:Again"],"picked":"hexamod:DynamicBlow","floor":3.0},{"not_picked":["hexamod:AdvancingGuard","hexamod:ShieldOfDarkness"],"picked":"hexamod:PhantomCloak","floor":4.0},{"not_picked":["hexamod:Rewind","hexamod:CatchUp"],"picked":"hexamod:TimeOfNeed","floor":6.0},{"not_picked":["hexamod:RetreatToShadows","hexamod:BacktrackSmack"],"picked":"hexamod:SpectralAdrenaline","floor":8.0},{"not_picked":["hexamod:GhostLash","hexamod:Firestarter"],"picked":"hexamod:PhantomCloak+1","floor":8.0},{"not_picked":["hexamod:RetreatToShadows","hexamod:FastForward"],"picked":"hexamod:CatchUp","floor":9.0},{"not_picked":["hexamod:ThermalTransfer","hexamod:AdvancingGuard"],"picked":"hexamod:EmpoweredFlame+1","floor":11.0},{"not_picked":["hexamod:GhostLash","hexamod:BurningTouch"],"picked":"hexamod:GhostOfSpirePast+1","floor":13.0},{"not_picked":["hexamod:AdvancingGuard","hexamod:GhostShield"],"picked":"hexamod:TurnItUp","floor":14.0},{"not_picked":["hexamod:ShieldOfDarkness","hexamod:HauntingEcho"],"picked":"hexamod:SpectersWail","floor":15.0},{"not_picked":["hexamod:GhostflameInferno","hexamod:WildfireWeapon+1"],"picked":"hexamod:VolcanoVisage+1","floor":16.0},{"not_picked":["hexamod:SwordOfDarkness","hexamod:GhostShield+1","hexamod:GhostLash"],"picked":"hexamod:PhantomFireball+1","floor":19.0},{"not_picked":["hexamod:GhostLash+1","hexamod:RainOfEmbers+1","hexamod:SpectersWail"],"picked":"hexamod:ExtraCrispy+1","floor":20.0},{"not_picked":["hexamod:SwordOfDarkness+1","hexamod:HauntingEcho+1","hexamod:NightmareGuise+1"],"picked":"hexamod:Again","floor":22.0},{"not_picked":["hexamod:TurnItUp","hexamod:Haunt","hexamod:GhostLash"],"picked":"hexamod:HexaLevel+1","floor":23.0},{"not_picked":["hexamod:SwordOfDarkness","hexamod:BacktrackSmack","hexamod:NightmareStrike+1"],"picked":"hexamod:RadiantFlame+1","floor":25.0},{"not_picked":["hexamod:SpectersWail","hexamod:ChargedBarrage","hexamod:HauntingEcho"],"picked":"SKIP","floor":29},{"not_picked":["hexamod:AdvancingGuard","hexamod:RadiantFlame+1"],"picked":"hexamod:ThermalTransfer","floor":31},{"not_picked":["hexamod:Firestarter","hexamod:HeatMetal"],"picked":"hexamod:FirstSeal","floor":32},{"not_picked":["hexamod:VolcanoVisage+1","hexamod:GhostflameInferno"],"picked":"hexamod:FlameSwitch","floor":33},{"not_picked":["hexamod:SpectersWail","hexamod:GhostLash"],"picked":"hexamod:ThirdSeal","floor":36},{"not_picked":["hexamod:Hexaguard+1","hexamod:RadiantFlame+1"],"picked":"hexamod:Rewind+1","floor":37},{"not_picked":["hexamod:NightmareStrike+1","hexamod:BurningTouch","hexamod:InspiringFlames"],"picked":"SKIP","floor":37},{"not_picked":["hexamod:AdvancingGuard","hexamod:InspiringFlames+1"],"picked":"hexamod:Hexaguard+1","floor":38},{"not_picked":["hexamod:HeatMetal+1","hexamod:Firestarter+1"],"picked":"hexamod:Hexaguard","floor":38},{"not_picked":["hexamod:PhantomCloak+1","hexamod:FastForward"],"picked":"hexamod:StepThrough+1","floor":40},{"not_picked":["hexamod:EmpoweredFlame+1","hexamod:NightmareGuise"],"picked":"hexamod:DynamicBlow","floor":40},{"not_picked":["hexamod:Firestarter","hexamod:PhantomCloak+1"],"picked":"hexamod:EtherealExpedition","floor":42},{"not_picked":["hexamod:NecessarySacrifice","hexamod:AdvancingGuard"],"picked":"hexamod:SpectralAdrenaline+1","floor":42},{"not_picked":["hexamod:Again","hexamod:GhostOfSpireFuture+1"],"picked":"hexamod:EtherealExpedition+1","floor":44},{"not_picked":["hexamod:BacktrackSmack+1","hexamod:PhantomFireball"],"picked":"hexamod:FifthSeal","floor":44},{"not_picked":["hexamod:SecondSeal","hexamod:FirstSeal"],"picked":"hexamod:FourthSeal","floor":46},{"not_picked":["hexamod:CatchUp","hexamod:GhostShield"],"picked":"hexamod:RetreatToShadows","floor":46},{"not_picked":["hexamod:Firestarter+1","hexamod:NightmareGuise+1"],"picked":"hexamod:FastForward+1","floor":47},{"not_picked":["hexamod:FastForward","hexamod:FifthSeal"],"picked":"hexamod:BacktrackSmack","floor":47},{"not_picked":["hexamod:SwordOfDarkness","hexamod:SpectersWail"],"picked":"hexamod:EmpoweredFlame+1","floor":49},{"not_picked":["hexamod:HauntingEcho+1","hexamod:Hexaguard+1"],"picked":"hexamod:SkipABeat","floor":49}],"player_experience":150045,"relics_obtained":[{"floor":6.0,"key":"Frozen Egg 2"},{"floor":7.0,"key":"Pantograph"},{"floor":8.0,"key":"hexamod:MatchstickCase"},{"floor":11.0,"key":"White Beast Statue"},{"floor":22.0,"key":"downfall:GremlinSack"},{"floor":23.0,"key":"Anchor"},{"floor":24.0,"key":"Nunchaku"},{"floor":38,"key":"Girya"},{"floor":41,"key":"HornCleat"}],"event_choices":[{"damage_healed":0.0,"max_hp_gain":0.0,"max_hp_loss":0.0,"gold_gain":0.0,"event_name":"Scrap Ooze","player_choice":"Success","floor":5.0,"gold_loss":0.0,"damage_taken":3.0,"relics_obtained":["Peace Pipe"]},{"damage_healed":0.0,"max_hp_gain":0.0,"max_hp_loss":0.0,"gold_gain":0.0,"event_name":"Back to Basics","player_choice":"Simplicity","floor":21.0,"gold_loss":0.0,"damage_taken":0.0,"cards_upgraded":["hexamod:Strike","hexamod:Strike","hexamod:Defend","hexamod:Defend","hexamod:Defend","hexamod:Defend"]},{"damage_healed":0,"gold_gain":0,"player_choice":"Ignored","damage_taken":0,"max_hp_gain":0,"max_hp_loss":0,"event_name":"Vampires","floor":28,"gold_loss":0}],"is_beta":false,"boss_relics":[{"not_picked":["Ring of Chaos","Abe\u0027s Treasure"],"picked":"Honey Jar"},{"not_picked":["Empty Cage","SacredBark"],"picked":"Runic Pyramid"}],"items_purged_floors":[9],"is_endless":false,"potions_floor_spawned":[6,11,13,14,15,16,19,20,22,23,25,29,31,32,33,36,37,38,40,42,44,46,47,49],"killed_by":"SI_POISON_ARCHETYPE","ascension_level":0}}