{"host":"ied4ms9juizrl48v","time":1610827851,"event":{"mods":["BaseMod","Block Reminder","Colored Map","Colored Powertips","DeckTracker","Highlight Path","Minty Spire (QoL Compilation)","Quick Restart","Random Character Button","StSLib","SuperFastMode"],"gold_per_floor":[13,33,33,83,101,101,134,145,145,164,196,196,213,226,226,300,300,259,259,276,108,126,126,140,170,219,39,58,72,99,112,112,191,191,203,249,261,275,275,275],"floor_reached":39,"language":"JPN","playtime":3117,"items_purged":[],"score":1103,"play_id":"6b11fddd-77cb-4673-8a30-7e76da7efc34","local_time":"20210117051051","is_ascension_mode":true,"campfire_choices":[{"data":"Venomology","floor":6,"key":"SMITH"},{"data":"Catalyst","floor":12,"key":"SMITH"},{"data":"Footwork","floor":15,"key":"SMITH"},{"data":"Wraith Form v2","floor":23,"key":"SMITH"},{"data":"Calculated Gamble","floor":32,"key":"SMITH"}],"circlet_count":0,"master_deck":["AscendersBane","Survivor","Neutralize","The Bomb","Blade Dance","Deadly Poison","Venomology+1","Footwork+1","Bouncing Flask","Blur","Catalyst+1","Acrobatics","Wraith Form v2+1","Venomology","Blur","Die Die Die","Deflect","Predator","A Thousand Cuts","Blur","Leg Sweep","PiercingWail","Acrobatics","Escape Plan","Concentrate","Calculated Gamble+1","Expertise","Expertise","Noxious Fumes","Acrobatics","Deflect","Backflip","After Image","Backflip","All Out Attack+1","PiercingWail","Outmaneuver+1"],"relics":["Ring of the Snake","Kunai","The Courier","Ancient Tea Set","Pandora\u0027s Box","Lantern","TungstenRod","Membership Card","MealTicket","HoveringKite","Ginger"],"acts_visited":["Exordium","TheCity","TheBeyond"],"potions_floor_usage":[7,7,10,11,11,13,13,14,16,18,18,20,22,22,24,25,25,25,28,29,30,30,33,33,35,35,35,36,36,36,38,38,39],"damage_taken":[{"damage":0,"enemies":"Cultist","floor":1,"turns":4},{"damage":7,"enemies":"Jaw Worm","floor":2,"turns":3},{"damage":6,"enemies":"Small Slimes","floor":5,"turns":4},{"damage":9,"enemies":"Gremlin Nob","floor":7,"turns":3},{"damage":0,"enemies":"Blue Slaver","floor":8,"turns":3},{"damage":11,"enemies":"Lots of Slimes","floor":10,"turns":3},{"damage":11,"enemies":"Lagavulin","floor":11,"turns":6},{"damage":0,"enemies":"Red Slaver","floor":13,"turns":2},{"damage":0,"enemies":"Blue Slaver","floor":14,"turns":4},{"damage":0,"enemies":"The Guardian","floor":16,"turns":10},{"damage":14,"enemies":"2 Thieves","floor":18,"turns":5},{"damage":9,"enemies":"Chosen","floor":20,"turns":4},{"damage":0,"enemies":"Snecko","floor":22,"turns":4},{"damage":0,"enemies":"Snake Plant","floor":24,"turns":6},{"damage":10,"enemies":"Gremlin Leader","floor":25,"turns":10},{"damage":0,"enemies":"3 Cultists","floor":28,"turns":3},{"damage":1,"enemies":"Shelled Parasite and Fungi","floor":29,"turns":5},{"damage":0,"enemies":"Slavers","floor":30,"turns":6},{"damage":0,"enemies":"Snake Plant","floor":31,"turns":6},{"damage":26,"enemies":"Automaton","floor":33,"turns":18},{"damage":11,"enemies":"3 Darklings","floor":35,"turns":9},{"damage":44,"enemies":"2 Orb Walkers","floor":36,"turns":7},{"damage":0,"enemies":"3 Shapes","floor":37,"turns":7},{"damage":0,"enemies":"3 Darklings","floor":38,"turns":10},{"damage":37,"enemies":"Transient","floor":39,"turns":3}],"seed_played":"6589706477491074465","potions_obtained":[{"floor":1,"key":"Strength Potion"},{"floor":7,"key":"BlessingOfTheForge"},{"floor":8,"key":"Swift Potion"},{"floor":11,"key":"Regen Potion"},{"floor":13,"key":"DuplicationPotion"},{"floor":20,"key":"LiquidMemories"},{"floor":24,"key":"Fire Potion"},{"floor":36,"key":"FairyPotion"},{"floor":38,"key":"Ancient Potion"}],"is_trial":false,"path_per_floor":["M","M","?","?","M","R","E","M","T","M","E","R","M","M","R","B",null,"M","?","M","$","M","R","M","E","T","$","M","M","E","M","R","B",null,"M","?","M","M","M"],"character_chosen":"THE_SILENT","items_purchased":["Escape Plan","Lantern","Membership Card","Expertise","Regen Potion"],"campfire_rested":0,"item_purchase_floors":[21,21,27,27,27],"current_hp_per_floor":[59,52,45,45,39,39,30,30,30,19,8,8,17,17,17,17,54,40,76,67,67,67,67,67,57,57,57,57,71,71,71,71,45,68,57,13,13,13,0,0],"gold":275,"neow_bonus":"RANDOM_COLORLESS_2","is_daily":false,"chose_seed":false,"campfire_upgraded":5,"win_rate":0.0,"timestamp":1610827851,"path_taken":["M","?","?","?","M","R","E","?","T","M","E","R","M","M","R","BOSS","M","?","M","$","?","R","M","E","T","?","M","M","E","M","R","BOSS","M","?","M","M","M"],"items_purchased_type":["Card","Relic","Relic","Card","Potion"],"build_version":"2020-12-22","purchased_purges":0,"victory":false,"max_hp_per_floor":[66,66,66,66,66,66,66,66,66,66,66,66,66,66,66,66,66,66,76,76,76,76,76,76,76,76,76,76,76,76,76,76,76,76,76,76,76,76,76,76],"card_choices":[{"not_picked":["Sadistic Nature","Violence"],"picked":"The Bomb","floor":0},{"not_picked":["Cloak And Dagger","Outmaneuver"],"picked":"Blade Dance","floor":1},{"not_picked":["Acrobatics","Prepared"],"picked":"Deadly Poison","floor":2},{"not_picked":["Dodge and Roll","Tactician"],"picked":"Venomology","floor":5},{"not_picked":["Dagger Throw","Distraction"],"picked":"Footwork","floor":7},{"not_picked":["Underhanded Strike","PiercingWail"],"picked":"Bouncing Flask","floor":8},{"not_picked":["Poisoned Stab","PiercingWail"],"picked":"Blur","floor":10},{"not_picked":["Dagger Spray","Backstab"],"picked":"Catalyst","floor":11},{"not_picked":["All Out Attack","PiercingWail"],"picked":"Acrobatics","floor":13},{"not_picked":["Underhanded Strike","Slice","Riddle With Holes"],"picked":"SKIP","floor":14},{"not_picked":["Envenom","Grand Finale"],"picked":"Wraith Form v2","floor":16},{"not_picked":["Poisoned Stab","Concentrate"],"picked":"PiercingWail","floor":18},{"not_picked":["Bane","Flechettes"],"picked":"Acrobatics","floor":20},{"not_picked":["Dagger Throw","Deadly Poison"],"picked":"Concentrate","floor":22},{"not_picked":["Caltrops","Flying Knee"],"picked":"Calculated Gamble","floor":24},{"not_picked":["Flying Knee","Deadly Poison"],"picked":"Expertise","floor":25},{"not_picked":["Finisher","Distraction"],"picked":"Noxious Fumes","floor":28},{"not_picked":["Dagger Spray","PiercingWail"],"picked":"Acrobatics","floor":29},{"not_picked":["Accuracy","Deadly Poison"],"picked":"Deflect","floor":30},{"not_picked":["Eviscerate","Malaise"],"picked":"Backflip","floor":31},{"not_picked":["Tools of the Trade","Phantasmal Killer"],"picked":"After Image","floor":33},{"not_picked":["Cloak And Dagger","Bane"],"picked":"Backflip","floor":35},{"not_picked":["Poisoned Stab","Slice"],"picked":"All Out Attack+1","floor":36},{"not_picked":["Cloak And Dagger","Poisoned Stab"],"picked":"PiercingWail","floor":37},{"not_picked":["Well Laid Plans","Tactician"],"picked":"Outmaneuver+1","floor":38}],"player_experience":9199,"relics_obtained":[{"floor":7,"key":"Kunai"},{"floor":9,"key":"The Courier"},{"floor":11,"key":"Ancient Tea Set"},{"floor":25,"key":"TungstenRod"},{"floor":30,"key":"MealTicket"},{"floor":36,"key":"Ginger"}],"event_choices":[{"cards_removed":["Strike_G"],"damage_healed":0,"gold_gain":0,"player_choice":"Card Removal","damage_taken":7,"max_hp_gain":0,"max_hp_loss":0,"event_name":"Golden Wing","floor":3,"gold_loss":0},{"damage_healed":0,"gold_gain":50,"player_choice":"Pray","damage_taken":0,"max_hp_gain":0,"max_hp_loss":0,"event_name":"Golden Shrine","floor":4,"gold_loss":0},{"cards_removed":["Unload"],"damage_healed":26,"gold_gain":0,"player_choice":"Offered Rare","damage_taken":0,"max_hp_gain":10,"max_hp_loss":0,"event_name":"Bonfire Elementals","floor":19,"gold_loss":0},{"damage_healed":0,"gold_gain":0,"player_choice":"Fight","damage_taken":0,"max_hp_gain":0,"max_hp_loss":0,"event_name":"Mysterious Sphere","floor":36,"gold_loss":0}],"is_beta":false,"boss_relics":[{"not_picked":["SacredBark","Tiny House"],"picked":"Pandora\u0027s Box"},{"not_picked":["Snecko Eye","WristBlade"],"picked":"HoveringKite"}],"items_purged_floors":[],"is_endless":false,"potions_floor_spawned":[1,7,8,11,13,18,20,24,31,36,38],"killed_by":"Transient","ascension_level":20}}