{"host":"d6c1my71jrq4jqot","time":1610817015,"event":{"mods":["AchievementEnabler","BaseMod","Colored Powertips","Minty Spire (QoL Compilation)","Relic Stats","Slay the Relics Exporter"],"gold_per_floor":[109,0,12,12,22,52,52,72,118,118,146,146,173,173,173,245,245,259,259,272,31,31,31,56,66,92,122,122,134,134,150,150,221,221,237,255,275,54,101,101,101,101],"floor_reached":41,"language":"ENG","playtime":2506,"items_purged":["Strike_G","Strike_G"],"score":877,"play_id":"3ed76fa8-a0a2-4660-a217-d29a4dc2896f","local_time":"20210116151015","is_ascension_mode":true,"campfire_choices":[{"data":"Dagger Throw","floor":7.0,"key":"SMITH"},{"floor":10.0,"key":"REST"},{"floor":15.0,"key":"REST"},{"floor":23.0,"key":"REST"},{"data":"Underhanded Strike","floor":30.0,"key":"SMITH"},{"data":"Leg Sweep","floor":32.0,"key":"SMITH"},{"floor":40,"key":"REST"}],"circlet_count":0,"master_deck":["AscendersBane","Strike_G","Strike_G+1","Defend_G+1","Defend_G","Defend_G+1","Defend_G","Survivor","Neutralize","Finisher","After Image","Slice","Dagger Throw+1","Slice","Venomology","Quick Slash","Footwork+1","Reflex","Tools of the Trade","Deflect+1","RitualDagger","Underhanded Strike+1","Noxious Fumes","Shame","Tactician+1","After Image","Leg Sweep+1","Unload","PiercingWail","Terror+1","Prepared+1","Backstab"],"relics":["Ring of the Snake","Eternal Feather","War Paint","PreservedInsect","Centennial Puzzle","Runic Pyramid","Membership Card","Blue Candle","Incense Burner","Toy Ornithopter","Black Star","Torii","Shovel"],"acts_visited":["Exordium","TheCity","TheBeyond"],"potions_floor_usage":[39,39,41],"damage_taken":[{"damage":10.0,"enemies":"Small Slimes","floor":1.0,"turns":3.0},{"damage":0.0,"enemies":"Cultist","floor":3.0,"turns":3.0},{"damage":0.0,"enemies":"Jaw Worm","floor":5.0,"turns":3.0},{"damage":17.0,"enemies":"Gremlin Nob","floor":6.0,"turns":5.0},{"damage":9.0,"enemies":"3 Louse","floor":8.0,"turns":3.0},{"damage":14.0,"enemies":"Lagavulin","floor":11.0,"turns":6.0},{"damage":5.0,"enemies":"Gremlin Nob","floor":13.0,"turns":3.0},{"damage":12.0,"enemies":"The Guardian","floor":16.0,"turns":13.0},{"damage":7.0,"enemies":"3 Byrds","floor":18.0,"turns":6.0},{"damage":14.0,"enemies":"2 Thieves","floor":20.0,"turns":4.0},{"damage":28.0,"enemies":"Slavers","floor":24.0,"turns":6.0},{"damage":10.0,"enemies":"Centurion and Healer","floor":25.0,"turns":5.0},{"damage":0.0,"enemies":"Book of Stabbing","floor":27.0,"turns":4.0},{"damage":1.0,"enemies":"Cultist and Chosen","floor":29.0,"turns":7.0},{"damage":20.0,"enemies":"Shelled Parasite and Fungi","floor":31.0,"turns":6.0},{"damage":3.0,"enemies":"Automaton","floor":33.0,"turns":12.0},{"damage":24.0,"enemies":"3 Shapes","floor":35.0,"turns":5.0},{"damage":9.0,"enemies":"Orb Walker","floor":36.0,"turns":5.0},{"damage":20.0,"enemies":"Transient","floor":37.0,"turns":6.0},{"damage":13,"enemies":"2 Orb Walkers","floor":39,"turns":5},{"damage":55,"enemies":"Reptomancer","floor":41,"turns":2}],"seed_played":"-9076663998897821817","potions_obtained":[{"floor":6.0,"key":"PowerPotion"},{"floor":16.0,"key":"Explosive Potion"}],"is_trial":false,"path_per_floor":["M","$","M","?","M","E","R","M","T","R","E","?","E","?","R","B",null,"M","?","M","$","?","R","E","M","T","E","?","M","R","M","R","B",null,"M","M","M","$","?","R","E"],"character_chosen":"THE_SILENT","items_purchased":["Poison Potion","PowerPotion","Membership Card","Noxious Fumes","Torii"],"campfire_rested":4,"item_purchase_floors":[2,2,21,21,38],"current_hp_per_floor":[34,34,34,34,34,17,26,17,17,45,31,11,6,1,32,20,55,48,42,28,28,28,62,34,24,24,24,24,28,43,23,38,40,60,36,27,12,12,9,46,0,0],"gold":101,"neow_bonus":"TRANSFORM_TWO_CARDS","is_daily":false,"chose_seed":false,"campfire_upgraded":3,"win_rate":0.0,"timestamp":1610817015,"path_taken":["M","$","M","?","?","E","R","M","T","R","E","?","E","?","R","BOSS","M","?","M","$","?","R","E","M","T","E","?","M","R","?","R","BOSS","M","M","M","$","?","R","E"],"items_purchased_type":["Potion","Potion","Relic","Card","Relic"],"build_version":"2020-12-22","purchased_purges":2,"victory":false,"max_hp_per_floor":[66,66,66,66,66,66,66,66,66,66,66,66,66,66,66,66,66,66,66,66,66,66,66,66,66,66,66,66,66,66,66,66,66,66,66,66,66,66,66,66,66,66],"relic_stats":{"Centennial Puzzle":[39],"Shovel":0,"Torii":3,"counters":[21,112],"Blue Candle":[6],"Eternal Feather":93,"PreservedInsect":166,"Black Star":0,"War Paint":["Defend_G","Defend_G"],"obtain_stats":[{"Torii":38,"Blue Candle":22,"Eternal Feather":6,"PreservedInsect":11,"Incense Burner":24,"War Paint":9,"Centennial Puzzle":13,"Shovel":39,"Black Star":34,"Membership Card":21,"Toy Ornithopter":27,"Ring of the Snake":0,"Runic Pyramid":17},{"Torii":19,"Blue Candle":10,"Eternal Feather":4,"PreservedInsect":6,"Incense Burner":11,"War Paint":5,"Centennial Puzzle":7,"Shovel":20,"Black Star":16,"Membership Card":10,"Toy Ornithopter":13,"Ring of the Snake":0,"Runic Pyramid":8},{"Torii":105,"Blue Candle":49,"Eternal Feather":14,"PreservedInsect":23,"Incense Burner":55,"War Paint":17,"Centennial Puzzle":26,"Shovel":110,"Black Star":89,"Membership Card":49,"Toy Ornithopter":64,"Ring of the Snake":0,"Runic Pyramid":39}],"Toy Ornithopter":30,"Ring of the Snake":[42]},"card_choices":[{"not_picked":["Bane","Choke"],"picked":"Slice","floor":1.0},{"not_picked":["Flying Knee","Flechettes"],"picked":"Dagger Throw","floor":3.0},{"not_picked":["Outmaneuver","Bane"],"picked":"Slice","floor":5.0},{"not_picked":["Flying Knee","Deadly Poison"],"picked":"Venomology","floor":6.0},{"not_picked":["Dagger Throw","Blur"],"picked":"Quick Slash","floor":8.0},{"not_picked":["Blur","Bane"],"picked":"Footwork","floor":11.0},{"not_picked":["Poisoned Stab","Heel Hook"],"picked":"Reflex","floor":13.0},{"not_picked":["Bullet Time","Phantasmal Killer"],"picked":"Tools of the Trade","floor":16.0},{"not_picked":["Cloak And Dagger","Caltrops"],"picked":"Deflect+1","floor":18.0},{"not_picked":["Sucker Punch","Backflip"],"picked":"Underhanded Strike","floor":20.0},{"not_picked":["Deflect+1","Prepared"],"picked":"Tactician","floor":24.0},{"not_picked":["Underhanded Strike","Skewer","Cloak And Dagger"],"picked":"SKIP","floor":25.0},{"not_picked":["Accuracy","Poisoned Stab+1"],"picked":"After Image","floor":27.0},{"not_picked":["Backflip","Flying Knee","Prepared"],"picked":"SKIP","floor":29.0},{"not_picked":["Slice","Finisher"],"picked":"Leg Sweep","floor":31.0},{"not_picked":["Grand Finale","Glass Knife"],"picked":"Unload","floor":33.0},{"not_picked":["Dagger Spray","Deflect"],"picked":"PiercingWail","floor":35.0},{"not_picked":["Slice","Endless Agony"],"picked":"Terror+1","floor":36.0},{"not_picked":["Escape Plan","All Out Attack+1"],"picked":"Prepared+1","floor":37.0},{"not_picked":["Accuracy+1","Setup"],"picked":"Backstab","floor":39}],"player_experience":638087,"relics_obtained":[{"floor":6.0,"key":"Eternal Feather"},{"floor":9.0,"key":"War Paint"},{"floor":11.0,"key":"PreservedInsect"},{"floor":13.0,"key":"Centennial Puzzle"},{"floor":24.0,"key":"Incense Burner"},{"floor":27.0,"key":"Toy Ornithopter"},{"floor":39,"key":"Shovel"}],"event_choices":[{"damage_healed":0.0,"max_hp_gain":0.0,"max_hp_loss":0.0,"gold_gain":0.0,"event_name":"Match and Keep!","player_choice":"0 cards matched","floor":4.0,"gold_loss":0.0,"damage_taken":0.0,"cards_obtained":[]},{"damage_healed":0.0,"max_hp_gain":0.0,"max_hp_loss":0.0,"gold_gain":0.0,"event_name":"Shining Light","player_choice":"Entered Light","floor":12.0,"gold_loss":0.0,"damage_taken":20.0,"cards_upgraded":["Footwork","Strike_G"]},{"damage_healed":0.0,"max_hp_gain":0.0,"max_hp_loss":0.0,"gold_gain":0.0,"event_name":"Scrap Ooze","player_choice":"Fled","floor":14.0,"gold_loss":0.0,"damage_taken":5.0},{"damage_healed":0.0,"max_hp_gain":0.0,"max_hp_loss":0.0,"gold_gain":0.0,"event_name":"Nest","player_choice":"Joined the Cult","floor":19.0,"gold_loss":0.0,"damage_taken":6.0,"cards_obtained":["RitualDagger"]},{"damage_healed":0.0,"max_hp_gain":0.0,"max_hp_loss":0.0,"gold_gain":0.0,"event_name":"Addict","player_choice":"Stole Relic","floor":22.0,"gold_loss":0.0,"damage_taken":0.0,"relics_obtained":["Blue Candle"],"cards_obtained":["Shame"]},{"damage_healed":0.0,"max_hp_gain":0.0,"max_hp_loss":0.0,"gold_gain":0.0,"event_name":"Upgrade Shrine","player_choice":"Upgraded","floor":28.0,"gold_loss":0.0,"damage_taken":0.0,"cards_upgraded":["Tactician"]},{"damage_healed":0,"gold_gain":0,"player_choice":"Fight","damage_taken":0,"max_hp_gain":0,"max_hp_loss":0,"event_name":"Mysterious Sphere","floor":39,"gold_loss":0}],"is_beta":false,"boss_relics":[{"not_picked":["Pandora\u0027s Box","Velvet Choker"],"picked":"Runic Pyramid"},{"not_picked":["Sozu","Tiny House"],"picked":"Black Star"}],"items_purged_floors":[21,38],"is_endless":false,"potions_floor_spawned":[5,6,13,16,20,25,33],"killed_by":"Reptomancer","ascension_level":17}}