{"host":"y1oqg7uy0jc6f5mb","time":1610827241,"event":{"mods":["BaseMod","Block Reminder","Colored Map","Colored Powertips","Custom Start","DeckTracker","Highlight Path","Minty Spire (QoL Compilation)","Permanent Neow","Quick Restart","Relic Sorter","Relic Stats","StSLib"],"gold_per_floor":[119,129,129,142,142,142,170,170,194,194,209,241,206,81,81,178,178,193,193,206,206,1,1,30,50,50,50,79,79,89,107,107,205,205,217,231,141,64,89,89,116,128,174,205,205,22,54,64,64,64],"floor_reached":51,"language":"ENG","playtime":4242,"items_purged":[],"score":975,"play_id":"01f8566c-4ae0-43fb-9c6b-9b46b1e7cdbb","local_time":"20210117040041","is_ascension_mode":true,"campfire_choices":[{"data":"Evolve","floor":6.0,"key":"SMITH"},{"data":"Immolate","floor":8.0,"key":"SMITH"},{"floor":10.0,"key":"REST"},{"data":"True Grit","floor":15.0,"key":"SMITH"},{"floor":23.0,"key":"REST"},{"floor":27.0,"key":"REST"},{"floor":32.0,"key":"REST"},{"floor":40.0,"key":"REST"},{"floor":49.0,"key":"REST"}],"circlet_count":0,"master_deck":["Defend_R+1","Defend_R","Defend_R","Defend_R","Bash+1","Shrug It Off+1","Evolve+1","Power Through","Immolate+1","Shrug It Off","True Grit+1","Reaper","Rupture+1","Bite","Bite+1","Bite","Bite","Bite","Spot Weakness","Headbutt+1","Infernal Blade+1","Armaments","Inflame","Flex+1","Disarm+1","Reaper+1","Battle Trance+1","Madness","Madness","Shockwave"],"relics":["Burning Blood","Nunchaku","Lantern","Vajra","MealTicket","Regal Pillow","Fusion Hammer","Happy Flower","Bronze Scales","Bag of Preparation","Centennial Puzzle","Busted Crown","Toy Ornithopter","Shovel","Whetstone","HornCleat","Pen Nib","Thread and Needle"],"acts_visited":["Exordium","TheCity","TheBeyond"],"potions_floor_usage":[],"damage_taken":[{"damage":6.0,"enemies":"Cultist","floor":1.0,"turns":4.0},{"damage":0.0,"enemies":"Small Slimes","floor":2.0,"turns":3.0},{"damage":0.0,"enemies":"2 Louse","floor":4.0,"turns":3.0},{"damage":22.0,"enemies":"3 Sentries","floor":7.0,"turns":13.0},{"damage":12.0,"enemies":"Large Slime","floor":11.0,"turns":3.0},{"damage":21.0,"enemies":"Lagavulin","floor":12.0,"turns":5.0},{"damage":27.0,"enemies":"The Guardian","floor":16.0,"turns":17.0},{"damage":14.0,"enemies":"Chosen","floor":18.0,"turns":5.0},{"damage":29.0,"enemies":"Shell Parasite","floor":20.0,"turns":5.0},{"damage":71.0,"enemies":"Book of Stabbing","floor":24.0,"turns":6.0},{"damage":9.0,"enemies":"Snake Plant","floor":25.0,"turns":4.0},{"damage":33.0,"enemies":"Slavers","floor":28.0,"turns":3.0},{"damage":32.0,"enemies":"Shelled Parasite and Fungi","floor":30.0,"turns":5.0},{"damage":24.0,"enemies":"Centurion and Healer","floor":31.0,"turns":4.0},{"damage":79.0,"enemies":"Collector","floor":33.0,"turns":10.0},{"damage":2.0,"enemies":"3 Shapes","floor":35.0,"turns":2.0},{"damage":18.0,"enemies":"3 Darklings","floor":36.0,"turns":5.0},{"damage":6.0,"enemies":"Reptomancer","floor":41.0,"turns":7.0},{"damage":16.0,"enemies":"Sphere and 2 Shapes","floor":42.0,"turns":3.0},{"damage":47.0,"enemies":"Nemesis","floor":44.0,"turns":9.0},{"damage":65.0,"enemies":"Giant Head","floor":47.0,"turns":9.0},{"damage":22.0,"enemies":"4 Shapes","floor":48.0,"turns":4.0},{"damage":70,"enemies":"Time Eater","floor":50,"turns":12}],"seed_played":"-2308660594658671614","potions_obtained":[{"floor":4.0,"key":"DuplicationPotion"},{"floor":16.0,"key":"LiquidBronze"},{"floor":18.0,"key":"BloodPotion"},{"floor":20.0,"key":"SteroidPotion"},{"floor":25.0,"key":"Regen Potion"},{"floor":35.0,"key":"Fire Potion"},{"floor":36.0,"key":"Energy Potion"},{"floor":41.0,"key":"SkillPotion"},{"floor":44.0,"key":"Regen Potion"}],"is_trial":false,"path_per_floor":["M","M","T","M","?","R","E","R","T","R","M","E","?","$","R","B",null,"M","?","M","?","$","R","E","M","T","R","E","?","M","M","R","B",null,"M","M","?","$","T","R","E","M","T","E","?","$","E","M","R","B",null],"character_chosen":"IRONCLAD","items_purchased":["True Grit","GamblersBrew","Happy Flower","BlessingOfTheForge","GamblersBrew","Pen Nib","Shockwave"],"campfire_rested":6,"item_purchase_floors":[14,14,22,22,38,46,46],"current_hp_per_floor":[72,78,78,80,64,64,48,48,48,72,66,51,71,80,80,59,75,74,56,38,38,53,56,11,27,27,56,41,41,23,31,56,24,48,56,56,56,56,56,56,56,54,54,50,43,56,44,43,56,46],"gold":64,"neow_bonus":"RANDOM_COMMON_RELIC","is_daily":false,"chose_seed":false,"campfire_upgraded":3,"win_rate":0.0,"timestamp":1610827241,"path_taken":["M","M","?","M","?","R","E","R","T","R","M","E","?","$","R","BOSS","M","?","M","?","$","R","E","M","T","R","E","?","M","?","R","BOSS","M","M","?","?","?","R","E","M","T","E","?","$","E","M","R","BOSS"],"items_purchased_type":["Card","Potion","Relic","Potion","Potion","Relic","Card"],"build_version":"2020-12-22","purchased_purges":0,"victory":true,"max_hp_per_floor":[80,80,80,80,80,80,80,80,80,80,80,80,80,80,80,80,80,80,56,56,56,56,56,56,56,56,56,56,56,56,56,56,56,56,56,56,56,56,56,56,56,56,56,56,56,56,56,56,56,56],"relic_stats":{"Regal Pillow":22,"Happy Flower":[27],"counters":[23,141],"Pen Nib":[4],"Bag of Preparation":[24],"Whetstone":["Bite","Reaper"],"Burning Blood":124,"Nunchaku":[23],"Centennial Puzzle":[30],"Busted Crown":14,"Shovel":0,"Bronze Scales":[229],"MealTicket":37,"obtain_stats":[{"Lantern":3,"Regal Pillow":12,"Happy Flower":22,"Vajra":7,"Thread and Needle":47,"Pen Nib":46,"Bag of Preparation":26,"Whetstone":43,"Burning Blood":0,"Nunchaku":0,"Centennial Puzzle":28,"Busted Crown":34,"Shovel":41,"HornCleat":44,"Bronze Scales":24,"MealTicket":9,"Fusion Hammer":17,"Toy Ornithopter":39},{"Lantern":2,"Regal Pillow":6,"Happy Flower":9,"Vajra":4,"Thread and Needle":21,"Pen Nib":20,"Bag of Preparation":11,"Whetstone":19,"Burning Blood":0,"Nunchaku":0,"Centennial Puzzle":12,"Busted Crown":15,"Shovel":18,"HornCleat":20,"Bronze Scales":10,"MealTicket":4,"Fusion Hammer":7,"Toy Ornithopter":17},{"Lantern":7,"Regal Pillow":31,"Happy Flower":58,"Vajra":23,"Thread and Needle":125,"Pen Nib":116,"Bag of Preparation":68,"Whetstone":107,"Burning Blood":0,"Nunchaku":0,"Centennial Puzzle":71,"Busted Crown":90,"Shovel":104,"HornCleat":116,"Bronze Scales":64,"MealTicket":23,"Fusion Hammer":48,"Toy Ornithopter":97}],"Toy Ornithopter":20},"card_choices":[{"not_picked":["Wild Strike","Blood for Blood"],"picked":"Shrug It Off","floor":1.0},{"not_picked":["Clothesline","Twin Strike"],"picked":"Evolve","floor":2.0},{"not_picked":["Warcry","Dark Embrace"],"picked":"Power Through","floor":4.0},{"not_picked":["Iron Wave","Dual Wield"],"picked":"Immolate","floor":7.0},{"not_picked":["Wild Strike","Heavy Blade"],"picked":"Dark Embrace","floor":11.0},{"not_picked":["Sword Boomerang","Heavy Blade"],"picked":"Shrug It Off","floor":12.0},{"not_picked":["Fiend Fire","Barricade"],"picked":"Reaper","floor":16.0},{"not_picked":["Heavy Blade","Iron Wave"],"picked":"Rupture+1","floor":18.0},{"not_picked":["Rupture+1","Body Slam"],"picked":"Spot Weakness","floor":20.0},{"not_picked":["Thunderclap","Metallicize"],"picked":"Headbutt+1","floor":24.0},{"not_picked":["Iron Wave","Havoc"],"picked":"Infernal Blade+1","floor":25.0},{"not_picked":["Dark Embrace+1","Barricade"],"picked":"Armaments","floor":28.0},{"not_picked":["Headbutt","Power Through"],"picked":"Flex+1","floor":30.0},{"not_picked":["Heavy Blade+1","Twin Strike"],"picked":"Disarm+1","floor":31.0},{"not_picked":["Demon Form","Immolate"],"picked":"Reaper","floor":33.0},{"not_picked":["Clothesline"],"picked":"SKIP","floor":35.0},{"not_picked":["Clash"],"picked":"SKIP","floor":36.0},{"not_picked":[],"picked":"Battle Trance+1","floor":41.0},{"not_picked":["Havoc"],"picked":"SKIP","floor":42.0},{"not_picked":["Heavy Blade"],"picked":"SKIP","floor":44.0},{"not_picked":["Havoc"],"picked":"SKIP","floor":47.0},{"not_picked":["Havoc"],"picked":"SKIP","floor":48.0}],"player_experience":39961,"relics_obtained":[{"floor":3.0,"key":"Lantern"},{"floor":7.0,"key":"Vajra"},{"floor":9.0,"key":"MealTicket"},{"floor":12.0,"key":"Regal Pillow"},{"floor":24.0,"key":"Bronze Scales"},{"floor":26.0,"key":"Bag of Preparation"},{"floor":28.0,"key":"Centennial Puzzle"},{"floor":39.0,"key":"Toy Ornithopter"},{"floor":41.0,"key":"Shovel"},{"floor":43.0,"key":"Whetstone"},{"floor":44.0,"key":"HornCleat"},{"floor":47.0,"key":"Thread and Needle"}],"event_choices":[{"damage_healed":0.0,"max_hp_gain":0.0,"max_hp_loss":0.0,"gold_gain":0.0,"event_name":"Shining Light","player_choice":"Entered Light","floor":5.0,"gold_loss":0.0,"damage_taken":16.0,"cards_upgraded":["Defend_R","Bash"]},{"damage_healed":20.0,"max_hp_gain":0.0,"max_hp_loss":0.0,"gold_gain":0.0,"event_name":"The Cleric","player_choice":"Healed","floor":13.0,"gold_loss":35.0,"damage_taken":0.0},{"damage_healed":0.0,"max_hp_gain":0.0,"max_hp_loss":24.0,"gold_gain":0.0,"event_name":"Vampires","player_choice":"Became a vampire","floor":19.0,"gold_loss":0.0,"damage_taken":0.0,"cards_obtained":["Bite","Bite","Bite","Bite","Bite"]},{"damage_healed":0.0,"max_hp_gain":0.0,"max_hp_loss":0.0,"gold_gain":0.0,"event_name":"Forgotten Altar","player_choice":"Smashed Altar","floor":21.0,"gold_loss":0.0,"damage_taken":0.0,"cards_obtained":["Decay"]},{"damage_healed":0.0,"max_hp_gain":0.0,"max_hp_loss":0.0,"gold_gain":0.0,"cards_transformed":["Dark Embrace"],"event_name":"Transmorgrifier","player_choice":"Transformed","floor":29.0,"gold_loss":0.0,"damage_taken":0.0,"cards_obtained":["Inflame"]},{"cards_removed":["Decay"],"damage_healed":0.0,"max_hp_gain":0.0,"max_hp_loss":0.0,"gold_gain":0.0,"event_name":"Designer","player_choice":"Upgrade and Remove","floor":37.0,"gold_loss":90.0,"damage_taken":0.0,"cards_upgraded":["Shrug It Off"]},{"damage_healed":0.0,"max_hp_gain":0.0,"max_hp_loss":0.0,"gold_gain":0.0,"event_name":"Winding Halls","player_choice":"Embrace Madness","floor":45.0,"gold_loss":0.0,"damage_taken":7.0,"cards_obtained":["Madness","Madness"]}],"is_beta":false,"boss_relics":[{"not_picked":["Runic Pyramid","Snecko Eye"],"picked":"Fusion Hammer"},{"not_picked":["SacredBark","SlaversCollar"],"picked":"Busted Crown"}],"items_purged_floors":[],"is_endless":false,"potions_floor_spawned":[4,16,18,20,25,35,36,41,44],"ascension_level":6}}