{"host":"oigynbtg272c19pw","time":1610824158,"event":{"mods":["BaseMod","Colored Map","Minty Spire (QoL Compilation)","Relic Stats","Slay the Relics Exporter","StSLib"],"gold_per_floor":[110,35,47,10,10,37,37,37,37,76,76,76,117,140,140,225,225,238,256,306,326,351,377,377,418,442,486,401,428,168,6,6,87,87,112,112,140,159,187,187,213,241,241,266,309,325,215,549,549,549,549,549,549,261,286,286],"floor_reached":57,"playtime":4410,"items_purged":["Strike_R","Strike_R","Defend_R","Defend_R"],"score":2901,"play_id":"3df95e83-2e94-4939-b877-dad0eac79da3","local_time":"20210116200918","is_ascension_mode":true,"campfire_choices":[{"data":"Uppercut","floor":7.0,"key":"SMITH"},{"data":"Berserk","floor":15.0,"key":"SMITH"},{"data":"Feed","floor":24.0,"key":"SMITH"},{"data":"Double Tap","floor":32.0,"key":"SMITH"},{"data":"Sadistic Nature","floor":40.0,"key":"SMITH"},{"floor":49.0,"key":"RECALL"},{"data":"Disarm","floor":53.0,"key":"SMITH"}],"circlet_count":0,"master_deck":["AscendersBane","Defend_R","Bash+1","Uppercut+1","Shrug It Off","Second Wind","Double Tap+1","Flame Barrier+1","Battle Trance","Berserk+1","Metallicize","Feed+1","Whirlwind","Iron Wave","Flame Barrier+1","Shrug It Off","Entrench","Clothesline","Barricade","Metallicize","Uppercut","Sadistic Nature+1","Disarm+1","Offering","Thunderclap+1","Uppercut+1","Disarm+1","Evolve","Flame Barrier+1","Disarm","Dual Wield","Second Wind","Inflame"],"relics":["Burning Blood","NeowsBlessing","Charon\u0027s Ashes","CeramicFish","Art of War","Self Forming Clay","Snecko Eye","Mercury Hourglass","Dream Catcher","Centennial Puzzle","Eternal Feather","Mummified Hand","Membership Card","Runic Dome","Strawberry","Juzu Bracelet","Old Coin","Anchor","HandDrill","Akabeko"],"acts_visited":["Exordium","TheCity","TheBeyond","TheEnding"],"potions_floor_usage":[56],"damage_taken":[{"damage":0.0,"enemies":"Small Slimes","floor":1.0,"turns":2.0},{"damage":0.0,"enemies":"Cultist","floor":3.0,"turns":1.0},{"damage":0.0,"enemies":"3 Sentries","floor":6.0,"turns":2.0},{"damage":27.0,"enemies":"Gremlin Nob","floor":10.0,"turns":4.0},{"damage":3.0,"enemies":"Lagavulin","floor":13.0,"turns":9.0},{"damage":0.0,"enemies":"2 Louse","floor":14.0,"turns":2.0},{"damage":12.0,"enemies":"The Guardian","floor":16.0,"turns":11.0},{"damage":11.0,"enemies":"Shell Parasite","floor":18.0,"turns":4.0},{"damage":4.0,"enemies":"2 Thieves","floor":21.0,"turns":3.0},{"damage":8.0,"enemies":"Shelled Parasite and Fungi","floor":22.0,"turns":4.0},{"damage":34.0,"enemies":"Gremlin Leader","floor":23.0,"turns":7.0},{"damage":8.0,"enemies":"Book of Stabbing","floor":25.0,"turns":6.0},{"damage":14.0,"enemies":"Slavers","floor":27.0,"turns":4.0},{"damage":7.0,"enemies":"Centurion and Healer","floor":29.0,"turns":6.0},{"damage":6.0,"enemies":"Champ","floor":33.0,"turns":12.0},{"damage":6.0,"enemies":"Orb Walker","floor":35.0,"turns":2.0},{"damage":6.0,"enemies":"3 Darklings","floor":37.0,"turns":4.0},{"damage":6.0,"enemies":"Transient","floor":38.0,"turns":6.0},{"damage":0.0,"enemies":"Maw","floor":39.0,"turns":6.0},{"damage":6.0,"enemies":"Nemesis","floor":41.0,"turns":7.0},{"damage":32.0,"enemies":"Jaw Worm Horde","floor":42.0,"turns":2.0},{"damage":4.0,"enemies":"Spire Growth","floor":44.0,"turns":6.0},{"damage":6.0,"enemies":"Giant Head","floor":45.0,"turns":9.0},{"damage":0.0,"enemies":"Maw","floor":46.0,"turns":7.0},{"damage":0.0,"enemies":"Mind Bloom Boss Battle","floor":48.0,"turns":10.0},{"damage":36.0,"enemies":"Donu and Deca","floor":50.0,"turns":10.0},{"damage":31.0,"enemies":"Awakened One","floor":51.0,"turns":17.0},{"damage":39.0,"enemies":"Shield and Spear","floor":55.0,"turns":7.0},{"damage":87,"enemies":"The Heart","floor":56,"turns":11}],"seed_played":"4460561662056741708","potions_obtained":[{"floor":1.0,"key":"Fire Potion"},{"floor":3.0,"key":"Fire Potion"},{"floor":13.0,"key":"PowerPotion"},{"floor":18.0,"key":"Energy Potion"},{"floor":21.0,"key":"BloodPotion"},{"floor":29.0,"key":"Weak Potion"},{"floor":33.0,"key":"PowerPotion"},{"floor":38.0,"key":"AttackPotion"},{"floor":41.0,"key":"Swift Potion"},{"floor":42.0,"key":"BloodPotion"},{"floor":46.0,"key":"SneckoOil"}],"is_trial":false,"path_per_floor":["M","$","M","$","?","E","R","$","T","E","$","?","E","M","R","B",null,"M","?","?","M","M","E","R","E","T","E","?","M","$","$","R","B",null,"M","?","M","M","M","R","E","M","T","M","E","M","?","?","R","B","B",null,"R","$","E","B",null],"character_chosen":"IRONCLAD","items_purchased":["Second Wind","Membership Card","Metallicize","Uppercut","Sadistic Nature","Disarm","Second Wind","Inflame","Anchor","HandDrill"],"campfire_rested":0,"item_purchase_floors":[4,30,30,30,31,31,54,54,54,54],"current_hp_per_floor":[74,74,75,75,75,75,75,75,75,54,54,54,57,63,63,57,71,69,69,69,74,72,47,47,61,61,53,53,56,56,56,71,75,88,92,92,96,96,100,100,107,85,85,91,95,119,119,123,123,97,76,117,131,131,98,17],"gold":286,"neow_bonus":"THREE_ENEMY_KILL","is_daily":false,"chose_seed":false,"campfire_upgraded":6,"win_rate":0.0,"timestamp":1610824158,"path_taken":["M","$","M","$","?","E","R","$","T","E","?","?","E","?","R","BOSS","M","?","?","M","?","E","R","E","T","E","?","M","?","$","R","BOSS","M","?","?","M","M","R","E","M","T","M","E","M","?","?","R","BOSS","BOSS","R","$","E","BOSS"],"items_purchased_type":["Card","Relic","Card","Card","Card","Card","Card","Card","Relic","Relic"],"build_version":"2020-12-13","purchased_purges":4,"victory":true,"max_hp_per_floor":[75,75,75,75,75,75,75,75,75,75,75,75,75,75,75,75,75,78,78,78,81,81,84,84,84,84,84,84,88,88,88,88,92,92,96,96,100,100,100,100,107,111,111,115,119,119,119,123,123,127,131,131,131,131,131,131],"relic_stats":{"counters":[29,181],"Self Forming Clay":[159],"CeramicFish":225,"Eternal Feather":29,"Charon\u0027s Ashes":[531],"Juzu Bracelet":1,"Burning Blood":155,"Mercury Hourglass":[375],"Dream Catcher":0,"Centennial Puzzle":[41],"Mummified Hand":[167],"Snecko Eye":[323,271,295,269],"Art of War":[25],"HandDrill":[2],"obtain_stats":[{"NeowsBlessing":0,"Self Forming Clay":13,"CeramicFish":9,"Eternal Feather":27,"Charon\u0027s Ashes":6,"Juzu Bracelet":45,"Burning Blood":0,"Akabeko":55,"Mercury Hourglass":23,"Old Coin":48,"Runic Dome":34,"Dream Catcher":25,"Centennial Puzzle":26,"Anchor":54,"Mummified Hand":28,"Strawberry":41,"Snecko Eye":17,"Art of War":10,"HandDrill":54,"Membership Card":30},{"NeowsBlessing":0,"Self Forming Clay":5,"CeramicFish":3,"Eternal Feather":13,"Charon\u0027s Ashes":3,"Juzu Bracelet":23,"Burning Blood":0,"Akabeko":28,"Mercury Hourglass":11,"Old Coin":25,"Runic Dome":15,"Dream Catcher":12,"Centennial Puzzle":12,"Anchor":27,"Mummified Hand":13,"Strawberry":20,"Snecko Eye":7,"Art of War":4,"HandDrill":27,"Membership Card":14},{"NeowsBlessing":0,"Self Forming Clay":18,"CeramicFish":5,"Eternal Feather":59,"Charon\u0027s Ashes":5,"Juzu Bracelet":119,"Burning Blood":0,"Akabeko":170,"Mercury Hourglass":49,"Old Coin":136,"Runic Dome":77,"Dream Catcher":55,"Centennial Puzzle":55,"Anchor":163,"Mummified Hand":59,"Strawberry":102,"Snecko Eye":31,"Art of War":9,"HandDrill":163,"Membership Card":65}]},"card_choices":[{"not_picked":["Whirlwind","Twin Strike"],"picked":"Uppercut","floor":1.0},{"not_picked":["Flex","True Grit"],"picked":"Shrug It Off","floor":3.0},{"not_picked":["Shrug It Off","Heavy Blade"],"picked":"Flame Barrier","floor":6.0},{"not_picked":["Infernal Blade","Bloodletting"],"picked":"Battle Trance","floor":10.0},{"not_picked":["Shrug It Off","Anger"],"picked":"Berserk","floor":13.0},{"not_picked":["Blood for Blood","Anger"],"picked":"Metallicize","floor":14.0},{"not_picked":["Berserk","Double Tap"],"picked":"Feed","floor":16.0},{"not_picked":["Warcry","Sword Boomerang","Havoc"],"picked":"SKIP","floor":18.0},{"not_picked":["Thunderclap","Sever Soul+1"],"picked":"Flame Barrier","floor":21.0},{"not_picked":["Sentinel","Anger"],"picked":"Shrug It Off","floor":22.0},{"not_picked":["Ghostly Armor","Perfected Strike","Flex"],"picked":"SKIP","floor":23.0},{"not_picked":["Perfected Strike","Seeing Red"],"picked":"Entrench","floor":25.0},{"not_picked":["Dropkick","Infernal Blade"],"picked":"Clothesline","floor":27.0},{"not_picked":["Armaments+1","Clothesline"],"picked":"Barricade","floor":29.0},{"not_picked":["Barricade","Reaper"],"picked":"Offering","floor":33.0},{"not_picked":["Headbutt","Perfected Strike"],"picked":"Thunderclap+1","floor":35.0},{"not_picked":["Evolve","Bloodletting"],"picked":"Uppercut+1","floor":37.0},{"not_picked":["Cleave","Pommel Strike","Twin Strike"],"picked":"SKIP","floor":38.0},{"not_picked":["Immolate","Whirlwind"],"picked":"Disarm+1","floor":39.0},{"not_picked":["Flex","Headbutt+1","Warcry"],"picked":"SKIP","floor":41.0},{"not_picked":["Second Wind","Headbutt"],"picked":"Evolve","floor":42.0},{"not_picked":["Twin Strike","Infernal Blade+1"],"picked":"Flame Barrier+1","floor":44.0},{"not_picked":["Shrug It Off","Cleave"],"picked":"Disarm","floor":45.0},{"not_picked":["Iron Wave","Warcry","Uppercut"],"picked":"SKIP","floor":46.0},{"not_picked":["Twin Strike","Iron Wave"],"picked":"Dual Wield","floor":48.0},{"not_picked":["Perfected Strike","Infernal Blade","Iron Wave"],"picked":"SKIP","floor":55.0}],"player_experience":1414200,"relics_obtained":[{"floor":6.0,"key":"Charon\u0027s Ashes"},{"floor":9.0,"key":"CeramicFish"},{"floor":10.0,"key":"Art of War"},{"floor":13.0,"key":"Self Forming Clay"},{"floor":23.0,"key":"Mercury Hourglass"},{"floor":25.0,"key":"Dream Catcher"},{"floor":26.0,"key":"Centennial Puzzle"},{"floor":27.0,"key":"Eternal Feather"},{"floor":41.0,"key":"Strawberry"},{"floor":45.0,"key":"Juzu Bracelet"},{"floor":48.0,"key":"Old Coin"},{"floor":55.0,"key":"Akabeko"}],"event_choices":[{"damage_healed":0.0,"max_hp_gain":0.0,"max_hp_loss":0.0,"gold_gain":0.0,"cards_transformed":["Strike_R"],"event_name":"Transmorgrifier","player_choice":"Transformed","floor":5.0,"gold_loss":0.0,"damage_taken":0.0,"cards_obtained":["Double Tap"]},{"damage_healed":0.0,"max_hp_gain":0.0,"max_hp_loss":0.0,"gold_gain":0.0,"event_name":"Upgrade Shrine","player_choice":"Upgraded","floor":12.0,"gold_loss":0.0,"damage_taken":0.0,"cards_upgraded":["Flame Barrier"]},{"damage_healed":0.0,"max_hp_gain":0.0,"max_hp_loss":0.0,"gold_gain":0.0,"cards_transformed":["Strike_R","Strike_R"],"event_name":"Drug Dealer","player_choice":"Became Test Subject","floor":19.0,"gold_loss":0.0,"damage_taken":0.0,"cards_obtained":["Whirlwind","Iron Wave"]},{"damage_healed":0.0,"max_hp_gain":0.0,"max_hp_loss":0.0,"gold_gain":50.0,"event_name":"Golden Shrine","player_choice":"Pray","floor":20.0,"gold_loss":0.0,"damage_taken":0.0},{"damage_healed":0.0,"max_hp_gain":0.0,"max_hp_loss":0.0,"gold_gain":0.0,"event_name":"Addict","player_choice":"Obtained Relic","floor":28.0,"gold_loss":85.0,"damage_taken":0.0,"relics_obtained":["Mummified Hand"]},{"damage_healed":0.0,"max_hp_gain":0.0,"max_hp_loss":0.0,"gold_gain":0.0,"event_name":"Upgrade Shrine","player_choice":"Upgraded","floor":36.0,"gold_loss":0.0,"damage_taken":0.0,"cards_upgraded":["Flame Barrier"]},{"cards_removed":["Defend_R"],"damage_healed":0.0,"max_hp_gain":0.0,"max_hp_loss":0.0,"gold_gain":0.0,"event_name":"Designer","player_choice":"Upgrade and Remove","floor":47.0,"gold_loss":110.0,"damage_taken":0.0,"cards_upgraded":["Bash"]},{"damage_healed":0.0,"max_hp_gain":0.0,"max_hp_loss":0.0,"gold_gain":0.0,"event_name":"MindBloom","player_choice":"Fight","floor":48.0,"gold_loss":0.0,"damage_taken":0.0}],"is_beta":false,"boss_relics":[{"not_picked":["SlaversCollar","Calling Bell"],"picked":"Snecko Eye"},{"not_picked":["Runic Pyramid","Pandora\u0027s Box"],"picked":"Runic Dome"}],"items_purged_floors":[2,30,31,54],"is_endless":false,"potions_floor_spawned":[1,3,13,18,21,29,33,38,41,42,46,48],"ascension_level":20}}