{"host":"kvh5342rl0c7vxi5","time":1610762306,"event":{"mods":["BaseMod","Downfall","Hermit","Jorbs\u0027s Wanderer Trilogy","Minty Spire (QoL Compilation)","Quick Restart","StSLib","SuperFastMode","The Poker Player"],"gold_per_floor":[119,137,137,155,120,145,145,164,164,164,193,207,207,235,235,333,333,361,388,423,423,55,55,124,39,39,39,39],"floor_reached":27,"language":"ENG","playtime":930,"items_purged":["Writhe"],"score":339,"play_id":"2d013fca-3268-44c2-a8f3-9946b14bede9","local_time":"20210115205826","is_ascension_mode":true,"campfire_choices":[{"data":"hermit:Glare","floor":7.0,"key":"SMITH"},{"floor":13.0,"key":"REST"},{"floor":15.0,"key":"REST"},{"floor":23,"key":"REST"}],"circlet_count":0,"master_deck":["hermit:Strike_Hermit+1","hermit:Strike_Hermit+1","hermit:Defend_Hermit","hermit:Defend_Hermit","hermit:Defend_Hermit","hermit:Snapshot+1","hermit:Covet","hermit:Glare+1","hermit:Desperado","hermit:Horror","hermit:LuckOfTheDraw+1","hermit:Misfire","hermit:Dive","hermit:Adapt","hermit:DeadOrAlive","hermit:Shortfuse+1","hermit:Spite+1","hermit:Manifest+1","hermit:Brawl","hermit:ShadowCloak","hermit:FlashPowder","hermit:Quickdraw"],"relics":["hermit:Momento","Centennial Puzzle","Kunai","StoneCalendar","Ornamental Fan","Astrolabe","Bag of Marbles","Orichalcum","Medical Kit","Toy Ornithopter","Omamori","TungstenRod"],"acts_visited":["Exordium","TheCity"],"potions_floor_usage":[18,24,24,27],"damage_taken":[{"damage":0.0,"enemies":"Jaw Worm","floor":1.0,"turns":3.0},{"damage":12.0,"enemies":"Small Slimes","floor":2.0,"turns":3.0},{"damage":4.0,"enemies":"Cultist","floor":4.0,"turns":4.0},{"damage":16.0,"enemies":"Gremlin Nob","floor":6.0,"turns":3.0},{"damage":0.0,"enemies":"Large Slime","floor":8.0,"turns":4.0},{"damage":28.0,"enemies":"3 Sentries","floor":11.0,"turns":6.0},{"damage":6.0,"enemies":"Blue Slaver","floor":12.0,"turns":2.0},{"damage":20.0,"enemies":"Lagavulin","floor":14.0,"turns":5.0},{"damage":6.0,"enemies":"Hexaghost","floor":16.0,"turns":7.0},{"damage":12,"enemies":"Spheric Guardian","floor":18,"turns":4},{"damage":4,"enemies":"Chosen","floor":19,"turns":5},{"damage":31,"enemies":"Snake Plant","floor":20,"turns":5},{"damage":36,"enemies":"Gremlin Leader","floor":24,"turns":7},{"damage":9,"enemies":"Centurion and Healer","floor":27,"turns":1}],"seed_played":"1330959541009165669","potions_obtained":[{"floor":4.0,"key":"sneckomod:MuddlingPotion"},{"floor":8.0,"key":"FearPotion"},{"floor":11.0,"key":"Ancient Potion"},{"floor":16.0,"key":"bronze:BurnAndBuffPotion"},{"floor":19,"key":"SteroidPotion"}],"is_trial":false,"path_per_floor":["M","M","?","M","?","E","R","M","T","?","E","M","R","E","R","B",null,"M","M","M","?","$","R","E","?","T","M"],"character_chosen":"HERMIT","items_purchased":["Orichalcum","Medical Kit"],"campfire_rested":3,"item_purchase_floors":[22,22],"current_hp_per_floor":[68,56,41,37,55,39,39,39,39,39,11,5,27,7,29,23,62,50,46,15,15,15,37,1,1,1,0,0],"gold":39,"neow_bonus":"UPGRADE_CARD","is_daily":false,"chose_seed":false,"campfire_upgraded":1,"win_rate":0.0,"timestamp":1610762306,"path_taken":["M","M","?","M","?","E","R","M","T","?","E","M","R","E","R","BOSS","M","?","M","?","$","R","E","?","T","M"],"items_purchased_type":["Relic","Relic"],"build_version":"2020-12-22","purchased_purges":1,"victory":false,"max_hp_per_floor":[75,75,75,75,75,75,75,75,75,75,75,75,75,75,75,75,75,75,75,75,75,75,75,75,75,75,75,75],"card_choices":[{"not_picked":["hermit:DeadMansHand","hermit:Coalescence"],"picked":"hermit:Glare","floor":1.0},{"not_picked":["hermit:Cheat","hermit:ItchyTrigger"],"picked":"hermit:Desperado","floor":2.0},{"not_picked":["hermit:EyeOfTheStorm","hermit:ItchyTrigger"],"picked":"hermit:Horror","floor":4.0},{"not_picked":["hermit:Purgatory","hermit:BodyArmor"],"picked":"hermit:LuckOfTheDraw","floor":6.0},{"not_picked":["hermit:HoleUp","hermit:Desperado"],"picked":"hermit:Misfire","floor":8.0},{"not_picked":["hermit:Virtue","hermit:ItchyTrigger","hermit:Spite"],"picked":"SKIP","floor":11.0},{"not_picked":["hermit:HoleUp","hermit:LowProfile"],"picked":"hermit:Dive","floor":12.0},{"not_picked":["hermit:ShadowCloak","hermit:FinalCanter"],"picked":"hermit:Adapt","floor":14.0},{"not_picked":["hermit:Purgatory","hermit:HighNoon"],"picked":"hermit:DeadOrAlive","floor":16.0},{"not_picked":["hermit:GoldenBullet+1","hermit:Maintenance"],"picked":"hermit:Brawl","floor":18},{"not_picked":["hermit:Combo","hermit:Misfire"],"picked":"hermit:ShadowCloak","floor":19},{"not_picked":["hermit:Roulette","hermit:LowProfile"],"picked":"hermit:FlashPowder","floor":20},{"not_picked":["hermit:TrackingShot","hermit:Coalescence"],"picked":"hermit:Quickdraw","floor":24}],"player_experience":531155,"relics_obtained":[{"floor":6.0,"key":"Centennial Puzzle"},{"floor":9.0,"key":"Kunai"},{"floor":11.0,"key":"StoneCalendar"},{"floor":14.0,"key":"Ornamental Fan"},{"floor":24,"key":"Toy Ornithopter"},{"floor":26,"key":"TungstenRod"}],"event_choices":[{"damage_healed":0.0,"max_hp_gain":0.0,"max_hp_loss":0.0,"gold_gain":0.0,"event_name":"Shining Light","player_choice":"Entered Light","floor":3.0,"gold_loss":0.0,"damage_taken":15.0,"cards_upgraded":["hermit:Strike_Hermit","hermit:Strike_Hermit"]},{"damage_healed":18.0,"max_hp_gain":0.0,"max_hp_loss":0.0,"gold_gain":0.0,"event_name":"The Cleric","player_choice":"Healed","floor":5.0,"gold_loss":35.0,"damage_taken":0.0},{"damage_healed":0.0,"max_hp_gain":0.0,"max_hp_loss":0.0,"gold_gain":0.0,"event_name":"Upgrade Shrine","player_choice":"Upgraded","floor":10.0,"gold_loss":0.0,"damage_taken":0.0,"cards_upgraded":["hermit:LuckOfTheDraw"]},{"damage_healed":0,"gold_gain":0,"player_choice":"Opened","damage_taken":0,"relics_obtained":["Bag of Marbles"],"max_hp_gain":0,"max_hp_loss":0,"event_name":"The Mausoleum","floor":21,"gold_loss":0,"cards_obtained":["Writhe"]},{"damage_healed":0,"gold_gain":0,"player_choice":"Obtained Relic","damage_taken":0,"relics_obtained":["Omamori"],"max_hp_gain":0,"max_hp_loss":0,"event_name":"Addict","floor":25,"gold_loss":85}],"is_beta":false,"boss_relics":[{"not_picked":["hermit:ClaspedLocket","Empty Cage"],"picked":"Astrolabe"}],"items_purged_floors":[22],"is_endless":false,"potions_floor_spawned":[4,8,11,16,19],"killed_by":"Centurion and Healer","ascension_level":7}}