{"host":"3ykswgue17e1ycc2","time":1610812812,"event":{"mods":["BaseMod","Colored Powertips","Dark Map","Downfall","Minty Spire (QoL Compilation)","Quick Restart","Rare Cards Sparkle","StSLib"],"gold_per_floor":[99,113,132,148,162,177,177,195,210,237,257,279,306,306,323,323,323],"floor_reached":16,"language":"ENG","playtime":881,"items_purged":[],"score":143,"play_id":"d6787b33-ccb2-43c6-bdbe-2cf3448a3574","local_time":"20210116230012","is_ascension_mode":false,"campfire_choices":[{"data":"bronze:Goto","floor":1,"key":"SMITH"}],"circlet_count":0,"master_deck":["bronze:Strike","bronze:Strike","bronze:Strike","bronze:Strike","bronze:Defend","bronze:Defend","bronze:Defend","bronze:Defend","bronze:Replicate","bronze:Goto+1","bronze:Invalidate","bronze:DelayedSlice","bronze:DigitalCarnage","bronze:FineTuning","bronze:Verify","bronze:Iterate","bronze:ChosenStrike","bronze:ChildClass","bronze:ChosenStrike","bronze:Frontload","bronze:GetLatest","bronze:DazingPulse"],"relics":["bronze:BronzeCore","Matryoshka","StrikeDummy","Odd Mushroom","Eternal Feather"],"acts_visited":["Exordium"],"potions_floor_usage":[5,6,6,10,12,13,15,16],"damage_taken":[{"damage":0,"enemies":"2 Louse","floor":2,"turns":3},{"damage":1,"enemies":"Jaw Worm","floor":3,"turns":2},{"damage":1,"enemies":"Cultist","floor":4,"turns":3},{"damage":15,"enemies":"Exordium Wildlife","floor":5,"turns":2},{"damage":0,"enemies":"Exordium Thugs","floor":6,"turns":2},{"damage":0,"enemies":"Large Slime","floor":8,"turns":4},{"damage":11,"enemies":"3 Louse","floor":9,"turns":2},{"damage":11,"enemies":"3 Sentries","floor":10,"turns":6},{"damage":20,"enemies":"Red Slaver","floor":11,"turns":3},{"damage":13,"enemies":"The Mushroom Lair","floor":12,"turns":2},{"damage":0,"enemies":"Gremlin Nob","floor":13,"turns":2},{"damage":0,"enemies":"Gremlin Nob","floor":14,"turns":2},{"damage":0,"enemies":"Lots of Slimes","floor":15,"turns":1},{"damage":8,"enemies":"SI_SHIV_ARCHETYPE","floor":16,"turns":2}],"seed_played":"8014468055435271439","potions_obtained":[{"floor":3,"key":"EntropicBrew"},{"floor":6,"key":"Fire Potion"},{"floor":9,"key":"SkillPotion"},{"floor":10,"key":"Dexterity Potion"},{"floor":12,"key":"AttackPotion"},{"floor":13,"key":"Energy Potion"}],"is_trial":false,"path_per_floor":["R","M","M","M","M","M","T","M","M","E","M","?","E","?","M","B"],"character_chosen":"THE_AUTOMATON","items_purchased":[],"campfire_rested":0,"item_purchase_floors":[],"current_hp_per_floor":[77,77,76,75,60,60,60,60,49,38,18,5,5,5,5,0,0],"gold":323,"neow_bonus":"TEN_PERCENT_HP_BONUS","is_daily":false,"chose_seed":false,"campfire_upgraded":1,"win_rate":0.0,"timestamp":1610812812,"path_taken":["R","M","M","M","M","M","T","M","M","E","M","?","E","?","M","BOSS"],"items_purchased_type":[],"build_version":"2020-12-22","purchased_purges":0,"victory":false,"max_hp_per_floor":[77,77,77,77,77,77,77,77,77,77,77,77,77,77,77,77,77],"card_choices":[{"not_picked":["bronze:Overheat","bronze:ClassDefault"],"picked":"bronze:Invalidate","floor":2},{"not_picked":["bronze:Turbo","bronze:BugBarrage"],"picked":"bronze:DelayedSlice","floor":3},{"not_picked":["bronze:Invalidate","bronze:DelayedSlice"],"picked":"bronze:DigitalCarnage","floor":4},{"not_picked":["bronze:WildBeam","bronze:NullPointer"],"picked":"bronze:FineTuning","floor":5},{"not_picked":["bronze:BugBarrage","bronze:ForLoop"],"picked":"bronze:Verify","floor":6},{"not_picked":["bronze:CutThrough","bronze:NullPointer"],"picked":"bronze:Iterate","floor":8},{"not_picked":["bronze:ItsAFeature","bronze:Turbo"],"picked":"bronze:ChosenStrike","floor":9},{"not_picked":["bronze:CutThrough","bronze:NullPointer"],"picked":"bronze:ChildClass","floor":10},{"not_picked":["bronze:CloningBeam","bronze:FineTuning"],"picked":"bronze:ChosenStrike","floor":11},{"not_picked":["bronze:BugBarrage","bronze:Turbo"],"picked":"bronze:Frontload","floor":12},{"not_picked":["bronze:ForLoop","bronze:Repulsor"],"picked":"bronze:GetLatest","floor":13},{"not_picked":[],"picked":"bronze:DazingPulse","floor":14},{"not_picked":["bronze:HardenedForm","bronze:WildBeam","bronze:BitShift"],"picked":"SKIP","floor":15}],"player_experience":394674,"relics_obtained":[{"floor":7,"key":"Matryoshka"},{"floor":10,"key":"StrikeDummy"},{"floor":12,"key":"Odd Mushroom"},{"floor":13,"key":"Eternal Feather"}],"event_choices":[{"damage_healed":0,"gold_gain":0,"player_choice":"Fought Mushrooms","damage_taken":0,"max_hp_gain":0,"max_hp_loss":0,"event_name":"Mushrooms","floor":12,"gold_loss":0}],"is_beta":false,"boss_relics":[],"items_purged_floors":[],"is_endless":false,"potions_floor_spawned":[3,6,9,10,12,13],"killed_by":"SI_SHIV_ARCHETYPE","ascension_level":0}}