{"host":"ymw71f7rc9ndansy","time":1610777712,"event":{"mods":["ATMod(阿瑾Mod)","Act Like it!","Aspiration","BaseMod","DeckTracker","Hubris","Library of Ruina","Library of Ruina Extra","Minty Spire (QoL Compilation)","MostiFishMod","Remove Card Discount Mod","Replay The Spire","StSLib","TestMod","【功能Mod】精心准备","【遗物卡牌】REMEMod"],"gold_per_floor":[116,129,119,132,132,132,162,237,237,262,276,276,310,330,330,409,409,421,437,455,387,426,452,452,452,452,482,239,239,270,287,287,365,365,365],"floor_reached":34,"language":"ZHS","playtime":956,"items_purged":["LightAttack","LightAttack","LightAttack","Dodge","ChargeAndCover","LightDefense","FocusedStrikes","LightDefense","LightDefense","LightDefense","SteelKnuckles","MostiFishMod:FrostNova","FocusFire"],"score":1160,"play_id":"e4addea0-2a96-4178-8de4-b5054ffd7e37","local_time":"20210116141512","is_ascension_mode":true,"campfire_choices":[{"data":"Reload","floor":6,"key":"SMITH"},{"data":"Reload","floor":12,"key":"SMITH"},{"data":"MostiFishMod:StarLaLaLa","floor":15,"key":"SMITH"},{"data":"Reload","floor":25,"key":"SMITH"},{"data":"LeRegole","floor":32,"key":"SMITH"}],"circlet_count":0,"master_deck":["AscendersBane","AT_FamilyPortrait","MostiFishMod:StarLaLaLa+1","UnforgettableMelody","Reload+1","Reload+1","BlazingStrike","BoundaryOfDeath","Quickness","LeRegole+1","Reload+1","MostiFishMod:WinterMarkForm","AlloutWar","GuardingStance"],"relics":["PageOfLibrarian","testmod-TestBox","DaveBox","REME_ComplimentaryCards","AT_ATBox","SentryEyes","testmod-SaigiyounoYou","aspiration:DSix","Prayer Wheel","SynthV:TestCard","testmod-TurbochargingSystem","Smiling Mask","testmod-Maize","AT_BellDemon","ShadowXiaoBlade","AT_EbonyIvory","Centennial Puzzle","Bronze Scales","Blood Vial","testmod-Alchemist","AT_SpeedBoots","aspiration:SeaSaltIceCream","DaveBox","FrostBlade","PageOfFreischutz","MealTicket","PageOfSpiderBud","DianDianMeat","Boot","aspiration:ChemicalBlood","ReplayTheSpireMod:TigerMarble","Honey Jar"],"acts_visited":["Exordium","TheCity","TheBeyond"],"potions_floor_usage":[23],"damage_taken":[{"damage":0,"enemies":"Cultist","floor":1,"turns":2},{"damage":5,"enemies":"Jaw Worm","floor":2,"turns":2},{"damage":8,"enemies":"Small Slimes","floor":4,"turns":2},{"damage":0,"enemies":"Gremlin Nob","floor":7,"turns":2},{"damage":21,"enemies":"Lagavulin","floor":10,"turns":4},{"damage":0,"enemies":"3 Louse","floor":11,"turns":2},{"damage":6,"enemies":"Gremlin Nob","floor":13,"turns":3},{"damage":13,"enemies":"Exordium Wildlife","floor":14,"turns":2},{"damage":18,"enemies":"Hexaghost","floor":16,"turns":6},{"damage":0,"enemies":"Shell Parasite","floor":18,"turns":1},{"damage":0,"enemies":"Spheric Guardian","floor":19,"turns":1},{"damage":12,"enemies":"Snake Plant","floor":20,"turns":2},{"damage":0,"enemies":"Cultist and Chosen","floor":22,"turns":2},{"damage":12,"enemies":"Gremlin Leader","floor":23,"turns":2},{"damage":8,"enemies":"Replay:Snechameleon","floor":27,"turns":1},{"damage":0,"enemies":"REME_1_Revenger","floor":30,"turns":1},{"damage":0,"enemies":"Shelled Parasite and Fungi","floor":31,"turns":2},{"damage":18,"enemies":"Pondfish","floor":33,"turns":2}],"seed_played":"-8229117502871594380","potions_obtained":[{"floor":1,"key":"SkillPotion"},{"floor":7,"key":"SteroidPotion"},{"floor":27,"key":"GamblersBrew"},{"floor":33,"key":"SpeedPotion"}],"is_trial":false,"path_per_floor":["M","M","$","M","$","R","E","?","T","E","M","R","E","M","R","B",null,"M","M","M","$","M","E","?","R","T","E","$","?","E","M","R","B",null],"character_chosen":"Librarian","items_purchased":["Reload","PageOfSpiderBud","AlloutWar"],"campfire_rested":0,"item_purchase_floors":[21,28,28],"current_hp_per_floor":[58,55,55,54,54,54,67,56,56,59,65,65,76,63,63,74,74,74,74,65,65,74,76,81,81,81,76,91,91,91,91,91,85,90,90],"gold":365,"neow_bonus":"DSIX","is_daily":false,"chose_seed":false,"campfire_upgraded":5,"win_rate":0.0,"timestamp":1610777712,"path_taken":["M","?","$","M","$","R","E","?","T","E","M","R","E","M","R","BOSS","M","M","M","$","M","E","?","R","T","E","$","?","E","M","R","BOSS"],"items_purchased_type":["Card","Relic","Card"],"build_version":"2020-12-22","purchased_purges":13,"victory":false,"max_hp_per_floor":[60,76,76,76,76,76,76,76,76,76,76,76,76,76,76,74,74,74,74,91,91,91,91,91,91,91,91,91,91,91,91,91,91,91,91],"card_choices":[{"not_picked":["Quickness","Eliminate","SpearedSweep","ShockingBlow","MultiBlock","HiddenBlade","MultiHit","FlashingStrike"],"picked":"UnforgettableMelody","floor":1},{"not_picked":["ExtremeEdge","SinglePointStab","SunsetBlade","HiddenBlade","SnakesPrey","ShockingBlow","FieryWaltz","PreemptiveStrike","Pound"],"picked":"SKIP","floor":1},{"not_picked":["FrontalAssault","Tttonst","DesperateStruggle","SnakeSlit","NightInTheBackstreets","VenomousFangs","UpbeatPerformance","ReadyUp","EnergyStrike","CumulusWall"],"picked":"Reload","floor":2},{"not_picked":["UnavoidableGaze","ButterflySlash","FleshFillet","DevastatingThrash","AGoldenOpportunity","Faith","SnakesPrey","Marionette","UpbeatPerformance","PinpointShot"],"picked":"Reload","floor":2},{"not_picked":["FlashingStrike","ShockingBlow","SunsetBlade","DesperateStruggle","DriedUp","FleetFootsteps","CutIn","DefenseOrder","GuardingStance","EnergyConversion","FierceCharge"],"picked":"SKIP","floor":4},{"not_picked":["LoosenUp","MultiBlock","Multislash","TendonChords","SpearedSweep","Overpower","Unlock1","BayonetCombat","WillBeTasty","BackAttack","HiddenBlade"],"picked":"SKIP","floor":4},{"not_picked":["ExtractFuel","FierceOnslaught","SharpSwipe","BizarreAttack","Standoff","GuidanceOfTheGears","Parry","LawAndOrder","ForcefulGesture","Rewind"],"picked":"BlazingStrike","floor":7},{"not_picked":["ElectricShock","ScatteringSlash","Struggle","StrikeDown","Thrust","WillOfThePrescript","SerpentSwordTechnique","SnakesPrey","SpearedSweep","UpbeatPerformance"],"picked":"BoundaryOfDeath","floor":10},{"not_picked":["MultiBlock","Thrust","MindPrepared","YouOnlyLiveOnce","Gigigig","Multislash","ExtractFuel","GutHarvesting","Zzzzzap","GrazeTheGrass"],"picked":"FocusFire","floor":11},{"not_picked":["Disposal","Riposte","UncannyStrike","QuickSuppression","Faith","ViolentFlame","Leap_lor","Unlock1","ExtractFuel","Diversion"],"picked":"Quickness","floor":14},{"not_picked":["ExtractFuel+1","HeavyPeaks","SweepTheBackstreets","SharpSwipe","MultiHit+1","SuppressingShot","IllEndYou","Faith","Outburst","Rewind"],"picked":"SteelKnuckles","floor":18},{"not_picked":["VenomousFangs","Faith","GuardingStance","AbsorbImpact","AsThePrescriptOrders","YoureAHindrance","Multislash","Marionette","Zzzzzap","QuickSuppression+1"],"picked":"LeRegole","floor":19},{"not_picked":["Reload","MirageStorm","GrazeTheGrass","CombatPreparation+1","SteelKnuckles+1","QuickAttack","MultiBlock","AutomatedMovement+1","ShockRound","FeatherShield","FleshFillet"],"picked":"SKIP","floor":23},{"not_picked":["Diversion","ForcefulGesture","SerpentineBarrier","AbsorbImpact","Marionette","Endure+1","StructuralAnalysis","Quickness","Ripple","Reload","WillProduceFineSilk"],"picked":"SKIP","floor":27}],"player_experience":1053797,"relics_obtained":[{"floor":1,"key":"SynthV:TestCard"},{"floor":7,"key":"testmod-TurbochargingSystem"},{"floor":10,"key":"Smiling Mask"},{"floor":13,"key":"testmod-Maize"},{"floor":18,"key":"AT_EbonyIvory"},{"floor":19,"key":"Centennial Puzzle"},{"floor":20,"key":"Bronze Scales"},{"floor":22,"key":"Blood Vial"},{"floor":23,"key":"testmod-Alchemist"},{"floor":23,"key":"AT_SpeedBoots"},{"floor":26,"key":"aspiration:SeaSaltIceCream"},{"floor":27,"key":"PageOfFreischutz"},{"floor":27,"key":"MealTicket"},{"floor":30,"key":"DianDianMeat"},{"floor":30,"key":"Boot"},{"floor":31,"key":"aspiration:ChemicalBlood"},{"floor":33,"key":"ReplayTheSpireMod:TigerMarble"}],"event_choices":[{"damage_healed":0,"gold_gain":75,"player_choice":"Gather Gold","damage_taken":11,"max_hp_gain":0,"max_hp_loss":0,"event_name":"World of Goop","floor":8,"gold_loss":0},{"damage_healed":0,"gold_gain":0,"player_choice":"Read","damage_taken":0,"max_hp_gain":0,"max_hp_loss":0,"event_name":"The Library","floor":29,"gold_loss":0,"cards_obtained":["GuardingStance"]}],"is_beta":false,"boss_relics":[{"not_picked":["SlaversCollar","hubris:HollowSoul"],"picked":"ShadowXiaoBlade"},{"not_picked":["TimeKeys","REME_DuelDisc"],"picked":"Honey Jar"}],"items_purged_floors":[3,3,3,3,3,21,21,21,21,21,21,28,28],"is_endless":false,"potions_floor_spawned":[1,7,10,11,20,27,33],"ascension_level":20}}