{"host":"2yhbarjh4s9lrrzt","time":1610760320,"event":{"mods":["BaseMod","Better Third Choice","Minty Spire (QoL Compilation)","Replay The Spire","StSLib"],"gold_per_floor":[119,142,156,176,189,189,224,52,52,52,66,66,76,24,24,126,126,141,141,159,159,159],"floor_reached":21,"language":"ENG","playtime":2591,"items_purged":[],"score":181,"play_id":"bbca1834-7232-4c11-b316-e1ed726ff420","local_time":"20210115202520","is_ascension_mode":false,"campfire_choices":[{"floor":6,"key":"RECALL"},{"floor":10,"key":"REST"},{"floor":12,"key":"REST"},{"floor":15,"key":"REST"}],"circlet_count":0,"master_deck":["Strike_P","Strike_P","Strike_P","Strike_P","Defend_P","Defend_P","Defend_P","Defend_P","Eruption","Vigilance","PathToVictory","EmptyBody","Weave","Replay:Vibes","Protect","TalkToTheHand","BattleHymn","SandsOfTime","Worship","FollowUp","Consecrate+1","DevaForm+1","Indignation+1","ClearTheMind+1"],"relics":["PureWater","NeowsBlessing","Bag of Preparation","Golden Egg","Runic Pyramid"],"acts_visited":["Exordium","TheCity"],"potions_floor_usage":[7,11,16,16,21],"damage_taken":[{"damage":0,"enemies":"Cultist","floor":1,"turns":1},{"damage":0,"enemies":"Small Slimes","floor":3,"turns":1},{"damage":0,"enemies":"2 Louse","floor":4,"turns":1},{"damage":4,"enemies":"Looter","floor":5,"turns":5},{"damage":49,"enemies":"Lagavulin","floor":7,"turns":12},{"damage":11,"enemies":"Exordium Thugs","floor":11,"turns":5},{"damage":2,"enemies":"Blue Slaver","floor":13,"turns":5},{"damage":28,"enemies":"The Guardian","floor":16,"turns":10},{"damage":28,"enemies":"2 Thieves","floor":18,"turns":4},{"damage":27,"enemies":"Chosen","floor":20,"turns":5},{"damage":20,"enemies":"Sentry and Sphere","floor":21,"turns":3}],"seed_played":"-6345522030466726982","potions_obtained":[{"floor":3,"key":"Adrenaline Potion"},{"floor":5,"key":"FearPotion"},{"floor":11,"key":"Languid Potion"},{"floor":13,"key":"Regen Potion"},{"floor":18,"key":"PowerPotion"}],"is_trial":false,"path_per_floor":["M","T","M","M","M","R","E","$","T","R","M","R","M","$","R","B",null,"M","?","M","M"],"character_chosen":"WATCHER","items_purchased":["TalkToTheHand","BattleHymn","SandsOfTime","Consecrate"],"campfire_rested":3,"item_purchase_floors":[8,8,8,14],"current_hp_per_floor":[72,72,72,72,68,68,19,19,19,40,29,50,48,48,69,56,72,44,44,17,0,0],"gold":159,"neow_bonus":"THREE_ENEMY_KILL","is_daily":false,"chose_seed":false,"campfire_upgraded":0,"win_rate":0.0,"timestamp":1610760320,"path_taken":["M","?","M","M","M","R","E","$","T","R","M","R","M","?","R","BOSS","M","?","M","M"],"items_purchased_type":["Card","Card","Card","Card"],"build_version":"2020-12-22","purchased_purges":0,"victory":false,"max_hp_per_floor":[72,72,72,72,72,72,72,72,72,72,72,72,72,72,72,72,72,72,72,72,72,72],"card_choices":[{"not_picked":["Collect","EmptyFist"],"picked":"PathToVictory","floor":1},{"not_picked":["ClearTheMind","Replay:Vibes"],"picked":"EmptyBody","floor":3},{"not_picked":["Replay:Hum","CutThroughFate"],"picked":"Weave","floor":4},{"not_picked":["FlyingSleeves","BowlingBash"],"picked":"Replay:Vibes","floor":5},{"not_picked":["Consecrate","Crescendo"],"picked":"Protect","floor":7},{"not_picked":["Nirvana","WreathOfFlame"],"picked":"Worship","floor":11},{"not_picked":["Consecrate","ClearTheMind"],"picked":"FollowUp","floor":13},{"not_picked":["SpiritShield","ConjureBlade"],"picked":"DevaForm","floor":16},{"not_picked":["Crescendo","ThirdEye+1"],"picked":"Indignation+1","floor":18},{"not_picked":["FollowUp","Replay:ManipulateFuture"],"picked":"ClearTheMind+1","floor":20}],"player_experience":212652,"relics_obtained":[{"floor":7,"key":"Bag of Preparation"},{"floor":9,"key":"Golden Egg"}],"event_choices":[{"damage_healed":0,"gold_gain":0,"player_choice":"0 cards matched","damage_taken":0,"max_hp_gain":0,"max_hp_loss":0,"event_name":"Match and Keep!","floor":19,"gold_loss":0,"cards_obtained":[]}],"is_beta":false,"boss_relics":[{"not_picked":["Replay:Grab Bag","Sozu"],"picked":"Runic Pyramid"}],"items_purged_floors":[],"is_endless":false,"potions_floor_spawned":[3,5,11,13,18],"killed_by":"Sentry and Sphere","ascension_level":0}}