{"host":"y1t8p8u0dxvsm95y","time":1610771088,"event":{"mods":["BaseMod","Colored Map","Colored Powertips","Downfall","Hermit","Infinite Spire","Minty Spire (QoL Compilation)","Quick Restart","Somnambulant","StSLib","The Blackbeard","The Clintock","The Construct","The Cursed","The Elementalist","The Exalted","The Factory","The Forsaken","The Hayseed","The Hierophant","The Judge","The Jungle","The Mystic","The Necromancer","The Problem Sleuth","The Runesmith","The Senshi","The Servant 0.9.4","The Wild Card","TheBandit"],"gold_per_floor":[0,0,11,31,48,61,84,84,84,96,96,81,81,66,83,188,188,188,205,205,205,205,205,205,216,216,216,231,13,13,27,57,57,57,57],"floor_reached":33,"language":"ENG","playtime":2207,"items_purged":[],"score":262,"play_id":"54a7a288-acbc-4399-b069-0a0c60347d02","local_time":"20210115232448","is_ascension_mode":false,"campfire_choices":[{"data":"champ:Execute","floor":1,"key":"SMITH"},{"data":"champ:FaceSlap","floor":8,"key":"SMITH"},{"data":"champ:Improvising","floor":11,"key":"SMITH"},{"data":"champ:Lariat","floor":13,"key":"SMITH"},{"data":"champ:HoldFirm","floor":18,"key":"SMITH"},{"data":"champ:FancyFootwork","floor":23,"key":"SMITH"},{"data":"champ:GladiatorForm","floor":26,"key":"SMITH"},{"data":"champ:Taunt","floor":30,"key":"SMITH"}],"circlet_count":0,"master_deck":["champ:Strike","champ:Strike","champ:Strike","champ:Defend","champ:Defend","champ:Defend","champ:Execute+1","champ:Taunt+1","champ:Lariat+1","champ:Parry","champ:BerserkersShout","champ:FanOfKnives","champ:FaceSlap+1","champ:Improvising+1","champ:AdrenalArmor","champ:GladiatorStyle","champ:FancyFootwork+1","champ:HoldFirm+1","champ:EnGarde","CurseOfTheBell","champ:GladiatorForm+1","champ:BringItOn","champ:PreciseThrust","champ:EnGarde","champ:CrownThrow","champ:Lariat+1"],"relics":["champ:ChampionCrown","Runesmith:UraniumAnvil","downfall:RedIOU","Calling Bell","Bag of Marbles","infinitespire:FocusingShard","Peace Pipe","StrikeDummy","ClockworkSouvenir"],"acts_visited":["Exordium","TheCity"],"potions_floor_usage":[19,19,32,33,33,33],"damage_taken":[{"damage":10,"enemies":"Cultist","floor":3,"turns":5},{"damage":10,"enemies":"Small Slimes","floor":4,"turns":3},{"damage":30,"enemies":"Jaw Worm","floor":5,"turns":4},{"damage":12,"enemies":"2 Fungi Beasts","floor":6,"turns":4},{"damage":26,"enemies":"Gremlin Gang","floor":10,"turns":4},{"damage":15,"enemies":"downfall:FleeingMerchant","floor":12,"turns":4},{"damage":50,"enemies":"downfall:FleeingMerchant","floor":14,"turns":4},{"damage":14,"enemies":"Red Slaver","floor":15,"turns":3},{"damage":55,"enemies":"IC_STATUS_ARCHETYPE","floor":16,"turns":6},{"damage":40,"enemies":"3 Byrds","floor":19,"turns":6},{"damage":61,"enemies":"Sentry and Sphere","floor":25,"turns":6},{"damage":15,"enemies":"Snecko","floor":28,"turns":4},{"damage":35,"enemies":"downfall:FleeingMerchant","floor":29,"turns":4},{"damage":50,"enemies":"Cultist and Chosen","floor":31,"turns":6},{"damage":33,"enemies":"Centurion and Healer","floor":32,"turns":6},{"damage":136,"enemies":"DF_ARCHETYPE_CLAW","floor":33,"turns":10}],"seed_played":"2439764430537965044","potions_obtained":[{"floor":3,"key":"bronze:BurnAndBuffPotion"},{"floor":4,"key":"DistilledChaos"},{"floor":16,"key":"GamblersBrew"},{"floor":28,"key":"ColorlessPotion"},{"floor":31,"key":"Energy Potion"},{"floor":32,"key":"CultistPotion"}],"is_trial":false,"path_per_floor":["R","?","M","M","M","M","T","R","?","M","R","$","R","$","M","B",null,"R","M","?","?","AVR","R","T","M","R","?","M","$","R","M","M","B"],"character_chosen":"THE_CHAMP","items_purchased":["ClockworkSouvenir","champ:EnGarde"],"campfire_rested":0,"item_purchase_floors":[29,29],"current_hp_per_floor":[108,108,108,108,108,106,106,106,106,105,105,105,105,105,101,76,108,108,103,103,103,103,103,103,92,92,92,92,92,92,82,74,0,0,0],"gold":57,"neow_bonus":"TWENTY_PERCENT_HP_BONUS","is_daily":false,"chose_seed":false,"campfire_upgraded":8,"win_rate":0.0,"timestamp":1610771088,"path_taken":["R","?","M","M","?","M","T","R","?","M","R","$","R","$","M","BOSS","R","M","?","?","AVR","R","T","M","R","?","?","$","R","M","M","BOSS"],"items_purchased_type":["Relic","Card"],"build_version":"2020-12-22","purchased_purges":0,"victory":false,"max_hp_per_floor":[108,108,108,108,108,108,108,108,108,108,108,108,108,108,108,108,108,108,108,108,108,108,108,108,108,108,108,108,108,108,108,108,108,108,108],"card_choices":[{"not_picked":["champ:HeartStrike","champ:EnragedBash"],"picked":"champ:Parry","floor":3},{"not_picked":["champ:CalledShot","champ:Shatter"],"picked":"champ:BerserkersShout","floor":4},{"not_picked":["champ:Backstep","champ:DefensiveShout"],"picked":"champ:FanOfKnives","floor":5},{"not_picked":["champ:FanOfKnives","champ:EndlessRage"],"picked":"champ:FaceSlap","floor":6},{"not_picked":["champ:DefensiveShout","champ:Lariat"],"picked":"champ:Improvising","floor":10},{"not_picked":["champ:DefensiveShout","champ:HeartStrike"],"picked":"champ:AdrenalArmor","floor":12},{"not_picked":["champ:AdrenalArmor","champ:FanOfKnives"],"picked":"champ:GladiatorStyle","floor":14},{"not_picked":["champ:Haymaker","champ:FalseCounter"],"picked":"champ:FancyFootwork","floor":15},{"not_picked":["champ:VampiricStrike","champ:StrikeOfGenius"],"picked":"champ:HoldFirm","floor":16},{"not_picked":["champ:EnragedBash","champ:Haymaker"],"picked":"champ:EnGarde","floor":19},{"not_picked":["champ:DefensiveShout","champ:FanOfKnives"],"picked":"champ:GladiatorForm","floor":25},{"not_picked":["champ:BerserkersShout+1","champ:Parry"],"picked":"champ:BringItOn","floor":28},{"not_picked":["champ:GutPunch+1","champ:Circumvent"],"picked":"champ:PreciseThrust","floor":29},{"not_picked":["champ:Circumvent","champ:GutPunch"],"picked":"champ:CrownThrow","floor":31},{"not_picked":["champ:FanOfKnives","champ:Circumvent"],"picked":"champ:Lariat+1","floor":32}],"player_experience":1186974,"relics_obtained":[{"floor":7,"key":"Omamori"},{"floor":22,"key":"Bag of Marbles"},{"floor":22,"key":"infinitespire:FocusingShard"},{"floor":22,"key":"Peace Pipe"},{"floor":24,"key":"StrikeDummy"}],"event_choices":[],"is_beta":false,"boss_relics":[{"not_picked":["Busted Crown","bronze:MakeshiftBattery"],"picked":"Runesmith:UraniumAnvil"}],"items_purged_floors":[],"is_endless":false,"potions_floor_spawned":[3,4,16,28,31,32],"killed_by":"DF_ARCHETYPE_CLAW","ascension_level":0}}