{"host":"l4kdldlios54gl54","time":1610767782,"event":{"mods":["AchievementEnabler","BaseMod","Colored Map","Colored Powertips","Minty Spire (QoL Compilation)","Random Character Button"],"gold_per_floor":[112,37,51,51,67,67,142,142,142,156,156,176,176,196,196,196,196],"floor_reached":16,"language":"ENG","playtime":535,"items_purged":["Doubt"],"score":184,"play_id":"d2fe72ff-bf8c-46d4-a127-f8af0366438d","local_time":"20210116042942","is_ascension_mode":true,"campfire_choices":[{"data":"Searing Blow","floor":6,"key":"SMITH"},{"data":"Searing Blow+1","floor":8,"key":"SMITH"},{"data":"Searing Blow+2","floor":11,"key":"SMITH"},{"data":"Searing Blow+3","floor":13,"key":"SMITH"},{"floor":15,"key":"REST"}],"circlet_count":0,"master_deck":["AscendersBane","Strike_R","Strike_R","Strike_R+1","Strike_R+1","Strike_R","Defend_R","Defend_R","Defend_R","Defend_R","Bash","Searing Blow+4","Hemokinesis"],"relics":["Burning Blood","Shuriken"],"acts_visited":["Exordium"],"potions_floor_usage":[12,16],"damage_taken":[{"damage":13,"enemies":"Small Slimes","floor":1,"turns":7},{"damage":4,"enemies":"Jaw Worm","floor":3,"turns":5},{"damage":3,"enemies":"2 Louse","floor":5,"turns":4},{"damage":7,"enemies":"Looter","floor":10,"turns":4},{"damage":3,"enemies":"3 Louse","floor":12,"turns":3},{"damage":22,"enemies":"Exordium Thugs","floor":14,"turns":4},{"damage":54,"enemies":"Hexaghost","floor":16,"turns":7}],"seed_played":"4055107251450261765","potions_obtained":[{"floor":1,"key":"SpeedPotion"},{"floor":14,"key":"CultistPotion"}],"is_trial":false,"path_per_floor":["M","$","M","?","M","R","?","R","T","M","R","M","R","M","R","B"],"character_chosen":"IRONCLAD","items_purchased":[],"campfire_rested":1,"item_purchase_floors":[],"current_hp_per_floor":[75,75,77,50,53,53,42,42,42,41,41,44,44,28,54,0,0],"gold":196,"neow_bonus":"TWENTY_PERCENT_HP_BONUS","is_daily":false,"chose_seed":false,"campfire_upgraded":4,"win_rate":0.0,"timestamp":1610767782,"path_taken":["M","$","M","?","M","R","?","R","T","M","R","M","R","M","R","BOSS"],"items_purchased_type":[],"build_version":"2020-12-22","purchased_purges":1,"victory":false,"max_hp_per_floor":[89,89,89,89,89,89,89,89,89,89,89,89,89,89,89,89,89],"card_choices":[{"not_picked":["Metallicize","Perfected Strike"],"picked":"Searing Blow","floor":1},{"not_picked":["Shockwave","Rupture","Perfected Strike"],"picked":"SKIP","floor":3},{"not_picked":["Havoc","Dual Wield"],"picked":"Hemokinesis","floor":5},{"not_picked":["Clothesline","Hemokinesis","Intimidate"],"picked":"SKIP","floor":10},{"not_picked":["Metallicize","Wild Strike","Thunderclap"],"picked":"SKIP","floor":12},{"not_picked":["Intimidate","Havoc","Limit Break"],"picked":"SKIP","floor":14}],"player_experience":860230,"relics_obtained":[{"floor":9,"key":"Shuriken"}],"event_choices":[{"damage_healed":0,"gold_gain":0,"player_choice":"Entered Light","damage_taken":27,"max_hp_gain":0,"max_hp_loss":0,"event_name":"Shining Light","floor":4,"gold_loss":0,"cards_upgraded":["Strike_R","Strike_R"]},{"damage_healed":0,"gold_gain":75,"player_choice":"Gather Gold","damage_taken":11,"max_hp_gain":0,"max_hp_loss":0,"event_name":"World of Goop","floor":7,"gold_loss":0}],"is_beta":false,"boss_relics":[],"items_purged_floors":[2],"is_endless":false,"potions_floor_spawned":[1,14],"killed_by":"Hexaghost","ascension_level":20}}