{"host":"aq6j0shg22k0vr7s","time":1610769726,"event":{"mods":["2.2 Compatiblity","AchievementEnabler","BaseMod","Better Note","Colored Map","Downfall","Duelist Mod","GifTheSpireLib","Hermit","Marisa????????","Minty Spire (QoL Compilation)","Quick Restart","StSLib","Td1madao Mod","The Bug Knight","The Cursed"],"gold_per_floor":[111,0,0,300,300,300,343,343,343,376,276,351,351,382,382,511,511,530,568,667,79,98,98,98],"floor_reached":23,"language":"ENG","playtime":762,"items_purged":["Strike_R","Strike_R","Hemokinesis"],"score":264,"play_id":"2819d621-dbab-4ae9-b0f9-e8922716fc2f","local_time":"20210115200206","is_ascension_mode":true,"campfire_choices":[{"data":"Entrench","floor":6,"key":"SMITH"},{"data":"Shrug It Off","floor":8,"key":"SMITH"},{"data":"Seeing Red","floor":13,"key":"SMITH"},{"data":"Defend_R","floor":15,"key":"SMITH"}],"circlet_count":0,"master_deck":["Strike_R+1","Strike_R","Strike_R","Defend_R+1","Defend_R+1","Defend_R","Defend_R","Bash","Shrug It Off+1","Entrench+1","Seeing Red+1","Cleave","Demon Form","Twin Strike","Seeing Red+1","Iron Wave","Clothesline+1"],"relics":["Burning Blood","NeowsBlessing","Old Coin","Golden Idol","Red Skull","Potion Belt","StoneCalendar","Self Forming Clay","Pantograph","bronze:MakeshiftBattery","Red Mask","Calipers","Orrery"],"acts_visited":["Exordium","TheCity"],"potions_floor_usage":[14,16,23],"damage_taken":[{"damage":0,"enemies":"2 Louse","floor":1,"turns":1},{"damage":0,"enemies":"Gremlin Nob","floor":7,"turns":1},{"damage":0,"enemies":"Lagavulin","floor":10,"turns":2},{"damage":28,"enemies":"Gremlin Nob","floor":14,"turns":5},{"damage":38,"enemies":"The Guardian","floor":16,"turns":13},{"damage":16,"enemies":"2 Thieves","floor":18,"turns":5},{"damage":52,"enemies":"Masked Bandits","floor":19,"turns":7},{"damage":0,"enemies":"Spheric Guardian","floor":22,"turns":3},{"damage":24,"enemies":"Slavers","floor":23,"turns":4}],"seed_played":"-8014695124279531001","potions_obtained":[{"floor":7,"key":"BlessingOfTheForge"},{"floor":14,"key":"CultistPotion"},{"floor":22,"key":"SpeedPotion"}],"is_trial":false,"path_per_floor":["M","$","?","?","?","R","E","R","T","E","$","T","R","E","R","B",null,"M","?","?","$","M","E"],"character_chosen":"IRONCLAD","items_purchased":["Entrench","Calipers","Orrery"],"campfire_rested":0,"item_purchase_floors":[2,21,21],"current_hp_per_floor":[80,80,64,61,61,61,67,67,67,73,73,73,73,51,51,42,74,64,18,18,18,24,0,0],"gold":98,"neow_bonus":"THREE_ENEMY_KILL","is_daily":false,"chose_seed":false,"campfire_upgraded":4,"win_rate":0.0,"timestamp":1610769726,"path_taken":["M","$","?","?","?","R","E","R","T","E","$","?","R","E","R","BOSS","M","?","?","$","M","E"],"items_purchased_type":["Card","Relic","Relic"],"build_version":"2020-12-22","purchased_purges":3,"victory":false,"max_hp_per_floor":[80,80,80,80,74,74,74,74,74,74,74,74,74,74,74,74,74,74,74,74,74,74,74,74],"card_choices":[{"not_picked":["Havoc","Clothesline"],"picked":"Shrug It Off","floor":1},{"not_picked":["Exhume","Anger","Battle Trance"],"picked":"SKIP","floor":7},{"not_picked":["Dark Embrace","Clothesline"],"picked":"Seeing Red","floor":10},{"not_picked":["Thunderclap","Dark Embrace"],"picked":"Cleave","floor":14},{"not_picked":["Fiend Fire","Corruption"],"picked":"Demon Form","floor":16},{"not_picked":["Dropkick","Spot Weakness+1","Power Through"],"picked":"SKIP","floor":18},{"not_picked":["Fire Breathing","Infernal Blade+1"],"picked":"Twin Strike","floor":19},{"not_picked":["Cleave","Ghostly Armor"],"picked":"Seeing Red+1","floor":21},{"not_picked":["Clash","Heavy Blade+1"],"picked":"Iron Wave","floor":21},{"not_picked":["Sever Soul+1","Anger"],"picked":"Clothesline+1","floor":21},{"not_picked":["Wild Strike","Whirlwind+1"],"picked":"Hemokinesis","floor":21},{"not_picked":["Intimidate+1","Clash+1","Corruption"],"picked":"SKIP","floor":22}],"player_experience":81827,"relics_obtained":[{"floor":7,"key":"Red Skull"},{"floor":9,"key":"Potion Belt"},{"floor":10,"key":"StoneCalendar"},{"floor":12,"key":"Self Forming Clay"},{"floor":14,"key":"Pantograph"},{"floor":19,"key":"Red Mask"}],"event_choices":[{"damage_healed":0,"gold_gain":0,"player_choice":"Entered Light","damage_taken":16,"max_hp_gain":0,"max_hp_loss":0,"event_name":"Shining Light","floor":3,"gold_loss":0,"cards_upgraded":["Defend_R","Strike_R"]},{"damage_healed":0,"gold_gain":0,"player_choice":"Success","damage_taken":3,"relics_obtained":["Old Coin"],"max_hp_gain":0,"max_hp_loss":0,"event_name":"Scrap Ooze","floor":4,"gold_loss":0},{"damage_healed":0,"gold_gain":0,"player_choice":"Lose Max HP","damage_taken":0,"relics_obtained":["Golden Idol"],"max_hp_gain":0,"max_hp_loss":6,"event_name":"Golden Idol","floor":5,"gold_loss":0},{"damage_healed":0,"gold_gain":0,"player_choice":"Fought Bandits","damage_taken":0,"max_hp_gain":0,"max_hp_loss":0,"event_name":"Masked Bandits","floor":19,"gold_loss":0},{"damage_healed":0,"gold_gain":99,"player_choice":"Stole From Cult","damage_taken":0,"max_hp_gain":0,"max_hp_loss":0,"event_name":"Nest","floor":20,"gold_loss":0}],"is_beta":false,"boss_relics":[{"not_picked":["Pandora\u0027s Box","Snecko Eye"],"picked":"bronze:MakeshiftBattery"}],"items_purged_floors":[2,11,21],"is_endless":false,"potions_floor_spawned":[7,14,22],"killed_by":"Slavers","ascension_level":1}}