{"host":"bfxnw9us3ok3sr4c","time":1610839829,"event":{"mods":["Act Like it!","BaseMod","BetterRewards","Colored Map","Colored Powertips","Downfall","Hallownest","Hubris","Infinite Spire","Minty Spire (QoL Compilation)","StSLib","The Cursed"],"gold_per_floor":[99,99,99,199,199,99,99,130,140,156,67,78,78,101,120,217,217,17,32,32,32,32,32,81,97,197,197,197,197,197,232,248,352,352,352,363,380,380,398,410,433,451,476,476,492,505,516,516,529,529,529,558,9,9,9,9],"floor_reached":57,"language":"ENG","playtime":8230,"items_purged":[],"score":1627,"play_id":"91301902-44e4-4c3f-94ed-98f93dd027a9","local_time":"20210117023029","is_ascension_mode":false,"campfire_choices":[{"floor":1,"key":"RECALL"},{"data":"bronze:ClassDefault","floor":6,"key":"SMITH"},{"data":"bronze:Optimize","floor":13,"key":"SMITH"},{"data":"bronze:AlphaBuild","floor":18,"key":"SMITH"},{"data":"infinitespire:NeuralNetwork","floor":23,"key":"SMITH"},{"data":"bronze:ForLoop","floor":30,"key":"SMITH"},{"data":"bronze:SpaghettiCode","floor":35,"key":"SMITH"},{"data":"bronze:BurnOut","floor":54,"key":"SMITH"}],"circlet_count":0,"master_deck":["bronze:Replicate","bronze:Goto","bronze:CutThrough","bronze:ChosenStrike","bronze:ClassDefault+1","bronze:OilSpill+1","bronze:Optimize+1","bronze:CloningBeam","bronze:FindAndReplace","bronze:FollowUp","bronze:Repair","bronze:Return","bronze:AlphaBuild+1","bronze:FineTuning+1","infinitespire:NeuralNetwork+1","bronze:Repulsor+1","bronze:DecaBeam","bronze:ForLoop+1","Necronomicurse","bronze:Boost","bronze:ItsAFeature+1","bronze:ThunderWave","bronze:Shell","bronze:BuggyMess","bronze:ClassDefault","bronze:Philosophize","bronze:FollowUp","bronze:Shield","bronze:SpaghettiCode+1","bronze:BurnOut+1","bronze:DelayedGuard","bronze:Fortify+1","bronze:Flail+1","hubris:NaturalOne","bronze:BitShift+1","bronze:WildBeam+1","bronze:WhirlingStrike+1","bronze:Frontload+1"],"relics":["bronze:PlatinumCore","downfall:HeartsMalice","downfall:HeartBlessingRed","Orichalcum","Odd Mushroom","downfall:HeartBlessingGreen","downfall:HeartBlessingBlue","hubris:Icosahedron","bronze:ProtectiveGoggles","Regal Pillow","Necronomicon","Vajra","Black Star","Boot","infinitespire:Beetle Shell","Pandora\u0027s Box","Toy Ornithopter","Eternal Feather","MealTicket","hubris:DeckOfHolding","Blue Candle","hubris:BottledRain","Whetstone","infinitespire:Golems Mask"],"acts_visited":["Exordium","TheCity","TheBeyond","TheEnding"],"potions_floor_usage":[12,14,16,16,16,26,31,31,31,45,47,50,50,55,55,56],"damage_taken":[{"damage":0,"enemies":"Jaw Worm","floor":2,"turns":1},{"damage":0,"enemies":"Cultist","floor":3,"turns":1},{"damage":0,"enemies":"2 Louse","floor":5,"turns":1},{"damage":36,"enemies":"Gremlin Nob","floor":8,"turns":5},{"damage":7,"enemies":"Blue Slaver","floor":9,"turns":2},{"damage":15,"enemies":"3 Louse","floor":10,"turns":6},{"damage":4,"enemies":"downfall:FleeingMerchant","floor":11,"turns":4},{"damage":8,"enemies":"Large Slime","floor":12,"turns":5},{"damage":0,"enemies":"The Mushroom Lair","floor":14,"turns":2},{"damage":8,"enemies":"2 Fungi Beasts","floor":15,"turns":3},{"damage":35,"enemies":"WA_ARCHETYPE_RETAIN","floor":16,"turns":6},{"damage":24,"enemies":"Chosen","floor":19,"turns":5},{"damage":0,"enemies":"Spheric Guardian","floor":25,"turns":3},{"damage":0,"enemies":"Spheric Guardian","floor":26,"turns":3},{"damage":15,"enemies":"Book of Stabbing","floor":31,"turns":3},{"damage":4,"enemies":"Cultist and Chosen","floor":32,"turns":4},{"damage":18,"enemies":"SI_MIRROR_ARCHETYPE","floor":33,"turns":7},{"damage":0,"enemies":"Orb Walker","floor":36,"turns":1},{"damage":28,"enemies":"3 Shapes","floor":37,"turns":2},{"damage":0,"enemies":"Maw","floor":39,"turns":4},{"damage":15,"enemies":"Writhing Mass","floor":40,"turns":3},{"damage":0,"enemies":"Spire Growth","floor":42,"turns":2},{"damage":1,"enemies":"Nemesis","floor":43,"turns":3},{"damage":3,"enemies":"3 Darklings","floor":45,"turns":2},{"damage":10,"enemies":"4 Shapes","floor":46,"turns":3},{"damage":37,"enemies":"Jaw Worm Horde","floor":47,"turns":2},{"damage":0,"enemies":"Maw","floor":49,"turns":3},{"damage":0,"enemies":"DF_ARCHETYPE_ORBS","floor":50,"turns":4},{"damage":1,"enemies":"downfall:CharBossMerchant","floor":52,"turns":3},{"damage":4,"enemies":"downfall:NeowBoss","floor":55,"turns":8},{"damage":3,"enemies":"downfall:NeowBossFinal","floor":56,"turns":4}],"seed_played":"4915276772324505277","potions_obtained":[{"floor":8,"key":"Swift Potion"},{"floor":9,"key":"infinitespire:BlackPotion"},{"floor":12,"key":"Explosive Potion"},{"floor":14,"key":"bronze:BurnAndBuffPotion"},{"floor":15,"key":"hexamod:SoulburnPotion"},{"floor":19,"key":"Explosive Potion"},{"floor":25,"key":"hexamod:SoulburnPotion"},{"floor":26,"key":"bronze:CleanCodePotion"},{"floor":29,"key":"CultistPotion"},{"floor":39,"key":"bronze:CleanCodePotion"},{"floor":43,"key":"Fire Potion"},{"floor":45,"key":"Guardian:BlockOnCardUsePotion"},{"floor":46,"key":"ColorlessPotion"},{"floor":47,"key":"champ:CounterPotion"},{"floor":49,"key":"Strength Potion"},{"floor":52,"key":"sneckomod:MuddlingPotion"}],"is_trial":false,"path_per_floor":["R","M","M","?","M","R","T","E","M","M","$","M","R","?","M","B",null,"R","M","?","?","T","R","T","M","?","?","AVR","?","R","E","M","B",null,"R","M","M","?","M","M","T","M","E","?","M","M","M","AVR","M","B",null,"E","$","R","B","B",null],"character_chosen":"THE_AUTOMATON","items_purchased":["Regen Potion","Whetstone","infinitespire:Golems Mask","PowerPotion","SkillPotion"],"campfire_rested":0,"item_purchase_floors":[11,53,53,53,53],"current_hp_per_floor":[70,70,70,70,70,70,70,34,27,12,8,14,14,14,36,26,70,80,60,60,40,40,40,40,54,61,45,45,45,45,30,36,45,80,80,80,52,52,52,37,37,44,51,51,53,73,48,48,55,75,80,79,80,80,80,78],"gold":9,"neow_bonus":"THREE_ENEMY_KILL","is_daily":false,"chose_seed":false,"campfire_upgraded":7,"win_rate":0.0,"timestamp":1610839829,"path_taken":["R","M","M","?","M","R","T","E","M","?","?","?","R","?","M","BOSS","R","M","?","?","?","R","T","M","?","?","AVR","?","R","E","M","BOSS","R","M","M","?","?","M","T","M","E","?","M","M","M","AVR","M","BOSS","E","$","R","BOSS","BOSS"],"items_purchased_type":["Potion","Relic","Relic","Potion","Potion"],"build_version":"2020-12-22","purchased_purges":0,"victory":true,"max_hp_per_floor":[70,70,70,70,70,70,70,70,70,70,70,70,70,70,70,70,70,80,80,80,80,80,80,80,80,80,80,80,80,80,80,80,80,80,80,80,80,80,80,80,80,80,80,80,80,80,80,80,80,80,80,80,80,80,80,80],"card_choices":[{"not_picked":["bronze:Deprecate","bronze:ForceShield"],"picked":"bronze:CutThrough","floor":2},{"not_picked":["bronze:BronzeArmor","bronze:Turbo"],"picked":"bronze:ChosenStrike","floor":3},{"not_picked":["bronze:Allocate","bronze:DelayedGuard"],"picked":"bronze:ClassDefault","floor":5},{"not_picked":["bronze:Frontload","bronze:ItsAFeature"],"picked":"bronze:OilSpill","floor":8},{"not_picked":["bronze:BronzeOrb","bronze:ItsAFeature"],"picked":"bronze:Optimize","floor":9},{"not_picked":["bronze:Allocate","bronze:Overheat"],"picked":"bronze:CloningBeam","floor":10},{"not_picked":["bronze:Iterate","bronze:Repulsor"],"picked":"bronze:FindAndReplace","floor":11},{"not_picked":["bronze:Overheat","bronze:Frontload"],"picked":"bronze:FollowUp","floor":12},{"not_picked":["bronze:ItsAFeature","bronze:FollowUp"],"picked":"bronze:Repair","floor":14},{"not_picked":["bronze:BuggyMess","bronze:ClassDefault"],"picked":"bronze:Return","floor":15},{"not_picked":["bronze:Break","bronze:Verify"],"picked":"bronze:AlphaBuild","floor":16},{"not_picked":["bronze:DarkDash","bronze:Branch"],"picked":"bronze:FineTuning+1","floor":19},{"not_picked":["hubris:Rewind","infinitespire:Execution"],"picked":"infinitespire:NeuralNetwork","floor":21},{"not_picked":["bronze:Frontload","bronze:Boost"],"picked":"bronze:Repulsor+1","floor":25},{"not_picked":[],"picked":"bronze:DecaBeam","floor":26},{"not_picked":["bronze:Frontload","bronze:OilSpill+1"],"picked":"bronze:ForLoop","floor":26},{"not_picked":["bronze:OilSpill+1","bronze:BitShift+1"],"picked":"bronze:Boost","floor":31},{"not_picked":["bronze:BitShift","bronze:Repair+1"],"picked":"bronze:ItsAFeature+1","floor":32},{"not_picked":["bronze:HyperBeam","bronze:RecursiveStrike"],"picked":"bronze:ThunderWave","floor":33},{"not_picked":["bronze:Boost+1","bronze:BronzeArmor"],"picked":"bronze:DelayedGuard","floor":36},{"not_picked":["bronze:Shell","bronze:WhirlingStrike"],"picked":"bronze:Fortify+1","floor":37},{"not_picked":["bronze:BugBarrage","bronze:Fortify+1","bronze:OilSpill+1"],"picked":"SKIP","floor":39},{"not_picked":["bronze:Repulsor+1","bronze:ItsAFeature+1"],"picked":"bronze:Flail","floor":40},{"not_picked":["bronze:Fortify","bronze:DelayedSlice","bronze:Overheat+1"],"picked":"SKIP","floor":42},{"not_picked":["bronze:Allocate","bronze:CutThrough+1"],"picked":"bronze:BitShift+1","floor":43},{"not_picked":["bronze:Iterate","bronze:ForLoop","bronze:Safeguard"],"picked":"SKIP","floor":45},{"not_picked":["bronze:OilSpill","bronze:FindAndReplace"],"picked":"bronze:WildBeam+1","floor":46},{"not_picked":["bronze:Frontload+1","bronze:FineTuning"],"picked":"bronze:WhirlingStrike","floor":47},{"not_picked":["bronze:Shield","bronze:DelayedGuard+1","bronze:OilSpill"],"picked":"SKIP","floor":49},{"not_picked":["bronze:Iterate","bronze:FollowUp"],"picked":"bronze:Frontload+1","floor":52}],"player_experience":260446,"relics_obtained":[{"floor":8,"key":"Orichalcum"},{"floor":14,"key":"Odd Mushroom"},{"floor":22,"key":"bronze:ProtectiveGoggles"},{"floor":24,"key":"Regal Pillow"},{"floor":27,"key":"Necronomicon"},{"floor":31,"key":"Boot"},{"floor":31,"key":"infinitespire:Beetle Shell"},{"floor":41,"key":"Toy Ornithopter"},{"floor":43,"key":"Eternal Feather"},{"floor":43,"key":"MealTicket"},{"floor":52,"key":"Blue Candle"},{"floor":52,"key":"hubris:BottledRain"}],"event_choices":[{"damage_healed":0,"gold_gain":0,"player_choice":"Fought Mushrooms","damage_taken":0,"max_hp_gain":0,"max_hp_loss":0,"event_name":"Mushrooms","floor":14,"gold_loss":0},{"damage_healed":0,"gold_gain":0,"player_choice":"Ignored","damage_taken":0,"max_hp_gain":0,"max_hp_loss":0,"event_name":"NoteForYourself","floor":38,"gold_loss":0}],"is_beta":false,"boss_relics":[{"not_picked":["Runic Dome","Runic Pyramid"],"picked":"bronze:PlatinumCore"},{"not_picked":["Philosopher\u0027s Stone","hubris:HollowSoul"],"picked":"Pandora\u0027s Box"}],"items_purged_floors":[],"is_endless":false,"potions_floor_spawned":[8,9,12,14,15,19,25,26,39,43,45,46,47,49,52],"ascension_level":0}}