{"host":"ishme5wb80o83upk","time":1610823868,"event":{"mods":["BaseMod","HololiveMod","Minty Spire (QoL Compilation)","StSLib"],"gold_per_floor":[78,99,121,137,137,164,198,243,266,315,315,348,380,425,425,555,582,602,628,668,709,737,804,804,844,844,943,1021,880,930,953,953,1073,1073,1094,1135,1144,1205,1253,1314,1408,1408,1434,1487,1523,1564,1643,1586,1586,1631,1631,1631,829,893,918],"floor_reached":56,"language":"KOR","playtime":3334,"items_purged":["Hololive_Defend","Parasite"],"score":2537,"play_id":"bf05699c-2abc-4bc4-be6a-3671132435fd","local_time":"20210117040428","is_ascension_mode":true,"campfire_choices":[{"data":"Hololive_CallAmaneKanata","floor":11.0,"key":"SMITH"},{"data":"Hololive_CallAkiRosenthal","floor":15.0,"key":"SMITH"},{"data":"Hololive_CallDoris","floor":24.0,"key":"SMITH"},{"data":"Hololive_StarCraft","floor":32.0,"key":"SMITH"},{"data":"Hololive_FlareMind","floor":42.0,"key":"SMITH"},{"floor":49,"key":"RECALL"},{"data":"Hololive_CallSakuraMiko","floor":52,"key":"SMITH"}],"circlet_count":0,"master_deck":["AscendersBane","Hololive_CallYozoraMel","Hololive_CallInugamiKorone","Hololive_CallCivia","Hololive_CallNekomataOkayu","Hololive_CallDoris+1","Hololive_StarCraft+1","Hololive_RevenueBasedLive","Hololive_Thief","Hololive_CallAkiRosenthal+1","Hololive_CallShiranuiFlare","Hololive_CallAmaneKanata+1","Hololive_RevenueBasedLive","Hololive_Thief","Hololive_CallFriendA","Hololive_CallNatsuiroMatsuri","Hololive_FlareMind+1","Hololive_CallCivia+1","Hololive_CallFriendA+1","Hololive_CallManoAloe+1","Hololive_CallYuzukiChoco","Hololive_CallRoboco","Hololive_CallTsunomakiWatame","Hololive_CallSpadeEcho","Hololive_CallUsadaPekora+1","Hololive_Nanodesu","Hololive_CallSakuraMiko+1","Hololive_CallArtia+1","Hololive_RevenueBasedLive+1","Hololive_DDD","Hololive_CallAkaiHaato","Apotheosis"],"relics":["Hololive_TheStar","CeramicFish","Girya","Orichalcum","Astrolabe","Whetstone","Turnip","Pear","Singing Bowl","Red Mask","Coffee Dripper","Torii","MealTicket","Bronze Scales","Dream Catcher","Pocketwatch","ClockworkSouvenir","HornCleat","Art of War","Ornamental Fan"],"acts_visited":["Exordium","TheCity","TheBeyond","TheEnding"],"potions_floor_usage":[55,55],"damage_taken":[{"damage":0.0,"enemies":"2 Louse","floor":1.0,"turns":3.0},{"damage":0.0,"enemies":"Cultist","floor":2.0,"turns":3.0},{"damage":0.0,"enemies":"Small Slimes","floor":3.0,"turns":3.0},{"damage":0.0,"enemies":"Looter","floor":4.0,"turns":3.0},{"damage":0.0,"enemies":"Gremlin Nob","floor":6.0,"turns":5.0},{"damage":0.0,"enemies":"Blue Slaver","floor":7.0,"turns":5.0},{"damage":0.0,"enemies":"Lagavulin","floor":8.0,"turns":7.0},{"damage":0.0,"enemies":"Gremlin Nob","floor":10.0,"turns":4.0},{"damage":0.0,"enemies":"Red Slaver","floor":12.0,"turns":3.0},{"damage":0.0,"enemies":"Gremlin Gang","floor":13.0,"turns":4.0},{"damage":0.0,"enemies":"3 Louse","floor":14.0,"turns":4.0},{"damage":0.0,"enemies":"Slime Boss","floor":16.0,"turns":7.0},{"damage":0.0,"enemies":"Shell Parasite","floor":18.0,"turns":4.0},{"damage":0.0,"enemies":"Chosen","floor":19.0,"turns":5.0},{"damage":0.0,"enemies":"Sentry and Sphere","floor":20.0,"turns":8.0},{"damage":0.0,"enemies":"Centurion and Healer","floor":21.0,"turns":5.0},{"damage":0.0,"enemies":"Shelled Parasite and Fungi","floor":22.0,"turns":5.0},{"damage":11.0,"enemies":"Gremlin Leader","floor":23.0,"turns":7.0},{"damage":0.0,"enemies":"Slavers","floor":25.0,"turns":4.0},{"damage":0.0,"enemies":"Gremlin Leader","floor":28.0,"turns":7.0},{"damage":0.0,"enemies":"Masked Bandits","floor":30.0,"turns":3.0},{"damage":0.0,"enemies":"Snake Plant","floor":31.0,"turns":4.0},{"damage":0.0,"enemies":"Champ","floor":33.0,"turns":11.0},{"damage":6.0,"enemies":"3 Darklings","floor":35.0,"turns":4.0},{"damage":0.0,"enemies":"3 Shapes","floor":36.0,"turns":3.0},{"damage":10.0,"enemies":"Writhing Mass","floor":38.0,"turns":5.0},{"damage":0.0,"enemies":"Spire Growth","floor":39.0,"turns":5.0},{"damage":0.0,"enemies":"Giant Head","floor":40.0,"turns":9.0},{"damage":0.0,"enemies":"4 Shapes","floor":41.0,"turns":4.0},{"damage":0.0,"enemies":"Transient","floor":44.0,"turns":5.0},{"damage":0,"enemies":"Reptomancer","floor":45,"turns":4},{"damage":0,"enemies":"Spire Growth","floor":46,"turns":4},{"damage":0,"enemies":"Giant Head","floor":47,"turns":8},{"damage":0,"enemies":"Time Eater","floor":50,"turns":7},{"damage":0,"enemies":"Shield and Spear","floor":54,"turns":5},{"damage":0,"enemies":"The Heart","floor":55,"turns":8}],"seed_played":"-7135248466047523188","potions_obtained":[{"floor":2.0,"key":"PowerPotion"},{"floor":5.0,"key":"Energy Potion"},{"floor":19.0,"key":"EntropicBrew"},{"floor":41.0,"key":"PowerPotion"}],"is_trial":false,"path_per_floor":["M","M","M","M","?","E","M","E","T","E","R","M","M","M","R","B",null,"M","M","M","M","M","E","R","E","T","?","E","$","?","M","R","B",null,"M","M","?","M","M","E","M","R","T","M","E","M","E","?","R","B",null,"R","$","E","B",null],"character_chosen":"Hololive_HololiveCharacter","items_purchased":["Hololive_CallSpadeEcho","Apotheosis","ClockworkSouvenir","HornCleat","Art of War"],"campfire_rested":0,"item_purchase_floors":[29,53,53,53,53],"current_hp_per_floor":[32,32,32,32,32,32,32,32,32,32,32,32,32,32,32,32,34,34,34,34,34,34,23,23,23,33,33,33,33,35,35,35,35,44,40,42,42,32,34,34,36,36,36,36,38,38,40,40,40,40,54,54,56,58,58],"gold":918,"neow_bonus":"ONE_RANDOM_RARE_CARD","is_daily":false,"chose_seed":false,"campfire_upgraded":6,"win_rate":0.0,"timestamp":1610823868,"path_taken":["M","M","M","M","?","E","M","E","T","E","R","?","?","M","R","BOSS","M","M","M","M","M","E","R","E","T","?","E","$","?","M","R","BOSS","M","M","?","M","?","E","?","R","T","M","E","M","E","?","R","BOSS","R","$","E","BOSS"],"items_purchased_type":["Card","Card","Relic","Relic","Relic"],"build_version":"2020-12-22","purchased_purges":2,"victory":true,"max_hp_per_floor":[35,35,35,35,35,35,35,35,35,35,35,35,35,35,35,35,35,35,35,35,35,35,35,35,35,45,45,45,45,47,47,47,47,47,49,51,51,51,53,53,55,55,55,55,57,57,59,59,59,59,59,59,56,58,58],"card_choices":[{"not_picked":["Hololive_LuckPotion","Hololive_CallCivia","Hololive_CallHimemoriLuna"],"picked":"Hololive_RevenueBasedLive","floor":1.0},{"not_picked":["Hololive_CallYukihanaLamy","Hololive_Psychosis","Hololive_Trident","Hololive_CallDoris"],"picked":"SKIP","floor":2.0},{"not_picked":["Hololive_Drill","Hololive_CallKiryuuCoco","Hololive_FlyingPonyTail"],"picked":"Hololive_Thief","floor":3.0},{"not_picked":["Hololive_CocoNews","Hololive_Breathe","Hololive_FlyingPonyTail"],"picked":"Hololive_CallAkiRosenthal","floor":4.0},{"not_picked":["Hololive_Sequa","Hololive_CallYozoraMel","Hololive_OpenUp","Hololive_CocoNews"],"picked":"SKIP","floor":6.0},{"not_picked":["Hololive_Sequa","Hololive_CallYozoraMel","Hololive_OpenUp","Hololive_CocoNews"],"picked":"SKIP","floor":6.0},{"not_picked":["Hololive_Psychosis","Hololive_CallYukihanaLamy","Hololive_CallCivia"],"picked":"Hololive_CallShiranuiFlare","floor":7.0},{"not_picked":["Hololive_OvertimeWork","Hololive_FlyingPonyTail","Hololive_CallInugamiKorone"],"picked":"Hololive_CallAmaneKanata","floor":8.0},{"not_picked":["Hololive_CallOzoraSubaru","Hololive_Psychosis","Hololive_CallManoAloe"],"picked":"Hololive_RevenueBasedLive","floor":10.0},{"not_picked":["Hololive_LuckPotion","Hololive_CallMoonaHoshinova","Hololive_Breathe"],"picked":"Hololive_Thief","floor":12.0},{"not_picked":["Hololive_Trident","Hololive_ILoveYou","Hololive_CallInugamiKorone"],"picked":"Hololive_CallFriendA","floor":13.0},{"not_picked":["Hololive_FlyingPonyTail","Hololive_Psychosis","Hololive_Trident"],"picked":"Hololive_CallNatsuiroMatsuri","floor":14.0},{"not_picked":["Hololive_DDD","Hololive_DurableLive","Hololive_DiamondStrike"],"picked":"Hololive_FlareMind","floor":16.0},{"not_picked":["Hololive_HuntDinosaur","Hololive_StrengthChampion","Hololive_Breathe+1","Hololive_Psychosis"],"picked":"SKIP","floor":18.0},{"not_picked":["Hololive_HuntDinosaur","Hololive_FlyingPonyTail","Hololive_RevenueBasedLive","Hololive_Trident"],"picked":"SKIP","floor":19.0},{"not_picked":["Hololive_Yoholoon+1","Hololive_FlyingPonyTail","Hololive_Rebound+1","Hololive_Psychosis"],"picked":"SKIP","floor":20.0},{"not_picked":["Hololive_OvertimeWork","Hololive_Rebound","Hololive_CallNatsuiroMatsuri"],"picked":"Hololive_CallYuzukiChoco","floor":21.0},{"not_picked":["Hololive_MaximGun","Hololive_SoulCatcher+1","Hololive_Drill","Hololive_CallYuzukiChoco"],"picked":"SKIP","floor":22.0},{"not_picked":["Hololive_FlyingPonyTail+1","Hololive_LuckPotion+1","Hololive_Psychosis"],"picked":"Hololive_CallRoboco","floor":23.0},{"not_picked":["Hololive_CallCivia+1","Hololive_CallAZKi","Hololive_CallRoboco","Hololive_RevenueBasedLive"],"picked":"SKIP","floor":25.0},{"not_picked":["Hololive_Trident","Hololive_CallYukihanaLamy","Hololive_Watashimo"],"picked":"Hololive_CallTsunomakiWatame","floor":28.0},{"not_picked":["Hololive_FlyingPonyTail","Hololive_CocoNews","Hololive_Sequa","Hololive_CallInugamiKorone"],"picked":"Singing Bowl","floor":30.0},{"not_picked":["Hololive_Rebound","Hololive_FlyingPonyTail","Hololive_Drill+1"],"picked":"Hololive_CallUsadaPekora+1","floor":31.0},{"not_picked":["Hololive_DDD","Hololive_Recruit","Hololive_HighAtkLowDef"],"picked":"Hololive_Nanodesu","floor":33.0},{"not_picked":["Hololive_LuckPotion+1","Hololive_CallNakiriAyame+1","Hololive_Breathe+1","Hololive_ManjiGathering+1"],"picked":"Singing Bowl","floor":35.0},{"not_picked":["Hololive_CallUsadaPekora+1","Hololive_StrengthChampion","Hololive_OvertimeWork","Hololive_CallShiranuiFlare"],"picked":"Singing Bowl","floor":36.0},{"not_picked":["Hololive_Breathe","Hololive_CallShishiroBotan+1","Hololive_Sequa"],"picked":"Hololive_CallArtia+1","floor":38.0},{"not_picked":["Hololive_CallNekomataOkayu","Hololive_ILoveYou+1","Hololive_StrengthChampion+1","Hololive_Trident"],"picked":"Singing Bowl","floor":39.0},{"not_picked":["Hololive_CallOzoraSubaru+1","Hololive_CallMomosuzuNene+1","Hololive_Drill"],"picked":"Hololive_RevenueBasedLive+1","floor":40.0},{"not_picked":["Hololive_StrengthChampion+1","Hololive_CocoNews","Hololive_FlyingPonyTail","Hololive_Trident+1"],"picked":"Singing Bowl","floor":41.0},{"not_picked":["Hololive_OvertimeWork+1","Hololive_CallNatsuiroMatsuri+1","Hololive_CallYukihanaLamy"],"picked":"Hololive_DDD","floor":44.0},{"not_picked":["Hololive_CallNatsuiroMatsuri","Hololive_BringToTrial","Hololive_Drill","Hololive_Sequa+1"],"picked":"Singing Bowl","floor":45},{"not_picked":["Hololive_LuckPotion","Hololive_CallAZKi","Hololive_CallOmaruPolka"],"picked":"Hololive_CallAkaiHaato","floor":46},{"not_picked":["Hololive_BringToTrial+1","Hololive_OvertimeWork","Hololive_Psychosis+1","Hololive_FlareMind"],"picked":"Singing Bowl","floor":47},{"not_picked":["Hololive_HuntDinosaur+1","Hololive_Teleport","Hololive_OvertimeWork+1","Hololive_ScarfAndHalo"],"picked":"Singing Bowl","floor":54}],"player_experience":1096744,"relics_obtained":[{"floor":6.0,"key":"CeramicFish"},{"floor":8.0,"key":"Girya"},{"floor":10.0,"key":"Orichalcum"},{"floor":23.0,"key":"Whetstone"},{"floor":25.0,"key":"Turnip"},{"floor":26.0,"key":"Pear"},{"floor":28.0,"key":"Singing Bowl"},{"floor":30.0,"key":"Red Mask"},{"floor":40.0,"key":"Torii"},{"floor":43.0,"key":"MealTicket"},{"floor":45,"key":"Bronze Scales"},{"floor":47,"key":"Dream Catcher"},{"floor":54,"key":"Ornamental Fan"}],"event_choices":[{"damage_healed":0.0,"max_hp_gain":0.0,"max_hp_loss":0.0,"gold_gain":0.0,"event_name":"Lab","player_choice":"Got Potions","floor":5.0,"gold_loss":0.0,"damage_taken":0.0},{"damage_healed":0.0,"max_hp_gain":0.0,"max_hp_loss":0.0,"gold_gain":99.0,"event_name":"Nest","player_choice":"Stole From Cult","floor":27.0,"gold_loss":0.0,"damage_taken":0.0},{"damage_healed":0.0,"max_hp_gain":0.0,"max_hp_loss":0.0,"gold_gain":0.0,"event_name":"Masked Bandits","player_choice":"Fought Bandits","floor":30.0,"gold_loss":0.0,"damage_taken":0.0},{"damage_healed":0.0,"max_hp_gain":0.0,"max_hp_loss":0.0,"gold_gain":0.0,"cards_transformed":["Hololive_Yoholoon"],"event_name":"Transmorgrifier","player_choice":"Transformed","floor":37.0,"gold_loss":0.0,"damage_taken":0.0,"cards_obtained":["Hololive_CallSakuraMiko"]},{"damage_healed":0,"gold_gain":0,"player_choice":"Paid Gold","damage_taken":0,"relics_obtained":["Pocketwatch"],"max_hp_gain":0,"max_hp_loss":0,"event_name":"WeMeetAgain","floor":48,"gold_loss":57}],"is_beta":false,"boss_relics":[{"not_picked":["Snecko Eye","Velvet Choker"],"picked":"Astrolabe"},{"not_picked":["Busted Crown","Runic Pyramid"],"picked":"Coffee Dripper"}],"items_purged_floors":[29,53],"is_endless":false,"potions_floor_spawned":[2,6,7,8,13,19,20,23,30,31,33,35,41,46,54],"ascension_level":11}}