{"host":"s7l2a3wroivred6i","time":1610758404,"event":{"mods":["AchievementEnabler","BaseMod","Better Altar","Better Match","Better Note","Better Sensory Stone","Better Skull","Better Synergies","Better Third Choice","BetterRewards","Conspire","GifTheSpireLib","Hubris","Infinite Spire","Minty Spire (QoL Compilation)","Replay The Spire","Retaliation","StSLib","Stuff the Spire","The Blue Laboratory","The Fake Hero","The Marked"],"gold_per_floor":[116,132,132,26,36,69,69,201,201,201,201,321,332,332,332,436,436,449,449,449,466,466,574,574,694,694,458,458,458,477,477,477,477,477],"floor_reached":33,"language":"ENG","playtime":1653,"items_purged":[],"score":324,"play_id":"73417a9d-9aee-483a-a503-49e306c30caf","local_time":"20210115195324","is_ascension_mode":false,"campfire_choices":[{"floor":7,"key":"REST"},{"data":"theMarked:ElementalBlade","floor":11,"key":"SMITH"},{"data":"theMarked:ElementalBlade","floor":24,"key":"SMITH"},{"data":"theMarked:Polarize","floor":28,"key":"SMITH"},{"data":"Replay:Fractal Strike","floor":32,"key":"SMITH"}],"circlet_count":0,"master_deck":["theMarked:Strike","theMarked:Strike","theMarked:Strike","theMarked:Strike","theMarked:Defend","theMarked:Defend","theMarked:Defend","theMarked:Defend","theMarked:SoldierOfQuellstein","theMarked:ParalyzingBlade","theMarked:CreepingChasm+1","theMarked:ChainLightning","theMarked:Aftermath","Pot Of Greed","Pot Of Greed","theMarked:ElementalBlade+1","theMarked:Challenge+1","theMarked:Polarize+1","theMarked:ElementalBlade+1","theMarked:Generate+1","theMarked:MaelstromOfLightning","theMarked:RepellingDischarge","Replay:Fractal Strike+1"],"relics":["theMarked:ArtifactOfAir","PreservedInsect","Replay:Wanted Poster","hubris:TenFootPole","hubris:TinFlute","StuffTheSpire:TintedRock","Grinning Jar","Juzu Bracelet","StuffTheSpire:Mouthbags","StuffTheSpire:ForceGauntlet","Nloth\u0027s Gift","hubris:SlimyHat","StuffTheSpire:Experiment12","Pantograph","Nunchaku"],"acts_visited":["Exordium","TheCity"],"potions_floor_usage":[8,12,18,23,30],"damage_taken":[{"damage":3,"enemies":"2 Louse","floor":1,"turns":2},{"damage":5,"enemies":"Small Slimes","floor":2,"turns":3},{"damage":2,"enemies":"Cultist","floor":5,"turns":5},{"damage":28,"enemies":"Gremlin Nob","floor":6,"turns":4},{"damage":15,"enemies":"Replay:BlueRogue","floor":8,"turns":4},{"damage":24,"enemies":"3 Sentries","floor":12,"turns":4},{"damage":0,"enemies":"Lots of Slimes","floor":13,"turns":2},{"damage":3,"enemies":"Slime Boss","floor":16,"turns":8},{"damage":5,"enemies":"conspire:FuzzyDice","floor":18,"turns":4},{"damage":0,"enemies":"Chosen","floor":21,"turns":4},{"damage":44,"enemies":"Slavers","floor":23,"turns":4},{"damage":0,"enemies":"Gremlin Leader","floor":25,"turns":4},{"damage":21,"enemies":"Centurion and Healer","floor":30,"turns":6},{"damage":0,"enemies":"Pondfish","floor":33,"turns":1}],"seed_played":"-4109997743231028935","potions_obtained":[{"floor":5,"key":"Energy Potion"},{"floor":6,"key":"DistilledChaos"},{"floor":8,"key":"conspire:TimeTravelPotion"},{"floor":16,"key":"Weak Potion"},{"floor":23,"key":"Swift Potion"},{"floor":30,"key":"Elixir"}],"is_trial":false,"path_per_floor":["M","M","?","$","M","E","R","E","T","?","R","E","M","?","R","B",null,"M","?","$","M","?","E","R","E","T","$","R","?","M","AVR","R","B"],"character_chosen":"THE_DEFAULT","items_purchased":["Membership Card","PreservedInsect","Adrenaline Potion","theMarked:Challenge+1","theMarked:MaelstromOfLightning","Nunchaku"],"campfire_rested":1,"item_purchase_floors":[0,0,0,4,27,27],"current_hp_per_floor":[60,55,70,70,68,40,61,46,46,46,46,22,22,22,43,40,70,65,65,65,65,64,52,52,52,52,52,52,52,31,31,31,56,56],"gold":477,"neow_bonus":"","is_daily":false,"chose_seed":false,"campfire_upgraded":4,"win_rate":0.0,"timestamp":1610758404,"path_taken":["M","M","?","$","M","E","R","E","T","?","R","E","M","?","R","BOSS","M","?","$","M","?","E","R","E","T","$","R","?","M","AVR","R","BOSS"],"items_purchased_type":["Relic","Relic","Potion","Card","Card","Relic"],"build_version":"2020-12-22","purchased_purges":0,"victory":false,"max_hp_per_floor":[70,70,70,70,70,70,70,70,70,70,70,70,70,70,70,70,70,70,70,70,70,70,70,70,70,70,70,70,70,70,70,70,70,70],"card_choices":[{"not_picked":["theMarked:Parry","theMarked:Parkour"],"picked":"theMarked:CreepingChasm","floor":1},{"not_picked":["theMarked:ShockingTouch","theMarked:TwofoldDefense","theMarked:TunnelVision"],"picked":"SKIP","floor":2},{"not_picked":["theMarked:ResourceFulStrike","theMarked:Convert"],"picked":"theMarked:ChainLightning","floor":5},{"not_picked":["theMarked:TwofoldDefense","theMarked:Static"],"picked":"theMarked:Aftermath","floor":6},{"not_picked":["theMarked:Frustration","theMarked:TurnInvisible"],"picked":"theMarked:ElementalBlade","floor":8},{"not_picked":["theMarked:Aftermath","theMarked:HeightenedSenses","theMarked:Improvise"],"picked":"SKIP","floor":12},{"not_picked":["theMarked:Aftermath","theMarked:ElectricStrings","theMarked:ChainLightning"],"picked":"SKIP","floor":13},{"not_picked":["theMarked:TunnelVision","theMarked:WastefulDefense"],"picked":"theMarked:Polarize","floor":18},{"not_picked":["theMarked:Parkour","theMarked:ChainLightning+1","theMarked:WastefulAttack+1"],"picked":"SKIP","floor":21},{"not_picked":["theMarked:Parkour","theMarked:ResourceFulStrike"],"picked":"theMarked:ElementalBlade","floor":23},{"not_picked":["theMarked:DispelDoubt","theMarked:ElementalBlade"],"picked":"theMarked:Generate+1","floor":25},{"not_picked":["theMarked:TwofoldDefense","theMarked:Parkour"],"picked":"theMarked:RepellingDischarge","floor":30}],"player_experience":356208,"relics_obtained":[{"floor":6,"key":"StuffTheSpire:TintedRock"},{"floor":8,"key":"Grinning Jar"},{"floor":9,"key":"Juzu Bracelet"},{"floor":12,"key":"StuffTheSpire:ForceGauntlet"},{"floor":23,"key":"hubris:SlimyHat"},{"floor":25,"key":"StuffTheSpire:Experiment12"},{"floor":26,"key":"Pantograph"}],"event_choices":[{"damage_healed":0,"gold_gain":0,"player_choice":"Gave Potion","damage_taken":0,"relics_obtained":["StuffTheSpire:Mouthbags"],"max_hp_gain":0,"max_hp_loss":0,"event_name":"WeMeetAgain","floor":10,"gold_loss":0},{"cards_removed":["theMarked:Strike"],"damage_healed":0,"gold_gain":0,"player_choice":"Purged","damage_taken":0,"max_hp_gain":0,"max_hp_loss":0,"event_name":"Purifier","floor":14,"gold_loss":0},{"damage_healed":0,"gold_gain":0,"player_choice":"Traded Relic","damage_taken":0,"relics_obtained":["Nloth\u0027s Gift"],"max_hp_gain":0,"max_hp_loss":0,"event_name":"N\u0027loth","floor":19,"relics_lost":["ReplayFunnel"],"gold_loss":0},{"damage_healed":0,"gold_gain":0,"player_choice":"Punched","damage_taken":3,"max_hp_gain":0,"max_hp_loss":0,"event_name":"Designer","floor":22,"gold_loss":0},{"damage_healed":0,"gold_gain":0,"player_choice":"Ignored","damage_taken":0,"max_hp_gain":0,"max_hp_loss":0,"event_name":"Purifier","floor":29,"gold_loss":0}],"is_beta":false,"boss_relics":[{"not_picked":["Pandora\u0027s Box","Empty Cage","hubris:GrandSneckoEye"]}],"items_purged_floors":[],"is_endless":false,"potions_floor_spawned":[5,6,8,16,23,30],"killed_by":"Pondfish","ascension_level":0}}