{"host":"ormi09wwzv7sq47a","time":1610826087,"event":{"mods":["2.2 Compatiblity","AchievementEnabler","Act Like it!","BaseMod","Bestiary","Better Altar","Better Note","Better Sensory Stone","Better Silent Start","Better Skull","Better Third Choice","Better Vampires","BetterRewards","Block Reminder","Card Forge","Colored Map","Colored Powertips","Curses Come First","DeckTracker","Downfall","Highlight Path","Minty Spire (QoL Compilation)","Permanent Neow","Quick Restart","Rare Cards Sparkle","Relic Stats","Shop Mod","StSLib","The Jungle"],"gold_per_floor":[17,44,56,56,56,96,108,120,132,144,179,191,247,280,292,304,304,304],"floor_reached":16,"language":"ENG","playtime":611,"items_purged":[],"score":119,"play_id":"3e57408d-fe9c-4ac8-8613-977039be6f01","local_time":"20210116174127","is_ascension_mode":true,"campfire_choices":[{"floor":8.0,"key":"REST"},{"data":"champ:TornadoPunch","floor":10.0,"key":"SMITH"},{"data":"champ:Taunt","floor":12.0,"key":"SMITH"},{"data":"champ:FanOfKnives","floor":15,"key":"SMITH"}],"circlet_count":0,"master_deck":["champ:Strike","champ:Strike","champ:Defend","champ:Defend+1","champ:Defend","champ:Execute","champ:Taunt+1","champ:Endure","champ:TornadoPunch+1","champ:StanceDance+1","champ:SwordSigil","champ:FaceSlap","champ:FanOfKnives+1"],"relics":["champ:ChampionCrown","Hammer of Thor","Seething Fire","Anvil of the Gods","Lantern","Golden Idol","MawBank","Ginger"],"acts_visited":["Exordium"],"potions_floor_usage":[16],"damage_taken":[{"damage":24.0,"enemies":"Cultist","floor":1.0,"turns":3.0},{"damage":10.0,"enemies":"Jaw Worm","floor":3.0,"turns":3.0},{"damage":54.0,"enemies":"3 Sentries","floor":6.0,"turns":8.0},{"damage":10.0,"enemies":"Small Slimes","floor":11.0,"turns":3.0},{"damage":12,"enemies":"Gremlin Nob","floor":13,"turns":4},{"damage":7,"enemies":"2 Fungi Beasts","floor":14,"turns":3},{"damage":72,"enemies":"The Guardian","floor":16,"turns":7}],"seed_played":"4135730665140933229","potions_obtained":[{"floor":3.0,"key":"Dexterity Potion"},{"floor":11.0,"key":"champ:TechniquePotion"},{"floor":14,"key":"SpeedPotion"}],"is_trial":false,"path_per_floor":["M","T","M","?","?","E","?","R","T","R","M","R","E","M","R","B"],"character_chosen":"THE_CHAMP","items_purchased":[],"campfire_rested":1,"item_purchase_floors":[],"current_hp_per_floor":[86,86,86,64,57,33,15,42,42,42,42,42,40,33,33,0,0,0],"gold":304,"neow_bonus":"REMOVE_TWO","is_daily":false,"chose_seed":false,"campfire_upgraded":3,"win_rate":0.0,"timestamp":1610826087,"path_taken":["M","?","M","?","?","E","?","R","T","R","M","R","E","M","R","BOSS"],"items_purchased_type":[],"build_version":"2020-12-22","purchased_purges":0,"victory":false,"max_hp_per_floor":[90,90,90,90,90,90,90,90,90,90,90,90,90,90,90,90,90,90],"relic_stats":{"counters":[37,175],"Golden Idol":26,"Ginger":[1],"MawBank":120,"obtain_stats":[{"Lantern":2,"Singing Bowl":13,"champ:ChampionCrown":0,"Hammer of Thor":0,"Whetstone":9,"Ginger":9,"Smiling Mask":7,"Boot":9,"Sozu":34,"Centennial Puzzle":20,"Dream Catcher":27,"downfall:BrokenWingStatue":3,"Matryoshka":7,"DollysMirror":20,"Pantograph":6,"Tiny Chest":9,"Kunai":26,"InkBottle":9,"Golden Idol":4,"Velvet Choker":17,"PreservedInsect":26,"Seething Fire":0,"MawBank":6,"Peace Pipe":0,"Anvil of the Gods":0,"champ:LiftRelic":14,"Bronze Scales":37,"Meat on the Bone":30,"Pocketwatch":11},{"Lantern":31,"Singing Bowl":5,"champ:ChampionCrown":0,"Hammer of Thor":0,"Whetstone":3,"Ginger":33,"Smiling Mask":2,"Boot":11,"Sozu":23,"Centennial Puzzle":17,"Dream Catcher":20,"downfall:BrokenWingStatue":0,"Matryoshka":11,"DollysMirror":17,"Pantograph":2,"Tiny Chest":11,"Kunai":19,"InkBottle":26,"Golden Idol":32,"Velvet Choker":16,"PreservedInsect":19,"Seething Fire":0,"MawBank":33,"Peace Pipe":25,"Anvil of the Gods":0,"champ:LiftRelic":5,"Bronze Scales":24,"Meat on the Bone":21,"Pocketwatch":27},{"Lantern":147,"Singing Bowl":19,"champ:ChampionCrown":0,"Hammer of Thor":0,"Whetstone":12,"Ginger":158,"Smiling Mask":8,"Boot":44,"Sozu":109,"Centennial Puzzle":75,"Dream Catcher":87,"downfall:BrokenWingStatue":0,"Matryoshka":44,"DollysMirror":75,"Pantograph":8,"Tiny Chest":44,"Kunai":83,"InkBottle":121,"Golden Idol":150,"Velvet Choker":70,"PreservedInsect":83,"Seething Fire":0,"MawBank":158,"Peace Pipe":118,"Anvil of the Gods":0,"champ:LiftRelic":19,"Bronze Scales":113,"Meat on the Bone":91,"Pocketwatch":129}]},"card_choices":[{"not_picked":["champ:PreemptiveStrike","champ:ShieldWall"],"picked":"champ:Endure","floor":1.0},{"not_picked":["champ:PreciseThrust","champ:EndlessRage"],"picked":"champ:TornadoPunch","floor":3.0},{"not_picked":["champ:DeathBlow","champ:EndlessRage"],"picked":"champ:StanceDance","floor":6.0},{"not_picked":["champ:CrownThrow","champ:GutPunch"],"picked":"champ:SwordSigil","floor":11.0},{"not_picked":["champ:PreciseThrust","champ:DeathBlow"],"picked":"champ:FaceSlap","floor":13},{"not_picked":["champ:RecklessLeap","champ:CrookedStrike"],"picked":"champ:FanOfKnives","floor":14}],"player_experience":972489,"relics_obtained":[{"floor":2.0,"key":"Lantern"},{"floor":6.0,"key":"MawBank"},{"floor":9.0,"key":"Ginger"}],"event_choices":[{"damage_healed":0.0,"max_hp_gain":0.0,"max_hp_loss":0.0,"gold_gain":0.0,"event_name":"Golden Idol","player_choice":"Take Damage","floor":4.0,"gold_loss":0.0,"damage_taken":22.0,"relics_obtained":["Golden Idol"]},{"cards_removed":["champ:Strike"],"damage_healed":0.0,"max_hp_gain":0.0,"max_hp_loss":0.0,"gold_gain":0.0,"event_name":"Golden Wing","player_choice":"Card Removal","floor":5.0,"gold_loss":0.0,"damage_taken":7.0},{"damage_healed":33.0,"max_hp_gain":0.0,"max_hp_loss":90.0,"gold_gain":0.0,"event_name":"betterThird:BetterShining","player_choice":"Upgrade","floor":7.0,"gold_loss":0.0,"damage_taken":18.0,"cards_upgraded":["champ:Defend","champ:StanceDance"]}],"is_beta":false,"boss_relics":[],"items_purged_floors":[],"is_endless":false,"potions_floor_spawned":[3,11,14],"killed_by":"The Guardian","ascension_level":2}}