{"host":"08t08ld674si40tv","time":1610773211,"event":{"mods":["AchievementEnabler","BaseMod","Colored Map","Minty Spire (QoL Compilation)","StSLib","SuperFastMode"],"gold_per_floor":[109,34,34,44,61,61,75,75,75,103,253,153,153,173,173,244,244,261,161,161,161,36,36,86,111,160,160,179,190,190,203,203,279,279,291,302,152,164,176,176,1,1,1,55,89,89,0,0,0,0,0,0,0,0,32,32,32],"floor_reached":56,"language":"KOR","playtime":2025,"items_purged":["Doubt","Dagger Throw","Poisoned Stab","Concentrate+1","A Thousand Cuts"],"score":2332,"play_id":"0180c09c-969a-43f2-be4a-adf30adf83c6","local_time":"20210116140011","is_ascension_mode":true,"campfire_choices":[{"data":"Bouncing Flask","floor":6.0,"key":"SMITH"},{"data":"Neutralize","floor":13.0,"key":"SMITH"},{"data":"Acrobatics","floor":15.0,"key":"SMITH"},{"data":"Concentrate","floor":23.0,"key":"SMITH"},{"data":"Reflex","floor":27.0,"key":"SMITH"},{"data":"Acrobatics","floor":30.0,"key":"SMITH"},{"data":"Flechettes","floor":32.0,"key":"SMITH"},{"data":"Tactician","floor":40.0,"key":"SMITH"},{"data":"After Image","floor":42.0,"key":"SMITH"},{"floor":49.0,"key":"RECALL"},{"floor":53.0,"key":"DIG"}],"circlet_count":0,"master_deck":["AscendersBane","Survivor","Neutralize+1","Bouncing Flask+1","Reflex+1","Backflip","Acrobatics+1","After Image+1","Flechettes+1","Acrobatics+1","Backflip","Corpse Explosion","Prepared+1","Tactician+1","Noxious Fumes"],"relics":["Ring of the Snake","Toy Ornithopter","Bottled Flame","Pandora\u0027s Box","Pear","Sozu","Shuriken","Shovel","Mummified Hand","Red Mask","Ornamental Fan","Vajra"],"acts_visited":["Exordium","TheCity","TheBeyond","TheEnding"],"potions_floor_usage":[],"damage_taken":[{"damage":14.0,"enemies":"Small Slimes","floor":1.0,"turns":5.0},{"damage":9.0,"enemies":"Jaw Worm","floor":4.0,"turns":4.0},{"damage":0.0,"enemies":"2 Louse","floor":5.0,"turns":3.0},{"damage":10.0,"enemies":"Large Slime","floor":7.0,"turns":9.0},{"damage":17.0,"enemies":"Lagavulin","floor":10.0,"turns":5.0},{"damage":0.0,"enemies":"Looter","floor":14.0,"turns":4.0},{"damage":29.0,"enemies":"The Guardian","floor":16.0,"turns":9.0},{"damage":7.0,"enemies":"Shell Parasite","floor":18.0,"turns":5.0},{"damage":22.0,"enemies":"Slavers","floor":25.0,"turns":2.0},{"damage":0.0,"enemies":"Chosen","floor":28.0,"turns":3.0},{"damage":0.0,"enemies":"Shelled Parasite and Fungi","floor":29.0,"turns":2.0},{"damage":6.0,"enemies":"Cultist and Chosen","floor":31.0,"turns":4.0},{"damage":0.0,"enemies":"Collector","floor":33.0,"turns":2.0},{"damage":0.0,"enemies":"3 Darklings","floor":35.0,"turns":1.0},{"damage":1.0,"enemies":"Orb Walker","floor":36.0,"turns":3.0},{"damage":0.0,"enemies":"Jaw Worm Horde","floor":38.0,"turns":2.0},{"damage":0.0,"enemies":"4 Shapes","floor":39.0,"turns":1.0},{"damage":0.0,"enemies":"2 Orb Walkers","floor":44.0,"turns":1.0},{"damage":0.0,"enemies":"Reptomancer","floor":45.0,"turns":2.0},{"damage":0.0,"enemies":"Donu and Deca","floor":50.0,"turns":1.0},{"damage":0.0,"enemies":"Time Eater","floor":51.0,"turns":4.0},{"damage":0.0,"enemies":"Shield and Spear","floor":55.0,"turns":1.0},{"damage":69,"enemies":"The Heart","floor":56,"turns":3}],"seed_played":"-7336896472063345953","potions_obtained":[{"floor":5.0,"key":"AttackPotion"},{"floor":7.0,"key":"Regen Potion"},{"floor":14.0,"key":"Explosive Potion"},{"floor":18.0,"key":"Weak Potion"},{"floor":25.0,"key":"PowerPotion"},{"floor":28.0,"key":"Strength Potion"}],"is_trial":false,"path_per_floor":["M","?","$","M","M","R","M","?","T","E","?","$","R","M","R","B",null,"M","$","?","?","$","R","?","E","T","R","M","M","R","M","R","B",null,"M","M","$","M","M","R","$","R","T","?","E","?","?","$","R","B","B",null,"R","$","E","B"],"character_chosen":"THE_SILENT","items_purchased":["Acrobatics"],"campfire_rested":0,"item_purchase_floors":[12],"current_hp_per_floor":[45,45,45,36,36,36,26,26,26,34,34,34,34,34,34,5,46,39,39,39,39,39,39,39,37,37,37,37,37,37,31,31,36,62,62,61,61,61,66,66,66,66,66,66,66,61,61,61,61,61,61,68,68,68,68,0,0],"gold":32,"neow_bonus":"REMOVE_TWO","is_daily":false,"chose_seed":false,"campfire_upgraded":9,"win_rate":0.0,"timestamp":1610773211,"path_taken":["M","?","$","M","M","R","M","?","T","E","?","$","R","M","R","BOSS","M","$","?","?","$","R","?","E","T","R","M","M","R","M","R","BOSS","M","M","$","M","M","R","$","R","T","?","E","?","?","$","R","BOSS","BOSS","R","$","E","BOSS"],"items_purchased_type":["Card"],"build_version":"2020-12-22","purchased_purges":5,"victory":false,"max_hp_per_floor":[60,60,60,60,60,60,60,60,60,60,60,60,60,60,60,60,60,60,60,60,60,60,60,60,70,70,70,70,70,70,70,70,70,70,70,70,70,70,70,70,70,70,70,70,70,70,70,70,70,70,70,70,70,70,70,70,70],"card_choices":[{"not_picked":["Backflip","Expertise"],"picked":"Bouncing Flask","floor":1.0},{"not_picked":["Flying Knee","Finisher"],"picked":"Dagger Throw","floor":4.0},{"not_picked":["Slice","Bane","Outmaneuver"],"picked":"SKIP","floor":5.0},{"not_picked":["Leg Sweep","Caltrops"],"picked":"Reflex","floor":7.0},{"not_picked":["Dodge and Roll","Wraith Form v2"],"picked":"Backflip","floor":10.0},{"not_picked":["Finisher","Terror","Eviscerate"],"picked":"SKIP","floor":14.0},{"not_picked":["Glass Knife","Adrenaline"],"picked":"After Image","floor":16.0},{"not_picked":["Backflip","Dagger Spray","Poisoned Stab+1"],"picked":"SKIP","floor":18.0},{"not_picked":["Masterful Stab","Skewer","Outmaneuver"],"picked":"SKIP","floor":25.0},{"not_picked":["All Out Attack","Sucker Punch","Quick Slash"],"picked":"SKIP","floor":28.0},{"not_picked":["Dagger Throw","Riddle With Holes"],"picked":"Prepared+1","floor":29.0},{"not_picked":["Dagger Spray","Bane","Acrobatics"],"picked":"SKIP","floor":31.0},{"not_picked":["All Out Attack","Dodge and Roll","Deflect+1"],"picked":"SKIP","floor":35.0},{"not_picked":["Acrobatics","Dagger Throw+1"],"picked":"Tactician","floor":36.0},{"not_picked":["Predator","Cloak And Dagger","Sucker Punch"],"picked":"SKIP","floor":38.0},{"not_picked":["Distraction","PiercingWail+1","Heel Hook"],"picked":"SKIP","floor":39.0},{"not_picked":["Flying Knee","Endless Agony"],"picked":"Noxious Fumes","floor":45.0},{"not_picked":["Dagger Throw","Catalyst+1","Well Laid Plans"],"picked":"SKIP","floor":55.0}],"player_experience":225723,"relics_obtained":[{"floor":9.0,"key":"Toy Ornithopter"},{"floor":10.0,"key":"Bottled Flame"},{"floor":25.0,"key":"Pear"},{"floor":43.0,"key":"Shuriken"},{"floor":44.0,"key":"Shovel"},{"floor":45.0,"key":"Mummified Hand"},{"floor":53.0,"key":"Ornamental Fan"},{"floor":55.0,"key":"Vajra"}],"event_choices":[{"cards_removed":["Strike_G"],"damage_healed":0.0,"max_hp_gain":0.0,"max_hp_loss":0.0,"gold_gain":0.0,"event_name":"The Cleric","player_choice":"Card Removal","floor":2.0,"gold_loss":75.0,"damage_taken":0.0},{"damage_healed":0.0,"max_hp_gain":0.0,"max_hp_loss":0.0,"gold_gain":0.0,"event_name":"Shining Light","player_choice":"Ignored","floor":8.0,"gold_loss":0.0,"damage_taken":0.0},{"damage_healed":0.0,"max_hp_gain":0.0,"max_hp_loss":0.0,"gold_gain":150.0,"event_name":"Liars Game","player_choice":"AGREE","floor":11.0,"gold_loss":0.0,"damage_taken":0.0,"cards_obtained":["Doubt"]},{"damage_healed":0.0,"max_hp_gain":0.0,"max_hp_loss":0.0,"gold_gain":0.0,"event_name":"Ghosts","player_choice":"Ignored","floor":20.0,"gold_loss":0.0,"damage_taken":0.0},{"damage_healed":0.0,"max_hp_gain":0.0,"max_hp_loss":0.0,"gold_gain":0.0,"event_name":"Cursed Tome","player_choice":"Ignored","floor":21.0,"gold_loss":0.0,"damage_taken":0.0},{"damage_healed":0.0,"max_hp_gain":0.0,"max_hp_loss":0.0,"gold_gain":50.0,"event_name":"Nest","player_choice":"Stole From Cult","floor":24.0,"gold_loss":0.0,"damage_taken":0.0},{"damage_healed":0.0,"max_hp_gain":0.0,"max_hp_loss":0.0,"gold_gain":0.0,"event_name":"Mysterious Sphere","player_choice":"Fight","floor":44.0,"gold_loss":0.0,"damage_taken":0.0},{"damage_healed":0.0,"max_hp_gain":0.0,"max_hp_loss":0.0,"gold_gain":0.0,"event_name":"SensoryStone","player_choice":"Memory 2","floor":46.0,"gold_loss":0.0,"damage_taken":5.0},{"damage_healed":0.0,"max_hp_gain":0.0,"max_hp_loss":0.0,"gold_gain":0.0,"event_name":"Tomb of Lord Red Mask","player_choice":"Paid","floor":47.0,"gold_loss":89.0,"damage_taken":0.0,"relics_obtained":["Red Mask"]}],"is_beta":false,"boss_relics":[{"not_picked":["Coffee Dripper","Black Star"],"picked":"Pandora\u0027s Box"},{"not_picked":["Busted Crown","Astrolabe"],"picked":"Sozu"}],"items_purged_floors":[12,19,22,37,41],"is_endless":false,"potions_floor_spawned":[5,7,14,18,25,28,35,36,38,44],"killed_by":"The Heart","ascension_level":20}}