{"host":"lj6f9xx8vphisbmi","time":1610781087,"event":{"mods":["AchievementEnabler","Act Like it!","Arknights The Spire","BaseMod","Colored Powertips","Decade(Õı–°√˜)","Downfall","Friendly Minions","Gensokyo","KinomotoSakuraMod(ƒæ÷Æ±æ”£)","Marisa£®ÏF”Í°°ƒß¿Ì…≥£©","Minty Spire (QoL Compilation)","Reimu£®≤©¿ˆ¡È√Œ£©","StSLib","Youmu£®ªÍ∆«—˝√Œ£©","noobMod"],"gold_per_floor":[114,114,41,41,58,58,75,75,75,106,116,116,116,38,38,138,138,148,4,22,37,47,47,64,76,127,127,52,52,87,104,104,209,209,222,122,122,142,152,152,179,179,248,248,279,211,221,247,247,247,247,247,122,148,148],"floor_reached":56,"language":"ZHS","playtime":1213,"items_purged":["ats:Strike S","ats:Defend","ats:Strike G"],"score":1330,"play_id":"9f156f66-e10b-4ca1-9fb2-23c47bc48c95","local_time":"20210116151127","is_ascension_mode":false,"campfire_choices":[{"floor":6,"key":"RECALL"},{"data":"ats:Mental Burst","floor":8,"key":"SMITH"},{"data":"ats:Ignite","floor":12,"key":"SMITH"},{"data":"ats:Flame Of Heaven","floor":15,"key":"SMITH"},{"data":"ats:Volcano","floor":23,"key":"SMITH"},{"data":"ats:Emotion Absorption","floor":27,"key":"SMITH"},{"data":"ats:Ignite","floor":29,"key":"SMITH"},{"data":"ats:Ignite","floor":32,"key":"SMITH"},{"data":"ats:Ignite","floor":40,"key":"SMITH"},{"data":"ats:Ignite","floor":42,"key":"SMITH"},{"data":"ats:Durian","floor":44,"key":"SMITH"},{"data":"ats:Leaping Hammer","floor":49,"key":"SMITH"},{"data":"ats:Song Of Battle","floor":52,"key":"SMITH"}],"circlet_count":0,"master_deck":["ats:Strike C+1","ats:Armor Crushing Shot+1","ats:Defend","ats:Emotion Absorption+1","ats:Ignite+1","ats:Mental Burst+1","ats:Ignite+1","ats:Ignite+1","ats:Flame Of Heaven+1","ats:Volcano+1","ats:Ignite+1","ats:Support Order","ats:Guardian Obelisk+1","ats:Ignite+1","ats:Durian+1","ats:True Silver Slash+1","ats:Healing Strengthening+1","ats:Soul Absorption+1","ats:Burning Ground+1","ats:Leaping Hammer+1","ats:Song Of Battle+1","ats:Leaping Hammer+1","ats:Flame Of Heaven+1"],"relics":["ats:Sanity","ice","NeowsBlessing","Ancient Tea Set","NlothsMask","ats:Originium","Boot","Sozu","Bag of Marbles","ats:Industrial Water Cannon","Astrolabe","Orichalcum","Darkstone Periapt","PreservedInsect","Bronze Scales","Whetstone"],"acts_visited":["Exordium","TheCity","TheBeyond","TheEnding"],"potions_floor_usage":[],"damage_taken":[{"damage":0,"enemies":"Jaw Worm","floor":1,"turns":1},{"damage":0,"enemies":"Cultist","floor":5,"turns":1},{"damage":0,"enemies":"Small Slimes","floor":7,"turns":1},{"damage":36,"enemies":"Lagavulin","floor":10,"turns":4},{"damage":15,"enemies":"Looter","floor":11,"turns":3},{"damage":67,"enemies":"The Guardian","floor":16,"turns":7},{"damage":4,"enemies":"Chosen","floor":18,"turns":3},{"damage":28,"enemies":"3 Byrds","floor":20,"turns":3},{"damage":8,"enemies":"Centurion and Healer","floor":21,"turns":3},{"damage":10,"enemies":"Cultist and Chosen","floor":22,"turns":4},{"damage":13,"enemies":"Shelled Parasite and Fungi","floor":24,"turns":3},{"damage":14,"enemies":"Snake Plant","floor":25,"turns":3},{"damage":11,"enemies":"Slavers","floor":30,"turns":3},{"damage":0,"enemies":"Snecko","floor":31,"turns":2},{"damage":14,"enemies":"Collector","floor":33,"turns":3},{"damage":12,"enemies":"3 Shapes","floor":35,"turns":1},{"damage":7,"enemies":"3 Darklings","floor":38,"turns":2},{"damage":7,"enemies":"Jaw Worm Horde","floor":39,"turns":2},{"damage":18,"enemies":"Reptomancer","floor":41,"turns":2},{"damage":63,"enemies":"Nemesis","floor":45,"turns":4},{"damage":5,"enemies":"Writhing Mass","floor":47,"turns":3},{"damage":9,"enemies":"Reptomancer","floor":48,"turns":2},{"damage":20,"enemies":"Donu and Deca","floor":50,"turns":3},{"damage":8,"enemies":"Shield and Spear","floor":54,"turns":2},{"damage":60,"enemies":"The Heart","floor":55,"turns":4}],"seed_played":"-643566769880546345","potions_obtained":[{"floor":5,"key":"ZuzhouPotion:ReiMu"},{"floor":7,"key":"Guardian:BlockOnCardUsePotion"},{"floor":10,"key":"DistilledChaos"}],"is_trial":false,"path_per_floor":["M","?","$","?","M","R","M","R","T","E","M","R","$","$","R","B",null,"M","$","M","M","M","R","M","M","T","R","$","R","E","M","R","B",null,"M","$","?","M","M","R","E","R","T","R","E","$","M","E","R","B",null,"R","$","E","B",null],"character_chosen":"DOCTOR_CLASS","items_purchased":["ats:Mental Burst","ats:Flame Of Heaven","Bag of Marbles","ats:Song Of Battle"],"campfire_rested":0,"item_purchase_floors":[3,14,19,46],"current_hp_per_floor":[72,65,65,65,65,65,65,65,65,29,14,14,14,14,14,18,82,78,78,50,42,32,32,19,110,110,110,110,110,99,99,99,85,116,104,104,104,97,90,90,72,72,72,72,9,9,135,135,135,143,143,143,143,139,150],"gold":148,"neow_bonus":"THREE_ENEMY_KILL","is_daily":false,"chose_seed":false,"campfire_upgraded":12,"win_rate":0.0,"timestamp":1610781087,"path_taken":["M","?","$","?","M","R","?","R","T","E","M","R","?","$","R","BOSS","M","$","M","M","M","R","M","M","T","R","$","R","E","M","R","BOSS","M","$","?","?","?","R","E","R","T","R","E","$","M","E","R","BOSS","R","$","E","BOSS"],"items_purchased_type":["Card","Card","Relic","Card"],"build_version":"2020-12-22","purchased_purges":3,"victory":true,"max_hp_per_floor":[72,72,72,72,72,72,72,72,72,72,72,72,72,72,72,82,82,84,84,100,101,104,104,108,110,110,110,110,110,113,113,113,116,116,120,120,120,121,123,123,125,125,125,125,132,132,135,135,135,143,143,143,143,145,308],"card_choices":[{"not_picked":["ats:Powerful Strike","ats:Revitalization"],"picked":"ats:Ignite","floor":1},{"not_picked":["ats:Wolf Pack","ats:Healing Strengthening","ats:Poison Spread"],"picked":"SKIP","floor":5},{"not_picked":["ats:Red Shift","ats:Apocalypse"],"picked":"ats:Ignite","floor":7},{"not_picked":["ats:Explosion Area Strengthen","ats:Curse Doll"],"picked":"ats:Ignite","floor":10},{"not_picked":["ats:Nebulous Foxfire","ats:Flexible Camouflage","ats:Healing Strengthening"],"picked":"SKIP","floor":11},{"not_picked":["ats:Rat Pack","ats:Wolf Pack"],"picked":"ats:Volcano","floor":16},{"not_picked":["ats:Composite Medical Shells+1","ats:LN2 Cannon+1"],"picked":"ats:Ignite","floor":18},{"not_picked":["ats:Revitalization","ats:Cat Scratch+1","ats:Explosion Area Strengthen"],"picked":"SKIP","floor":20},{"not_picked":["ats:Curse Doll","ats:Flexible Camouflage","ats:Shell Defense"],"picked":"SKIP","floor":21},{"not_picked":["ats:Curse Doll","ats:Explosion Area Strengthen","ats:Apocalypse"],"picked":"SKIP","floor":22},{"not_picked":["ats:Apocalypse","ats:Flexible Camouflage"],"picked":"ats:Support Order","floor":24},{"not_picked":["ats:Assault Order+1","ats:Composite Medical Shells"],"picked":"ats:Guardian Obelisk+1","floor":25},{"not_picked":["ats:Explosion Area Strengthen","ats:Directed Diagnosis","ats:Flexible Camouflage"],"picked":"SKIP","floor":30},{"not_picked":["ats:Automatic Cover","ats:Beaten Up+1"],"picked":"ats:Ignite","floor":31},{"not_picked":["ats:Disruption Kick","ats:True Silver Slash"],"picked":"ats:Durian","floor":33},{"not_picked":["ats:Defend Order","ats:Curse Doll+1"],"picked":"ats:Burning Ground","floor":35},{"not_picked":["ats:Curse Doll+1","ats:Shell Defense","ats:Soul Absorption+1"],"picked":"SKIP","floor":38},{"not_picked":["ats:Explosion Area Strengthen","ats:Curse Doll+1"],"picked":"ats:Leaping Hammer+1","floor":39},{"not_picked":["ats:Part Time Job+1","ats:Counter Healing Mode","ats:Demon Strength+1"],"picked":"SKIP","floor":41},{"not_picked":["ats:Rat Pack","ats:Red Shift+1","ats:Cat Scratch"],"picked":"SKIP","floor":45},{"not_picked":["ats:Healing Strengthening+1","ats:Flexible Camouflage","ats:Cat Scratch"],"picked":"SKIP","floor":47},{"not_picked":["ats:True Silver Slash","ats:Directed Diagnosis+1"],"picked":"ats:Leaping Hammer","floor":48},{"not_picked":["ats:Leaping Hammer","ats:Roar Of Ursus"],"picked":"ats:Flame Of Heaven+1","floor":54}],"player_experience":12187,"relics_obtained":[{"floor":10,"key":"ats:Originium"},{"floor":10,"key":"Boot"},{"floor":30,"key":"ats:Originium"},{"floor":30,"key":"ats:Industrial Water Cannon"},{"floor":41,"key":"ats:Originium"},{"floor":41,"key":"Orichalcum"},{"floor":43,"key":"Darkstone Periapt"},{"floor":45,"key":"PreservedInsect"},{"floor":48,"key":"Bronze Scales"},{"floor":54,"key":"Whetstone"}],"event_choices":[{"damage_healed":0,"gold_gain":0,"player_choice":"Success","damage_taken":7,"relics_obtained":["Ancient Tea Set"],"max_hp_gain":0,"max_hp_loss":0,"event_name":"Scrap Ooze","floor":2,"gold_loss":0},{"damage_healed":0,"gold_gain":0,"player_choice":"Trade","damage_taken":0,"relics_obtained":["NlothsMask"],"max_hp_gain":0,"max_hp_loss":0,"event_name":"FaceTrader","floor":4,"gold_loss":0},{"damage_healed":0,"gold_gain":0,"player_choice":"Upgraded","damage_taken":0,"max_hp_gain":0,"max_hp_loss":0,"event_name":"Upgrade Shrine","floor":37,"gold_loss":0,"cards_upgraded":["ats:Burning Ground"]}],"is_beta":false,"boss_relics":[{"not_picked":["Ectoplasm","Busted Crown"],"picked":"Sozu"},{"not_picked":["ats:Tactical Delivery","Runic Pyramid"],"picked":"Astrolabe"}],"items_purged_floors":[28,36,53],"is_endless":false,"potions_floor_spawned":[5,7,10,21,25,30,33,35,38,47],"ascension_level":0}}