{"host":"4g8vayc9pwrwu92h","time":1610791129,"event":{"mods":["Aspiration","BaseMod","Downfall","Marked Mod","Minty Spire (QoL Compilation)","Quick Restart","StSLib","The Jungle"],"gold_per_floor":[110,285,285,285,360,386,401,401,425,700,719,719,747,760,760,857,857,869,889,889,907,907,940,410,410,410],"floor_reached":25,"language":"ZHS","playtime":1283,"items_purged":["Shame"],"score":286,"play_id":"f87f26fc-0b23-4ad2-8670-50664e0f28a0","local_time":"20210116175849","is_ascension_mode":true,"campfire_choices":[{"floor":8,"key":"RECALL"},{"data":"Beam Cell","floor":12,"key":"SMITH"},{"floor":15,"key":"REST"}],"circlet_count":0,"master_deck":["Strike_B+1","Strike_B+1","Strike_B+1","Strike_B+1","Defend_B+1","Defend_B+1","Defend_B+1","Defend_B+1","Zap+1","Dualcast+1","Leap","Beam Cell+1","Doom and Gloom","Capacitor","Seek","Ball Lightning+1","Darkness","Consume","Defragment"],"relics":["Cracked Core","Black Star","Ice Cream","FossilizedHelix","White Beast Statue","Torii","InkBottle","Empty Cage","theJungle:PaperFaux","DataDisk","Happy Flower","MealTicket","Mummified Hand"],"acts_visited":["Exordium"],"potions_floor_usage":[13,14,16,16,18,19,21,23],"damage_taken":[{"damage":0,"enemies":"2 Louse","floor":1,"turns":2},{"damage":24,"enemies":"3 Sentries","floor":6,"turns":10},{"damage":0,"enemies":"Cultist","floor":7,"turns":3},{"damage":0,"enemies":"Small Slimes","floor":11,"turns":3},{"damage":22,"enemies":"Lagavulin","floor":13,"turns":5},{"damage":0,"enemies":"Exordium Wildlife","floor":14,"turns":3},{"damage":1,"enemies":"Slime Boss","floor":16,"turns":7},{"damage":10,"enemies":"theJungle:MUSHROOMGANG","floor":18,"turns":3},{"damage":3,"enemies":"theJungle:5_Spyders","floor":19,"turns":5},{"damage":1,"enemies":"theJungle:JungleHuntersEncounter","floor":21,"turns":4},{"damage":45,"enemies":"theJungle:2_Phrogs","floor":23,"turns":7},{"damage":28,"enemies":"theJungle:MamaSnecko","floor":25,"turns":6}],"seed_played":"8708856216369445888","potions_obtained":[{"floor":7,"key":"Strength Potion"},{"floor":11,"key":"champ:CounterPotion"},{"floor":13,"key":"Regen Potion"},{"floor":14,"key":"champ:CounterPotion"},{"floor":16,"key":"Strength Potion"},{"floor":18,"key":"SteroidPotion"},{"floor":19,"key":"DistilledChaos"},{"floor":21,"key":"Fire Potion"},{"floor":23,"key":"FairyPotion"}],"is_trial":false,"path_per_floor":["M","?","?","$","?","E","M","R","T","?","M","R","E","M","R","B",null,"M","M","?","M","?","E","$","E"],"character_chosen":"DEFECT","items_purchased":["MealTicket","Defragment","Mummified Hand"],"campfire_rested":1,"item_purchase_floors":[24,24,24],"current_hp_per_floor":[82,82,82,82,71,47,47,47,47,47,47,47,25,34,58,57,76,66,63,71,70,70,25,25,24,24],"gold":410,"neow_bonus":"TEN_PERCENT_HP_BONUS","is_daily":false,"chose_seed":false,"campfire_upgraded":1,"win_rate":0.0,"timestamp":1610791129,"path_taken":["M","?","?","$","?","E","M","R","T","?","M","R","E","M","R","BOSS","M","M","?","M","?","E","?","E"],"items_purchased_type":["Relic","Card","Relic"],"build_version":"2020-12-22","purchased_purges":1,"victory":false,"max_hp_per_floor":[82,82,82,82,82,82,82,82,82,82,82,82,82,82,82,82,82,82,82,82,82,82,82,82,82,82],"card_choices":[{"not_picked":["Rebound","Compile Driver","Lockon"],"picked":"SKIP","floor":1},{"not_picked":["Cold Snap","Sweeping Beam"],"picked":"Leap","floor":6},{"not_picked":["Recycle","Aggregate"],"picked":"Beam Cell","floor":7},{"not_picked":["Steam","Glacier","Reinforced Body"],"picked":"SKIP","floor":11},{"not_picked":["Heatsinks","Seek"],"picked":"Doom and Gloom","floor":13},{"not_picked":["Ball Lightning","Beam Cell"],"picked":"Capacitor","floor":14},{"not_picked":["Thunder Strike","Meteor Strike"],"picked":"Seek","floor":16},{"not_picked":["Scrape","Cold Snap"],"picked":"Ball Lightning+1","floor":18},{"not_picked":["Auto Shields","Chill+1"],"picked":"Darkness","floor":19},{"not_picked":["Gash","Rebound"],"picked":"Consume","floor":21},{"not_picked":["Hyperbeam","Reprogram+1","Steam"],"picked":"SKIP","floor":23}],"player_experience":428825,"relics_obtained":[{"floor":6,"key":"FossilizedHelix"},{"floor":6,"key":"White Beast Statue"},{"floor":13,"key":"Torii"},{"floor":13,"key":"InkBottle"},{"floor":23,"key":"DataDisk"},{"floor":23,"key":"Happy Flower"}],"event_choices":[{"damage_healed":0,"gold_gain":175,"player_choice":"AGREE","damage_taken":0,"max_hp_gain":0,"max_hp_loss":0,"event_name":"Liars Game","floor":2,"gold_loss":0,"cards_obtained":["Doubt"]},{"damage_healed":0,"gold_gain":0,"player_choice":"Leave","damage_taken":0,"max_hp_gain":0,"max_hp_loss":0,"event_name":"The Cleric","floor":3,"gold_loss":0},{"damage_healed":0,"gold_gain":75,"player_choice":"Gather Gold","damage_taken":11,"max_hp_gain":0,"max_hp_loss":0,"event_name":"World of Goop","floor":5,"gold_loss":0},{"damage_healed":0,"gold_gain":275,"player_choice":"Desecrate","damage_taken":0,"max_hp_gain":0,"max_hp_loss":0,"event_name":"Golden Shrine","floor":10,"gold_loss":0,"cards_obtained":["Regret"]}],"is_beta":false,"boss_relics":[{"not_picked":["Cursed Key","aspiration:SilentSkillbook"],"picked":"Empty Cage"}],"items_purged_floors":[24],"is_endless":false,"potions_floor_spawned":[7,11,13,14,16,18,19,21,23],"killed_by":"theJungle:MamaSnecko","ascension_level":5}}