{"host":"bpjv6cqpnmybtr57","time":1610761527,"event":{"mods":["BaseMod","Bestiary","Minty Spire (QoL Compilation)","Relic Stats"],"gold_per_floor":[115,128,145,145,164,189,209,209,280,280,37,65,65,9,9,82,82,96,96,146,62,74,74,101,101,101,101,101,101],"floor_reached":28,"language":"ENG","playtime":2810,"items_purged":[],"score":476,"play_id":"7feb945f-bb81-4d0c-b41c-8d90276e170f","local_time":"20210115174527","is_ascension_mode":true,"campfire_choices":[{"floor":8,"key":"REST"},{"data":"Poisoned Stab","floor":10,"key":"SMITH"},{"data":"Deadly Poison","floor":15,"key":"SMITH"},{"data":"Adrenaline","floor":23,"key":"SMITH"},{"floor":27,"key":"REST"}],"circlet_count":0,"master_deck":["AscendersBane","Strike_G","Defend_G","Defend_G","Defend_G","Defend_G","Survivor","Neutralize","All Out Attack","Poisoned Stab+1","Deadly Poison+1","Dagger Throw","Crippling Poison","Adrenaline+1","Deflect+1","Poisoned Stab+1","Predator+1","RitualDagger","Calculated Gamble","Night Terror"],"relics":["Ring of the Snake","NeowsBlessing","Oddly Smooth Stone","Singing Bowl","Sling","Peace Pipe","Astrolabe","Pen Nib","Calipers"],"acts_visited":["Exordium","TheCity"],"potions_floor_usage":[6,12,16,18,24],"damage_taken":[{"damage":0,"enemies":"2 Louse","floor":1,"turns":1},{"damage":0,"enemies":"Cultist","floor":2,"turns":1},{"damage":0,"enemies":"Jaw Worm","floor":3,"turns":1},{"damage":4,"enemies":"2 Fungi Beasts","floor":5,"turns":3},{"damage":32,"enemies":"3 Sentries","floor":6,"turns":10},{"damage":7,"enemies":"3 Louse","floor":7,"turns":3},{"damage":16,"enemies":"Lagavulin","floor":12,"turns":6},{"damage":21,"enemies":"Hexaghost","floor":16,"turns":8},{"damage":16,"enemies":"3 Byrds","floor":18,"turns":5},{"damage":8,"enemies":"Spheric Guardian","floor":22,"turns":5},{"damage":43,"enemies":"Gremlin Leader","floor":24,"turns":7},{"damage":24,"enemies":"Book of Stabbing","floor":28,"turns":3}],"seed_played":"850692751556418662","potions_obtained":[{"floor":3,"key":"LiquidBronze"},{"floor":5,"key":"SpeedPotion"},{"floor":6,"key":"SmokeBomb"},{"floor":24,"key":"SteroidPotion"}],"is_trial":false,"path_per_floor":["M","M","M","?","M","E","M","R","T","R","$","E","?","$","R","B",null,"M","?","?","$","M","R","E","?","T","R","E"],"character_chosen":"THE_SILENT","items_purchased":["Sling","EssenceOfSteel","FearPotion","Regen Potion"],"campfire_rested":2,"item_purchase_floors":[11,11,14,21],"current_hp_per_floor":[59,59,59,59,55,23,16,35,35,35,35,21,43,43,43,22,57,43,37,37,37,31,31,3,3,3,24,0,0],"gold":101,"neow_bonus":"THREE_ENEMY_KILL","is_daily":false,"chose_seed":false,"campfire_upgraded":3,"win_rate":0.0,"timestamp":1610761527,"path_taken":["M","M","M","?","M","E","M","R","T","R","?","E","?","$","R","BOSS","M","?","?","$","?","R","E","?","T","R","E"],"items_purchased_type":["Relic","Potion","Potion","Potion"],"build_version":"2020-12-22","purchased_purges":0,"victory":false,"max_hp_per_floor":[66,66,66,66,66,66,66,66,66,66,66,68,68,68,68,68,68,70,70,70,70,72,72,72,72,72,72,72,72],"relic_stats":{"Peace Pipe":0,"Singing Bowl":6,"counters":[12,53],"Astrolabe":["Deflect","Poisoned Stab","Predator"],"Pen Nib":[0],"obtain_stats":[{"Peace Pipe":12,"Calipers":26,"NeowsBlessing":0,"Singing Bowl":9,"Astrolabe":17,"Oddly Smooth Stone":6,"Pen Nib":24,"Sling":11,"Ring of the Snake":0},{"Peace Pipe":7,"Calipers":11,"NeowsBlessing":0,"Singing Bowl":6,"Astrolabe":8,"Oddly Smooth Stone":5,"Pen Nib":11,"Sling":6,"Ring of the Snake":0},{"Peace Pipe":25,"Calipers":50,"NeowsBlessing":0,"Singing Bowl":19,"Astrolabe":33,"Oddly Smooth Stone":16,"Pen Nib":50,"Sling":19,"Ring of the Snake":0}],"Ring of the Snake":[24]},"card_choices":[{"not_picked":["Quick Slash","Predator"],"picked":"All Out Attack","floor":1},{"not_picked":["Dodge and Roll","Deflect"],"picked":"Poisoned Stab","floor":2},{"not_picked":["Well Laid Plans","Flying Knee"],"picked":"Deadly Poison","floor":3},{"not_picked":["Outmaneuver","Sucker Punch"],"picked":"Dagger Throw","floor":5},{"not_picked":["PiercingWail","Skewer"],"picked":"Crippling Poison","floor":6},{"not_picked":["Blade Dance","Acrobatics","Flying Knee"],"picked":"SKIP","floor":7},{"not_picked":["Quick Slash","Slice","Deadly Poison"],"picked":"Singing Bowl","floor":12},{"not_picked":["Phantasmal Killer","Venomology"],"picked":"Adrenaline","floor":16},{"not_picked":["Infinite Blades","Flechettes","Quick Slash"],"picked":"Singing Bowl","floor":18},{"not_picked":["Blade Dance","Dash","Sucker Punch"],"picked":"Singing Bowl","floor":22},{"not_picked":["Outmaneuver","Bane"],"picked":"Calculated Gamble","floor":24}],"player_experience":66858,"relics_obtained":[{"floor":6,"key":"Oddly Smooth Stone"},{"floor":9,"key":"Singing Bowl"},{"floor":12,"key":"Peace Pipe"},{"floor":24,"key":"Pen Nib"},{"floor":26,"key":"Calipers"}],"event_choices":[{"cards_removed":["Strike_G"],"damage_healed":0,"gold_gain":0,"player_choice":"Offered Basic","damage_taken":0,"max_hp_gain":0,"max_hp_loss":0,"event_name":"Bonfire Elementals","floor":4,"gold_loss":0},{"damage_healed":22,"gold_gain":0,"player_choice":"Banana","damage_taken":0,"max_hp_gain":0,"max_hp_loss":0,"event_name":"Big Fish","floor":13,"gold_loss":0},{"damage_healed":0,"gold_gain":0,"player_choice":"Joined the Cult","damage_taken":6,"max_hp_gain":0,"max_hp_loss":0,"event_name":"Nest","floor":19,"gold_loss":0,"cards_obtained":["RitualDagger"]},{"damage_healed":0,"gold_gain":50,"player_choice":"Pray","damage_taken":0,"max_hp_gain":0,"max_hp_loss":0,"event_name":"Golden Shrine","floor":20,"gold_loss":0},{"damage_healed":0,"gold_gain":0,"cards_transformed":["Strike_G"],"player_choice":"Transformed","damage_taken":0,"max_hp_gain":0,"max_hp_loss":0,"event_name":"Transmorgrifier","floor":25,"gold_loss":0,"cards_obtained":["Night Terror"]}],"is_beta":false,"boss_relics":[{"not_picked":["Cursed Key","Philosopher\u0027s Stone"],"picked":"Astrolabe"}],"items_purged_floors":[],"is_endless":false,"potions_floor_spawned":[3,5,6,24],"killed_by":"Book of Stabbing","ascension_level":19}}