{"host":"ju66gn9zov5ov15o","time":1610818489,"event":{"mods":["2.2 Compatiblity","Act Like it!","Arknights The Spire","Aspiration","BaseMod","Downfall","GifTheSpireLib","Lobotomy","LobotomyExtend","Marisa????????","Minty Spire (QoL Compilation)","Pale of the Ancients","Rare Cards Sparkle","Relic Stats","StSLib","The Alterego","The Animator"],"gold_per_floor":[119,44,119,44,44,79,79,95,95,95,95,122,18,36,36,133,133,153,153,78,97,48,48,58,58,58,58,74,74,74,74],"floor_reached":30,"language":"ENG","playtime":1552,"items_purged":["alterego_mod:Defend"],"score":234,"play_id":"0b281e49-56e1-4e0a-9561-dbf991fb35b8","local_time":"20210116183449","is_ascension_mode":false,"campfire_choices":[{"data":"alterego_mod:BrynhildrsRune","floor":7,"key":"SMITH"},{"floor":11,"key":"REST"},{"data":"alterego_mod:TrashNCrash","floor":15,"key":"SMITH"},{"floor":23,"key":"RECALL"},{"floor":25,"key":"REST"},{"floor":27,"key":"REST"}],"circlet_count":0,"master_deck":["alterego_mod:Impale","alterego_mod:BrynhildrsRune+1","alterego_mod:Pet","alterego_mod:1TonWallop","alterego_mod:Mirror","alterego_mod:MaintainEyeContact","alterego_mod:IndependentAction","alterego_mod:DestructionOfProperty","alterego_mod:Stockings","alterego_mod:TrashNCrash+1","alterego_mod:IdEs","alterego_mod:BiFurious","alterego_mod:Schoolgirl","alterego_mod:BiFurious","alterego_mod:Undulate","alterego_mod:Weigh","alterego_mod:Santa"],"relics":["alterego_mod:MasochisticConstitution","aspiration:DSix","LetterFromLob","Vajra","aspiration:HummingbirdHeart","aspiration:PoetsPen_weak","Tiny Chest"],"acts_visited":["Exordium","TheCity"],"potions_floor_usage":[16,24,28],"damage_taken":[{"damage":9,"enemies":"Cultist","floor":1,"turns":5},{"damage":31,"enemies":"Lagavulin","floor":6,"turns":8},{"damage":8,"enemies":"Small Slimes","floor":8,"turns":4},{"damage":30,"enemies":"Gremlin Nob","floor":12,"turns":5},{"damage":0,"enemies":"2 Louse","floor":14,"turns":5},{"damage":16,"enemies":"Slime Boss","floor":16,"turns":9},{"damage":36,"enemies":"Spheric Guardian","floor":18,"turns":5},{"damage":4,"enemies":"3 Byrds","floor":21,"turns":3},{"damage":60,"enemies":"Cultist and Chosen","floor":24,"turns":7},{"damage":55,"enemies":"3 Cultists","floor":28,"turns":6},{"damage":19,"enemies":"Snake Plant","floor":30,"turns":4}],"seed_played":"897462154657316434","potions_obtained":[{"floor":14,"key":"Explosive Potion"},{"floor":18,"key":"PowerPotion"},{"floor":21,"key":"Regen Potion"}],"is_trial":false,"path_per_floor":["M","$","?","$","?","E","R","M","T","E","R","E","$","M","R","B",null,"M","?","?","M","$","R","M","R","T","R","M","?","M"],"character_chosen":"The_Alterego","items_purchased":["alterego_mod:1TonWallop","alterego_mod:Mirror","alterego_mod:DestructionOfProperty","alterego_mod:Stockings","alterego_mod:Undulate"],"campfire_rested":3,"item_purchase_floors":[4,4,13,13,22],"current_hp_per_floor":[69,69,58,58,71,41,41,41,41,41,62,40,40,54,54,39,75,47,47,47,65,65,65,6,29,29,52,13,13,0,0],"gold":74,"neow_bonus":"DSIX","is_daily":false,"chose_seed":false,"campfire_upgraded":2,"win_rate":0.0,"timestamp":1610818489,"path_taken":["M","?","?","$","?","E","R","M","T","E","R","E","$","M","R","BOSS","M","?","?","M","?","R","M","R","T","R","M","?","M"],"items_purchased_type":["Card","Card","Card","Card","Card"],"build_version":"2020-12-22","purchased_purges":1,"victory":false,"max_hp_per_floor":[71,71,71,71,71,72,72,73,73,73,73,74,74,74,74,75,75,76,76,76,77,77,77,78,78,78,78,79,79,79,79],"relic_stats":{"counters":[11,61],"Tiny Chest":0,"obtain_stats":[{"alterego_mod:MasochisticConstitution":0,"Vajra":6,"Tiny Chest":26,"aspiration:PoetsPen_weak":17,"LetterFromLob":1,"aspiration:HummingbirdHeart":12,"aspiration:DSix":0},{"alterego_mod:MasochisticConstitution":0,"Vajra":2,"Tiny Chest":9,"aspiration:PoetsPen_weak":6,"LetterFromLob":1,"aspiration:HummingbirdHeart":4,"aspiration:DSix":0},{"alterego_mod:MasochisticConstitution":0,"Vajra":13,"Tiny Chest":51,"aspiration:PoetsPen_weak":36,"LetterFromLob":5,"aspiration:HummingbirdHeart":22,"aspiration:DSix":0}]},"card_choices":[{"not_picked":["alterego_mod:Birthday","alterego_mod:Valentines"],"picked":"alterego_mod:Pet","floor":1},{"not_picked":["alterego_mod:DeftHands","alterego_mod:1TonWallop"],"picked":"alterego_mod:Mirror","floor":6},{"not_picked":["alterego_mod:Undulate","alterego_mod:DiscoLights"],"picked":"alterego_mod:MaintainEyeContact","floor":8},{"not_picked":["alterego_mod:Schoolgirl","alterego_mod:Stockings"],"picked":"alterego_mod:IndependentAction","floor":12},{"not_picked":["alterego_mod:BreastValley","alterego_mod:SakuraPetals"],"picked":"alterego_mod:TrashNCrash","floor":14},{"not_picked":["alterego_mod:STier","alterego_mod:Valkyrie"],"picked":"alterego_mod:IdEs","floor":16},{"not_picked":["alterego_mod:Complex","alterego_mod:BreastValley"],"picked":"alterego_mod:BiFurious","floor":18},{"not_picked":["alterego_mod:HighServant","alterego_mod:Skirt","alterego_mod:Pet"],"picked":"SKIP","floor":21},{"not_picked":["alterego_mod:Skirt","alterego_mod:Pet"],"picked":"alterego_mod:Weigh","floor":24},{"not_picked":["alterego_mod:Maid","alterego_mod:Complex"],"picked":"alterego_mod:Santa","floor":28}],"player_experience":452958,"relics_obtained":[{"floor":1,"key":"LetterFromLob"},{"floor":6,"key":"Vajra"},{"floor":12,"key":"aspiration:HummingbirdHeart"},{"floor":26,"key":"Tiny Chest"}],"event_choices":[{"damage_healed":0,"gold_gain":75,"player_choice":"Gather Gold","damage_taken":11,"max_hp_gain":0,"max_hp_loss":0,"event_name":"World of Goop","floor":3,"gold_loss":0},{"damage_healed":0,"gold_gain":0,"cards_transformed":["alterego_mod:Strike","alterego_mod:Strike"],"player_choice":"Became Test Subject","damage_taken":0,"max_hp_gain":0,"max_hp_loss":0,"event_name":"Drug Dealer","floor":19,"gold_loss":0,"cards_obtained":["alterego_mod:Schoolgirl","alterego_mod:BiFurious"]},{"cards_removed":["alterego_mod:Strike"],"damage_healed":0,"gold_gain":0,"player_choice":"Gave Gold","damage_taken":0,"max_hp_gain":0,"max_hp_loss":0,"event_name":"Beggar","floor":20,"gold_loss":75},{"damage_healed":0,"gold_gain":0,"player_choice":"Ignored","damage_taken":0,"max_hp_gain":0,"max_hp_loss":0,"event_name":"Ghosts","floor":29,"gold_loss":0}],"is_beta":false,"boss_relics":[{"not_picked":["Runic Pyramid","aspiration:RitualDagger"],"picked":"aspiration:PoetsPen_weak"}],"items_purged_floors":[2],"is_endless":false,"potions_floor_spawned":[14,18,21],"killed_by":"Snake Plant","ascension_level":0}}