{"host":"af169rg9htfjqco3","time":1610769980,"event":{"mods":["BaseMod","Better Third Choice","Colored Powertips","Hubris","Minty Spire (QoL Compilation)","Replay The Spire","StSLib"],"gold_per_floor":[366,366,366,29,43,76,76,101,101,135,12,12,12,99,99,194,194,214,214,21,32,52,52,64,64,117,117,117,146,61,61,61,157,157,171,171,221,171,171,171,190,190,190,140,169,18,50,70,70,70],"floor_reached":51,"language":"ENG","playtime":3386,"items_purged":["Defend_G","Defend_G","Catalyst","Strike_G","Defend_G","Predator"],"score":847,"play_id":"073d4419-35cf-4731-b3ff-2793aa323a5f","local_time":"20210115220620","is_ascension_mode":true,"campfire_choices":[{"data":"Infinite Blades","floor":7.0,"key":"SMITH"},{"floor":12.0,"key":"REST"},{"floor":13.0,"key":"REST"},{"data":"Hidden Blade","floor":15.0,"key":"SMITH"},{"floor":23.0,"key":"REST"},{"data":"hubris:Sniper","floor":25.0,"key":"SMITH"},{"data":"ReplayTheSpireMod:Scrap Shanks","floor":32.0,"key":"SMITH"},{"data":"m_Survivalism","floor":40,"key":"PURGE"},{"data":"Defend_G","floor":42,"key":"PURGE"},{"floor":49,"key":"REST"}],"circlet_count":1,"master_deck":["Strike_G+1","Defend_G","Survivor+1","Neutralize","Flying Knee+1","Infinite Blades+1","Reflex","Escape Plan","Hidden Blade+1","Unload","Backflip","Adrenaline","Finisher+1","hubris:SlightOfHand+1","Infinite Blades","Reflex+1","Blade Dance+1","hubris:Sniper+1","ReplayTheSpireMod:Scrap Shanks+1","Unload+1","ReplayTheSpireMod:The Works+1","Cloak And Dagger"],"relics":["Ring of the Snake","Ring of Panic","Matryoshka","Replay:Mystery Machine","Gremlin Food","Eternal Feather","WingedGreaves","Circlet","Orichalcum","Question Card","Empty Cage","Juzu Bracelet","Smiling Mask","Dream Catcher","Nilry\u0027s Codex","Snecko Scales","Peace Pipe","Golden Egg","Strawberry","Replay:Bottled Steam"],"acts_visited":["Exordium","TheCity","TheBeyond"],"potions_floor_usage":[37,46,50,50],"damage_taken":[{"damage":0.0,"enemies":"Small Slimes","floor":1.0,"turns":4.0},{"damage":0.0,"enemies":"2 Louse","floor":5.0,"turns":3.0},{"damage":4.0,"enemies":"3 Sentries","floor":6.0,"turns":7.0},{"damage":15.0,"enemies":"Lagavulin","floor":8.0,"turns":7.0},{"damage":16.0,"enemies":"Replay:BlueRogue","floor":10.0,"turns":8.0},{"damage":28.0,"enemies":"Fading Forest","floor":16.0,"turns":11.0},{"damage":26.0,"enemies":"3 Byrds","floor":18.0,"turns":7.0},{"damage":0.0,"enemies":"Shell Parasite","floor":21.0,"turns":3.0},{"damage":26.0,"enemies":"Sentry and Sphere","floor":22.0,"turns":6.0},{"damage":27.0,"enemies":"Cultist and Chosen","floor":24.0,"turns":5.0},{"damage":0.0,"enemies":"Gremlin Leader","floor":29.0,"turns":6.0},{"damage":16.0,"enemies":"hubris:MusketHawk","floor":33.0,"turns":4.0},{"damage":3.0,"enemies":"3 Shapes","floor":35.0,"turns":2.0},{"damage":30,"enemies":"Mind Bloom Boss Battle","floor":37,"turns":3},{"damage":0,"enemies":"3 Darklings","floor":41,"turns":2},{"damage":19,"enemies":"Reptomancer","floor":45,"turns":3},{"damage":24,"enemies":"Nemesis","floor":47,"turns":4},{"damage":0,"enemies":"Transient","floor":48,"turns":5},{"damage":61,"enemies":"Awakened One","floor":50,"turns":6}],"seed_played":"6292326870195353151","potions_obtained":[{"floor":5.0,"key":"Adrenaline Potion"},{"floor":8.0,"key":"Explosive Potion"},{"floor":14.0,"key":"Explosive Potion"},{"floor":14.0,"key":"GamblersBrew"},{"floor":22.0,"key":"FearPotion"},{"floor":35.0,"key":"SteroidPotion"},{"floor":47,"key":"PowerPotion"},{"floor":48,"key":"SkillPotion"}],"is_trial":false,"path_per_floor":["M","?","?","$","M","E","R","E","T","E","$","R","R","?","R","B",null,"M","?","$","M","M","R","M","R","T","$","?","E","?","?","R","B",null,"M","?","?","$","?","R","M","R","T","$","E","$","E","M","R","B",null],"character_chosen":"THE_SILENT","items_purchased":["Matryoshka","Hidden Blade","Infinite Blades","Fruit Juice"],"campfire_rested":4,"item_purchase_floors":[4,11,20,46],"current_hp_per_floor":[70,70,63,63,63,59,59,44,44,28,28,58,70,42,54,41,70,44,44,44,44,18,51,38,50,50,50,50,65,65,49,61,57,70,67,67,37,37,37,52,52,64,64,64,52,57,33,33,68,7],"gold":70,"neow_bonus":"TWO_FIFTY_GOLD","is_daily":false,"chose_seed":false,"campfire_upgraded":4,"win_rate":0.0,"timestamp":1610769980,"path_taken":["M","?","?","$","M","E","R","E","T","E","$","R","R","?","R","BOSS","M","?","$","M","M","R","M","R","T","$","?","E","?","?","R","BOSS","M","?","?","?","?","R","M","R","T","$","E","$","E","M","R","BOSS"],"items_purchased_type":["Relic","Card","Card","Potion"],"build_version":"2020-12-22","purchased_purges":6,"victory":true,"max_hp_per_floor":[70,70,70,70,70,70,70,70,70,70,70,70,70,70,70,70,70,70,70,70,70,70,70,70,70,70,70,70,70,70,70,70,70,70,70,70,70,70,66,66,66,66,66,66,73,78,78,78,78,78],"card_choices":[{"not_picked":["Catalyst","Poisoned Stab"],"picked":"Flying Knee","floor":1.0},{"not_picked":["Acrobatics","Sneak Up"],"picked":"Predator","floor":5.0},{"not_picked":["Draining Mist","Dagger Throw"],"picked":"Infinite Blades","floor":6.0},{"not_picked":["Dagger Spray","Endless Agony"],"picked":"Reflex","floor":8.0},{"not_picked":["Dash","Quick Slash"],"picked":"Escape Plan","floor":10.0},{"not_picked":["Flechettes","hubris:SlightOfHand"],"picked":"Unload","floor":14.0},{"not_picked":["hubris:SlightOfHand","Terror"],"picked":"Backflip","floor":14.0},{"not_picked":["Malaise","ReplayTheSpireMod:From All Sides","Glass Knife"],"picked":"Adrenaline","floor":16.0},{"not_picked":["Eviscerate","Blur","Poisoned Stab"],"picked":"Finisher+1","floor":18.0},{"not_picked":["Poisoned Stab","Flechettes","Outmaneuver"],"picked":"Reflex+1","floor":21.0},{"not_picked":["Quick Slash","Flying Knee","Cloak And Dagger+1"],"picked":"Blade Dance+1","floor":22.0},{"not_picked":["Slice","Dagger Throw+1","Deadly Poison"],"picked":"hubris:Sniper","floor":24.0},{"not_picked":["Poison Darts","Flying Knee","Slice","Quick Slash"],"picked":"SKIP","floor":29.0},{"not_picked":["After Image","Venomology","Replay:Bag of Tricks"],"picked":"Unload","floor":33.0},{"not_picked":["hubris:TrickCloak+1","PiercingWail","Heel Hook","Caltrops+1"],"picked":"SKIP","floor":35.0},{"not_picked":["Quick Slash+1","hubris:SlightOfHand","Eviscerate"],"picked":"ReplayTheSpireMod:The Works+1","floor":37},{"not_picked":["Dagger Throw+1","Acrobatics+1","Blade Dance","ReplayTheSpireMod:Tripwire"],"picked":"SKIP","floor":41},{"not_picked":["Quick Slash+1","Noxious Fumes","Night Terror","Blade Dance"],"picked":"SKIP","floor":45},{"not_picked":["Unload","Tools of the Trade","Choke","Sneak Up+1"],"picked":"SKIP","floor":47},{"not_picked":["Sucker Punch+1","Slice","Outmaneuver+1"],"picked":"Cloak And Dagger","floor":48}],"player_experience":551672,"relics_obtained":[{"floor":2.0,"key":"Ring of Panic"},{"floor":6.0,"key":"Replay:Mystery Machine"},{"floor":8.0,"key":"Gremlin Food"},{"floor":9.0,"key":"Eternal Feather"},{"floor":9.0,"key":"WingedGreaves"},{"floor":10.0,"key":"Dead Branch"},{"floor":14.0,"key":"Orichalcum"},{"floor":14.0,"key":"Question Card"},{"floor":26.0,"key":"Juzu Bracelet"},{"floor":29.0,"key":"Smiling Mask"},{"floor":31.0,"key":"Nilry\u0027s Codex"},{"floor":37,"key":"Peace Pipe"},{"floor":43,"key":"Golden Egg"},{"floor":45,"key":"Strawberry"},{"floor":47,"key":"Replay:Bottled Steam"}],"event_choices":[{"cards_removed":["Normality"],"damage_healed":0.0,"max_hp_gain":0.0,"max_hp_loss":0.0,"gold_gain":0.0,"event_name":"Golden Wing","player_choice":"Card Removal","floor":3.0,"gold_loss":0.0,"damage_taken":7.0},{"damage_healed":0.0,"max_hp_gain":0.0,"max_hp_loss":0.0,"gold_gain":0.0,"cards_transformed":["Defend_G","Strike_G"],"event_name":"Drug Dealer","player_choice":"Became Test Subject","floor":19.0,"gold_loss":0.0,"damage_taken":0.0,"cards_obtained":["Catalyst","hubris:SlightOfHand"]},{"damage_healed":0.0,"max_hp_gain":0.0,"max_hp_loss":0.0,"gold_gain":0.0,"event_name":"The Library","player_choice":"Read","floor":28.0,"gold_loss":0.0,"damage_taken":0.0,"cards_obtained":["ReplayTheSpireMod:Scrap Shanks"]},{"damage_healed":0.0,"max_hp_gain":0.0,"max_hp_loss":0.0,"gold_gain":0.0,"event_name":"Addict","player_choice":"Obtained Relic","floor":30.0,"gold_loss":85.0,"damage_taken":0.0,"relics_obtained":["Dream Catcher"]},{"damage_healed":0.0,"max_hp_gain":0.0,"max_hp_loss":0.0,"gold_gain":0.0,"event_name":"Cursed Tome","player_choice":"Obtained Book","floor":31.0,"gold_loss":0.0,"damage_taken":16.0},{"damage_healed":0,"gold_gain":0,"player_choice":"Fight","damage_taken":0,"max_hp_gain":0,"max_hp_loss":0,"event_name":"MindBloom","floor":37,"gold_loss":0},{"damage_healed":0,"gold_gain":0,"player_choice":"Max HP","damage_taken":0,"max_hp_gain":0,"max_hp_loss":4,"event_name":"Winding Halls","floor":39,"gold_loss":0}],"is_beta":false,"boss_relics":[{"not_picked":["Painkiller Herb","Busted Crown"],"picked":"Empty Cage"},{"not_picked":["Replay:Ancient Bell","Replay:Wanted Poster"],"picked":"Snecko Scales"}],"items_purged_floors":[4,11,20,38,44,46],"is_endless":false,"potions_floor_spawned":[5,8,22,35,47,48],"ascension_level":1}}