{"host":"1a3cjta80tad0aqj","time":1610803638,"event":{"mods":["2.2 Compatiblity","AchievementEnabler","BaseMod","Colored Map","DeckTracker","KOR Keyword Fix","Keyboard Shortcuts","Minty Spire (QoL Compilation)","Permanent Neow","Quick Restart","Random Character Button","StSLib","SuperFastMode","everything is the same but u backflip on backflip"],"gold_per_floor":[216,236,254,179,179,212,212,237,289,40,40,70,82,124,136,249,261,292,304,316,339,351,393,1,26,26,26,36,67,87,87,87,185,185,199,26,37,53,53,53,79,79,103,103,117,143,159,159,159,159,159,159,4,31,31,31],"floor_reached":55,"language":"KOR","playtime":2645,"items_purged":["Strike_B","Defend_B","Defend_B"],"score":898,"play_id":"4a151917-c65f-4836-aacb-d61f183277d9","local_time":"20210116222718","is_ascension_mode":true,"campfire_choices":[{"floor":7.0,"key":"REST"},{"floor":11.0,"key":"REST"},{"floor":13.0,"key":"REST"},{"floor":15.0,"key":"REST"},{"floor":27.0,"key":"REST"},{"floor":32.0,"key":"REST"},{"floor":40.0,"key":"RECALL"},{"floor":42.0,"key":"REST"},{"data":"Buffer","floor":44.0,"key":"SMITH"},{"floor":49.0,"key":"REST"},{"data":"Sunder","floor":52.0,"key":"SMITH"}],"circlet_count":0,"master_deck":["Strike_B","Strike_B","Defend_B","Defend_B","Zap+1","Dualcast","Sunder+1","Coolheaded","Conserve Battery+1","Barrage","Stack","Electrodynamics","Echo Form","Necronomicurse","Self Repair","Loop+1","Static Discharge+1","Lockon","White Noise","Buffer+1","Ball Lightning+1","Madness","Madness","Stack+1","Turbo","Bandage Up","Lockon+1"],"relics":["Cracked Core","Singing Bowl","Art of War","Lantern","MawBank","Regal Pillow","Black Star","Necronomicon","Nloth\u0027s Gift","Mummified Hand","Sundial","Runic Capacitor","PreservedInsect","DataDisk","Du-Vu Doll","Incense Burner","Ancient Tea Set","Busted Crown","Pocketwatch","Dream Catcher","Potion Belt","Torii","Vajra","TheAbacus","Bag of Marbles","Ginger"],"acts_visited":["Exordium","TheCity","TheBeyond","TheEnding"],"potions_floor_usage":[],"damage_taken":[{"damage":12.0,"enemies":"2 Louse","floor":1.0,"turns":3.0},{"damage":5.0,"enemies":"Small Slimes","floor":2.0,"turns":3.0},{"damage":0.0,"enemies":"Cultist","floor":3.0,"turns":3.0},{"damage":39.0,"enemies":"Gremlin Nob","floor":6.0,"turns":6.0},{"damage":33.0,"enemies":"3 Sentries","floor":8.0,"turns":8.0},{"damage":30.0,"enemies":"Gremlin Nob","floor":12.0,"turns":4.0},{"damage":11.0,"enemies":"Lagavulin","floor":14.0,"turns":7.0},{"damage":40.0,"enemies":"Hexaghost","floor":16.0,"turns":11.0},{"damage":13.0,"enemies":"3 Byrds","floor":18.0,"turns":4.0},{"damage":3.0,"enemies":"Spheric Guardian","floor":21.0,"turns":3.0},{"damage":44.0,"enemies":"Slavers","floor":23.0,"turns":4.0},{"damage":0.0,"enemies":"Gremlin Leader","floor":25.0,"turns":2.0},{"damage":8.0,"enemies":"Snecko","floor":28.0,"turns":4.0},{"damage":14.0,"enemies":"Book of Stabbing","floor":29.0,"turns":3.0},{"damage":25.0,"enemies":"Sentry and Sphere","floor":30.0,"turns":4.0},{"damage":24.0,"enemies":"Champ","floor":33.0,"turns":6.0},{"damage":0.0,"enemies":"Orb Walker","floor":35.0,"turns":3.0},{"damage":13.0,"enemies":"3 Darklings","floor":37.0,"turns":4.0},{"damage":22.0,"enemies":"Writhing Mass","floor":38.0,"turns":4.0},{"damage":27.0,"enemies":"Giant Head","floor":41.0,"turns":7.0},{"damage":0.0,"enemies":"4 Shapes","floor":45.0,"turns":4.0},{"damage":32.0,"enemies":"Reptomancer","floor":46.0,"turns":6.0},{"damage":21.0,"enemies":"3 Darklings","floor":47.0,"turns":3.0},{"damage":68.0,"enemies":"Awakened One","floor":50.0,"turns":9.0},{"damage":24.0,"enemies":"Shield and Spear","floor":54.0,"turns":3.0},{"damage":78,"enemies":"The Heart","floor":55,"turns":5}],"seed_played":"-320686064081918137","potions_obtained":[{"floor":1.0,"key":"Strength Potion"},{"floor":6.0,"key":"Fruit Juice"},{"floor":8.0,"key":"AttackPotion"},{"floor":12.0,"key":"FocusPotion"},{"floor":16.0,"key":"Ancient Potion"},{"floor":18.0,"key":"Regen Potion"},{"floor":21.0,"key":"Regen Potion"},{"floor":30.0,"key":"CultistPotion"},{"floor":37.0,"key":"Swift Potion"},{"floor":46.0,"key":"LiquidBronze"},{"floor":47.0,"key":"Block Potion"},{"floor":54.0,"key":"SmokeBomb"}],"is_trial":false,"path_per_floor":["M","M","M","$","?","E","R","E","T","$","R","E","R","E","R","B",null,"M","?","?","M","?","E","$","E","T","R","M","E","M","?","R","B",null,"M","$","M","M","?","R","E","R","T","R","M","E","M","?","R","B",null,"R","$","E","B"],"character_chosen":"DEFECT","items_purchased":["War Paint","Runic Capacitor","PreservedInsect","EntropicBrew","ColorlessPotion","TheAbacus"],"campfire_rested":8,"item_purchase_floors":[10,24,24,24,36,53],"current_hp_per_floor":[63,58,58,58,58,26,50,17,17,17,41,11,35,24,63,23,82,71,55,55,52,52,29,29,41,41,81,80,66,41,41,81,64,86,88,88,88,75,64,64,46,90,90,90,90,67,53,53,96,39,96,96,96,74,0,0],"gold":31,"neow_bonus":"HUNDRED_GOLD","is_daily":false,"chose_seed":false,"campfire_upgraded":2,"win_rate":0.0,"timestamp":1610803638,"path_taken":["M","M","M","$","?","E","R","E","T","$","R","E","R","E","R","BOSS","M","?","?","?","?","E","$","E","T","R","M","E","M","?","R","BOSS","M","$","M","M","?","R","E","R","T","R","M","E","M","?","R","BOSS","R","$","E","BOSS"],"items_purchased_type":["Relic","Relic","Relic","Potion","Potion","Relic"],"build_version":"2020-12-22","purchased_purges":3,"victory":false,"max_hp_per_floor":[75,75,75,75,75,82,82,82,82,82,82,82,82,82,82,82,82,84,84,84,84,84,86,86,86,86,86,86,86,86,86,86,86,86,88,88,88,90,90,90,92,94,94,94,94,96,96,96,96,96,96,96,96,98,98,98],"card_choices":[{"not_picked":["Leap","Ball Lightning"],"picked":"Sunder","floor":1.0},{"not_picked":["Meteor Strike","Go for the Eyes"],"picked":"Coolheaded","floor":2.0},{"not_picked":["Storm","Heatsinks"],"picked":"Conserve Battery","floor":3.0},{"not_picked":["Force Field","Storm","Doom and Gloom"],"picked":"Singing Bowl","floor":6.0},{"not_picked":["Streamline","Redo"],"picked":"Barrage","floor":8.0},{"not_picked":["Compile Driver","Beam Cell"],"picked":"Stack","floor":12.0},{"not_picked":["Auto Shields","Ball Lightning"],"picked":"Electrodynamics","floor":14.0},{"not_picked":["Meteor Strike","Multi-Cast"],"picked":"Echo Form","floor":16.0},{"not_picked":["Redo","Undo+1","Sweeping Beam"],"picked":"Singing Bowl","floor":18.0},{"not_picked":["Gash+1","Conserve Battery"],"picked":"Self Repair","floor":21.0},{"not_picked":["Rebound+1","Hello World","Machine Learning"],"picked":"Singing Bowl","floor":23.0},{"not_picked":["Coolheaded","BootSequence"],"picked":"Loop+1","floor":25.0},{"not_picked":["Streamline","White Noise"],"picked":"Static Discharge+1","floor":28.0},{"not_picked":["Force Field","Recycle"],"picked":"Lockon","floor":29.0},{"not_picked":["Loop","Darkness"],"picked":"White Noise","floor":30.0},{"not_picked":["Reboot","Electrodynamics"],"picked":"Buffer","floor":33.0},{"not_picked":["Sweeping Beam"],"picked":"Singing Bowl","floor":35.0},{"not_picked":[],"picked":"Ball Lightning+1","floor":37.0},{"not_picked":["Ball Lightning"],"picked":"Singing Bowl","floor":38.0},{"not_picked":["White Noise"],"picked":"Singing Bowl","floor":41.0},{"not_picked":["Gash"],"picked":"Singing Bowl","floor":42.0},{"not_picked":[],"picked":"Stack+1","floor":45.0},{"not_picked":["Coolheaded"],"picked":"Singing Bowl","floor":46.0},{"not_picked":[],"picked":"Turbo","floor":47.0},{"not_picked":[],"picked":"Bandage Up","floor":48.0},{"not_picked":[],"picked":"Lockon+1","floor":49.0},{"not_picked":["Scrape"],"picked":"Singing Bowl","floor":54.0}],"player_experience":669233,"relics_obtained":[{"floor":6.0,"key":"Singing Bowl"},{"floor":8.0,"key":"Art of War"},{"floor":9.0,"key":"Lantern"},{"floor":12.0,"key":"MawBank"},{"floor":14.0,"key":"Regal Pillow"},{"floor":19.0,"key":"Necronomicon"},{"floor":23.0,"key":"Mummified Hand"},{"floor":23.0,"key":"Sundial"},{"floor":25.0,"key":"DataDisk"},{"floor":25.0,"key":"Du-Vu Doll"},{"floor":29.0,"key":"Incense Burner"},{"floor":29.0,"key":"Ancient Tea Set"},{"floor":41.0,"key":"Pocketwatch"},{"floor":41.0,"key":"Dream Catcher"},{"floor":43.0,"key":"Potion Belt"},{"floor":46.0,"key":"Torii"},{"floor":46.0,"key":"Vajra"},{"floor":54.0,"key":"Bag of Marbles"},{"floor":54.0,"key":"Ginger"}],"event_choices":[{"damage_healed":0.0,"max_hp_gain":0.0,"max_hp_loss":0.0,"gold_gain":0.0,"event_name":"Liars Game","player_choice":"Ignored","floor":5.0,"gold_loss":0.0,"damage_taken":0.0},{"damage_healed":0.0,"max_hp_gain":0.0,"max_hp_loss":0.0,"gold_gain":0.0,"event_name":"Cursed Tome","player_choice":"Obtained Book","floor":19.0,"gold_loss":0.0,"damage_taken":16.0},{"damage_healed":0.0,"max_hp_gain":0.0,"max_hp_loss":0.0,"gold_gain":0.0,"event_name":"N\u0027loth","player_choice":"Traded Relic","floor":20.0,"relics_lost":["War Paint"],"gold_loss":0.0,"damage_taken":0.0,"relics_obtained":["Nloth\u0027s Gift"]},{"cards_removed":["Strike_B"],"damage_healed":0.0,"max_hp_gain":0.0,"max_hp_loss":0.0,"gold_gain":0.0,"event_name":"Back to Basics","player_choice":"Elegance","floor":22.0,"gold_loss":0.0,"damage_taken":0.0},{"damage_healed":0.0,"max_hp_gain":0.0,"max_hp_loss":0.0,"gold_gain":0.0,"event_name":"Vampires","player_choice":"Ignored","floor":31.0,"gold_loss":0.0,"damage_taken":0.0},{"damage_healed":0.0,"max_hp_gain":0.0,"max_hp_loss":0.0,"gold_gain":0.0,"event_name":"Winding Halls","player_choice":"Embrace Madness","floor":39.0,"gold_loss":0.0,"damage_taken":11.0,"cards_obtained":["Madness","Madness"]},{"damage_healed":0.0,"max_hp_gain":0.0,"max_hp_loss":0.0,"gold_gain":0.0,"event_name":"SensoryStone","player_choice":"Memory 1","floor":48.0,"gold_loss":0.0,"damage_taken":0.0}],"is_beta":false,"boss_relics":[{"not_picked":["Snecko Eye","Astrolabe"],"picked":"Black Star"},{"not_picked":["Sozu","Fusion Hammer"],"picked":"Busted Crown"}],"items_purged_floors":[4,10,36],"is_endless":false,"potions_floor_spawned":[1,6,8,12,16,18,21,30,37,46,47,54],"killed_by":"The Heart","ascension_level":1}}