{"host":"bxdue9bkfm2khp2x","time":1610781956,"event":{"mods":["ATMod(阿瑾Mod)","Arknights The Spire","Aspiration","BaseMod","Better Vampires","Challenge The Spire","Colored Map","Colored Powertips","Conspire","Decade(王小明)","Dota2Spire","Highlight Path","Minty Spire (QoL Compilation)","MostiFishMod","Remilia（蕾米莉亚）","Replay The Spire","RumiaBox-露米娅的神秘盒子","Ryuuou龙王","Spicy Shops","StSLib","Td1madao Mod","The Alterego","The Bug Knight","The Cursed","The Servant 0.9.4","WarShipGirlsR/战舰少女R mod","noobMod","vexMod","【功能Mod】混沌之环修复补丁","【遗物卡牌】REMEMod","篝火指南"],"gold_per_floor":[110,110,126,136,146,146,178,178,178,178,178,196,196,121,121,121,121],"floor_reached":16,"language":"ZHS","playtime":912,"items_purged":["TheCursedMod:Strike_TheCursed"],"score":138,"play_id":"4118859c-f190-4ef2-b226-cce988262098","local_time":"20210116152556","is_ascension_mode":true,"campfire_choices":[{"data":"TheCursedMod:CleanUpWorkshop","floor":6.0,"key":"SMITH"},{"data":"TheCursedMod:FleshFromBone","floor":8.0,"key":"SMITH"},{"data":"TheCursedMod:DemonSword","floor":10.0,"key":"SMITH"},{"data":"TheCursedMod:Grudge","floor":15,"key":"SMITH"}],"circlet_count":0,"master_deck":["TheCursedMod:Strike_TheCursed","TheCursedMod:Strike_TheCursed","TheCursedMod:Strike_TheCursed","TheCursedMod:Defend_TheCursed","TheCursedMod:Defend_TheCursed","TheCursedMod:Defend_TheCursed","TheCursedMod:Defend_TheCursed","TheCursedMod:CursedWand+1","TheCursedMod:CleanUpWorkshop+1","TheCursedMod:Dregs","A Thousand Cuts+1","TheCursedMod:FleshFromBone+1","TheCursedMod:CursedShiv","TheCursedMod:HellsGateOpen","TheCursedMod:Grudge+1"],"relics":["TheCursedMod:BlackMagic101","DaveBox","REME_ComplimentaryCards","ice","AT_ATBox","HollowDreamFlower","SynthV:TestCard","Dota2Spire:BlackKingBar"],"acts_visited":["Exordium"],"potions_floor_usage":[12,12,16],"damage_taken":[{"damage":0.0,"enemies":"conspire:RoseBush","floor":1.0,"turns":4.0},{"damage":3.0,"enemies":"Cultist","floor":3.0,"turns":4.0},{"damage":0.0,"enemies":"Small Slimes","floor":4.0,"turns":2.0},{"damage":5.0,"enemies":"3 Louse","floor":5.0,"turns":4.0},{"damage":0.0,"enemies":"3 Sentries","floor":7.0,"turns":5.0},{"damage":4,"enemies":"Lots of Slimes","floor":12,"turns":2},{"damage":3,"enemies":"Hexaghost","floor":16,"turns":9}],"seed_played":"-7931663116795474896","potions_obtained":[{"floor":1.0,"key":"Energy Potion"},{"floor":4.0,"key":"Languid Potion"},{"floor":12,"key":"SkillPotion"}],"is_trial":false,"path_per_floor":["M","?","M","M","M","R","E","R","T","R","?","M","?","$","R","B"],"character_chosen":"THE_CURSED","items_purchased":[],"campfire_rested":0,"item_purchase_floors":[],"current_hp_per_floor":[75,75,72,75,70,70,74,74,74,74,74,71,85,85,85,82,82],"gold":121,"neow_bonus":"UPGRADE_CARD","is_daily":false,"chose_seed":false,"campfire_upgraded":4,"win_rate":0.0,"timestamp":1610781956,"path_taken":["M","?","M","?","?","R","E","R","T","R","?","M","?","$","R","BOSS"],"items_purchased_type":[],"build_version":"2020-12-22","purchased_purges":1,"victory":false,"max_hp_per_floor":[75,75,75,75,75,75,75,75,75,75,75,75,85,85,85,85,85],"card_choices":[{"not_picked":["TheCursedMod:TacticalStrike","TheCursedMod:TroublousMinions"],"picked":"TheCursedMod:FleshFromBone","floor":1.0},{"not_picked":["TheCursedMod:Torture","TheCursedMod:HellfireBreathing","TheCursedMod:Grudge","TheCursedMod:Stretching"],"picked":"TheCursedMod:CursedShiv","floor":3.0},{"not_picked":["TheCursedMod:CursedBlade","TheCursedMod:Stretching","TheCursedMod:SmokeScreen","TheCursedMod:ShockAndAwe"],"picked":"TheCursedMod:HellsGateOpen","floor":4.0},{"not_picked":["TheCursedMod:WearCloak","TheCursedMod:SurpriseAttack","TheCursedMod:CursedStaff","TheCursedMod:HellsGateOpen"],"picked":"TheCursedMod:Grudge","floor":5.0},{"not_picked":["TheCursedMod:CircleOfCorruption","TheCursedMod:SmokeScreen","TheCursedMod:Grudge","TheCursedMod:WearCloak"],"picked":"TheCursedMod:DemonSword","floor":7.0},{"not_picked":["TheCursedMod:CursedArmor","TheCursedMod:SpitefulPlan","TheCursedMod:RapidMovement","TheCursedMod:CursedStaff","TheCursedMod:CircleOfFlame"],"picked":"SKIP","floor":12}],"player_experience":1254267,"relics_obtained":[{"floor":1.0,"key":"SynthV:TestCard"},{"floor":7.0,"key":"Dota2Spire:BlackKingBar"}],"event_choices":[{"damage_healed":0.0,"max_hp_gain":0.0,"max_hp_loss":0.0,"gold_gain":0.0,"event_name":"Upgrade Shrine","player_choice":"Upgraded","floor":2.0,"gold_loss":0.0,"damage_taken":0.0,"cards_upgraded":["TheCursedMod:CursedWand"]},{"damage_healed":0,"gold_gain":0,"player_choice":"Fled","damage_taken":0,"max_hp_gain":0,"max_hp_loss":0,"event_name":"Scrap Ooze","floor":11,"gold_loss":0},{"cards_removed":["TheCursedMod:DemonSword"],"damage_healed":4,"gold_gain":0,"player_choice":"Offered Rare","damage_taken":0,"max_hp_gain":10,"max_hp_loss":0,"event_name":"Bonfire Elementals","floor":13,"gold_loss":0}],"is_beta":false,"boss_relics":[],"items_purged_floors":[14],"is_endless":false,"potions_floor_spawned":[1,4,12],"killed_by":"Hexaghost","ascension_level":2}}