{"host":"msa0wxqjs3jv1k3j","time":1610807276,"event":{"mods":["AchievementEnabler","BaseMod","BetterRewards","Colored Map","Highlight Path","KOR Keyword Fix","Keyboard Shortcuts","Minty Spire (QoL Compilation)","Quick Restart","SuperFastMode","everything is the same but u backflip on backflip"],"gold_per_floor":[116,116,129,129,141,141,174,174,174,191,191,86,99,128,128,229,229,248,258,31,41,41,61,61,71,96,131,131,144,144,144,144,249,249,268,282,302,302,2,2,18,31,31,42,59,59,9,9,9,9,9,9,9,39,39],"floor_reached":56,"language":"KOR","playtime":2396,"items_purged":["Defend_G","Defend_G","Blade Dance+1"],"score":1506,"play_id":"cdc7865a-fd98-48aa-a34c-4a7ecc34c5df","local_time":"20210116232756","is_ascension_mode":false,"campfire_choices":[{"data":"Crippling Poison","floor":6.0,"key":"SMITH"},{"data":"Crippling Poison","floor":8.0,"key":"SMITH"},{"floor":11.0,"key":"RECALL"},{"floor":15.0,"key":"REST"},{"data":"Catalyst","floor":28.0,"key":"SMITH"},{"data":"Catalyst","floor":30.0,"key":"SMITH"},{"floor":32.0,"key":"REST"},{"floor":40.0,"key":"REST"},{"floor":46.0,"key":"REST"},{"floor":49.0,"key":"REST"},{"data":"Apotheosis","floor":52,"key":"SMITH"}],"circlet_count":0,"master_deck":["Strike_G+1","Defend_G+1","Defend_G","Survivor","Neutralize","Deadly Poison","Burst","Crippling Poison+1","Well Laid Plans+1","Crippling Poison+1","Catalyst+1","Noxious Fumes","Outmaneuver","Cloak And Dagger","Bullet Time","Sucker Punch+1","PiercingWail+1","Catalyst+1","Prepared","Adrenaline","Night Terror","Apotheosis+1","Poisoned Stab+1","Deadly Poison+1"],"relics":["Ring of the Snake","Incense Burner","Tiny Chest","Akabeko","Cauldron","Pear","Bronze Scales","Astrolabe","Membership Card","MealTicket","Bag of Preparation","Oddly Smooth Stone","Smiling Mask","Empty Cage","Lizard Tail","Girya","Strawberry"],"acts_visited":["Exordium","TheCity","TheBeyond","TheEnding"],"potions_floor_usage":[55],"damage_taken":[{"damage":0.0,"enemies":"2 Louse","floor":1.0,"turns":1.0},{"damage":3.0,"enemies":"Small Slimes","floor":3.0,"turns":3.0},{"damage":1.0,"enemies":"Cultist","floor":5.0,"turns":4.0},{"damage":6.0,"enemies":"Gremlin Nob","floor":7.0,"turns":4.0},{"damage":8.0,"enemies":"Exordium Thugs","floor":10.0,"turns":3.0},{"damage":10.0,"enemies":"2 Fungi Beasts","floor":13.0,"turns":3.0},{"damage":34.0,"enemies":"3 Sentries","floor":14.0,"turns":6.0},{"damage":0.0,"enemies":"Hexaghost","floor":16.0,"turns":6.0},{"damage":9.0,"enemies":"Shell Parasite","floor":18.0,"turns":4.0},{"damage":1.0,"enemies":"2 Thieves","floor":19.0,"turns":2.0},{"damage":0.0,"enemies":"Cultist and Chosen","floor":21.0,"turns":3.0},{"damage":11.0,"enemies":"Centurion and Healer","floor":23.0,"turns":4.0},{"damage":0.0,"enemies":"Snecko","floor":25.0,"turns":4.0},{"damage":30.0,"enemies":"Slavers","floor":27.0,"turns":5.0},{"damage":5.0,"enemies":"3 Cultists","floor":29.0,"turns":4.0},{"damage":15.0,"enemies":"Automaton","floor":33.0,"turns":4.0},{"damage":14.0,"enemies":"3 Darklings","floor":35.0,"turns":3.0},{"damage":5.0,"enemies":"Orb Walker","floor":36.0,"turns":4.0},{"damage":21.0,"enemies":"Sphere and 2 Shapes","floor":37.0,"turns":4.0},{"damage":9.0,"enemies":"Jaw Worm Horde","floor":41.0,"turns":3.0},{"damage":2.0,"enemies":"Transient","floor":42.0,"turns":5.0},{"damage":42.0,"enemies":"4 Shapes","floor":44.0,"turns":5.0},{"damage":32.0,"enemies":"3 Darklings","floor":45.0,"turns":4.0},{"damage":35,"enemies":"Donu and Deca","floor":50,"turns":5},{"damage":13,"enemies":"Shield and Spear","floor":54,"turns":4},{"damage":126,"enemies":"The Heart","floor":55,"turns":8}],"seed_played":"252870639331211786","potions_obtained":[{"floor":0.0,"key":"DistilledChaos"},{"floor":0.0,"key":"SmokeBomb"},{"floor":0.0,"key":"Poison Potion"},{"floor":13.0,"key":"Energy Potion"},{"floor":18.0,"key":"Fruit Juice"},{"floor":23.0,"key":"SkillPotion"},{"floor":25.0,"key":"SkillPotion"},{"floor":29.0,"key":"Ancient Potion"},{"floor":35.0,"key":"GamblersBrew"},{"floor":41.0,"key":"FairyPotion"}],"is_trial":false,"path_per_floor":["M","?","M","?","M","R","E","R","T","M","R","$","M","E","R","B",null,"M","M","$","M","?","M","T","M","T","E","R","M","R","?","R","B",null,"M","M","M","?","$","R","M","M","T","M","M","R","$","?","R","B",null,"R","$","E","B",null],"character_chosen":"THE_SILENT","items_purchased":["Deadly Poison","Tiny Chest","Akabeko","Cauldron","Burst","Catalyst","Noxious Fumes","Membership Card","MealTicket","Lizard Tail","Apotheosis"],"campfire_rested":5,"item_purchase_floors":[0,0,0,0,0,12,12,20,20,39,39],"current_hp_per_floor":[70,56,53,53,52,52,56,56,56,48,48,48,38,4,28,28,80,76,75,75,75,75,64,64,64,64,34,34,29,29,13,40,25,90,76,71,50,50,65,90,81,79,79,37,5,32,47,47,74,39,90,90,90,84,37],"gold":39,"neow_bonus":"","is_daily":false,"chose_seed":false,"campfire_upgraded":5,"win_rate":0.0,"timestamp":1610807276,"path_taken":["M","?","M","?","M","R","E","R","T","M","R","$","M","E","R","BOSS","M","M","$","M","?","M","?","M","T","E","R","M","R","?","R","BOSS","M","M","M","?","$","R","M","M","T","M","M","R","$","?","R","BOSS","R","$","E","BOSS"],"items_purchased_type":["Card","Relic","Relic","Relic","Card","Card","Card","Relic","Relic","Relic","Card"],"build_version":"2020-12-22","purchased_purges":3,"victory":true,"max_hp_per_floor":[70,70,70,70,70,70,80,80,80,80,80,80,80,80,80,80,80,85,85,85,85,85,85,85,85,85,85,85,85,85,90,90,90,90,90,90,90,90,90,90,90,90,90,90,90,90,90,90,90,90,90,90,90,97,97],"card_choices":[{"not_picked":["Flechettes","Dodge and Roll"],"picked":"Crippling Poison","floor":1.0},{"not_picked":["Flying Knee","Quick Slash"],"picked":"Well Laid Plans","floor":3.0},{"not_picked":["Dash","Accuracy","Well Laid Plans"],"picked":"SKIP","floor":5.0},{"not_picked":["Acrobatics","Outmaneuver"],"picked":"Crippling Poison","floor":7.0},{"not_picked":["Escape Plan","Dagger Spray","Setup"],"picked":"SKIP","floor":10.0},{"not_picked":["Predator","All Out Attack"],"picked":"Outmaneuver","floor":13.0},{"not_picked":["Acrobatics","Expertise"],"picked":"Cloak And Dagger","floor":14.0},{"not_picked":["Wraith Form v2","Malaise"],"picked":"Bullet Time","floor":16.0},{"not_picked":["Quick Slash","Flying Knee"],"picked":"PiercingWail+1","floor":18.0},{"not_picked":["Acrobatics+1","Concentrate","PiercingWail+1"],"picked":"SKIP","floor":19.0},{"not_picked":["Dagger Spray","Quick Slash","Endless Agony"],"picked":"SKIP","floor":21.0},{"not_picked":["Dodge and Roll","Crippling Poison","Backstab"],"picked":"SKIP","floor":23.0},{"not_picked":["Calculated Gamble","Dagger Spray+1","PiercingWail"],"picked":"SKIP","floor":25.0},{"not_picked":["Quick Slash","Dagger Throw"],"picked":"Prepared","floor":27.0},{"not_picked":["Outmaneuver","Reflex"],"picked":"Adrenaline","floor":29.0},{"not_picked":["Storm of Steel","Die Die Die"],"picked":"Night Terror","floor":33.0},{"not_picked":["Bane+1","Choke+1","Backflip"],"picked":"SKIP","floor":35.0},{"not_picked":["Setup+1","Dagger Spray","Slice"],"picked":"SKIP","floor":36.0},{"not_picked":["Dagger Spray+1","Eviscerate+1","Outmaneuver+1"],"picked":"SKIP","floor":37.0},{"not_picked":["Dagger Spray","Prepared"],"picked":"Poisoned Stab+1","floor":41.0},{"not_picked":["Crippling Poison+1","Deflect"],"picked":"Deadly Poison+1","floor":42.0},{"not_picked":["Malaise","PiercingWail+1","Cloak And Dagger"],"picked":"SKIP","floor":44.0},{"not_picked":["PiercingWail+1","Calculated Gamble+1","Deflect"],"picked":"SKIP","floor":45.0},{"not_picked":["Poisoned Stab+1","Dash+1","Escape Plan+1"],"picked":"SKIP","floor":54}],"player_experience":117713,"relics_obtained":[{"floor":7.0,"key":"Pear"},{"floor":14.0,"key":"Bronze Scales"},{"floor":24.0,"key":"Bag of Preparation"},{"floor":26.0,"key":"Oddly Smooth Stone"},{"floor":27.0,"key":"Smiling Mask"},{"floor":43.0,"key":"Girya"},{"floor":54,"key":"Strawberry"}],"event_choices":[{"damage_healed":0.0,"max_hp_gain":0.0,"max_hp_loss":0.0,"gold_gain":0.0,"event_name":"Shining Light","player_choice":"Entered Light","floor":2.0,"gold_loss":0.0,"damage_taken":14.0,"cards_upgraded":["Defend_G","Strike_G"]},{"damage_healed":0.0,"max_hp_gain":0.0,"max_hp_loss":0.0,"gold_gain":0.0,"event_name":"Upgrade Shrine","player_choice":"Upgraded","floor":4.0,"gold_loss":0.0,"damage_taken":0.0,"cards_upgraded":["Well Laid Plans"]},{"damage_healed":0.0,"max_hp_gain":0.0,"max_hp_loss":0.0,"gold_gain":0.0,"event_name":"Duplicator","player_choice":"Copied","floor":22.0,"gold_loss":0.0,"damage_taken":0.0,"cards_obtained":["Catalyst"]},{"damage_healed":0.0,"max_hp_gain":5.0,"max_hp_loss":0.0,"gold_gain":0.0,"event_name":"Forgotten Altar","player_choice":"Shed Blood","floor":31.0,"gold_loss":0.0,"damage_taken":21.0},{"damage_healed":0.0,"max_hp_gain":0.0,"max_hp_loss":0.0,"gold_gain":0.0,"event_name":"Tomb of Lord Red Mask","player_choice":"Ignored","floor":38.0,"gold_loss":0.0,"damage_taken":0.0},{"cards_removed":["Strike_G"],"damage_healed":0.0,"max_hp_gain":0.0,"max_hp_loss":0.0,"gold_gain":0.0,"event_name":"Falling","player_choice":"Removed Attack","floor":48.0,"gold_loss":0.0,"damage_taken":0.0}],"is_beta":false,"boss_relics":[{"not_picked":["Black Star","SacredBark"],"picked":"Astrolabe"},{"not_picked":["Runic Dome","SlaversCollar"],"picked":"Empty Cage"}],"items_purged_floors":[0,39,47],"is_endless":false,"potions_floor_spawned":[3,5,13,18,23,25,29,35,41,45],"ascension_level":0}}