{"host":"tpbmol9dayg75a5s","time":1610828675,"event":{"mods":["BaseMod","Bestiary","Block Reminder","Colored Powertips","Dark Map","Downfall","Minty Spire (QoL Compilation)","Relic Stats","StSLib"],"gold_per_floor":[99,99,9,9,9,9,9,9,9,9,9,9,9,9,9,9,9,9,0,0,0,0,0,0,0,0],"floor_reached":25,"language":"ENG","playtime":1593,"items_purged":[],"score":519,"play_id":"d60d4a1d-1ad1-4c78-bea3-55b38faf85a3","local_time":"20210116172435","is_ascension_mode":true,"campfire_choices":[{"floor":7,"key":"REST"},{"floor":10,"key":"REST"},{"floor":15,"key":"REST"},{"floor":24,"key":"REST"}],"circlet_count":0,"master_deck":["AscendersBane","Strike_G","Strike_G","Strike_G","Strike_G","Strike_G","Defend_G","Defend_G","Defend_G","Defend_G","Defend_G","Survivor","Neutralize","Quick Slash","Dagger Spray","Deadly Poison","Finisher","Noxious Fumes","Flying Knee","Escape Plan","Backflip","Footwork","Poisoned Stab","Adrenaline","Deadly Poison","Quick Slash","Ghostly","Ghostly","Ghostly","Leg Sweep","PiercingWail"],"relics":["Ectoplasm","Ancient Tea Set","Orichalcum","Omamori","Smiling Mask","SlaversCollar","Guardian:PocketSentry"],"acts_visited":["Exordium","TheCity"],"potions_floor_usage":[6,19,23,23,25],"damage_taken":[{"damage":5,"enemies":"Cultist","floor":1,"turns":5},{"damage":1,"enemies":"Jaw Worm","floor":2,"turns":4},{"damage":0,"enemies":"2 Louse","floor":5,"turns":2},{"damage":30,"enemies":"Gremlin Nob","floor":6,"turns":4},{"damage":22,"enemies":"Lagavulin","floor":8,"turns":6},{"damage":8,"enemies":"Exordium Thugs","floor":11,"turns":5},{"damage":20,"enemies":"Gremlin Nob","floor":12,"turns":4},{"damage":6,"enemies":"Large Slime","floor":14,"turns":6},{"damage":19,"enemies":"Hexaghost","floor":16,"turns":9},{"damage":11,"enemies":"3 Byrds","floor":18,"turns":4},{"damage":11,"enemies":"2 Thieves","floor":19,"turns":4},{"damage":24,"enemies":"3 Cultists","floor":22,"turns":7},{"damage":0,"enemies":"Gremlin Leader","floor":23,"turns":7},{"damage":17,"enemies":"Slavers","floor":25,"turns":3}],"seed_played":"-6424936235534489213","potions_obtained":[{"floor":2,"key":"Swift Potion"},{"floor":11,"key":"Dexterity Potion"},{"floor":12,"key":"Slimebound:ThreeZeroPotion"},{"floor":22,"key":"sneckomod:MuddlingPotion"},{"floor":23,"key":"LiquidBronze"}],"is_trial":false,"path_per_floor":["M","M","$","?","M","E","R","E","T","R","M","E","?","M","R","B",null,"M","M","?","?","M","E","R","E"],"character_chosen":"THE_SILENT","items_purchased":["Deadly Poison","Finisher"],"campfire_rested":4,"item_purchase_floors":[3,3],"current_hp_per_floor":[54,53,53,53,53,23,42,20,20,39,31,11,11,5,24,5,51,40,29,29,29,5,5,14,0,0],"gold":0,"neow_bonus":"BOSS_RELIC","is_daily":false,"chose_seed":false,"campfire_upgraded":0,"win_rate":0.0,"timestamp":1610828675,"path_taken":["M","M","$","?","M","E","R","E","T","R","?","E","?","M","R","BOSS","M","M","?","?","M","E","R","E"],"items_purchased_type":["Card","Card"],"build_version":"2020-12-22","purchased_purges":0,"victory":false,"max_hp_per_floor":[66,66,66,66,66,66,66,66,66,66,66,66,66,66,66,66,66,66,66,33,33,33,33,33,33,33],"relic_stats":{"counters":[14,70],"Ectoplasm":394,"Orichalcum":[120],"Smiling Mask":0,"obtain_stats":[{"SlaversCollar":17,"Ectoplasm":0,"Omamori":9,"Guardian:PocketSentry":23,"Orichalcum":8,"Ancient Tea Set":6,"Smiling Mask":12,"Ring of the Snake":0},{"SlaversCollar":9,"Ectoplasm":0,"Omamori":5,"Guardian:PocketSentry":13,"Orichalcum":5,"Ancient Tea Set":4,"Smiling Mask":7,"Ring of the Snake":0},{"SlaversCollar":45,"Ectoplasm":0,"Omamori":21,"Guardian:PocketSentry":67,"Orichalcum":21,"Ancient Tea Set":15,"Smiling Mask":30,"Ring of the Snake":0}]},"card_choices":[{"not_picked":["Setup","Acrobatics"],"picked":"Quick Slash","floor":1},{"not_picked":["Dodge and Roll","Underhanded Strike"],"picked":"Dagger Spray","floor":2},{"not_picked":["Heel Hook","Slice"],"picked":"Noxious Fumes","floor":5},{"not_picked":["Setup","Distraction"],"picked":"Flying Knee","floor":6},{"not_picked":["Endless Agony","Outmaneuver"],"picked":"Escape Plan","floor":8},{"not_picked":["Deadly Poison","Dagger Spray"],"picked":"Backflip","floor":11},{"not_picked":["After Image","Well Laid Plans"],"picked":"Footwork","floor":12},{"not_picked":["Deflect","Deadly Poison"],"picked":"Poisoned Stab","floor":14},{"not_picked":["Grand Finale","Venomology"],"picked":"Adrenaline","floor":16},{"not_picked":["Sucker Punch","Outmaneuver"],"picked":"Deadly Poison","floor":18},{"not_picked":["Slice","Bane"],"picked":"Quick Slash","floor":19},{"not_picked":["Deflect","Envenom"],"picked":"Leg Sweep","floor":22},{"not_picked":["Sucker Punch","Eviscerate"],"picked":"PiercingWail","floor":23}],"player_experience":1042539,"relics_obtained":[{"floor":6,"key":"Ancient Tea Set"},{"floor":8,"key":"Orichalcum"},{"floor":9,"key":"Omamori"},{"floor":12,"key":"Smiling Mask"},{"floor":23,"key":"Guardian:PocketSentry"}],"event_choices":[{"damage_healed":0,"gold_gain":50,"player_choice":"Pray","damage_taken":0,"max_hp_gain":0,"max_hp_loss":0,"event_name":"Golden Shrine","floor":4,"gold_loss":0},{"damage_healed":0,"gold_gain":0,"player_choice":"Ignored","damage_taken":0,"max_hp_gain":0,"max_hp_loss":0,"event_name":"Shining Light","floor":13,"gold_loss":0},{"damage_healed":0,"gold_gain":0,"player_choice":"Became a Ghost","damage_taken":0,"max_hp_gain":0,"max_hp_loss":33,"event_name":"Ghosts","floor":20,"gold_loss":0,"cards_obtained":["Ghostly","Ghostly","Ghostly"]},{"damage_healed":0,"gold_gain":0,"player_choice":"Ignored","damage_taken":0,"max_hp_gain":0,"max_hp_loss":0,"event_name":"Golden Shrine","floor":21,"gold_loss":0}],"is_beta":false,"boss_relics":[{"not_picked":["WristBlade","Tiny House"],"picked":"SlaversCollar"}],"items_purged_floors":[],"is_endless":false,"potions_floor_spawned":[2,11,12,14,16,22,23],"killed_by":"Slavers","ascension_level":19}}