{"host":"41zuqv3z4fqqx8y0","time":1610762648,"event":{"mods":["BaseMod","Minty Spire (QoL Compilation)","Replay The Spire","StSLib","The Saiyan"],"gold_per_floor":[90,110,110,110,123,123,141,175,175,195,195,211,141,159,159,256,256,266,250,250,261,26,26,26,26,26],"floor_reached":25,"language":"FRA","playtime":2543,"items_purged":[],"score":230,"play_id":"918b327f-dddd-44ea-a771-073cfb9fa3cd","local_time":"20210116030408","is_ascension_mode":false,"campfire_choices":[{"data":"Saiyan:LastResort","floor":6,"key":"SMITH"},{"floor":11,"key":"REST"},{"floor":15,"key":"REST"},{"floor":24,"key":"REST"}],"circlet_count":0,"master_deck":["Saiyan:SAIYA_Strike","Saiyan:SAIYA_Defend+1","Saiyan:SAIYA_Defend","Saiyan:SAIYA_Defend","Saiyan:EnergyBlast","Saiyan:KaioKen+1","Saiyan:RuthlessBlow","Saiyan:DragonRadar","Saiyan:TurtleShell","Saiyan:Pacing+1","Saiyan:LastResort+1","Saiyan:SoulSpice","Saiyan:BurningSoul","Saiyan:KiExplosion","Saiyan:Reset","Saiyan:DoubleMasenko","Saiyan:TheBomb","Saiyan:TurtleShell","Saiyan:ExtremeSpeed","Saiyan:FingerParry","Saiyan:ReverberatingForce","Apotheosis"],"relics":["SaiyanSoul","SaiyanHeart","Oddly Smooth Stone","War Paint","Empty Cage"],"acts_visited":["Exordium","TheCity"],"potions_floor_usage":[5,10,19,25],"damage_taken":[{"damage":0,"enemies":"Jaw Worm","floor":1,"turns":4},{"damage":5,"enemies":"2 Louse","floor":2,"turns":3},{"damage":3,"enemies":"Cultist","floor":5,"turns":5},{"damage":14,"enemies":"Looter","floor":7,"turns":5},{"damage":12,"enemies":"3 Sentries","floor":8,"turns":7},{"damage":6,"enemies":"3 Louse","floor":10,"turns":4},{"damage":0,"enemies":"Large Slime","floor":12,"turns":7},{"damage":5,"enemies":"Blue Slaver","floor":14,"turns":7},{"damage":12,"enemies":"Fading Forest","floor":16,"turns":11},{"damage":12,"enemies":"Shell Parasite","floor":18,"turns":8},{"damage":17,"enemies":"2 Thieves","floor":19,"turns":5},{"damage":40,"enemies":"Snake Plant","floor":21,"turns":9},{"damage":64,"enemies":"Gremlin Leader","floor":25,"turns":5}],"seed_played":"-8423530782331949709","potions_obtained":[{"floor":1,"key":"AttackPotion"},{"floor":8,"key":"BlessingOfTheForge"},{"floor":12,"key":"SpeedPotion"},{"floor":16,"key":"AttackPotion"}],"is_trial":false,"path_per_floor":["M","M","?","?","M","R","M","E","T","M","R","M","$","M","R","B",null,"M","M","?","M","$","?","R","E"],"character_chosen":"SAIYAJIN","items_purchased":["Saiyan:Reset","Saiyan:ReverberatingForce","Apotheosis"],"campfire_rested":3,"item_purchase_floors":[13,22,22],"current_hp_per_floor":[43,38,38,38,36,36,24,13,13,8,27,28,28,24,44,43,69,58,41,41,4,4,28,49,0,0],"gold":26,"neow_bonus":"REMOVE_TWO","is_daily":false,"chose_seed":false,"campfire_upgraded":1,"win_rate":0.0,"timestamp":1610762648,"path_taken":["M","M","?","?","M","R","M","E","T","M","R","M","$","?","R","BOSS","M","M","?","M","$","?","R","E"],"items_purchased_type":["Card","Card","Card"],"build_version":"2020-12-22","purchased_purges":0,"victory":false,"max_hp_per_floor":[61,61,61,61,62,62,64,65,65,66,66,67,67,68,68,69,69,70,70,70,73,73,73,73,74,74],"card_choices":[{"not_picked":["Saiyan:AugmentedBlast","Saiyan:PlotArmor"],"picked":"Saiyan:DragonRadar","floor":1},{"not_picked":["Saiyan:BackAttack","Saiyan:KiExplosion"],"picked":"Saiyan:TurtleShell","floor":2},{"not_picked":["Saiyan:DragonFist","Saiyan:Taunt"],"picked":"Saiyan:LastResort","floor":5},{"not_picked":["Saiyan:DoubleMasenko","Saiyan:Teleport"],"picked":"Saiyan:PowerStance","floor":7},{"not_picked":["Saiyan:TurtleShell","Saiyan:LastResort"],"picked":"Saiyan:SoulSpice","floor":8},{"not_picked":["Saiyan:Quickening","Saiyan:Fly"],"picked":"Saiyan:BurningSoul","floor":10},{"not_picked":["Saiyan:Planning","Saiyan:Quickening"],"picked":"Saiyan:KiExplosion","floor":12},{"not_picked":["Saiyan:DrainingStrike","Saiyan:LastResort"],"picked":"Saiyan:DoubleMasenko","floor":14},{"not_picked":["Saiyan:MonkeyTail","Saiyan:GenkiDama"],"picked":"Saiyan:TheBomb","floor":16},{"not_picked":["Saiyan:Flurry","Saiyan:BigBangAttack"],"picked":"Saiyan:TurtleShell","floor":18},{"not_picked":["Saiyan:FinalFlash","Saiyan:DragonFist"],"picked":"Saiyan:ExtremeSpeed","floor":19},{"not_picked":["Saiyan:FinalFlash+1","Saiyan:AugmentedBlast"],"picked":"Saiyan:FingerParry","floor":21}],"player_experience":560904,"relics_obtained":[{"floor":8,"key":"Oddly Smooth Stone"},{"floor":9,"key":"War Paint"}],"event_choices":[{"damage_healed":0,"gold_gain":0,"player_choice":"Grow","damage_taken":0,"max_hp_gain":0,"max_hp_loss":0,"event_name":"Living Wall","floor":3,"gold_loss":0,"cards_upgraded":["Saiyan:KaioKen"]},{"damage_healed":0,"gold_gain":0,"cards_transformed":["Saiyan:SAIYA_Strike"],"player_choice":"Transformed","damage_taken":0,"max_hp_gain":0,"max_hp_loss":0,"event_name":"Transmorgrifier","floor":4,"gold_loss":0,"cards_obtained":["Saiyan:Pacing"]},{"damage_healed":0,"gold_gain":0,"player_choice":"Ignored","damage_taken":0,"max_hp_gain":0,"max_hp_loss":0,"event_name":"Vampires","floor":20,"gold_loss":0},{"damage_healed":24,"gold_gain":0,"player_choice":"Heal","damage_taken":0,"max_hp_gain":0,"max_hp_loss":0,"event_name":"The Library","floor":23,"gold_loss":0}],"is_beta":false,"boss_relics":[{"not_picked":["Kintsugi","Coffee Dripper"],"picked":"Empty Cage"}],"items_purged_floors":[],"is_endless":false,"potions_floor_spawned":[1,8,12,16],"killed_by":"Gremlin Leader","ascension_level":0}}