{"host":"fdn1l3zxrtmz275b","time":1610783512,"event":{"mods":["BaseMod","Downfall","GifTheSpireLib","Minty Spire (QoL Compilation)","StSLib"],"gold_per_floor":[11,30,30,48,48,48,59,59,59,86,86,100,100,112,112,212,212,222,253,0,20,119,119,146,158,158,25,49,65,165,182,182,277,277,288,300,318,15,115,115,115,115,115,115,132,185,3,3,3,3],"floor_reached":51,"language":"RUS","playtime":1925,"items_purged":["Defend_R"],"score":740,"play_id":"ec26cdb1-5bad-422e-9761-4f7e533799c7","local_time":"20210116105152","is_ascension_mode":false,"campfire_choices":[{"data":"Searing Blow","floor":6,"key":"SMITH"},{"data":"Searing Blow+1","floor":11,"key":"SMITH"},{"data":"Searing Blow+2","floor":13,"key":"SMITH"},{"data":"Searing Blow+3","floor":15,"key":"SMITH"},{"data":"Searing Blow+4","floor":23,"key":"SMITH"},{"data":"Searing Blow+5","floor":32,"key":"SMITH"},{"data":"Searing Blow+6","floor":40,"key":"SMITH"},{"data":"Searing Blow+7","floor":41,"key":"SMITH"},{"data":"Searing Blow+8","floor":42,"key":"SMITH"},{"data":"Searing Blow+9","floor":44,"key":"SMITH"},{"data":"Searing Blow+10","floor":49,"key":"SMITH"}],"circlet_count":0,"master_deck":["Strike_R","Strike_R","Strike_R","Strike_R","Defend_R","Defend_R","Defend_R","Bash","Searing Blow+11","Battle Trance","Thunderclap","CurseOfTheBell","Headbutt+1","Flex+1","Flex+1","Shrug It Off+1","Flash of Steel","Reckless Charge+1","Infernal Blade+1","Feed","Flex+1"],"relics":["Burning Blood","StoneCalendar","Toxic Egg 2","Ginger","Calling Bell","Tiny Chest","HornCleat","Pocketwatch","Red Mask","Meat on the Bone","Bag of Preparation","Smiling Mask","Oddly Smooth Stone","Girya","Pantograph","Busted Crown","WingedGreaves","Pear","Red Skull","Lee\u0027s Waffle"],"acts_visited":["Exordium","TheCity","TheBeyond"],"potions_floor_usage":[10,14,18,24,30,33,50,50,50],"damage_taken":[{"damage":1,"enemies":"Cultist","floor":1,"turns":4},{"damage":3,"enemies":"Jaw Worm","floor":2,"turns":5},{"damage":2,"enemies":"Small Slimes","floor":4,"turns":6},{"damage":11,"enemies":"Blue Slaver","floor":7,"turns":4},{"damage":36,"enemies":"Lagavulin","floor":10,"turns":6},{"damage":5,"enemies":"Looter","floor":12,"turns":3},{"damage":6,"enemies":"Exordium Wildlife","floor":14,"turns":2},{"damage":50,"enemies":"The Guardian","floor":16,"turns":9},{"damage":0,"enemies":"Spheric Guardian","floor":18,"turns":3},{"damage":18,"enemies":"Masked Bandits","floor":19,"turns":4},{"damage":12,"enemies":"3 Byrds","floor":21,"turns":5},{"damage":10,"enemies":"Gremlin Leader","floor":24,"turns":3},{"damage":0,"enemies":"Snecko","floor":25,"turns":3},{"damage":0,"enemies":"Cultist and Chosen","floor":29,"turns":3},{"damage":1,"enemies":"Colosseum Slavers","floor":30,"turns":4},{"damage":6,"enemies":"Colosseum Nobs","floor":30,"turns":4},{"damage":12,"enemies":"3 Cultists","floor":31,"turns":4},{"damage":111,"enemies":"Automaton","floor":33,"turns":9},{"damage":0,"enemies":"Orb Walker","floor":35,"turns":2},{"damage":6,"enemies":"3 Shapes","floor":36,"turns":2},{"damage":0,"enemies":"3 Darklings","floor":37,"turns":4},{"damage":40,"enemies":"Transient","floor":45,"turns":5},{"damage":50,"enemies":"Awakened One","floor":50,"turns":7}],"seed_played":"-2785727017036521177","potions_obtained":[{"floor":4,"key":"LiquidMemories"},{"floor":10,"key":"BlessingOfTheForge"},{"floor":12,"key":"SteroidPotion"},{"floor":16,"key":"Guardian:BlockOnCardUsePotion"},{"floor":18,"key":"BlessingOfTheForge"},{"floor":21,"key":"CultistPotion"},{"floor":29,"key":"Weak Potion"},{"floor":31,"key":"BloodPotion"},{"floor":35,"key":"Strength Potion"},{"floor":45,"key":"PowerPotion"}],"is_trial":false,"path_per_floor":["M","M","?","M","$","R","M","?","T","E","R","M","R","M","R","B",null,"M","?","$","M","?","R","E","M","T","$","T","M","?","M","R","B",null,"M","M","M","$","?","R","R","R","T","R","M","T","$","?","R","B",null],"character_chosen":"IRONCLAD","items_purchased":["Meat on the Bone","Flash of Steel","WingedGreaves","Flex+1","Lee\u0027s Waffle"],"campfire_rested":0,"item_purchase_floors":[20,27,38,47,47],"current_hp_per_floor":[80,80,80,80,80,80,75,80,80,50,50,51,51,54,54,10,88,91,82,82,79,79,79,75,81,81,81,81,87,95,92,92,30,103,103,106,106,106,106,106,106,106,116,116,82,82,123,123,123,79],"gold":3,"neow_bonus":"ONE_RARE_RELIC","is_daily":false,"chose_seed":false,"campfire_upgraded":11,"win_rate":0.0,"timestamp":1610783512,"path_taken":["M","?","?","?","$","R","M","?","T","E","R","M","R","M","R","BOSS","M","?","$","M","?","R","E","M","T","?","?","?","?","M","R","BOSS","M","M","M","$","?","R","R","R","T","R","M","?","$","?","R","BOSS"],"items_purchased_type":["Relic","Card","Relic","Card","Relic"],"build_version":"2020-12-22","purchased_purges":1,"victory":true,"max_hp_per_floor":[80,80,80,80,80,80,80,85,85,85,85,85,85,88,88,88,88,91,94,94,97,97,97,97,97,97,97,97,97,100,103,103,103,103,103,106,106,106,106,106,106,106,116,116,116,116,123,123,123,123],"card_choices":[{"not_picked":["Armaments","Wild Strike","Whirlwind"],"picked":"SKIP","floor":1},{"not_picked":["Heavy Blade","Sentinel"],"picked":"Searing Blow","floor":2},{"not_picked":["Second Wind","Perfected Strike","Pummel"],"picked":"SKIP","floor":4},{"not_picked":["Havoc","Fire Breathing","Combust"],"picked":"SKIP","floor":7},{"not_picked":["Pommel Strike","Ghostly Armor+1"],"picked":"Feed","floor":10},{"not_picked":["Sword Boomerang","Metallicize"],"picked":"Thunderclap","floor":12},{"not_picked":["Clothesline","Pommel Strike","Inflame"],"picked":"SKIP","floor":14},{"not_picked":["Flame Barrier+1","Wild Strike"],"picked":"Headbutt+1","floor":18},{"not_picked":["Demon Form","Perfected Strike"],"picked":"Flex+1","floor":19},{"not_picked":["Anger+1","Fire Breathing"],"picked":"Flex+1","floor":21},{"not_picked":["Pummel+1","Battle Trance+1"],"picked":"Shrug It Off+1","floor":24},{"not_picked":["Anger","Rupture","Havoc+1"],"picked":"SKIP","floor":25},{"not_picked":["Body Slam","Anger"],"picked":"Reckless Charge+1","floor":29},{"not_picked":["Cleave+1","Uppercut"],"picked":"Infernal Blade+1","floor":30},{"not_picked":["Pommel Strike","Blood for Blood","Reaper"],"picked":"SKIP","floor":31},{"not_picked":["Reaper","Brutality"],"picked":"Feed","floor":33},{"not_picked":["Sword Boomerang+1"],"picked":"SKIP","floor":35},{"not_picked":["Dark Embrace"],"picked":"SKIP","floor":36},{"not_picked":["Iron Wave+1"],"picked":"SKIP","floor":37},{"not_picked":["True Grit+1"],"picked":"SKIP","floor":45}],"player_experience":109270,"relics_obtained":[{"floor":9,"key":"Toxic Egg 2"},{"floor":10,"key":"Ginger"},{"floor":17,"key":"Tiny Chest"},{"floor":17,"key":"HornCleat"},{"floor":17,"key":"Pocketwatch"},{"floor":19,"key":"Red Mask"},{"floor":24,"key":"Bag of Preparation"},{"floor":26,"key":"Smiling Mask"},{"floor":28,"key":"Oddly Smooth Stone"},{"floor":30,"key":"Girya"},{"floor":30,"key":"Pantograph"},{"floor":43,"key":"Pear"},{"floor":46,"key":"Red Skull"}],"event_choices":[{"damage_healed":0,"gold_gain":0,"cards_transformed":["Strike_R"],"player_choice":"Transformed","damage_taken":0,"max_hp_gain":0,"max_hp_loss":0,"event_name":"Transmorgrifier","floor":3,"gold_loss":0,"cards_obtained":["Battle Trance"]},{"damage_healed":0,"gold_gain":0,"player_choice":"Donut","damage_taken":0,"max_hp_gain":5,"max_hp_loss":0,"event_name":"Big Fish","floor":8,"gold_loss":0},{"damage_healed":0,"gold_gain":0,"player_choice":"Fought Bandits","damage_taken":0,"max_hp_gain":0,"max_hp_loss":0,"event_name":"Masked Bandits","floor":19,"gold_loss":0},{"damage_healed":0,"gold_gain":99,"player_choice":"Stole From Cult","damage_taken":0,"max_hp_gain":0,"max_hp_loss":0,"event_name":"Nest","floor":22,"gold_loss":0},{"damage_healed":0,"gold_gain":0,"player_choice":"Fight","damage_taken":0,"max_hp_gain":0,"max_hp_loss":0,"event_name":"Colosseum","floor":30,"gold_loss":0},{"damage_healed":0,"gold_gain":0,"player_choice":"Fought Nobs","damage_taken":0,"max_hp_gain":0,"max_hp_loss":0,"event_name":"Colosseum","floor":30,"gold_loss":0},{"damage_healed":0,"gold_gain":100,"player_choice":"Pray","damage_taken":0,"max_hp_gain":0,"max_hp_loss":0,"event_name":"Golden Shrine","floor":39,"gold_loss":0},{"cards_removed":["Feed"],"damage_healed":0,"gold_gain":0,"player_choice":"Removed Attack","damage_taken":0,"max_hp_gain":0,"max_hp_loss":0,"event_name":"Falling","floor":48,"gold_loss":0}],"is_beta":false,"boss_relics":[{"not_picked":["Pandora\u0027s Box","bronze:MakeshiftBattery"],"picked":"Calling Bell"},{"not_picked":["Empty Cage","SacredBark"],"picked":"Busted Crown"}],"items_purged_floors":[27],"is_endless":false,"potions_floor_spawned":[4,10,12,16,18,21,29,31,35,45],"ascension_level":0}}