{"host":"o9spzpa23hdobruw","time":1610838935,"event":{"mods":["100% Spire Juice","2.2 Compatiblity","Act Like it!","Arknights The Spire","Aspiration","Astrologer","BaseMod","Beaked The Cultist","Better Note","CCEM","CapriCore","Clockwork Mod","Elementarium","Friendly Minions","Hermit","Koishi","Luminous","Marisa????????","Minty Spire (QoL Compilation)","Prisma Mod","Reimu??????","Relic Stats","SCP261 Mod","Somnambulant","StSLib","The Administrix","The Bladedancer","The Bug Knight","The Construct","The Cursed","The Disciple","The Druid","The Immortal","The Marked","The Mystic","The Runesmith","The Saiyan","The Servant 0.9.4","TheBandit","TheSwordswoman","WarShipGirlsR/????R mod","[GremlinLeader]The Maniac"],"gold_per_floor":[114,133,133,147,158,184,202,202,202,182,209,221,221,241,241,336,336,356,356,70,70,89,89,89,89,112,124,138,170,188,208,208,312,312,323,313,313,359,359,359,377,377,377,377,377,390,407,425,425,425,425,425,62,91,91],"floor_reached":56,"language":"ENG","playtime":5763,"items_purged":["blademaster:FlockOfBlades"],"score":1156,"play_id":"40f979c6-ab96-4aa5-9397-9b089bbd038c","local_time":"20210117011535","is_ascension_mode":false,"campfire_choices":[{"data":"blademaster:Frontflip","floor":8,"key":"SMITH"},{"data":"blademaster:Empower","floor":13,"key":"SMITH"},{"floor":15,"key":"REST"},{"data":"blademaster:Safeguard","floor":23,"key":"SMITH"},{"data":"blademaster:FuryOfTheElements","floor":25,"key":"SMITH"},{"floor":32,"key":"REST"},{"floor":40,"key":"RECALL"},{"data":"blademaster:Gust","floor":42,"key":"SMITH"},{"floor":44,"key":"REST"},{"floor":49,"key":"REST"},{"data":"hermit:Quickdraw","floor":52,"key":"SMITH"}],"circlet_count":0,"master_deck":["blademaster:Strike","blademaster:Strike","blademaster:Strike","blademaster:Defend","blademaster:Defend","blademaster:Defend","blademaster:Defend","blademaster:HighVoltage","blademaster:ThunderSlash","blademaster:Cut","blademaster:Frontflip+1","blademaster:BloodyBlow","blademaster:CombatPrep","blademaster:Gust+1","blademaster:Empower+1","blademaster:Overcharge","blademaster:FuryOfTheElements+1","blademaster:ParryingStrike+1","hermit:Quickdraw+1","blademaster:IcyWind","blademaster:Safeguard+1","blademaster:BladeMastery","blademaster:Blockade","blademaster:LeechingStrike","blademaster:ChargingUp","blademaster:Bloodbath","blademaster:Flash","blademaster:FuryOfTheElements","blademaster:AwakeningDefend+1","blademaster:LeechingStrike+1","blademaster:ColdBlood","blademaster:Flurry","blademaster:LeechingStrike+1"],"relics":["blademaster:DancersAmulet","Strawberry","White Beast Statue","aspiration:MobileForge","Pear","aspiration:EmptySkull","Gremlin Horn","Busted Crown","Ginger","Runesmith:Nanobots","ClockworkSouvenir","Tea:ReiMu"],"acts_visited":["Exordium","TheCity","TheBeyond","TheEnding"],"potions_floor_usage":[6,16,27,28,28,30,33,38,41,47,50,50,54,55,55,55],"damage_taken":[{"damage":0,"enemies":"Cultist","floor":1,"turns":3},{"damage":0,"enemies":"Small Slimes","floor":2,"turns":3},{"damage":6,"enemies":"2 Louse","floor":4,"turns":2},{"damage":1,"enemies":"Exordium Thugs","floor":5,"turns":4},{"damage":32,"enemies":"Gremlin Nob","floor":6,"turns":4},{"damage":0,"enemies":"Looter","floor":7,"turns":2},{"damage":4,"enemies":"3 Sentries","floor":11,"turns":10},{"damage":0,"enemies":"3 Louse","floor":12,"turns":3},{"damage":0,"enemies":"Red Slaver","floor":14,"turns":2},{"damage":6,"enemies":"The Guardian","floor":16,"turns":8},{"damage":0,"enemies":"Spheric Guardian","floor":18,"turns":3},{"damage":0,"enemies":"Chosen","floor":22,"turns":2},{"damage":18,"enemies":"3 Cultists","floor":27,"turns":4},{"damage":16,"enemies":"Shelled Parasite and Fungi","floor":28,"turns":5},{"damage":18,"enemies":"HollowMod:Nosk","floor":29,"turns":8},{"damage":10,"enemies":"Centurion and Healer","floor":30,"turns":4},{"damage":2,"enemies":"Sentry and Sphere","floor":31,"turns":5},{"damage":26,"enemies":"Champ","floor":33,"turns":9},{"damage":0,"enemies":"Orb Walker","floor":35,"turns":3},{"damage":55,"enemies":"2 Orb Walkers","floor":38,"turns":5},{"damage":29,"enemies":"3 Darklings","floor":41,"turns":5},{"damage":13,"enemies":"Sphere and 2 Shapes","floor":46,"turns":5},{"damage":37,"enemies":"Spire Growth","floor":47,"turns":5},{"damage":0,"enemies":"Jaw Worm Horde","floor":48,"turns":3},{"damage":17,"enemies":"Time Eater","floor":50,"turns":7},{"damage":38,"enemies":"Shield and Spear","floor":54,"turns":6},{"damage":35,"enemies":"The Heart","floor":55,"turns":8}],"seed_played":"-9148618612060226639","potions_obtained":[{"floor":1,"key":"GrandPatriotsElixir:ReiMu"},{"floor":5,"key":"Ancient Potion"},{"floor":6,"key":"SpeedPotion"},{"floor":10,"key":"EssenceOfSteel"},{"floor":14,"key":"SCP261:SweetSwarmPotion"},{"floor":16,"key":"Fire Potion"},{"floor":27,"key":"PowerPotion"},{"floor":28,"key":"Regen Potion"},{"floor":29,"key":"SCP261:GirlTearsPotion"},{"floor":30,"key":"ZuzhouPotion:ReiMu"},{"floor":31,"key":"Dexterity Potion"},{"floor":33,"key":"LiquidBronze"},{"floor":38,"key":"SCP261:SweetSwarmPotion"},{"floor":41,"key":"Dexterity Potion"},{"floor":46,"key":"Regen Potion"},{"floor":47,"key":"Weak Potion"},{"floor":54,"key":"Weak Potion"}],"is_trial":false,"path_per_floor":["M","M","?","M","M","E","M","R","T","?","E","M","R","M","R","B",null,"M","?","$","?","M","R","?","R","T","M","M","E","M","M","R","B",null,"M","?","?","?","?","R","M","R","T","R","?","M","M","M","R","B",null,"R","$","E","B",null],"character_chosen":"THE_BLADEMASTER","items_purchased":["Pear","blademaster:IcyWind","ClockworkSouvenir","blademaster:Flurry","Weak Potion","Swift Potion"],"campfire_rested":4,"item_purchase_floors":[20,20,53,53,53,53],"current_hp_per_floor":[82,82,74,68,67,42,42,42,42,42,38,38,38,38,64,58,89,89,89,99,99,99,99,99,99,99,81,65,53,43,41,70,50,99,99,99,99,47,47,47,30,30,30,59,59,49,21,29,58,46,99,99,99,69,52],"gold":91,"neow_bonus":"TEN_PERCENT_HP_BONUS","is_daily":false,"chose_seed":false,"campfire_upgraded":6,"win_rate":0.0,"timestamp":1610838935,"path_taken":["M","M","?","M","M","E","M","R","T","?","E","?","R","M","R","BOSS","M","?","$","?","M","R","?","R","T","M","?","E","M","M","R","BOSS","M","?","?","?","?","R","M","R","T","R","?","?","?","M","R","BOSS","R","$","E","BOSS"],"items_purchased_type":["Relic","Card","Relic","Card","Potion","Potion"],"build_version":"2020-12-22","purchased_purges":1,"victory":true,"max_hp_per_floor":[82,82,82,82,82,89,89,89,89,89,89,89,89,89,89,89,89,89,89,99,99,99,99,99,99,99,99,99,99,99,99,99,99,99,99,99,99,99,99,99,99,99,99,99,99,99,99,99,99,99,99,99,99,99,99],"relic_stats":{"Busted Crown":34,"Gremlin Horn":[8,8],"counters":[27,127],"Ginger":[3],"obtain_stats":[{"Runesmith:Nanobots":43,"Pear":20,"Gremlin Horn":29,"blademaster:BonusFuryPerk":54,"Tea:ReiMu":54,"blademaster:OnAttackedChargePerk":6,"blademaster:RandomBladePerk":29,"Ginger":38,"White Beast Statue":11,"ClockworkSouvenir":53,"aspiration:EmptySkull":26,"Busted Crown":34,"aspiration:MobileForge":17,"Strawberry":6,"blademaster:FinisherDrawCardPerk":38,"blademaster:DancersAmulet":0,"blademaster:WindChargePerk":11},{"Runesmith:Nanobots":21,"Pear":11,"Gremlin Horn":15,"blademaster:BonusFuryPerk":26,"Tea:ReiMu":26,"blademaster:OnAttackedChargePerk":5,"blademaster:RandomBladePerk":15,"Ginger":20,"White Beast Statue":7,"ClockworkSouvenir":25,"aspiration:EmptySkull":12,"Busted Crown":18,"aspiration:MobileForge":10,"Strawberry":5,"blademaster:FinisherDrawCardPerk":20,"blademaster:DancersAmulet":0,"blademaster:WindChargePerk":7},{"Runesmith:Nanobots":93,"Pear":43,"Gremlin Horn":62,"blademaster:BonusFuryPerk":119,"Tea:ReiMu":119,"blademaster:OnAttackedChargePerk":16,"blademaster:RandomBladePerk":62,"Ginger":88,"White Beast Statue":28,"ClockworkSouvenir":113,"aspiration:EmptySkull":45,"Busted Crown":80,"aspiration:MobileForge":40,"Strawberry":16,"blademaster:FinisherDrawCardPerk":88,"blademaster:DancersAmulet":0,"blademaster:WindChargePerk":28}]},"card_choices":[{"not_picked":["blademaster:Stability","blademaster:Discharge"],"picked":"blademaster:ThunderSlash","floor":1},{"not_picked":["blademaster:AncestralHealing","blademaster:Thrust"],"picked":"blademaster:Cut","floor":2},{"not_picked":["blademaster:Rupture","blademaster:DragonStrike"],"picked":"blademaster:Frontflip","floor":4},{"not_picked":["blademaster:CloudOfSteel","blademaster:Reversal"],"picked":"blademaster:BloodyBlow","floor":5},{"not_picked":["blademaster:Rupture","blademaster:AwakeningStrike"],"picked":"blademaster:FlockOfBlades","floor":6},{"not_picked":["blademaster:Rupture","blademaster:Meditate"],"picked":"blademaster:CombatPrep","floor":7},{"not_picked":["blademaster:ThunderSlash","blademaster:Stormstrike"],"picked":"blademaster:Gust","floor":11},{"not_picked":["blademaster:ChargingUp","blademaster:AirSlash"],"picked":"blademaster:Empower","floor":12},{"not_picked":["blademaster:SlyStabs","blademaster:AwakeningStrike"],"picked":"blademaster:Overcharge","floor":14},{"not_picked":["blademaster:Empower","blademaster:ThreePointStrike"],"picked":"blademaster:FuryOfTheElements","floor":16},{"not_picked":["blademaster:BloodyBlow","blademaster:Thrust+1"],"picked":"blademaster:ParryingStrike","floor":18},{"not_picked":["blademaster:Slice","blademaster:Reversal"],"picked":"blademaster:BladeMastery","floor":22},{"not_picked":["blademaster:DragonStrike","blademaster:ThreePointStrike"],"picked":"blademaster:Blockade","floor":27},{"not_picked":["blademaster:BladeCross","blademaster:EyeOfTheStorm"],"picked":"blademaster:LeechingStrike","floor":28},{"not_picked":["blademaster:Breeze","blademaster:Frontflip"],"picked":"blademaster:ChargingUp","floor":29},{"not_picked":["blademaster:ThunderSlash","blademaster:Quickstep+1","blademaster:FlockOfBlades"],"picked":"SKIP","floor":30},{"not_picked":["blademaster:AspectOfLightning","blademaster:BladeCross"],"picked":"blademaster:Bloodbath","floor":31},{"not_picked":["blademaster:ThreePointStrike","blademaster:RollingTyphoon"],"picked":"blademaster:Flash","floor":33},{"not_picked":["blademaster:Quickstep+1"],"picked":"SKIP","floor":35},{"not_picked":[],"picked":"blademaster:FuryOfTheElements","floor":36},{"not_picked":[],"picked":"blademaster:AwakeningDefend+1","floor":38},{"not_picked":["blademaster:AirSlash"],"picked":"SKIP","floor":41},{"not_picked":[],"picked":"blademaster:LeechingStrike+1","floor":46},{"not_picked":["blademaster:Stormstrike+1"],"picked":"SKIP","floor":47},{"not_picked":[],"picked":"blademaster:ColdBlood","floor":48},{"not_picked":[],"picked":"blademaster:LeechingStrike+1","floor":54}],"player_experience":605666,"relics_obtained":[{"floor":6,"key":"Strawberry"},{"floor":6,"key":"blademaster:OnAttackedChargePerk"},{"floor":11,"key":"White Beast Statue"},{"floor":11,"key":"blademaster:WindChargePerk"},{"floor":26,"key":"aspiration:EmptySkull"},{"floor":29,"key":"Gremlin Horn"},{"floor":29,"key":"blademaster:RandomBladePerk"},{"floor":38,"key":"Ginger"},{"floor":38,"key":"blademaster:FinisherDrawCardPerk"},{"floor":43,"key":"Runesmith:Nanobots"},{"floor":54,"key":"Tea:ReiMu"},{"floor":54,"key":"blademaster:BonusFuryPerk"}],"event_choices":[{"damage_healed":0,"gold_gain":0,"player_choice":"Bought 1 Potion","damage_taken":0,"max_hp_gain":0,"max_hp_loss":0,"event_name":"The Woman in Blue","floor":10,"gold_loss":0},{"cards_removed":["blademaster:Empower"],"damage_healed":0,"gold_gain":0,"player_choice":"Take \u0026 Give","damage_taken":0,"max_hp_gain":0,"max_hp_loss":0,"event_name":"betterNote:BetterNote","floor":19,"gold_loss":0,"cards_obtained":["hermit:Quickdraw"]},{"damage_healed":0,"gold_gain":0,"player_choice":"Read","damage_taken":0,"max_hp_gain":0,"max_hp_loss":0,"event_name":"The Library","floor":21,"gold_loss":0,"cards_obtained":["blademaster:Safeguard"]},{"damage_healed":0,"gold_gain":0,"player_choice":"Upgraded","damage_taken":0,"max_hp_gain":0,"max_hp_loss":0,"event_name":"Upgrade Shrine","floor":24,"gold_loss":0,"cards_upgraded":["blademaster:ParryingStrike"]},{"damage_healed":0,"gold_gain":0,"player_choice":"Fight","damage_taken":0,"max_hp_gain":0,"max_hp_loss":0,"event_name":"Mysterious Sphere","floor":38,"gold_loss":0},{"damage_healed":0,"gold_gain":0,"player_choice":"Ignored","damage_taken":0,"max_hp_gain":0,"max_hp_loss":0,"event_name":"The Moai Head","floor":39,"gold_loss":0},{"damage_healed":0,"gold_gain":0,"player_choice":"0 cards matched","damage_taken":0,"max_hp_gain":0,"max_hp_loss":0,"event_name":"Match and Keep!","floor":45,"gold_loss":0,"cards_obtained":[]}],"is_beta":false,"boss_relics":[{"not_picked":["Astrolabe","aspiration:IroncladSkillbook"],"picked":"aspiration:MobileForge"},{"not_picked":["Calling Bell","Empty Cage"],"picked":"Busted Crown"}],"items_purged_floors":[53],"is_endless":false,"potions_floor_spawned":[1,5,6,12,14,16,18,22,27,28,29,30,31,33,35,38,41,46,47,48,54],"ascension_level":0}}