{"host":"dzc8cchcquikqbpv","time":1610812089,"event":{"mods":["BaseMod","Dark Map","Fox Events","Minty Spire (QoL Compilation)","StSLib"],"gold_per_floor":[114,133,133,152,152,152,178,178,178,63,63,73,87,99,99,99,99],"floor_reached":16,"language":"ENG","playtime":1057,"items_purged":[],"score":127,"play_id":"e8cf2753-1d61-4be8-926f-3b7a82612056","local_time":"20210116154809","is_ascension_mode":false,"campfire_choices":[{"data":"Night Terror","floor":6,"key":"SMITH"},{"data":"Dodge and Roll","floor":8,"key":"SMITH"},{"data":"Footwork","floor":11,"key":"SMITH"},{"floor":15,"key":"REST"}],"circlet_count":0,"master_deck":["Strike_G","Strike_G","Strike_G","Strike_G","Strike_G","Defend_G","Defend_G","Defend_G","Defend_G","Defend_G","Survivor","Neutralize","Dagger Spray","Dash","Flechettes","Night Terror+1","Dodge and Roll+1","Slice","Footwork+1","Choke","Flying Knee","Crippling Poison"],"relics":["Ring of the Snake","NeowsBlessing","CaptainsWheel","Strawberry","Kunai"],"acts_visited":["Exordium"],"potions_floor_usage":[7,7,16],"damage_taken":[{"damage":0,"enemies":"Cultist","floor":1,"turns":1},{"damage":0,"enemies":"2 Louse","floor":2,"turns":1},{"damage":0,"enemies":"Small Slimes","floor":4,"turns":1},{"damage":0,"enemies":"Gremlin Nob","floor":7,"turns":4},{"damage":2,"enemies":"Blue Slaver","floor":12,"turns":4},{"damage":5,"enemies":"3 Louse","floor":13,"turns":4},{"damage":5,"enemies":"Lots of Slimes","floor":14,"turns":2},{"damage":71,"enemies":"Hexaghost","floor":16,"turns":23}],"seed_played":"-1958209804981054647","potions_obtained":[{"floor":1,"key":"Block Potion"},{"floor":4,"key":"SteroidPotion"},{"floor":13,"key":"Explosive Potion"}],"is_trial":false,"path_per_floor":["M","M","?","M","?","R","E","R","T","$","R","M","M","M","R","B"],"character_chosen":"THE_SILENT","items_purchased":["Footwork","Choke"],"campfire_rested":1,"item_purchase_floors":[10,10],"current_hp_per_floor":[70,70,70,70,52,52,59,59,59,59,59,57,52,47,70,0,0],"gold":99,"neow_bonus":"THREE_ENEMY_KILL","is_daily":false,"chose_seed":false,"campfire_upgraded":3,"win_rate":0.0,"timestamp":1610812089,"path_taken":["M","?","?","?","?","R","E","R","T","$","R","M","M","M","R","BOSS"],"items_purchased_type":["Card","Card"],"build_version":"2020-12-22","purchased_purges":0,"victory":false,"max_hp_per_floor":[70,70,70,70,70,70,77,77,77,77,77,77,77,77,77,77,77],"card_choices":[{"not_picked":["Caltrops","Terror"],"picked":"Dagger Spray","floor":1},{"not_picked":["Deadly Poison","Poisoned Stab"],"picked":"Dash","floor":2},{"not_picked":["Expertise","Caltrops"],"picked":"Dodge and Roll","floor":4},{"not_picked":["Dodge and Roll","PiercingWail"],"picked":"Slice","floor":7},{"not_picked":["Dagger Spray","Finisher"],"picked":"Flying Knee","floor":12},{"not_picked":["Expertise","Eviscerate","PiercingWail"],"picked":"SKIP","floor":13},{"not_picked":["Flechettes","Dagger Spray"],"picked":"Crippling Poison","floor":14}],"player_experience":3002,"relics_obtained":[{"floor":7,"key":"Strawberry"},{"floor":9,"key":"Kunai"}],"event_choices":[{"damage_healed":0,"gold_gain":0,"player_choice":"2 cards matched","damage_taken":0,"max_hp_gain":0,"max_hp_loss":0,"event_name":"Match and Keep!","floor":3,"gold_loss":0,"cards_obtained":["Flechettes","Night Terror"]},{"damage_healed":0,"gold_gain":0,"player_choice":"Success","damage_taken":18,"relics_obtained":["CaptainsWheel"],"max_hp_gain":0,"max_hp_loss":0,"event_name":"Scrap Ooze","floor":5,"gold_loss":0}],"is_beta":false,"boss_relics":[],"items_purged_floors":[],"is_endless":false,"potions_floor_spawned":[1,4,13],"killed_by":"Hexaghost","ascension_level":0}}