{"host":"utcbn1j9ebmpc40m","time":1610767441,"event":{"mods":["BaseMod","Better Altar","Better Match","GifTheSpireLib","Minty Spire (QoL Compilation)","Poor People Problems","StSLib","SuperFastMode","The IronCluck","The Servant 0.9.4"],"gold_per_floor":[109,14,14,40,52,52,80,80,80,80,21,21,21,33,33,110,110,127,127,144,158,158,158,158,158],"floor_reached":24,"language":"ENG","playtime":467,"items_purged":[],"score":317,"play_id":"86bfaca0-773a-42cb-b88b-d62e53a027b7","local_time":"20210115222401","is_ascension_mode":true,"campfire_choices":[{"data":"Armaments","floor":6,"key":"SMITH"},{"data":"Barricade","floor":8,"key":"SMITH"},{"floor":10,"key":"REST"},{"floor":15,"key":"REST"},{"floor":23,"key":"REST"}],"circlet_count":0,"master_deck":["AscendersBane","Strike_R","Strike_R","Strike_R","Strike_R+1","Strike_R+1","Defend_R","Defend_R","Defend_R","Defend_R","Bash","Armaments+1","Body Slam+1","Inflame","Regret","Rage+1","Barricade+1","Flame Barrier+1","Iron Wave","Double Tap","Inflame+1","Shrug It Off"],"relics":["Burning Blood","Whetstone","The Courier","Bag of Marbles","Blood Vial","Red Skull","Black Star"],"acts_visited":["Exordium","TheCity"],"potions_floor_usage":[16,18,21],"damage_taken":[{"damage":7,"enemies":"Jaw Worm","floor":1,"turns":3},{"damage":2,"enemies":"2 Louse","floor":5,"turns":3},{"damage":54,"enemies":"Lagavulin","floor":7,"turns":6},{"damage":0,"enemies":"Cultist","floor":14,"turns":2},{"damage":21,"enemies":"Slime Boss","floor":16,"turns":12},{"damage":22,"enemies":"Shell Parasite","floor":18,"turns":6},{"damage":36,"enemies":"Chosen","floor":20,"turns":6},{"damage":47,"enemies":"Centurion and Healer","floor":21,"turns":7},{"damage":46,"enemies":"Gremlin Leader","floor":24,"turns":2}],"seed_played":"-2109057449260609573","potions_obtained":[{"floor":5,"key":"DuplicationPotion"},{"floor":16,"key":"HeartOfIron"},{"floor":20,"key":"DuplicationPotion"}],"is_trial":false,"path_per_floor":["M","$","?","T","M","R","E","R","T","R","$","?","?","M","R","B",null,"M","?","M","M","?","R","E"],"character_chosen":"IRONCLAD","items_purchased":["Body Slam","Inflame","Flame Barrier"],"campfire_rested":3,"item_purchase_floors":[2,2,11],"current_hp_per_floor":[71,71,71,71,75,75,27,27,27,51,51,51,51,59,80,65,76,62,80,50,11,11,35,0,0],"gold":158,"neow_bonus":"RANDOM_COMMON_RELIC","is_daily":false,"chose_seed":false,"campfire_upgraded":2,"win_rate":0.0,"timestamp":1610767441,"path_taken":["M","$","?","?","M","R","E","R","T","R","$","?","?","?","R","BOSS","M","?","M","M","?","R","E"],"items_purchased_type":["Card","Card","Card"],"build_version":"2020-12-22","purchased_purges":0,"victory":false,"max_hp_per_floor":[80,80,80,80,80,80,80,80,80,80,80,80,80,80,80,80,80,80,80,80,80,80,80,80,80],"card_choices":[{"not_picked":["Clothesline","Warcry"],"picked":"Armaments","floor":1},{"not_picked":["Twin Strike","Anger"],"picked":"Rage","floor":5},{"not_picked":["Metallicize","Reaper"],"picked":"Barricade","floor":7},{"not_picked":["Flex","Carnage"],"picked":"Iron Wave","floor":14},{"not_picked":["Brutality","Bludgeon"],"picked":"Double Tap","floor":16},{"not_picked":["Searing Blow","Anger","Clash"],"picked":"SKIP","floor":18},{"not_picked":["Pummel","Perfected Strike"],"picked":"Inflame+1","floor":20},{"not_picked":["Clash","Anger"],"picked":"Shrug It Off","floor":21}],"player_experience":495234,"relics_obtained":[{"floor":4,"key":"Bag of Marbles"},{"floor":7,"key":"Blood Vial"},{"floor":9,"key":"Red Skull"}],"event_choices":[{"damage_healed":0,"gold_gain":0,"player_choice":"Box","damage_taken":0,"relics_obtained":["The Courier"],"max_hp_gain":0,"max_hp_loss":0,"event_name":"Big Fish","floor":3,"gold_loss":0,"cards_obtained":["Regret"]},{"damage_healed":0,"gold_gain":0,"player_choice":"Grow","damage_taken":0,"max_hp_gain":0,"max_hp_loss":0,"event_name":"Living Wall","floor":12,"gold_loss":0,"cards_upgraded":["Body Slam"]},{"damage_healed":0,"gold_gain":0,"player_choice":"Upgraded","damage_taken":0,"max_hp_gain":0,"max_hp_loss":0,"event_name":"Upgrade Shrine","floor":13,"gold_loss":0,"cards_upgraded":["Rage"]},{"damage_healed":26,"gold_gain":0,"player_choice":"Heal","damage_taken":0,"max_hp_gain":0,"max_hp_loss":0,"event_name":"The Library","floor":19,"gold_loss":0},{"damage_healed":0,"gold_gain":0,"player_choice":"Forge","damage_taken":0,"max_hp_gain":0,"max_hp_loss":0,"event_name":"Accursed Blacksmith","floor":22,"gold_loss":0,"cards_upgraded":["Flame Barrier"]}],"is_beta":false,"boss_relics":[{"not_picked":["Mark of Pain","Runic Cube"],"picked":"Black Star"}],"items_purged_floors":[],"is_endless":false,"potions_floor_spawned":[5,16,20],"killed_by":"Gremlin Leader","ascension_level":13}}