{"host":"5dk97cf2ubw2v967","time":1610840846,"event":{"mods":["AlwaysNeverKeys","BaseMod","Better Altar","Better Vampires","Block Reminder","Colored Powertips","Downfall","Googly Eyes","Highlight Path","Minty Spire (QoL Compilation)","Permanent Neow","Potion Indicator Mod","Quick Restart","Relic Filter","Relic Stats","Say the Spire","Spicy Shops","StSLib","Waifu the Spire","everything is the same but u backflip on backflip"],"gold_per_floor":[0,17,34,19,31,64,89,105,116,101,119,219,19,51,68,167,167,167,182,214,233,333,9,34,47,322,336,42,73,73,173,186,282,282,182,194,7,17,34,34,34,52,69,96,96,122,122,156,166,166,166,196,47,47,47,47],"floor_reached":57,"language":"ENG","playtime":7351,"items_purged":["Guardian:Strike_Guardian","Guardian:Strike_Guardian","Regret","Guardian:Strike_Guardian"],"score":1327,"play_id":"30b9e2ea-2e1c-4a9d-8ed7-6b1e638d6a01","local_time":"20210116234726","is_ascension_mode":true,"campfire_choices":[{"floor":1.0,"key":"RECALL"},{"floor":13.0,"key":"REST"},{"data":"Guardian:FastForward","floor":18.0,"key":"SMITH"},{"floor":30.0,"key":"REST"},{"data":"Guardian:Orbwalk","floor":35.0,"key":"SMITH"},{"data":"Guardian:Orbwalk","floor":40.0,"key":"SMITH"},{"data":"expansioncontent:DashGenerateEvil","floor":45.0,"key":"SMITH"},{"data":"Guardian:ChargeUp","floor":47.0,"key":"SMITH"},{"data":"Guardian:FierceBash","floor":54.0,"key":"SMITH"}],"circlet_count":0,"master_deck":["Guardian:Strike_Guardian+1","Guardian:Defend_Guardian","Guardian:Defend_Guardian","Guardian:Defend_Guardian","Guardian:Defend_Guardian","Guardian:CurlUp","Guardian:TwinSlam+1","Guardian:Gem_White","Guardian:ChargeCore","Guardian:Preprogram","Guardian:FastForward+1","Guardian:FuturePlans","Guardian:TimeCapacitor","Guardian:Orbwalk+1","Guardian:Clone","Guardian:ShieldSpikes+1","Guardian:DonusPower","Guardian:ShieldCharger","Guardian:FierceBash+1","Guardian:DecasProtection+1","Guardian:EvasiveProtocol+1","Guardian:ChargeUp+1","Guardian:VentSteam","Guardian:Orbwalk+1","Guardian:ShieldCharger+1","Guardian:TimeCapacitor","Guardian:TimeSifter+1","Guardian:ShieldCharger","Guardian:TimeCapacitor+1","expansioncontent:DashGenerateEvil+1","Guardian:Gem_Synthetic","Guardian:BronzeArmor","Guardian:Clone","Guardian:PolyBeam","Guardian:Repulse+1"],"relics":["Guardian:ModeShifter","Guardian:SackOfGems","Whetstone","MealTicket","downfall:HeartBlessingRed","downfall:HeartBlessingGreen","Centennial Puzzle","Guardian:StasisSlotReductionRelic","Bird Faced Urn","Ornamental Fan","Frozen Egg 2","Runic Pyramid","downfall:HeartBlessingBlue","War Paint","Dream Catcher","Akabeko","Bag of Marbles","Bottled Tornado","Juzu Bracelet","Lantern"],"acts_visited":["Exordium","TheCity","TheBeyond","TheEnding"],"potions_floor_usage":[56],"damage_taken":[{"damage":0.0,"enemies":"Cultist","floor":2.0,"turns":4.0},{"damage":0.0,"enemies":"2 Louse","floor":3.0,"turns":3.0},{"damage":2.0,"enemies":"downfall:FleeingMerchant","floor":4.0,"turns":4.0},{"damage":5.0,"enemies":"Small Slimes","floor":5.0,"turns":3.0},{"damage":19.0,"enemies":"3 Sentries","floor":6.0,"turns":8.0},{"damage":6.0,"enemies":"3 Louse","floor":8.0,"turns":3.0},{"damage":5.0,"enemies":"Red Slaver","floor":9.0,"turns":2.0},{"damage":10.0,"enemies":"downfall:FleeingMerchant","floor":10.0,"turns":4.0},{"damage":13.0,"enemies":"Lots of Slimes","floor":11.0,"turns":5.0},{"damage":21.0,"enemies":"Gremlin Nob","floor":14.0,"turns":6.0},{"damage":8.0,"enemies":"Gremlin Gang","floor":15.0,"turns":4.0},{"damage":7.0,"enemies":"IC_STATUS_ARCHETYPE","floor":16.0,"turns":10.0},{"damage":4.0,"enemies":"3 Byrds","floor":19.0,"turns":5.0},{"damage":6.0,"enemies":"3 Cultists","floor":20.0,"turns":6.0},{"damage":12.0,"enemies":"Centurion and Healer","floor":21.0,"turns":4.0},{"damage":15.0,"enemies":"SI_SHIV_ARCHETYPE","floor":22.0,"turns":6.0},{"damage":20.0,"enemies":"downfall:FleeingMerchant","floor":23.0,"turns":4.0},{"damage":22.0,"enemies":"Chosen and Byrds","floor":25.0,"turns":8.0},{"damage":1.0,"enemies":"Snake Plant","floor":27.0,"turns":4.0},{"damage":25.0,"enemies":"downfall:FleeingMerchant","floor":28.0,"turns":4.0},{"damage":18.0,"enemies":"Gremlin Leader","floor":29.0,"turns":8.0},{"damage":0.0,"enemies":"Centurion and Healer","floor":32.0,"turns":4.0},{"damage":16.0,"enemies":"DF_ARCHETYPE_CLAW","floor":33.0,"turns":9.0},{"damage":0.0,"enemies":"Orb Walker","floor":36.0,"turns":6.0},{"damage":0.0,"enemies":"downfall:FleeingMerchant","floor":37.0,"turns":1.0},{"damage":12.0,"enemies":"3 Darklings","floor":38.0,"turns":5.0},{"damage":8.0,"enemies":"Jaw Worm Horde","floor":39.0,"turns":6.0},{"damage":23.0,"enemies":"Writhing Mass","floor":42.0,"turns":6.0},{"damage":8.0,"enemies":"3 Darklings","floor":43.0,"turns":6.0},{"damage":7.0,"enemies":"Giant Head","floor":44.0,"turns":8.0},{"damage":11.0,"enemies":"Nemesis","floor":46.0,"turns":5.0},{"damage":20.0,"enemies":"Reptomancer","floor":48.0,"turns":7.0},{"damage":16.0,"enemies":"4 Shapes","floor":49.0,"turns":3.0},{"damage":53.0,"enemies":"SI_POISON_ARCHETYPE","floor":50.0,"turns":12.0},{"damage":15.0,"enemies":"downfall:CharBossMerchant","floor":52.0,"turns":8.0},{"damage":35,"enemies":"downfall:NeowBoss","floor":55,"turns":11},{"damage":55,"enemies":"downfall:NeowBossFinal","floor":56,"turns":10}],"seed_played":"2725642588674103952","potions_obtained":[{"floor":2.0,"key":"SteroidPotion"},{"floor":3.0,"key":"champ:CounterPotion"},{"floor":5.0,"key":"Dexterity Potion"},{"floor":6.0,"key":"Weak Potion"},{"floor":8.0,"key":"Dexterity Potion"},{"floor":16.0,"key":"EntropicBrew"},{"floor":19.0,"key":"ColorlessPotion"},{"floor":25.0,"key":"AttackPotion"},{"floor":29.0,"key":"Guardian:AcceleratePotion"},{"floor":32.0,"key":"SkillPotion"},{"floor":33.0,"key":"Strength Potion"},{"floor":36.0,"key":"BlessingOfTheForge"},{"floor":43.0,"key":"Explosive Potion"},{"floor":44.0,"key":"Guardian:AcceleratePotion"},{"floor":48.0,"key":"Regen Potion"}],"is_trial":false,"path_per_floor":["R","M","M","$","M","E","T","M","M","$","M","?","R","E","M","B",null,"R","M","M","M","?","$","T","M","?","M","$","E","R","?","M","B",null,"R","M","$","M","M","R","T","M","M","E","R","E","R","E","M","B",null,"E","$","R","B","B",null],"character_chosen":"GUARDIAN","items_purchased":["Guardian:Orbwalk","ColorlessPotion","Guardian:TimeCapacitor","Ancient Potion","War Paint","expansioncontent:DashGenerateEvil","Dream Catcher","Guardian:PolyBeam","Guardian:Repulse+1"],"campfire_rested":2,"item_purchase_floors":[23,23,28,28,37,37,37,53,53],"current_hp_per_floor":[80,80,80,78,73,54,54,48,43,48,35,35,59,38,30,23,80,80,76,70,58,43,40,40,28,28,35,31,23,47,47,57,51,80,90,90,90,90,89,89,89,79,89,90,90,87,87,87,76,58,90,89,90,90,71,34],"gold":47,"neow_bonus":"ONE_RARE_RELIC","is_daily":false,"chose_seed":false,"campfire_upgraded":6,"win_rate":0.0,"timestamp":1610840846,"path_taken":["R","M","M","$","?","E","T","M","M","?","M","?","R","E","M","BOSS","R","M","M","M","?","$","T","M","?","?","$","E","R","?","M","BOSS","R","M","$","M","?","R","T","?","M","E","R","E","R","E","M","BOSS","E","$","R","BOSS","BOSS"],"items_purchased_type":["Card","Potion","Card","Potion","Relic","Card","Relic","Card","Card"],"build_version":"2020-12-22","purchased_purges":4,"victory":true,"max_hp_per_floor":[80,80,80,80,80,80,80,80,80,80,80,80,80,80,80,80,80,80,80,80,80,80,80,80,80,80,80,80,80,80,80,80,80,80,90,90,90,90,90,90,90,90,90,90,90,90,90,90,90,90,90,90,90,90,90,90],"relic_stats":{"Centennial Puzzle":[72],"Dream Catcher":0,"counters":[37,212],"Ornamental Fan":[104],"Bird Faced Urn":[215],"MealTicket":46,"Juzu Bracelet":0,"Whetstone":["Guardian:TwinSlam","Guardian:Strike_Guardian"],"War Paint":["Guardian:ShieldSpikes","Guardian:DecasProtection"],"obtain_stats":[{"Guardian:StasisSlotReductionRelic":17,"Lantern":52,"downfall:HeartBlessingRed":13,"Guardian:ModeShifter":0,"Guardian:SackOfGems":0,"downfall:HeartBlessingGreen":13,"Juzu Bracelet":48,"Whetstone":6,"Frozen Egg 2":29,"War Paint":37,"Bottled Tornado":46,"Akabeko":41,"Centennial Puzzle":14,"Dream Catcher":37,"Ornamental Fan":22,"downfall:HeartBlessingBlue":35,"Bird Faced Urn":22,"MealTicket":7,"Bag of Marbles":44,"Runic Pyramid":34},{"Guardian:StasisSlotReductionRelic":12,"Lantern":35,"downfall:HeartBlessingRed":9,"Guardian:ModeShifter":0,"Guardian:SackOfGems":0,"downfall:HeartBlessingGreen":9,"Juzu Bracelet":32,"Whetstone":5,"Frozen Egg 2":21,"War Paint":25,"Bottled Tornado":31,"Akabeko":27,"Centennial Puzzle":10,"Dream Catcher":25,"Ornamental Fan":16,"downfall:HeartBlessingBlue":23,"Bird Faced Urn":16,"MealTicket":5,"Bag of Marbles":30,"Runic Pyramid":23},{"Guardian:StasisSlotReductionRelic":56,"Lantern":191,"downfall:HeartBlessingRed":36,"Guardian:ModeShifter":0,"Guardian:SackOfGems":0,"downfall:HeartBlessingGreen":36,"Juzu Bracelet":168,"Whetstone":22,"Frozen Egg 2":105,"War Paint":125,"Bottled Tornado":161,"Akabeko":136,"Centennial Puzzle":42,"Dream Catcher":125,"Ornamental Fan":77,"downfall:HeartBlessingBlue":118,"Bird Faced Urn":77,"MealTicket":22,"Bag of Marbles":156,"Runic Pyramid":118}]},"card_choices":[{"not_picked":["Guardian:TemporalShield","Guardian:Suspension"],"picked":"Guardian:ChargeCore","floor":2.0},{"not_picked":["Guardian:MultiBeam","Guardian:ShieldCharger"],"picked":"Guardian:Preprogram","floor":3.0},{"not_picked":["Guardian:TimeBomb","Guardian:ShieldSpikes"],"picked":"Guardian:FastForward","floor":4.0},{"not_picked":["Guardian:WalkerClaw","Guardian:Recover"],"picked":"Guardian:FuturePlans","floor":5.0},{"not_picked":["Guardian:Recover","Guardian:Gem_Red"],"picked":"Guardian:TimeCapacitor","floor":6.0},{"not_picked":["Guardian:DonusPower","Guardian:Gem_Green"],"picked":"Guardian:Orbwalk","floor":8.0},{"not_picked":["Guardian:Gem_Yellow","Guardian:Recover"],"picked":"Guardian:Clone","floor":9.0},{"not_picked":["Guardian:VentSteam","Guardian:RefractedBeam"],"picked":"Guardian:Gem_White","floor":10.0},{"not_picked":["Guardian:FuturePlans","Guardian:VentSteam"],"picked":"Guardian:ShieldSpikes","floor":11.0},{"not_picked":["Guardian:Gem_Red","Guardian:PiercingHide"],"picked":"Guardian:DonusPower","floor":14.0},{"not_picked":["Guardian:Planning","Guardian:PiercingHide"],"picked":"Guardian:ShieldCharger","floor":15.0},{"not_picked":["Guardian:GemFinder","Guardian:GemFire"],"picked":"Guardian:FierceBash","floor":16.0},{"not_picked":["Guardian:TemporalStrike","Guardian:BodySlam"],"picked":"Guardian:DecasProtection","floor":19.0},{"not_picked":["Guardian:WalkerClaw","Guardian:PiercingHide"],"picked":"Guardian:EvasiveProtocol+1","floor":20.0},{"not_picked":["Guardian:ChargeCore+1","Guardian:Gem_Blue"],"picked":"Guardian:ChargeUp","floor":21.0},{"not_picked":["Guardian:CrystalBeam+1","Guardian:ShieldSpikes"],"picked":"Guardian:VentSteam","floor":23.0},{"not_picked":["Guardian:Gem_Red","Guardian:MultiBeam"],"picked":"Guardian:ShieldCharger+1","floor":25.0},{"not_picked":["Guardian:Gem_Green","Guardian:Incinerate","Guardian:ChargeCore"],"picked":"SKIP","floor":27.0},{"not_picked":["Guardian:RefractedBeam","Guardian:WalkerClaw+1","Guardian:PrismaticBeam"],"picked":"SKIP","floor":28.0},{"not_picked":["Guardian:Gem_Crimson","Guardian:PrismaticBeam"],"picked":"Guardian:Gem_Cyan","floor":29.0},{"not_picked":["Guardian:RollAttack","Guardian:BodySlam+1","Guardian:GuardianWhirl"],"picked":"SKIP","floor":32.0},{"not_picked":["Guardian:GemFire","Guardian:Gem_Synthetic"],"picked":"Guardian:TimeSifter+1","floor":33.0},{"not_picked":["Guardian:SpikerProtocol+1","Guardian:Gem_Green"],"picked":"Guardian:ShieldCharger","floor":36.0},{"not_picked":["Guardian:Suspension","Guardian:TemporalShield+1"],"picked":"Guardian:TimeCapacitor+1","floor":37.0},{"not_picked":["Guardian:TimeBomb","Guardian:VentSteam+1","Guardian:WalkerClaw"],"picked":"SKIP","floor":38.0},{"not_picked":["Guardian:Gem_Red","Guardian:Reroute+1","Guardian:Preprogram+1"],"picked":"SKIP","floor":39.0},{"not_picked":["Guardian:Gem_Cyan","Guardian:BodySlam","Guardian:VentSteam"],"picked":"SKIP","floor":42.0},{"not_picked":["Guardian:Planning+1","Guardian:Gem_Green","Guardian:PrimingBeam+1"],"picked":"SKIP","floor":43.0},{"not_picked":["Guardian:TemporalShield","Guardian:Gem_Purple"],"picked":"Guardian:Gem_Synthetic","floor":44.0},{"not_picked":["Guardian:PrismaticBarrier+1","Guardian:RefractedBeam"],"picked":"Guardian:BronzeArmor","floor":46.0},{"not_picked":["Guardian:ShieldCharger+1","Guardian:StasisStrike"],"picked":"Guardian:Clone","floor":48.0},{"not_picked":["Guardian:BodySlam","Guardian:CrystalBeam+1","Guardian:TemporalShield"],"picked":"SKIP","floor":49.0},{"not_picked":["Guardian:Gem_Crimson","Guardian:TemporalStrike","Guardian:Gem_Yellow"],"picked":"SKIP","floor":52.0}],"player_experience":1178411,"relics_obtained":[{"floor":6.0,"key":"Whetstone"},{"floor":7.0,"key":"MealTicket"},{"floor":14.0,"key":"Centennial Puzzle"},{"floor":22.0,"key":"Bird Faced Urn"},{"floor":22.0,"key":"Ornamental Fan"},{"floor":29.0,"key":"Frozen Egg 2"},{"floor":41.0,"key":"Akabeko"},{"floor":44.0,"key":"Bag of Marbles"},{"floor":46.0,"key":"Bottled Tornado"},{"floor":48.0,"key":"Juzu Bracelet"},{"floor":52.0,"key":"Lantern"}],"event_choices":[],"is_beta":false,"boss_relics":[{"not_picked":["Philosopher\u0027s Stone","Snecko Eye"],"picked":"Guardian:StasisSlotReductionRelic"},{"not_picked":["Calling Bell","SacredBark"],"picked":"Runic Pyramid"}],"items_purged_floors":[23,23,28,37],"is_endless":false,"potions_floor_spawned":[2,3,5,6,8,16,19,25,29,32,33,36,38,43,44,48],"ascension_level":1}}