{"host":"0qlrtuw7bw78ucw4","time":1610806458,"event":{"mods":["BaseMod","Downfall","Minty Spire (QoL Compilation)","StSLib"],"gold_per_floor":[99,99,99,24,24,24,24,44,29,47,62,62,12,12,30,134,134,84,84,69,89,104,104,104,204,237,187,205,205,155,170,184,288,288,238,254,283,283,283,293,367,317,317,334,346,97,127,144,156,156,156,156],"floor_reached":50,"language":"ENG","playtime":4909,"items_purged":["downfall:Malfunctioning","Slimebound:Defend_Slimebound"],"score":783,"play_id":"f4df24ca-5dd8-4e4b-8886-520fc2f9354d","local_time":"20210117011418","is_ascension_mode":true,"campfire_choices":[{"data":"Slimebound:CorrosiveSpit","floor":1,"key":"SMITH"},{"data":"Slimebound:Split","floor":13,"key":"SMITH"},{"data":"Slimebound:GoopSpray","floor":18,"key":"SMITH"},{"data":"Slimebound:Prepare","floor":27,"key":"SMITH"},{"floor":30,"key":"REST"},{"data":"Slimebound:TagTeam","floor":35,"key":"SMITH"},{"data":"Slimebound:SplitSpecialist","floor":42,"key":"SMITH"}],"circlet_count":0,"master_deck":["AscendersBane","Slimebound:Strike_Slimebound","Slimebound:Tackle","Slimebound:Defend_Slimebound+1","Slimebound:Defend_Slimebound","Slimebound:Split+1","Slimebound:CorrosiveSpit+1","Slimebound:ItLooksTasty+1","Slimebound:Schlurp","Slimebound:Repurpose+1","Slimebound:Prepare+1","Slimebound:GoopSpray+1","Slimebound:LeechingTouch","Slimebound:Overexert+1","Slimebound:SlimeTap+1","Slimebound:Recycling+1","Slimebound:SplitLeeching+1","Slimebound:SlimeSpikes+1","Slimebound:AcidTongue+1","Slimebound:SplitSpecialist+1","Slimebound:Teamwork+1","Slimebound:TagTeam+1","Slimebound:SlimeBarrage+1","Slimebound:LeadByExample+1","expansioncontent:LastStand+1","expansioncontent:AwakenDeath+1","expansioncontent:PolyBeam+1","Slimebound:SlimeBrawl+1"],"relics":["Slimebound:AbsorbEndCombatUpgraded","downfall:HeartsMalice","Slimebound:GreedOozeRelic","Frozen Egg 2","Matryoshka","Vajra","Mummified Hand","MutagenicStrength","War Paint","Coffee Dripper","Omamori","Toxic Egg 2","Eternal Feather","Lantern","Pen Nib"],"acts_visited":["Exordium","TheCity","TheBeyond"],"potions_floor_usage":[16,33,37,49,50,50],"damage_taken":[{"damage":0,"enemies":"Small Slimes","floor":2,"turns":1},{"damage":0,"enemies":"Jaw Worm","floor":3,"turns":1},{"damage":0,"enemies":"2 Louse","floor":6,"turns":1},{"damage":11,"enemies":"Blue Slaver","floor":8,"turns":2},{"damage":0,"enemies":"downfall:FleeingMerchant","floor":9,"turns":4},{"damage":7,"enemies":"Gremlin Gang","floor":10,"turns":5},{"damage":4,"enemies":"Exordium Wildlife","floor":11,"turns":3},{"damage":4,"enemies":"2 Fungi Beasts","floor":15,"turns":3},{"damage":47,"enemies":"WA_ARCHETYPE_RETAIN","floor":16,"turns":7},{"damage":0,"enemies":"Chosen","floor":19,"turns":1},{"damage":5,"enemies":"downfall:FleeingMerchant","floor":20,"turns":4},{"damage":32,"enemies":"3 Byrds","floor":21,"turns":4},{"damage":18,"enemies":"Centurion and Healer","floor":22,"turns":4},{"damage":0,"enemies":"downfall:Augmenter","floor":25,"turns":5},{"damage":9,"enemies":"Book of Stabbing","floor":26,"turns":5},{"damage":9,"enemies":"Snake Plant","floor":28,"turns":3},{"damage":3,"enemies":"3 Cultists","floor":31,"turns":4},{"damage":0,"enemies":"Cultist and Chosen","floor":32,"turns":4},{"damage":43,"enemies":"SI_MIRROR_ARCHETYPE","floor":33,"turns":14},{"damage":12,"enemies":"3 Darklings","floor":36,"turns":4},{"damage":3,"enemies":"downfall:FleeingMerchant","floor":37,"turns":4},{"damage":10,"enemies":"Orb Walker","floor":40,"turns":2},{"damage":16,"enemies":"Transient","floor":44,"turns":5},{"damage":5,"enemies":"Sphere and 2 Shapes","floor":45,"turns":3},{"damage":0,"enemies":"Reptomancer","floor":47,"turns":4},{"damage":21,"enemies":"Writhing Mass","floor":48,"turns":3},{"damage":18,"enemies":"Jaw Worm Horde","floor":49,"turns":3},{"damage":27,"enemies":"IC_BLOCK_ARCHETYPE","floor":50,"turns":4}],"seed_played":"1424677852039511983","potions_obtained":[{"floor":10,"key":"SkillPotion"},{"floor":11,"key":"Slimebound:SpawnSlimePotion"},{"floor":15,"key":"Ancient Potion"},{"floor":25,"key":"BlessingOfTheForge"},{"floor":26,"key":"EssenceOfSteel"},{"floor":31,"key":"Guardian:BlockOnCardUsePotion"},{"floor":33,"key":"DistilledChaos"},{"floor":40,"key":"champ:CounterPotion"},{"floor":44,"key":"hexamod:SoulburnPotion"},{"floor":47,"key":"Slimebound:SlimedPotion"}],"is_trial":false,"path_per_floor":["R","M","M","?","?","M","T","M","$","M","M","?","R","?","M","B",null,"R","M","$","M","M","?","T","?","E","R","M","?","R","M","M","B",null,"R","M","$","?","?","M","T","R","?","M","M","$","E","M","M","B"],"character_chosen":"SLIMEBOUND","items_purchased":["Slimebound:LeadByExample+1","Omamori","Lantern"],"campfire_rested":1,"item_purchase_floors":[37,37,46],"current_hp_per_floor":[59,59,59,59,59,59,59,50,54,52,51,51,51,48,45,2,49,49,49,54,24,12,12,12,20,15,15,10,10,29,28,34,9,51,51,45,46,36,36,28,28,43,35,33,34,34,38,21,15,0,0,0],"gold":156,"neow_bonus":"THREE_ENEMY_KILL","is_daily":false,"chose_seed":false,"campfire_upgraded":6,"win_rate":0.0,"timestamp":1610806458,"path_taken":["R","M","M","?","?","M","T","M","?","?","M","?","R","?","M","BOSS","R","M","$","M","M","?","T","?","E","R","M","?","R","M","M","BOSS","R","M","$","?","?","?","T","R","?","M","?","$","E","M","M","BOSS"],"items_purchased_type":["Card","Relic","Relic"],"build_version":"2020-12-22","purchased_purges":2,"victory":false,"max_hp_per_floor":[65,65,65,65,65,65,65,65,65,65,65,65,65,65,65,65,65,65,65,65,65,65,65,65,65,65,65,65,65,65,65,65,65,65,65,65,65,65,65,65,65,65,65,65,65,65,65,65,65,65,65,65],"card_choices":[{"not_picked":["Slimebound:LivingWall","Slimebound:FlameTackle"],"picked":"Slimebound:ItLooksTasty","floor":2},{"not_picked":["Slimebound:PressTheAttack","Slimebound:BestDefense"],"picked":"Slimebound:Schlurp","floor":3},{"not_picked":["Slimebound:SplitLeeching","Slimebound:SplitMire"],"picked":"Slimebound:Repurpose","floor":6},{"not_picked":["Slimebound:SlimeBrawl","Slimebound:SplitLeeching"],"picked":"Slimebound:Prepare","floor":8},{"not_picked":["Slimebound:GrowthPunch","Slimebound:Prepare"],"picked":"Slimebound:GoopSpray","floor":9},{"not_picked":["Slimebound:ItLooksTasty","Slimebound:SplitMire"],"picked":"Slimebound:LeechingTouch","floor":10},{"not_picked":["Slimebound:Recollect","Slimebound:SplitBruiser"],"picked":"Slimebound:Overexert+1","floor":11},{"not_picked":["Slimebound:SplitBruiser","Slimebound:GoopTackle"],"picked":"Slimebound:SlimeTap","floor":15},{"not_picked":["Slimebound:RallyTheTroops","Slimebound:MassRepurpose"],"picked":"Slimebound:Recycling+1","floor":16},{"not_picked":["Slimebound:HauntingLick","Slimebound:GrowthPunch"],"picked":"Slimebound:SplitLeeching","floor":19},{"not_picked":["Slimebound:HauntingLick","Slimebound:ViciousTackle","Slimebound:SamplingLick"],"picked":"SKIP","floor":20},{"not_picked":["Slimebound:Schlurp+1","Slimebound:ItLooksTasty+1"],"picked":"Slimebound:SlimeSpikes","floor":21},{"not_picked":["Slimebound:SlimeSlap","Slimebound:RollThrough+1","Slimebound:Schlurp"],"picked":"SKIP","floor":22},{"not_picked":["Slimebound:Recycling+1","Slimebound:Schlurp+1","Slimebound:LeechingTouch+1"],"picked":"SKIP","floor":26},{"not_picked":["Slimebound:RollThrough","Slimebound:ItLooksTasty+1","Slimebound:Grow+1"],"picked":"SKIP","floor":28},{"not_picked":["Slimebound:FinishingTackle","Slimebound:LivingWall","Slimebound:SplitMire+1"],"picked":"SKIP","floor":31},{"not_picked":["Slimebound:ComboTackle","Slimebound:PressTheAttack"],"picked":"Slimebound:Teamwork","floor":32},{"not_picked":["Slimebound:PrepareCrush","Slimebound:DouseInSlime"],"picked":"Slimebound:TagTeam","floor":33},{"not_picked":["Slimebound:SplitAcid","Slimebound:FinishingTackle+1","Slimebound:LeechingTouch+1"],"picked":"SKIP","floor":36},{"not_picked":["Slimebound:PressTheAttack","Slimebound:GoopSpray"],"picked":"Slimebound:SlimeBarrage+1","floor":37},{"not_picked":["expansioncontent:Chronoboost+1","expansioncontent:PolyBeam"],"picked":"expansioncontent:LastStand+1","floor":38},{"not_picked":["expansioncontent:HyperBeam","expansioncontent:YouAreMine"],"picked":"expansioncontent:AwakenDeath+1","floor":38},{"not_picked":["expansioncontent:GuardianWhirl","expansioncontent:LastStand+1"],"picked":"expansioncontent:PolyBeam","floor":38},{"not_picked":["Slimebound:ServeAndProtect+1","Slimebound:FinishingTackle+1","Slimebound:LivingWall"],"picked":"SKIP","floor":40},{"not_picked":["Slimebound:LivingWall+1","Slimebound:SplitMire+1","Slimebound:Dissolve+1"],"picked":"SKIP","floor":44},{"not_picked":["Slimebound:FinishingTackle","Slimebound:GoopSpray+1","Slimebound:SplitLeeching+1"],"picked":"SKIP","floor":45},{"not_picked":["Slimebound:HungryTackle","Slimebound:SplitLeeching+1","Slimebound:GrowthPunch+1"],"picked":"SKIP","floor":47},{"not_picked":["Slimebound:GoopSpray+1","Slimebound:SplitLeeching+1","Slimebound:HungryTackle+1"],"picked":"SKIP","floor":48},{"not_picked":["Slimebound:ServeAndProtect+1","Slimebound:GrowthPunch+1"],"picked":"Slimebound:SlimeBrawl+1","floor":49}],"player_experience":837402,"relics_obtained":[{"floor":7,"key":"Frozen Egg 2"},{"floor":24,"key":"Vajra"},{"floor":24,"key":"Mummified Hand"},{"floor":25,"key":"MutagenicStrength"},{"floor":26,"key":"War Paint"},{"floor":41,"key":"Toxic Egg 2"},{"floor":41,"key":"Eternal Feather"},{"floor":47,"key":"Pen Nib"}],"event_choices":[{"damage_healed":0,"gold_gain":0,"player_choice":"Success","damage_taken":3,"relics_obtained":["Matryoshka"],"max_hp_gain":0,"max_hp_loss":0,"event_name":"Scrap Ooze","floor":14,"gold_loss":0},{"damage_healed":0,"gold_gain":0,"player_choice":"Ignored","damage_taken":0,"max_hp_gain":0,"max_hp_loss":0,"event_name":"Ghosts","floor":23,"gold_loss":0}],"is_beta":false,"boss_relics":[{"not_picked":["Runic Pyramid","Calling Bell"],"picked":"Slimebound:AbsorbEndCombatUpgraded"},{"not_picked":["SlaversCollar","Pandora\u0027s Box"],"picked":"Coffee Dripper"}],"items_purged_floors":[37,46],"is_endless":false,"potions_floor_spawned":[10,11,15,25,26,31,32,33,40,44,47],"killed_by":"IC_BLOCK_ARCHETYPE","ascension_level":10}}