{"host":"pnw33a014vs8wril","time":1610805766,"event":{"mods":["BaseMod","Downfall","Highlight Path","Minty Spire (QoL Compilation)","StSLib"],"gold_per_floor":[99,119,119,119,131,41,41,56,56,56,41,76,94,120,140,237,237,237,249,263,363,383,383,383,268,268,268,268,268],"floor_reached":28,"language":"ENG","playtime":1750,"items_purged":["bronze:Strike","bronze:Defend"],"score":226,"play_id":"26b11036-8cf7-428f-afdc-c268b6e79dbb","local_time":"20210116150246","is_ascension_mode":false,"campfire_choices":[{"data":"bronze:SpaghettiCode","floor":1,"key":"SMITH"},{"data":"bronze:DazingPulse","floor":9,"key":"SMITH"},{"data":"bronze:Return","floor":18,"key":"SMITH"},{"data":"bronze:Goto","floor":23,"key":"SMITH"},{"data":"bronze:DonuBeam","floor":26,"key":"SMITH"}],"circlet_count":0,"master_deck":["bronze:Defend","bronze:Defend","bronze:Replicate","bronze:Goto+1","bronze:Fortify","bronze:SpaghettiCode+1","bronze:DazingPulse+1","bronze:Optimize","bronze:ChildClass","bronze:WhirlingStrike","bronze:Frontload","bronze:Return+1","bronze:CleanCode","bronze:ChildClass+1","bronze:Assembly+1","bronze:ItsAFeature","bronze:Iterate","bronze:DonuBeam+1","bronze:Iterate","bronze:Allocate+1","bronze:BitShift+1"],"relics":["bronze:BronzeCore","Bottled Lightning","Turnip","Toxic Egg 2","bronze:MakeshiftBattery","Kunai"],"acts_visited":["Exordium","TheCity"],"potions_floor_usage":[],"damage_taken":[{"damage":0,"enemies":"Small Slimes","floor":2,"turns":3},{"damage":0,"enemies":"Small Slimes","floor":3,"turns":3},{"damage":0,"enemies":"Jaw Worm","floor":5,"turns":1},{"damage":0,"enemies":"downfall:FleeingMerchant","floor":6,"turns":4},{"damage":1,"enemies":"2 Louse","floor":8,"turns":3},{"damage":3,"enemies":"downfall:FleeingMerchant","floor":11,"turns":4},{"damage":16,"enemies":"Lagavulin","floor":12,"turns":4},{"damage":4,"enemies":"2 Fungi Beasts","floor":13,"turns":3},{"damage":30,"enemies":"Gremlin Nob","floor":14,"turns":5},{"damage":0,"enemies":"Exordium Wildlife","floor":15,"turns":4},{"damage":9,"enemies":"WA_ARCHETYPE_RETAIN","floor":16,"turns":8},{"damage":2,"enemies":"3 Byrds","floor":19,"turns":6},{"damage":12,"enemies":"Chosen","floor":20,"turns":6},{"damage":0,"enemies":"Chosen","floor":21,"turns":4},{"damage":8,"enemies":"Snake Plant","floor":22,"turns":3},{"damage":0,"enemies":"downfall:FleeingMerchant","floor":25,"turns":4},{"damage":51,"enemies":"Book of Stabbing","floor":28,"turns":5}],"seed_played":"3492139021293511253","potions_obtained":[{"floor":2,"key":"CultistPotion"},{"floor":8,"key":"FairyPotion"},{"floor":12,"key":"SteroidPotion"},{"floor":14,"key":"bronze:CleanCodePotion"},{"floor":16,"key":"bronze:BurnAndBuffPotion"},{"floor":19,"key":"Swift Potion"},{"floor":27,"key":"CultistPotion"}],"is_trial":false,"path_per_floor":["R","M","?","?","M","$","T","M","R","?","$","E","M","E","M","B",null,"R","M","M","?","M","R","T","$","R","?","E"],"character_chosen":"THE_AUTOMATON","items_purchased":[],"campfire_rested":0,"item_purchase_floors":[],"current_hp_per_floor":[49,49,49,49,49,49,49,48,48,48,45,29,25,21,21,12,70,70,68,56,56,48,48,48,48,48,48,0,0],"gold":268,"neow_bonus":"TRANSFORM_TWO_CARDS","is_daily":false,"chose_seed":false,"campfire_upgraded":5,"win_rate":0.0,"timestamp":1610805766,"path_taken":["R","M","?","?","?","$","T","M","R","?","$","E","M","E","M","BOSS","R","M","M","?","M","R","T","$","R","?","E"],"items_purchased_type":[],"build_version":"2020-12-22","purchased_purges":2,"victory":false,"max_hp_per_floor":[70,70,70,70,70,70,70,70,70,70,70,70,70,70,70,70,70,70,70,70,70,70,70,70,70,70,70,70,70],"card_choices":[{"not_picked":["bronze:CloningBeam","bronze:Shield","bronze:BitShift"],"picked":"SKIP","floor":2},{"not_picked":[],"picked":"bronze:DazingPulse","floor":3},{"not_picked":["bronze:Allocate","bronze:FollowUp"],"picked":"bronze:Optimize","floor":5},{"not_picked":["bronze:MaxOutput","bronze:Deprecate"],"picked":"bronze:ChildClass","floor":6},{"not_picked":["bronze:ItsAFeature","bronze:DelayedSlice"],"picked":"bronze:WhirlingStrike","floor":8},{"not_picked":["bronze:Repair","bronze:Deprecate"],"picked":"bronze:Return","floor":11},{"not_picked":["bronze:ItsAFeature","bronze:FollowUp"],"picked":"bronze:CleanCode","floor":12},{"not_picked":["bronze:BitShift","bronze:WildBeam","bronze:Turbo"],"picked":"SKIP","floor":13},{"not_picked":["bronze:MaxOutput","bronze:Overheat","bronze:Iterate"],"picked":"SKIP","floor":14},{"not_picked":["bronze:Frontload+1","bronze:Philosophize+1"],"picked":"bronze:ChildClass+1","floor":15},{"not_picked":["bronze:HyperBeam","bronze:AlphaBuild"],"picked":"bronze:Assembly+1","floor":16},{"not_picked":["bronze:Overheat","bronze:Backtrace"],"picked":"bronze:ItsAFeature","floor":19},{"not_picked":["bronze:Frontload+1","bronze:BuggyMess+1"],"picked":"bronze:Iterate","floor":20},{"not_picked":[],"picked":"bronze:DonuBeam","floor":21},{"not_picked":["bronze:WildBeam","bronze:WhirlingStrike"],"picked":"bronze:Iterate","floor":21},{"not_picked":["bronze:AlphaBuild","bronze:NullPointer"],"picked":"bronze:Allocate+1","floor":22},{"not_picked":["bronze:CloningBeam","bronze:Allocate+1"],"picked":"bronze:BitShift+1","floor":25}],"player_experience":947894,"relics_obtained":[{"floor":7,"key":"Bottled Lightning"},{"floor":12,"key":"Turnip"},{"floor":14,"key":"Toxic Egg 2"},{"floor":24,"key":"Kunai"}],"event_choices":[],"is_beta":false,"boss_relics":[{"not_picked":["Calling Bell","Empty Cage"],"picked":"bronze:MakeshiftBattery"}],"items_purged_floors":[6,25],"is_endless":false,"potions_floor_spawned":[2,8,12,13,14,16,19,20],"killed_by":"Book of Stabbing","ascension_level":0}}