{"host":"78azdv0oxplymbah","time":1610801661,"event":{"mods":["Aspiration","BaseMod","BetterRewards","Challenge The Spire","Highlight Path","Minty Spire (QoL Compilation)","MostiFishMod","Quick Restart","Relic Stats","Remove Card Discount Mod","Replay The Spire","Spicy Shops","StSLib","The Servant 0.9.4","vexMod","°æπ¶ƒ‹Mod°øªÏ„Á÷Æª∑–ﬁ∏¥≤π∂°","°æ“≈ŒÔø®≈∆°øREMEMod"],"gold_per_floor":[112,112,187,35,51,78,78,112,112,132,148,148,159,159,159,262,262,275,29,569,579,597,628,628,654,654,664,674,691,616,631,731,826,826,838,838,889,226,72,106,119,94,144,190,202,214,267,300,312,324,336,348,120,158,158],"floor_reached":56,"language":"ZHS","playtime":1827,"items_purged":["Injury","Defend_G","Defend_G","Strike_G","Strike_G","Strike_G","Defend_G","Languid","Amnesia","Strike_G","Defend_G","Doubt","Survivor","Acrobatics+1","ReplayTheSpireMod:Splinters","Bouncing Flask+1","Voices","PiercingWail+1"],"score":1854,"play_id":"e7e7466f-2d69-4540-a1dc-1088929e4c78","local_time":"20210116205421","is_ascension_mode":true,"campfire_choices":[{"floor":7,"key":"RECALL"},{"data":"Bouncing Flask","floor":12,"key":"SMITH"},{"data":"Neutralize","floor":15,"key":"SMITH"},{"floor":24,"key":"REST"},{"data":"Crippling Poison","floor":46,"key":"SMITH"},{"data":"MostiFishMod:PreservedThorns","floor":49,"key":"SMITH"},{"data":"MostiFishMod:PreservedThorns","floor":52,"key":"SMITH"}],"circlet_count":0,"master_deck":["Neutralize+1","Poisoned Stab","Accuracy+1","Envenom+1","MostiFishMod:PreservedThorns+1","MostiFishMod:Neurotoxin+1","AbeCurse","Crippling Poison+1","MostiFishMod:PreservedThorns+1","MostiFishMod:Neurotoxin+1","MostiFishMod:ThornCasing+1","Blade Dance","Languid"],"relics":["Ring of the Snake","DaveBox","REME_ComplimentaryCards","FeatherPendant","SynthV:TestCard","Frozen Egg 2","vexMod:RedPlottingStone","vexMod:FocusSash","Replay:Accelerometer","Mirror","ReplayTheSpireMod:Shallot","Replay:Ancient Bell","Replay:Baseball","Mercury Hourglass","vexMod:PlasmaPancake","Ninja Scroll","Nunchaku","TungstenRod","Happy Flower","Peace Pipe","Onion Ring","aspiration:DefectSkillbook","Ring of Panic","ReplayTheSpireMod:Ring of Collecting","vexMod:RetaliationKit","REME_HourglassOfDeath","Toolbox","SynthV:C4","Gremlin Food","Sundial","Ring of Greed","MawBank","Golden Idol","Toxic Egg 2","Vajra","Boot","Pocketwatch","Iron Hammer"],"acts_visited":["Exordium","TheCity","TheBeyond","TheEnding"],"potions_floor_usage":[],"damage_taken":[{"damage":0,"enemies":"Small Slimes","floor":1,"turns":3},{"damage":0,"enemies":"Jaw Worm","floor":5,"turns":2},{"damage":11,"enemies":"3 Sentries","floor":6,"turns":5},{"damage":0,"enemies":"Gremlin Nob","floor":8,"turns":2},{"damage":0,"enemies":"Cultist","floor":10,"turns":2},{"damage":0,"enemies":"Looter","floor":11,"turns":1},{"damage":0,"enemies":"Large Slime","floor":13,"turns":2},{"damage":0,"enemies":"Fading Forest","floor":16,"turns":6},{"damage":0,"enemies":"3 Byrds","floor":18,"turns":1},{"damage":0,"enemies":"2 Thieves","floor":21,"turns":1},{"damage":0,"enemies":"Snake Plant","floor":22,"turns":2},{"damage":0,"enemies":"Book of Stabbing","floor":23,"turns":2},{"damage":0,"enemies":"REME_1_Revenger","floor":25,"turns":2},{"damage":0,"enemies":"Cultist and Chosen","floor":27,"turns":2},{"damage":0,"enemies":"3 Cultists","floor":28,"turns":1},{"damage":0,"enemies":"Snake Plant","floor":29,"turns":2},{"damage":0,"enemies":"Sentry and Sphere","floor":31,"turns":1},{"damage":0,"enemies":"Colosseum Slavers","floor":32,"turns":1},{"damage":0,"enemies":"Colosseum Nobs","floor":32,"turns":1},{"damage":0,"enemies":"Collector","floor":33,"turns":1},{"damage":0,"enemies":"3 Darklings","floor":35,"turns":1},{"damage":0,"enemies":"Nemesis","floor":40,"turns":1},{"damage":9,"enemies":"3 Shapes","floor":41,"turns":1},{"damage":0,"enemies":"Giant Head","floor":44,"turns":1},{"damage":0,"enemies":"R_Hoarder","floor":47,"turns":3},{"damage":0,"enemies":"Spire Growth","floor":48,"turns":1},{"damage":0,"enemies":"Donu and Deca","floor":50,"turns":1},{"damage":0,"enemies":"Shield and Spear","floor":54,"turns":1},{"damage":11,"enemies":"The Heart","floor":55,"turns":3}],"seed_played":"-6118473292529606946","potions_obtained":[{"floor":8,"key":"Languid Potion"},{"floor":13,"key":"FearPotion"},{"floor":22,"key":"Poison Potion"}],"is_trial":false,"path_per_floor":["M","?","?","$","M","E","R","E","T","M","M","R","M","?","R","B",null,"M","$","?","M","M","E","R","E","T","M","M","M","?","M","R","B",null,"M","?","?","$","$","E","M","?","T","E","?","R","E","M","R","B",null,"R","$","E","B",null],"character_chosen":"THE_SILENT","items_purchased":["vexMod:RedPlottingStone","vexMod:FocusSash","Ninja Scroll","vexMod:RetaliationKit","REME_HourglassOfDeath","Toolbox","SynthV:C4","Gremlin Food","Boot","Pocketwatch"],"campfire_rested":1,"item_purchase_floors":[4,4,19,38,38,38,38,39,53,53],"current_hp_per_floor":[77,77,66,66,66,55,55,55,55,55,55,55,55,55,55,55,83,83,83,26,26,26,26,50,50,50,50,50,50,50,50,50,50,83,83,83,83,83,83,83,76,76,76,76,76,76,76,76,76,76,85,85,85,85,74],"gold":158,"neow_bonus":"TEN_PERCENT_HP_BONUS","is_daily":false,"chose_seed":false,"campfire_upgraded":5,"win_rate":0.0,"timestamp":1610801661,"path_taken":["M","?","?","$","M","E","R","E","T","M","M","R","M","?","R","BOSS","M","$","?","M","M","E","R","E","T","M","M","?","?","M","R","BOSS","M","?","?","?","$","E","?","?","T","E","?","R","E","M","R","BOSS","R","$","E","BOSS"],"items_purchased_type":["Relic","Relic","Relic","Relic","Relic","Relic","Relic","Relic","Relic","Relic"],"build_version":"2020-12-22","purchased_purges":18,"victory":true,"max_hp_per_floor":[77,77,77,77,77,77,77,77,77,77,77,77,77,77,77,77,83,83,83,83,83,83,83,83,83,83,83,83,83,83,83,83,83,83,83,83,83,83,83,83,85,85,85,85,85,85,85,85,85,85,85,85,85,85,85],"relic_stats":{"Happy Flower":[7],"counters":[29,52],"Golden Idol":77,"MawBank":120,"Boot":[0],"Mercury Hourglass":[128],"Peace Pipe":0,"Nunchaku":[23],"Sundial":[0],"obtain_stats":[{"Replay:Accelerometer":6,"vexMod:PlasmaPancake":17,"DaveBox":0,"Vajra":47,"Boot":53,"SynthV:C4":38,"Nunchaku":23,"aspiration:DefectSkillbook":34,"Ninja Scroll":19,"Sundial":40,"vexMod:RedPlottingStone":4,"Toolbox":38,"Iron Hammer":54,"Ring of Panic":36,"Toxic Egg 2":44,"vexMod:RetaliationKit":38,"Ring of the Snake":0,"Gremlin Food":39,"Happy Flower":26,"Golden Idol":43,"Replay:Ancient Bell":17,"vexMod:FocusSash":4,"Ring of Greed":43,"Frozen Egg 2":2,"MawBank":43,"Mercury Hourglass":17,"Peace Pipe":32,"Replay:Baseball":17,"SynthV:TestCard":1,"ReplayTheSpireMod:Shallot":9,"REME_HourglassOfDeath":38,"FeatherPendant":0,"ReplayTheSpireMod:Ring of Collecting":36,"Onion Ring":32,"Mirror":8,"TungstenRod":25,"REME_ComplimentaryCards":0,"Pocketwatch":53},{"Replay:Accelerometer":3,"vexMod:PlasmaPancake":8,"DaveBox":0,"Vajra":25,"Boot":27,"SynthV:C4":21,"Nunchaku":12,"aspiration:DefectSkillbook":20,"Ninja Scroll":9,"Sundial":22,"vexMod:RedPlottingStone":1,"Toolbox":21,"Iron Hammer":28,"Ring of Panic":21,"Toxic Egg 2":24,"vexMod:RetaliationKit":21,"Ring of the Snake":0,"Gremlin Food":21,"Happy Flower":13,"Golden Idol":23,"Replay:Ancient Bell":8,"vexMod:FocusSash":1,"Ring of Greed":23,"Frozen Egg 2":1,"MawBank":23,"Mercury Hourglass":8,"Peace Pipe":19,"Replay:Baseball":8,"SynthV:TestCard":1,"ReplayTheSpireMod:Shallot":4,"REME_HourglassOfDeath":21,"FeatherPendant":0,"ReplayTheSpireMod:Ring of Collecting":21,"Onion Ring":19,"Mirror":4,"TungstenRod":13,"REME_ComplimentaryCards":0,"Pocketwatch":27},{"Replay:Accelerometer":10,"vexMod:PlasmaPancake":23,"DaveBox":0,"Vajra":46,"Boot":48,"SynthV:C4":40,"Nunchaku":28,"aspiration:DefectSkillbook":39,"Ninja Scroll":24,"Sundial":41,"vexMod:RedPlottingStone":3,"Toolbox":40,"Iron Hammer":49,"Ring of Panic":40,"Toxic Egg 2":43,"vexMod:RetaliationKit":40,"Ring of the Snake":0,"Gremlin Food":40,"Happy Flower":30,"Golden Idol":42,"Replay:Ancient Bell":23,"vexMod:FocusSash":3,"Ring of Greed":42,"Frozen Egg 2":3,"MawBank":42,"Mercury Hourglass":23,"Peace Pipe":38,"Replay:Baseball":23,"SynthV:TestCard":3,"ReplayTheSpireMod:Shallot":12,"REME_HourglassOfDeath":40,"FeatherPendant":0,"ReplayTheSpireMod:Ring of Collecting":40,"Onion Ring":38,"Mirror":12,"TungstenRod":30,"REME_ComplimentaryCards":0,"Pocketwatch":48}],"TungstenRod":46,"Ring of the Snake":[58],"Pocketwatch":[0]},"card_choices":[{"not_picked":["Bane","ReplayTheSpireMod:The Works"],"picked":"Poisoned Stab","floor":1},{"not_picked":["Dagger Spray","Dodge and Roll","Blade Dance","Poisoned Stab"],"picked":"Accuracy+1","floor":5},{"not_picked":["MostiFishMod:PerfectParry","Replay:Poison Smokescreen","REME_GreenPollution+1","Noxious Fumes+1"],"picked":"Envenom+1","floor":6},{"not_picked":["ReplayTheSpireMod:Speed Training","Prepared","Replay:Poison Smokescreen","Predator"],"picked":"MostiFishMod:PreservedThorns","floor":8},{"not_picked":["MostiFishMod:PerfectParry","Replay:Poison Smokescreen","Flying Knee","Slice"],"picked":"Bouncing Flask","floor":10},{"not_picked":["Hidden Blade","Dodge and Roll","Dagger Spray","ReplayTheSpireMod:Exploit Weakness","Slice"],"picked":"SKIP","floor":11},{"not_picked":["REME_GreenPollution+1","Replay:Poison Smokescreen","REME_ShadowForm+1","Backflip","Dagger Spray"],"picked":"SKIP","floor":13},{"not_picked":["REME_CopyPotion","MostiFishMod:HiddenBlade","MostiFishMod:LethalBlade+1","Wraith Form v2+1"],"picked":"MostiFishMod:Neurotoxin+1","floor":16},{"not_picked":["ReplayTheSpireMod:Doomed","ReplayTheSpireMod:Restless Dread","ReplayTheSpireMod:IOU","AbeCurse"],"picked":"Amnesia","floor":17},{"not_picked":["ReplayTheSpireMod:Restless Dread","CommonCold","Voices","Doubt"],"picked":"Languid","floor":17},{"not_picked":["Replay:Hysterical Blindness","Pain","Injury","Sickly"],"picked":"AbeCurse","floor":17},{"not_picked":["Draining Mist+1","Terror+1","Blur","Catalyst"],"picked":"Crippling Poison","floor":18},{"not_picked":["Flying Knee","Bane","Fluid Movement+1","Poisoned Stab+1","Deflect+1"],"picked":"SKIP","floor":21},{"not_picked":["Sucker Punch+1","Reflex","Deadly Poison","Fluid Movement+1","Bouncing Flask+1"],"picked":"SKIP","floor":22},{"not_picked":["Deflect","Slice+1","Leg Sweep+1","ReplayTheSpireMod:Shiv Toss","Sucker Punch"],"picked":"SKIP","floor":23},{"not_picked":["Phantasmal Killer","Sucker Punch","Deflect+1","Slice","Backstab"],"picked":"SKIP","floor":25},{"not_picked":["Draining Mist","Caltrops+1","Blade Dance+1","Cloak And Dagger"],"picked":"MostiFishMod:PreservedThorns","floor":27},{"not_picked":["Backflip","Flying Knee","Prepared","Bane"],"picked":"PiercingWail+1","floor":28},{"not_picked":["Cloak And Dagger","PiercingWail+1","MostiFishMod:Dislodge","ReplayTheSpireMod:Exploit Weakness","Skewer+1"],"picked":"SKIP","floor":29},{"not_picked":["Noxious Fumes+1","Endless Agony","Flying Knee","MostiFishMod:PerfectParry","Backflip"],"picked":"SKIP","floor":31},{"not_picked":["Burst","MostiFishMod:ShivMaster+1","Unload","A Thousand Cuts+1"],"picked":"MostiFishMod:Neurotoxin+1","floor":33},{"not_picked":["Go for the Eyes+1","Glacier+1","Deadly Poison","Backflip+1","BasicCrystalCard+1"],"picked":"MostiFishMod:ThornCasing+1","floor":35},{"not_picked":["MostiFishMod:PushDownKick+1","Expertise+1","Deadly Poison+1","BootSequence+1","Redo"],"picked":"Blade Dance","floor":37},{"not_picked":["Quick Slash","Redo+1","Streamline","ReplayTheSpireMod:Tripwire+1","MostiFishMod:DeathFromBelow","Auto Shields"],"picked":"SKIP","floor":40},{"not_picked":["Bouncing Flask+1","Panic Button+1","Dodge and Roll+1","Gash","Endless Agony+1","Compile Driver"],"picked":"SKIP","floor":41},{"not_picked":["Streamline+1","Ball Lightning","REME_ShadowStrike+1","Hidden Blade+1","Quick Slash+1","Backflip+1"],"picked":"SKIP","floor":44},{"not_picked":["All Out Attack","Turbo+1","REME_SpectralBlade","ReplaySolidLightProjector+1","PiercingWail+1","Glacier+1"],"picked":"SKIP","floor":47},{"not_picked":["ReplayTheSpireMod:The Works+1","PiercingWail+1","Streamline","Expertise+1","Turbo+1","Prepared+1"],"picked":"SKIP","floor":48},{"not_picked":["Deflect+1","Reinforced Body+1","Flying Knee+1","Poisoned Stab","Gash+1","Noxious Fumes+1"],"picked":"SKIP","floor":54}],"player_experience":28454,"relics_obtained":[{"floor":1,"key":"SynthV:TestCard"},{"floor":6,"key":"Replay:Accelerometer"},{"floor":8,"key":"Mirror"},{"floor":9,"key":"ReplayTheSpireMod:Shallot"},{"floor":23,"key":"Nunchaku"},{"floor":25,"key":"TungstenRod"},{"floor":26,"key":"Happy Flower"},{"floor":32,"key":"Peace Pipe"},{"floor":32,"key":"Onion Ring"},{"floor":36,"key":"Ring of Panic"},{"floor":36,"key":"ReplayTheSpireMod:Ring of Collecting"},{"floor":40,"key":"Sundial"},{"floor":43,"key":"Ring of Greed"},{"floor":43,"key":"MawBank"},{"floor":43,"key":"Golden Idol"},{"floor":44,"key":"Toxic Egg 2"},{"floor":47,"key":"Vajra"},{"floor":54,"key":"Iron Hammer"}],"event_choices":[{"damage_healed":0,"gold_gain":75,"player_choice":"Gather Gold","damage_taken":11,"max_hp_gain":0,"max_hp_loss":0,"event_name":"World of Goop","floor":3,"gold_loss":0},{"damage_healed":0,"gold_gain":540,"player_choice":"GOLD GOLD GOLD GOLD GOLD GOLD ","damage_taken":57,"max_hp_gain":0,"max_hp_loss":0,"event_name":"Knowing Skull","floor":20,"potions_obtained":[],"gold_loss":0,"cards_obtained":[]},{"cards_removed":["Strike_G"],"damage_healed":0,"gold_gain":0,"player_choice":"Gave Gold","damage_taken":0,"max_hp_gain":0,"max_hp_loss":0,"event_name":"Beggar","floor":30,"gold_loss":75},{"damage_healed":0,"gold_gain":0,"player_choice":"Fight","damage_taken":0,"max_hp_gain":0,"max_hp_loss":0,"event_name":"Colosseum","floor":32,"gold_loss":0},{"damage_healed":0,"gold_gain":0,"player_choice":"Fought Nobs","damage_taken":0,"max_hp_gain":0,"max_hp_loss":0,"event_name":"Colosseum","floor":32,"gold_loss":0},{"damage_healed":0,"gold_gain":0,"player_choice":"Memory 1","damage_taken":0,"max_hp_gain":0,"max_hp_loss":0,"event_name":"SensoryStone","floor":45,"gold_loss":0}],"is_beta":false,"boss_relics":[{"not_picked":["GuanYuAspect","vexMod:ImprovementManual"],"picked":"Replay:Ancient Bell"},{"not_picked":["aspiration:ChemicalBlood","REME_PuzzleBoxRelic"],"picked":"Replay:Baseball"},{"not_picked":["Darkstone Periapt","aspiration:StickyExplosives_weak"],"picked":"Mercury Hourglass"},{"not_picked":["Bird Faced Urn","Mango"],"picked":"vexMod:PlasmaPancake"},{"not_picked":["OneHitWonderSystem","TimeKeys"],"picked":"aspiration:DefectSkillbook"}],"items_purged_floors":[4,4,4,4,4,4,4,19,19,19,19,38,38,38,38,38,53,53],"is_endless":false,"potions_floor_spawned":[8,13,22,25,31,32,33,44,48,54],"ascension_level":1}}