{"host":"i0avyit1s6jb1siw","time":1610802476,"event":{"mods":["BaseMod","DeckTracker","Dota2Spire","Highlight Path","Minty Spire (QoL Compilation)","Quick Restart","StSLib","SuperFastMode"],"gold_per_floor":[109,109,184,202,83,111,111,160,185,197,224,282,313,373,385,503,515,567,579,579],"floor_reached":19,"language":"ENG","playtime":391,"items_purged":["Strike_G"],"score":392,"play_id":"bfec4ad4-6571-4f1c-b7b5-143371839006","local_time":"20210116140756","is_ascension_mode":true,"campfire_choices":[{"data":"Finisher","floor":10,"key":"SMITH"},{"floor":15,"key":"REST"}],"circlet_count":0,"master_deck":["AscendersBane","Strike_G","Strike_G","Strike_G","Defend_G","Defend_G","Defend_G","Defend_G","Defend_G","Survivor","Neutralize","Deadly Poison","Poisoned Stab","Infinite Blades","Escape Plan","Finisher+1","Infinite Blades","Well Laid Plans","Corpse Explosion"],"relics":["Ring of the Snake","NeowsBlessing","Dota2Spire:HandOfMidas","MawBank","Runic Pyramid"],"acts_visited":["Exordium","TheCity"],"potions_floor_usage":[15,16],"damage_taken":[{"damage":0,"enemies":"2 Louse","floor":1,"turns":1},{"damage":0,"enemies":"Small Slimes","floor":4,"turns":1},{"damage":0,"enemies":"3 Sentries","floor":6,"turns":2},{"damage":3,"enemies":"Cultist","floor":8,"turns":4},{"damage":1,"enemies":"2 Fungi Beasts","floor":11,"turns":3},{"damage":15,"enemies":"Large Slime","floor":12,"turns":4},{"damage":8,"enemies":"Blue Slaver","floor":13,"turns":4},{"damage":4,"enemies":"2 Fungi Beasts","floor":14,"turns":3},{"damage":39,"enemies":"Slime Boss","floor":16,"turns":12},{"damage":27,"enemies":"3 Byrds","floor":18,"turns":6},{"damage":30,"enemies":"Shell Parasite","floor":19,"turns":4}],"seed_played":"-7049906698809063209","potions_obtained":[{"floor":4,"key":"Regen Potion"},{"floor":7,"key":"Block Potion"},{"floor":12,"key":"Fruit Juice"},{"floor":18,"key":"Weak Potion"}],"is_trial":false,"path_per_floor":["M","?","?","M","$","E","?","M","T","R","M","M","M","M","R","B",null,"M","M"],"character_chosen":"THE_SILENT","items_purchased":["Infinite Blades"],"campfire_rested":1,"item_purchase_floors":[5],"current_hp_per_floor":[59,59,48,48,48,48,48,45,45,45,44,29,21,17,43,4,54,27,0,0],"gold":579,"neow_bonus":"THREE_ENEMY_KILL","is_daily":false,"chose_seed":false,"campfire_upgraded":1,"win_rate":0.0,"timestamp":1610802476,"path_taken":["M","?","?","M","$","E","?","M","T","R","M","M","M","M","R","BOSS","M","?"],"items_purchased_type":["Card"],"build_version":"2020-12-22","purchased_purges":1,"victory":false,"max_hp_per_floor":[66,66,66,66,66,66,66,66,66,66,66,66,66,66,71,71,71,71,71,71],"card_choices":[{"not_picked":["Sucker Punch","Expertise"],"picked":"Deadly Poison","floor":1},{"not_picked":["Backflip","Prepared"],"picked":"Poisoned Stab","floor":4},{"not_picked":["Caltrops","Distraction"],"picked":"Escape Plan","floor":6},{"not_picked":["Deflect","Slice"],"picked":"Finisher","floor":8},{"not_picked":["Slice","Skewer"],"picked":"Infinite Blades","floor":11},{"not_picked":["Dodge and Roll","Flying Knee","Backflip"],"picked":"SKIP","floor":12},{"not_picked":["Poisoned Stab","Deadly Poison","Backflip"],"picked":"SKIP","floor":13},{"not_picked":["Acrobatics","Crippling Poison"],"picked":"Well Laid Plans","floor":14},{"not_picked":["Doppelganger","Glass Knife"],"picked":"Corpse Explosion","floor":16},{"not_picked":["Eviscerate","Quick Slash","Dagger Spray"],"picked":"SKIP","floor":18}],"player_experience":2259557,"relics_obtained":[{"floor":6,"key":"Dota2Spire:HandOfMidas"},{"floor":9,"key":"MawBank"}],"event_choices":[{"cards_removed":["Strike_G"],"damage_healed":0,"gold_gain":0,"player_choice":"Forget","damage_taken":0,"max_hp_gain":0,"max_hp_loss":0,"event_name":"Living Wall","floor":2,"gold_loss":0},{"damage_healed":0,"gold_gain":75,"player_choice":"Gather Gold","damage_taken":11,"max_hp_gain":0,"max_hp_loss":0,"event_name":"World of Goop","floor":3,"gold_loss":0},{"damage_healed":0,"gold_gain":0,"player_choice":"Got Potions","damage_taken":0,"max_hp_gain":0,"max_hp_loss":0,"event_name":"Lab","floor":7,"gold_loss":0}],"is_beta":false,"boss_relics":[{"not_picked":["Ring of the Serpent","SlaversCollar"],"picked":"Runic Pyramid"}],"items_purged_floors":[5],"is_endless":false,"potions_floor_spawned":[4,11,12,18],"killed_by":"Shell Parasite","ascension_level":20}}