{"host":"2tgyrzvaa7l04o2e","time":1610840900,"event":{"mods":["BaseMod","Highlight Path","Minty Spire (QoL Compilation)","Permanent Neow","Relic Stats"],"gold_per_floor":[113,123,93,107,127,127,141,174,174,174,36,36,63,83,83,157,157,173,208,208,218,237,237,250,285,285,285,295,295,323,323,323,401,401,418,12,30,48,63,89,89,124,148,148,173,173,204,217,217,217,217,217,217,0,28,28],"floor_reached":57,"language":"ENG","playtime":3596,"items_purged":["Strike_G+1","Strike_G+1"],"score":2909,"play_id":"82c52f2e-614f-4ffb-a5e7-17a84e366058","local_time":"20210117004820","is_ascension_mode":true,"campfire_choices":[{"data":"Bouncing Flask","floor":6,"key":"SMITH"},{"data":"Sadistic Nature","floor":10,"key":"SMITH"},{"floor":15,"key":"REST"},{"data":"Burst","floor":23,"key":"SMITH"},{"data":"Leg Sweep","floor":27,"key":"SMITH"},{"data":"Footwork","floor":29,"key":"SMITH"},{"data":"Adrenaline","floor":32,"key":"SMITH"},{"floor":41,"key":"RECALL"},{"data":"Wraith Form v2","floor":44,"key":"SMITH"},{"data":"PiercingWail","floor":46,"key":"SMITH"},{"data":"PiercingWail","floor":49,"key":"SMITH"},{"data":"Survivor","floor":53,"key":"SMITH"}],"circlet_count":0,"master_deck":["AscendersBane","Strike_G+1","Strike_G+1","Strike_G+1","Defend_G+1","Defend_G+1","Defend_G+1","Defend_G+1","Defend_G+1","Survivor+1","Neutralize+1","Sadistic Nature+1","Bouncing Flask+1","Deadly Poison+1","PiercingWail+1","PiercingWail+1","Leg Sweep+1","Adrenaline+1","Footwork+1","Burst+1","PiercingWail+1","Venomology+1","Night Terror+1","Backflip+1","Backflip+1","Dodge and Roll+1","Wraith Form v2+1","Calculated Gamble+1"],"relics":["Ring of the Snake","StoneCalendar","The Courier","Art of War","Blood Vial","Runic Pyramid","Red Mask","Unceasing Top","Toxic Egg 2","Coffee Dripper","TwistedFunnel","Happy Flower","Gambling Chip","Centennial Puzzle","War Paint","Torii","Regal Pillow","Lee\u0027s Waffle","Pantograph"],"acts_visited":["Exordium","TheCity","TheBeyond","TheEnding"],"potions_floor_usage":[5,5,5,8,13,13,16,24,38,38,40,42,47,50,51,56,56,56,56],"damage_taken":[{"damage":5,"enemies":"2 Louse","floor":1,"turns":3},{"damage":1,"enemies":"Cultist","floor":2,"turns":4},{"damage":4,"enemies":"Small Slimes","floor":4,"turns":3},{"damage":11,"enemies":"Exordium Thugs","floor":5,"turns":4},{"damage":3,"enemies":"3 Louse","floor":7,"turns":2},{"damage":0,"enemies":"Gremlin Nob","floor":8,"turns":3},{"damage":17,"enemies":"3 Sentries","floor":13,"turns":6},{"damage":0,"enemies":"2 Fungi Beasts","floor":14,"turns":4},{"damage":7,"enemies":"Hexaghost","floor":16,"turns":7},{"damage":6,"enemies":"Shell Parasite","floor":18,"turns":4},{"damage":0,"enemies":"Masked Bandits","floor":19,"turns":3},{"damage":0,"enemies":"Spheric Guardian","floor":21,"turns":3},{"damage":2,"enemies":"Snake Plant","floor":22,"turns":4},{"damage":0,"enemies":"Centurion and Healer","floor":24,"turns":4},{"damage":5,"enemies":"Slavers","floor":25,"turns":3},{"damage":0,"enemies":"Sentry and Sphere","floor":28,"turns":6},{"damage":7,"enemies":"Book of Stabbing","floor":30,"turns":6},{"damage":7,"enemies":"Collector","floor":33,"turns":7},{"damage":0,"enemies":"Orb Walker","floor":35,"turns":4},{"damage":1,"enemies":"3 Shapes","floor":37,"turns":3},{"damage":0,"enemies":"Jaw Worm Horde","floor":38,"turns":4},{"damage":10,"enemies":"Transient","floor":39,"turns":6},{"damage":0,"enemies":"Nemesis","floor":40,"turns":5},{"damage":0,"enemies":"Giant Head","floor":42,"turns":8},{"damage":0,"enemies":"Mind Bloom Boss Battle","floor":45,"turns":7},{"damage":1,"enemies":"Nemesis","floor":47,"turns":9},{"damage":0,"enemies":"4 Shapes","floor":48,"turns":3},{"damage":1,"enemies":"Donu and Deca","floor":50,"turns":8},{"damage":8,"enemies":"Time Eater","floor":51,"turns":14},{"damage":9,"enemies":"Shield and Spear","floor":55,"turns":12},{"damage":33,"enemies":"The Heart","floor":56,"turns":7}],"seed_played":"2721772501520198498","potions_obtained":[{"floor":3,"key":"EntropicBrew"},{"floor":3,"key":"LiquidMemories"},{"floor":7,"key":"PowerPotion"},{"floor":8,"key":"Energy Potion"},{"floor":14,"key":"AttackPotion"},{"floor":19,"key":"Ancient Potion"},{"floor":22,"key":"Energy Potion"},{"floor":24,"key":"Fire Potion"},{"floor":40,"key":"DistilledChaos"},{"floor":48,"key":"Fruit Juice"}],"is_trial":false,"path_per_floor":["M","M","?","M","M","R","M","E","T","R","$","?","E","M","R","B",null,"M","?","?","M","M","R","M","E","T","R","M","R","E","?","R","B",null,"M","$","M","M","M","E","R","E","T","R","?","R","E","M","R","B","B",null,"R","$","E","B",null],"character_chosen":"THE_SILENT","items_purchased":["Art of War","TwistedFunnel","Night Terror+1","Backflip+1","Happy Flower","Lee\u0027s Waffle"],"campfire_rested":1,"item_purchase_floors":[11,36,36,36,36,54],"current_hp_per_floor":[39,38,38,34,23,23,20,20,20,20,20,20,3,5,24,19,54,50,52,52,54,54,54,56,53,53,53,55,55,50,55,55,50,62,64,64,65,66,56,58,58,60,60,60,62,62,63,65,65,70,63,69,69,78,69,59],"gold":28,"neow_bonus":"RANDOM_COLORLESS_2","is_daily":false,"chose_seed":false,"campfire_upgraded":10,"win_rate":0.0,"timestamp":1610840900,"path_taken":["M","M","?","M","M","R","M","E","T","R","?","?","E","M","R","BOSS","M","?","?","M","M","R","M","E","T","R","M","R","E","?","R","BOSS","M","$","M","M","?","E","R","E","T","R","?","R","E","M","R","BOSS","BOSS","R","$","E","BOSS"],"items_purchased_type":["Relic","Relic","Card","Card","Relic","Relic"],"build_version":"2020-12-22","purchased_purges":2,"victory":true,"max_hp_per_floor":[66,66,66,66,66,66,66,66,66,66,66,66,66,66,66,66,66,66,66,66,66,66,66,66,66,66,66,66,66,66,66,66,66,66,66,66,66,66,66,66,66,66,66,66,66,66,66,66,66,71,71,71,71,78,78,78],"relic_stats":{"Regal Pillow":0,"Lee\u0027s Waffle":9,"Happy Flower":[28],"Torii":6,"counters":[31,166],"StoneCalendar":[396],"War Paint":["PiercingWail","Deadly Poison"],"Blood Vial":39,"Centennial Puzzle":[15],"Gambling Chip":[30],"Pantograph":9,"Art of War":[67],"obtain_stats":[{"TwistedFunnel":36,"Regal Pillow":47,"Lee\u0027s Waffle":54,"Happy Flower":36,"Torii":45,"StoneCalendar":8,"The Courier":9,"War Paint":43,"Blood Vial":13,"Centennial Puzzle":42,"Gambling Chip":40,"Pantograph":55,"Art of War":11,"Red Mask":19,"Coffee Dripper":34,"Toxic Egg 2":30,"Unceasing Top":25,"Ring of the Snake":0,"Runic Pyramid":17},{"TwistedFunnel":19,"Regal Pillow":26,"Lee\u0027s Waffle":29,"Happy Flower":19,"Torii":25,"StoneCalendar":6,"The Courier":6,"War Paint":24,"Blood Vial":7,"Centennial Puzzle":24,"Gambling Chip":23,"Pantograph":30,"Art of War":6,"Red Mask":11,"Coffee Dripper":18,"Toxic Egg 2":17,"Unceasing Top":15,"Ring of the Snake":0,"Runic Pyramid":9},{"TwistedFunnel":80,"Regal Pillow":122,"Lee\u0027s Waffle":147,"Happy Flower":80,"Torii":113,"StoneCalendar":19,"The Courier":19,"War Paint":106,"Blood Vial":25,"Centennial Puzzle":106,"Gambling Chip":98,"Pantograph":159,"Art of War":19,"Red Mask":43,"Coffee Dripper":76,"Toxic Egg 2":69,"Unceasing Top":57,"Ring of the Snake":0,"Runic Pyramid":36}],"Unceasing Top":[0],"Ring of the Snake":[62]},"card_choices":[{"not_picked":["Thinking Ahead","Violence"],"picked":"Sadistic Nature","floor":0},{"not_picked":["Cloak And Dagger","Outmaneuver"],"picked":"Bane","floor":1},{"not_picked":["Blade Dance","Dagger Spray"],"picked":"Bouncing Flask","floor":2},{"not_picked":["Distraction","Riddle With Holes"],"picked":"Deadly Poison","floor":4},{"not_picked":["Prepared","Acrobatics"],"picked":"PiercingWail","floor":5},{"not_picked":["Deadly Poison","Acrobatics","Dagger Throw"],"picked":"SKIP","floor":7},{"not_picked":["Backflip","Quick Slash"],"picked":"PiercingWail","floor":8},{"not_picked":["Bouncing Flask","Outmaneuver"],"picked":"Leg Sweep","floor":13},{"not_picked":["Slice","Accuracy","Concentrate"],"picked":"SKIP","floor":14},{"not_picked":["Unload","Tools of the Trade"],"picked":"Adrenaline","floor":16},{"not_picked":["Sucker Punch","Prepared"],"picked":"Footwork","floor":18},{"not_picked":["Dagger Spray+1","Skewer"],"picked":"Burst","floor":19},{"not_picked":["Accuracy+1","Deflect","Flying Knee"],"picked":"SKIP","floor":21},{"not_picked":["Backflip","Concentrate"],"picked":"PiercingWail","floor":22},{"not_picked":["Predator","Dagger Spray","Well Laid Plans"],"picked":"SKIP","floor":24},{"not_picked":["Blade Dance","Backstab","Dagger Spray"],"picked":"SKIP","floor":25},{"not_picked":["Expertise","Backstab","Acrobatics"],"picked":"SKIP","floor":28},{"not_picked":["Tactician+1","Riddle With Holes","Bane"],"picked":"SKIP","floor":30},{"not_picked":["Adrenaline+1","Die Die Die"],"picked":"Venomology+1","floor":33},{"not_picked":["Blade Dance+1","Infinite Blades+1","Dagger Throw"],"picked":"SKIP","floor":35},{"not_picked":["Deflect+1","Prepared+1","Cloak And Dagger+1"],"picked":"SKIP","floor":37},{"not_picked":["Slice","Blade Dance+1"],"picked":"Backflip+1","floor":38},{"not_picked":["Slice","Underhanded Strike+1"],"picked":"Dodge and Roll+1","floor":39},{"not_picked":["Dodge and Roll+1","Outmaneuver+1","Infinite Blades+1"],"picked":"SKIP","floor":40},{"not_picked":["Flying Knee","Backstab"],"picked":"Wraith Form v2","floor":42},{"not_picked":["Poisoned Stab","Burst+1","Outmaneuver+1"],"picked":"SKIP","floor":47},{"not_picked":["Dodge and Roll+1","Expertise+1","Caltrops"],"picked":"SKIP","floor":48},{"not_picked":["Well Laid Plans","Deflect+1"],"picked":"Calculated Gamble+1","floor":55}],"player_experience":627109,"relics_obtained":[{"floor":8,"key":"StoneCalendar"},{"floor":9,"key":"The Courier"},{"floor":13,"key":"Blood Vial"},{"floor":19,"key":"Red Mask"},{"floor":25,"key":"Unceasing Top"},{"floor":30,"key":"Toxic Egg 2"},{"floor":40,"key":"Gambling Chip"},{"floor":42,"key":"Centennial Puzzle"},{"floor":43,"key":"War Paint"},{"floor":45,"key":"Torii"},{"floor":47,"key":"Regal Pillow"},{"floor":55,"key":"Pantograph"}],"event_choices":[{"damage_healed":0,"gold_gain":0,"player_choice":"Bought 2 Potions","damage_taken":0,"max_hp_gain":0,"max_hp_loss":0,"event_name":"The Woman in Blue","floor":3,"gold_loss":0},{"damage_healed":0,"gold_gain":0,"player_choice":"Upgraded","damage_taken":0,"max_hp_gain":0,"max_hp_loss":0,"event_name":"Upgrade Shrine","floor":12,"gold_loss":0,"cards_upgraded":["Neutralize"]},{"damage_healed":0,"gold_gain":0,"player_choice":"Fought Bandits","damage_taken":0,"max_hp_gain":0,"max_hp_loss":0,"event_name":"Masked Bandits","floor":19,"gold_loss":0},{"damage_healed":0,"gold_gain":0,"player_choice":"Simplicity","damage_taken":0,"max_hp_gain":0,"max_hp_loss":0,"event_name":"Back to Basics","floor":20,"gold_loss":0,"cards_upgraded":["Strike_G","Strike_G","Strike_G","Strike_G","Strike_G","Defend_G","Defend_G","Defend_G","Defend_G","Defend_G"]},{"cards_removed":["Bane"],"damage_healed":5,"gold_gain":0,"player_choice":"Offered Common","damage_taken":0,"max_hp_gain":0,"max_hp_loss":0,"event_name":"Bonfire Elementals","floor":31,"gold_loss":0},{"cards_removed":["Bane"],"damage_healed":5,"gold_gain":0,"player_choice":"Offered Special","damage_taken":0,"max_hp_gain":0,"max_hp_loss":0,"event_name":"Bonfire Elementals","floor":31,"gold_loss":0},{"damage_healed":0,"gold_gain":0,"player_choice":"Fight","damage_taken":0,"max_hp_gain":0,"max_hp_loss":0,"event_name":"MindBloom","floor":45,"gold_loss":0}],"is_beta":false,"boss_relics":[{"not_picked":["HoveringKite","Ring of the Serpent"],"picked":"Runic Pyramid"},{"not_picked":["Empty Cage","Astrolabe"],"picked":"Coffee Dripper"}],"items_purged_floors":[36,54],"is_endless":false,"potions_floor_spawned":[4,7,8,14,19,22,24,37,39,40,42,48],"ascension_level":20}}