{"host":"c3lc60y5x60jlt1y","time":1610821341,"event":{"mods":["AchievementEnabler","BaseMod","Bestiary","Colored Map","Minty Spire (QoL Compilation)","Quick Restart","StSLib","ojb\u0027s Info Mod"],"gold_per_floor":[115,134,134,152,102,131,143,173,198,228,207,207,225,244,244,349,349,369,369,75,150,169,169,169,204,204,204,204],"floor_reached":27,"language":"ENG","playtime":5413,"items_purged":["Strike_B"],"score":379,"play_id":"5a7f12c9-2c02-4b09-b485-3c7c9946d5e0","local_time":"20210116202221","is_ascension_mode":true,"campfire_choices":[{"floor":12,"key":"REST"},{"floor":15,"key":"REST"},{"floor":24,"key":"REST"}],"circlet_count":0,"master_deck":["Strike_B","Defend_B","Defend_B","Zap","Dualcast","Ball Lightning","Beam Cell","Barrage","Steam","Hologram","All For One","Sunder+1","Static Discharge","Machine Learning","Beam Cell","Self Repair","Go for the Eyes+1","Undo","Parasite"],"relics":["Cracked Core","Happy Flower","Toy Ornithopter","Akabeko","Oddly Smooth Stone","Cursed Key","Toolbox","Gremlin Horn","Symbiotic Virus"],"acts_visited":["Exordium","TheCity"],"potions_floor_usage":[8,8,16,23,27],"damage_taken":[{"damage":1,"enemies":"2 Louse","floor":1,"turns":2},{"damage":0,"enemies":"Small Slimes","floor":2,"turns":2},{"damage":0,"enemies":"Cultist","floor":4,"turns":2},{"damage":20,"enemies":"Gremlin Nob","floor":6,"turns":3},{"damage":2,"enemies":"Large Slime","floor":7,"turns":4},{"damage":24,"enemies":"3 Sentries","floor":8,"turns":6},{"damage":9,"enemies":"Lagavulin","floor":10,"turns":6},{"damage":8,"enemies":"Gremlin Gang","floor":13,"turns":2},{"damage":7,"enemies":"Blue Slaver","floor":14,"turns":2},{"damage":18,"enemies":"Slime Boss","floor":16,"turns":7},{"damage":23,"enemies":"2 Thieves","floor":18,"turns":3},{"damage":7,"enemies":"Chosen","floor":22,"turns":3},{"damage":18,"enemies":"Book of Stabbing","floor":23,"turns":2},{"damage":23,"enemies":"Slavers","floor":25,"turns":5},{"damage":18,"enemies":"Book of Stabbing","floor":27,"turns":3}],"seed_played":"-446553085916322035","potions_obtained":[{"floor":1,"key":"DuplicationPotion"},{"floor":2,"key":"Energy Potion"},{"floor":6,"key":"Block Potion"},{"floor":13,"key":"Strength Potion"},{"floor":16,"key":"Fire Potion"},{"floor":22,"key":"SmokeBomb"},{"floor":25,"key":"PotionOfCapacity"}],"is_trial":false,"path_per_floor":["M","M","?","M","?","E","M","E","T","E","?","R","M","M","R","B",null,"M","?","$","?","M","E","R","E","T","E"],"character_chosen":"DEFECT","items_purchased":["Self Repair","Toolbox"],"campfire_rested":3,"item_purchase_floors":[20,20],"current_hp_per_floor":[67,67,60,60,60,40,38,14,14,5,5,25,17,10,30,17,55,32,32,32,26,19,6,26,10,10,0,0],"gold":204,"neow_bonus":"REMOVE_TWO","is_daily":false,"chose_seed":false,"campfire_upgraded":0,"win_rate":0.0,"timestamp":1610821341,"path_taken":["M","M","?","M","?","E","M","E","T","E","?","R","M","M","R","BOSS","M","?","?","?","M","E","R","E","T","E"],"items_purchased_type":["Card","Relic"],"build_version":"2020-12-22","purchased_purges":1,"victory":false,"max_hp_per_floor":[68,68,68,68,68,68,68,68,68,68,68,68,68,68,68,68,68,68,68,68,68,68,68,68,68,68,68,68],"card_choices":[{"not_picked":["Capacitor","Conserve Battery"],"picked":"Ball Lightning","floor":1},{"not_picked":["Reprogram","Go for the Eyes"],"picked":"Beam Cell","floor":2},{"not_picked":["Recycle","Steam"],"picked":"Barrage","floor":4},{"not_picked":["Blizzard","Heatsinks"],"picked":"Steam","floor":6},{"not_picked":["Blizzard","Turbo"],"picked":"Hologram","floor":7},{"not_picked":["Cold Snap","Undo"],"picked":"All For One","floor":8},{"not_picked":["Compile Driver","Beam Cell"],"picked":"Sunder","floor":10},{"not_picked":["Fusion","Sweeping Beam"],"picked":"Static Discharge","floor":13},{"not_picked":["Gash","Hologram","Redo"],"picked":"SKIP","floor":14},{"not_picked":["All For One","Reboot"],"picked":"Machine Learning","floor":16},{"not_picked":["Conserve Battery","Compile Driver"],"picked":"Beam Cell","floor":18},{"not_picked":["Beam Cell+1","Hologram+1"],"picked":"Go for the Eyes+1","floor":22},{"not_picked":["Gash+1","Skim"],"picked":"Undo","floor":25}],"player_experience":8118236,"relics_obtained":[{"floor":6,"key":"Happy Flower"},{"floor":8,"key":"Toy Ornithopter"},{"floor":9,"key":"Akabeko"},{"floor":10,"key":"Oddly Smooth Stone"},{"floor":25,"key":"Gremlin Horn"},{"floor":26,"key":"Symbiotic Virus"}],"event_choices":[{"cards_removed":["Defend_B"],"damage_healed":0,"gold_gain":0,"player_choice":"Card Removal","damage_taken":7,"max_hp_gain":0,"max_hp_loss":0,"event_name":"Golden Wing","floor":3,"gold_loss":0},{"cards_removed":["Strike_B"],"damage_healed":0,"gold_gain":0,"player_choice":"Card Removal","damage_taken":0,"max_hp_gain":0,"max_hp_loss":0,"event_name":"The Cleric","floor":5,"gold_loss":50},{"damage_healed":0,"gold_gain":0,"player_choice":"Left Gold","damage_taken":0,"max_hp_gain":0,"max_hp_loss":0,"event_name":"World of Goop","floor":11,"gold_loss":21},{"damage_healed":0,"gold_gain":0,"player_choice":"Forge","damage_taken":0,"max_hp_gain":0,"max_hp_loss":0,"event_name":"Accursed Blacksmith","floor":19,"gold_loss":0,"cards_upgraded":["Sunder"]},{"damage_healed":0,"gold_gain":75,"player_choice":"Touch","damage_taken":6,"max_hp_gain":0,"max_hp_loss":0,"event_name":"FaceTrader","floor":21,"gold_loss":0}],"is_beta":false,"boss_relics":[{"not_picked":["Busted Crown","Inserter"],"picked":"Cursed Key"}],"items_purged_floors":[20],"is_endless":false,"potions_floor_spawned":[1,2,6,13,16,22,25],"killed_by":"Book of Stabbing","ascension_level":8}}