{"host":"heot42mtselsoupx","time":1610777628,"event":{"mods":["ATMod(°¢èªMod)","BaseMod","Minty Spire (QoL Compilation)","Quick Restart","StSLib","¡¾ÒÅÎï¿¨ÅÆ¡¿REMEMod"],"gold_per_floor":[111,111,111,111,29,69,92,116,143,143,156,156,170,190,190,309,309,325,250,270,270,270,270,270,283,283,283,303,303,303],"floor_reached":29,"language":"ZHS","playtime":973,"items_purged":[],"score":270,"play_id":"ee1bb554-ca81-47b5-9ced-8ddef0f80d47","local_time":"20210116141348","is_ascension_mode":false,"campfire_choices":[{"data":"REME_TheLastStrike","floor":10,"key":"SMITH"},{"data":"Spot Weakness","floor":12,"key":"SMITH"},{"data":"AT_CaressingTears","floor":15,"key":"SMITH"},{"floor":27,"key":"REST"}],"circlet_count":0,"master_deck":["Strike_R","Strike_R","Strike_R","Defend_R","Defend_R","Defend_R","Defend_R","Bash","REME_TheLastStrike+1","True Grit","Dual Wield","Rupture","Rupture","Rupture","Spot Weakness+1","AT_CaressingTears+1","Whirlwind","Double Tap","AT_IchimonjiDouble","Writhe","Uppercut","Pummel"],"relics":["Burning Blood","REME_ComplimentaryCards","AT_ATBox","NeowsBlessing","Bloody Idol","Nunchaku","Bronze Scales","REME_ChargedStone","Mummified Hand","Question Card"],"acts_visited":["Exordium","TheCity"],"potions_floor_usage":[16,23,23,23,23,28],"damage_taken":[{"damage":0,"enemies":"Jaw Worm","floor":1,"turns":1},{"damage":0,"enemies":"Lagavulin","floor":6,"turns":1},{"damage":0,"enemies":"Small Slimes","floor":7,"turns":1},{"damage":8,"enemies":"Cultist","floor":8,"turns":4},{"damage":1,"enemies":"2 Fungi Beasts","floor":11,"turns":4},{"damage":9,"enemies":"3 Louse","floor":13,"turns":4},{"damage":0,"enemies":"Large Slime","floor":14,"turns":5},{"damage":16,"enemies":"Slime Boss","floor":16,"turns":6},{"damage":15,"enemies":"Spheric Guardian","floor":18,"turns":4},{"damage":18,"enemies":"3 Byrds","floor":20,"turns":3},{"damage":24,"enemies":"REME_1_Revenger","floor":23,"turns":4},{"damage":17,"enemies":"Snecko","floor":25,"turns":6},{"damage":24,"enemies":"3 Cultists","floor":28,"turns":5},{"damage":48,"enemies":"Sentry and Sphere","floor":29,"turns":5}],"seed_played":"1650313465253922032","potions_obtained":[{"floor":6,"key":"Block Potion"},{"floor":8,"key":"EssenceOfSteel"},{"floor":14,"key":"Dexterity Potion"},{"floor":16,"key":"EntropicBrew"},{"floor":18,"key":"Strength Potion"}],"is_trial":false,"path_per_floor":["M","$","?","?","$","E","M","M","T","R","M","R","M","M","R","B",null,"M","?","M","?","?","E","?","M","T","R","M","M"],"character_chosen":"IRONCLAD","items_purchased":["Rupture"],"campfire_rested":1,"item_purchase_floors":[5],"current_hp_per_floor":[80,80,74,74,74,74,74,72,72,72,74,74,71,74,74,64,74,65,65,53,53,53,35,35,29,29,51,38,0,0],"gold":303,"neow_bonus":"THREE_ENEMY_KILL","is_daily":false,"chose_seed":false,"campfire_upgraded":3,"win_rate":0.0,"timestamp":1610777628,"path_taken":["M","$","?","?","$","E","M","M","T","R","M","R","?","M","R","BOSS","M","?","M","?","?","E","?","M","T","R","?","?"],"items_purchased_type":["Card"],"build_version":"2020-12-22","purchased_purges":0,"victory":false,"max_hp_per_floor":[80,80,74,74,74,74,74,74,74,74,74,74,74,74,74,74,74,74,74,74,74,74,74,74,74,74,74,74,74,74],"card_choices":[{"not_picked":["Armaments","Havoc"],"picked":"True Grit","floor":1},{"not_picked":["Feel No Pain","Ghostly Armor"],"picked":"Rupture","floor":6},{"not_picked":["Heavy Blade","AT_CaressingTears"],"picked":"Rupture","floor":7},{"not_picked":["Anger","Body Slam"],"picked":"Spot Weakness","floor":8},{"not_picked":["Carnage","Searing Blow","Body Slam"],"picked":"SKIP","floor":11},{"not_picked":["AT_ManFootWork","Dropkick"],"picked":"AT_CaressingTears","floor":13},{"not_picked":["Warcry","Pommel Strike"],"picked":"Whirlwind","floor":14},{"not_picked":["Feed","Berserk"],"picked":"Double Tap","floor":16},{"not_picked":["Sentinel","Entrench","Wild Strike"],"picked":"SKIP","floor":18},{"not_picked":["Shrug It Off+1","Sever Soul"],"picked":"AT_IchimonjiDouble","floor":20},{"not_picked":["Searing Blow","Sentinel"],"picked":"Uppercut","floor":25},{"not_picked":["Shrug It Off","AT_ManFootWork","Hemokinesis"],"picked":"Pummel","floor":28}],"player_experience":211604,"relics_obtained":[{"floor":6,"key":"Nunchaku"},{"floor":9,"key":"Bronze Scales"},{"floor":26,"key":"Question Card"}],"event_choices":[{"damage_healed":0,"gold_gain":0,"player_choice":"Lose Max HP","damage_taken":0,"relics_obtained":["Golden Idol"],"max_hp_gain":0,"max_hp_loss":6,"event_name":"Golden Idol","floor":3,"gold_loss":0},{"damage_healed":0,"gold_gain":0,"cards_transformed":["Strike_R"],"player_choice":"Transformed","damage_taken":0,"max_hp_gain":0,"max_hp_loss":0,"event_name":"Transmorgrifier","floor":4,"gold_loss":0,"cards_obtained":["Dual Wield"]},{"cards_removed":["Strike_R"],"damage_healed":0,"gold_gain":0,"player_choice":"Gave Gold","damage_taken":0,"max_hp_gain":0,"max_hp_loss":0,"event_name":"Beggar","floor":19,"gold_loss":75},{"damage_healed":0,"gold_gain":0,"player_choice":"Opened","damage_taken":0,"relics_obtained":["Mummified Hand"],"max_hp_gain":0,"max_hp_loss":0,"event_name":"The Mausoleum","floor":21,"gold_loss":0,"cards_obtained":["Writhe"]},{"damage_healed":0,"gold_gain":0,"player_choice":"Ignored","damage_taken":0,"max_hp_gain":0,"max_hp_loss":0,"event_name":"Vampires","floor":22,"gold_loss":0},{"damage_healed":0,"gold_gain":0,"player_choice":"Gave Idol","damage_taken":0,"relics_obtained":["Bloody Idol"],"max_hp_gain":0,"max_hp_loss":0,"event_name":"Forgotten Altar","floor":24,"relics_lost":["Golden Idol"],"gold_loss":0}],"is_beta":false,"boss_relics":[{"not_picked":["Empty Cage","REME_DemonsWealth"],"picked":"REME_ChargedStone"}],"items_purged_floors":[],"is_endless":false,"potions_floor_spawned":[6,8,14,16,18,20],"killed_by":"Sentry and Sphere","ascension_level":0}}