{"host":"jexbkylv34f8xu3o","time":1610799956,"event":{"mods":["AchievementEnabler","BaseMod","Colored Map","Colored Powertips","GifTheSpireLib","Highlight Path","Minty Spire (QoL Compilation)","Quick Restart","StSLib"],"gold_per_floor":[114,114,126,76,46,76,96,130,130,149,119,153,169,185,185,185,185],"floor_reached":16,"language":"ENG","playtime":397,"items_purged":[],"score":283,"play_id":"70a40983-7f00-465b-838d-e074148fe1db","local_time":"20210116092556","is_ascension_mode":true,"campfire_choices":[{"data":"Dual Wield","floor":15,"key":"SMITH"}],"circlet_count":0,"master_deck":["AscendersBane","Strike_R","Strike_R","Strike_R","Strike_R","Strike_R","Defend_R","Defend_R","Defend_R","Bash","True Grit","Armaments","Dropkick","Dropkick","Metallicize+1","True Grit","Dropkick","Dropkick","Dual Wield+1"],"relics":["Burning Blood","NeowsBlessing","Frozen Egg 2","Question Card","StrikeDummy","Self Forming Clay","Kunai"],"acts_visited":["Exordium"],"potions_floor_usage":[6,7,12,12,12,12,12],"damage_taken":[{"damage":0,"enemies":"Jaw Worm","floor":1,"turns":1},{"damage":0,"enemies":"2 Louse","floor":3,"turns":1},{"damage":0,"enemies":"3 Sentries","floor":6,"turns":2},{"damage":2,"enemies":"Cultist","floor":7,"turns":5},{"damage":70,"enemies":"Gremlin Nob","floor":8,"turns":6},{"damage":0,"enemies":"Blue Slaver","floor":10,"turns":4},{"damage":0,"enemies":"Lagavulin","floor":12,"turns":5},{"damage":8,"enemies":"3 Louse","floor":13,"turns":5},{"damage":8,"enemies":"2 Fungi Beasts","floor":14,"turns":4},{"damage":31,"enemies":"Slime Boss","floor":16,"turns":3}],"seed_played":"-192962375453991316","potions_obtained":[{"floor":3,"key":"Weak Potion"},{"floor":5,"key":"Ancient Potion"},{"floor":5,"key":"SneckoOil"},{"floor":10,"key":"EntropicBrew"},{"floor":12,"key":"Ancient Potion"}],"is_trial":false,"path_per_floor":["M","?","M","?","?","E","M","E","T","M","?","E","M","M","R","B"],"character_chosen":"IRONCLAD","items_purchased":[],"campfire_rested":0,"item_purchase_floors":[],"current_hp_per_floor":[78,75,80,80,80,80,80,16,16,22,22,28,26,24,24,0,0],"gold":185,"neow_bonus":"THREE_ENEMY_KILL","is_daily":false,"chose_seed":false,"campfire_upgraded":1,"win_rate":0.0,"timestamp":1610799956,"path_taken":["M","?","M","?","?","E","?","E","T","M","?","E","M","M","R","BOSS"],"items_purchased_type":[],"build_version":"2020-12-22","purchased_purges":0,"victory":false,"max_hp_per_floor":[80,80,80,80,80,80,80,80,80,80,80,80,80,80,80,80,80],"card_choices":[{"not_picked":["Inflame","Rampage"],"picked":"True Grit","floor":1},{"not_picked":["Warcry","Iron Wave"],"picked":"Armaments","floor":3},{"not_picked":["Ghostly Armor","Clash"],"picked":"Dropkick","floor":6},{"not_picked":["Bloodletting","Blood for Blood","Havoc"],"picked":"Dropkick","floor":7},{"not_picked":["Heavy Blade","Evolve+1","Pummel"],"picked":"Metallicize+1","floor":8},{"not_picked":["Seeing Red","Clothesline","Anger"],"picked":"True Grit","floor":10},{"not_picked":["Clash","Rupture+1","Thunderclap"],"picked":"Dropkick","floor":12},{"not_picked":["Warcry","Headbutt","Flame Barrier"],"picked":"Dropkick","floor":13},{"not_picked":["Clothesline","True Grit","Thunderclap"],"picked":"Dual Wield","floor":14}],"player_experience":558908,"relics_obtained":[{"floor":6,"key":"Question Card"},{"floor":8,"key":"StrikeDummy"},{"floor":9,"key":"Self Forming Clay"},{"floor":12,"key":"Kunai"}],"event_choices":[{"damage_healed":0,"gold_gain":0,"player_choice":"Success","damage_taken":3,"relics_obtained":["Frozen Egg 2"],"max_hp_gain":0,"max_hp_loss":0,"event_name":"Scrap Ooze","floor":2,"gold_loss":0},{"cards_removed":["Defend_R"],"damage_healed":0,"gold_gain":0,"player_choice":"Card Removal","damage_taken":0,"max_hp_gain":0,"max_hp_loss":0,"event_name":"The Cleric","floor":4,"gold_loss":50},{"damage_healed":0,"gold_gain":0,"player_choice":"Bought 2 Potions","damage_taken":0,"max_hp_gain":0,"max_hp_loss":0,"event_name":"The Woman in Blue","floor":5,"gold_loss":0},{"damage_healed":0,"gold_gain":0,"player_choice":"Left Gold","damage_taken":0,"max_hp_gain":0,"max_hp_loss":0,"event_name":"World of Goop","floor":11,"gold_loss":30}],"is_beta":false,"boss_relics":[],"items_purged_floors":[],"is_endless":false,"potions_floor_spawned":[3,10,12],"killed_by":"Slime Boss","ascension_level":10}}