{"host":"wc6e610eoah8l26z","time":1610826712,"event":{"mods":["BaseMod","Better Note","Hermit","Marisa????????","Minty Spire (QoL Compilation)","Relic Stats","Shop Mod","StSLib","The Animator","The Cursed","The Disciple","The Servant 0.9.4"],"gold_per_floor":[119,136,149,162,44,78,78,107,159,159,179,179,253,553,553,674,674,697,722,722,722,735,771,771,771,771],"floor_reached":25,"language":"ENG","playtime":908,"items_purged":[],"score":243,"play_id":"3ffc6cf3-2471-46a8-bab3-cf7c85f2a03d","local_time":"20210116135152","is_ascension_mode":true,"campfire_choices":[{"data":"White Noise","floor":7,"key":"SMITH"},{"floor":10,"key":"REST"},{"floor":15,"key":"REST"}],"circlet_count":0,"master_deck":["Strike_B","Strike_B","Strike_B","Strike_B","Defend_B","Defend_B","Defend_B","Defend_B","Zap","Dualcast","Conserve Battery","Ball Lightning","Redo","Chaos","Capacitor","Chaos","White Noise+1","Static Discharge+1","Conserve Battery+1","Rainbow+1","Zap+1","Bandage Up+1","Multi-Cast+1","Beam Cell+1"],"relics":["Cracked Core","Turnip","Toxic Egg 2","Toy Ornithopter","Golden Idol","Nunchaku","Old Coin","Nuclear Battery","Smiling Mask"],"acts_visited":["Exordium","TheCity"],"potions_floor_usage":[13,16,16,23,23,23],"damage_taken":[{"damage":1,"enemies":"Cultist","floor":1,"turns":3},{"damage":4,"enemies":"Jaw Worm","floor":2,"turns":3},{"damage":0,"enemies":"2 Louse","floor":3,"turns":2},{"damage":7,"enemies":"2 Fungi Beasts","floor":4,"turns":2},{"damage":34,"enemies":"3 Sentries","floor":6,"turns":7},{"damage":35,"enemies":"Gremlin Nob","floor":8,"turns":4},{"damage":0,"enemies":"Large Slime","floor":11,"turns":4},{"damage":21,"enemies":"Gremlin Nob","floor":13,"turns":4},{"damage":36,"enemies":"Slime Boss","floor":16,"turns":11},{"damage":4,"enemies":"Shell Parasite","floor":18,"turns":6},{"damage":11,"enemies":"3 Byrds","floor":19,"turns":5},{"damage":28,"enemies":"Sentry and Sphere","floor":22,"turns":5},{"damage":35,"enemies":"Book of Stabbing","floor":23,"turns":5},{"damage":25,"enemies":"Slavers","floor":25,"turns":1}],"seed_played":"5767336662076368167","potions_obtained":[{"floor":6,"key":"ColorlessPotion"},{"floor":11,"key":"Swift Potion"},{"floor":13,"key":"EssenceOfSteel"},{"floor":16,"key":"EssenceOfSteel"},{"floor":19,"key":"FocusPotion"},{"floor":22,"key":"SkillPotion"}],"is_trial":false,"path_per_floor":["M","M","M","M","$","E","R","E","T","R","M","?","?","T","R","B",null,"M","M","?","?","M","E","?","E"],"character_chosen":"DEFECT","items_purchased":["Capacitor","Chaos"],"campfire_rested":2,"item_purchase_floors":[5,5],"current_hp_per_floor":[81,77,77,70,70,36,36,1,1,25,25,25,9,9,31,5,76,72,61,61,61,39,25,25,0,0],"gold":771,"neow_bonus":"TEN_PERCENT_HP_BONUS","is_daily":false,"chose_seed":false,"campfire_upgraded":1,"win_rate":0.0,"timestamp":1610826712,"path_taken":["M","M","M","M","$","E","R","E","T","R","M","?","?","?","R","BOSS","M","M","?","?","?","E","?","E"],"items_purchased_type":["Card","Card"],"build_version":"2020-12-22","purchased_purges":0,"victory":false,"max_hp_per_floor":[82,82,82,82,82,82,82,82,82,82,82,76,76,76,76,76,76,76,76,76,76,76,76,76,76,76],"relic_stats":{"Nunchaku":[3],"counters":[14,62],"Golden Idol":66,"Turnip":[14],"Smiling Mask":0,"obtain_stats":[{"Nunchaku":13,"Golden Idol":12,"Turnip":6,"Toxic Egg 2":8,"Cracked Core":0,"Smiling Mask":23,"Toy Ornithopter":9,"Old Coin":14,"Nuclear Battery":17},{"Nunchaku":8,"Golden Idol":7,"Turnip":5,"Toxic Egg 2":6,"Cracked Core":0,"Smiling Mask":13,"Toy Ornithopter":6,"Old Coin":8,"Nuclear Battery":9},{"Nunchaku":29,"Golden Idol":25,"Turnip":17,"Toxic Egg 2":21,"Cracked Core":0,"Smiling Mask":61,"Toy Ornithopter":21,"Old Coin":29,"Nuclear Battery":40}],"Toy Ornithopter":30},"card_choices":[{"not_picked":["Turbo","Barrage"],"picked":"Conserve Battery","floor":1},{"not_picked":["Conserve Battery","Stack"],"picked":"Ball Lightning","floor":2},{"not_picked":["Cold Snap","Undo"],"picked":"Redo","floor":3},{"not_picked":["Barrage","Fission"],"picked":"Chaos","floor":4},{"not_picked":["Stack","Rebound"],"picked":"White Noise","floor":6},{"not_picked":["Chill+1","Sweeping Beam","Rip and Tear"],"picked":"SKIP","floor":8},{"not_picked":["Stack+1","Compile Driver"],"picked":"Static Discharge","floor":11},{"not_picked":["Scrape","Tempest+1"],"picked":"Conserve Battery+1","floor":13},{"not_picked":["Fission+1","Core Surge"],"picked":"Rainbow+1","floor":16},{"not_picked":["Sweeping Beam","Scrape","Coolheaded+1"],"picked":"SKIP","floor":18},{"not_picked":["Hologram+1","Chill+1","Coolheaded+1"],"picked":"SKIP","floor":19},{"not_picked":["Coolheaded+1","Conserve Battery+1"],"picked":"Multi-Cast+1","floor":22},{"not_picked":["Recycle+1","Turbo+1"],"picked":"Beam Cell+1","floor":23}],"player_experience":454018,"relics_obtained":[{"floor":6,"key":"Turnip"},{"floor":8,"key":"Toxic Egg 2"},{"floor":9,"key":"Toy Ornithopter"},{"floor":13,"key":"Nunchaku"},{"floor":14,"key":"Old Coin"},{"floor":23,"key":"Smiling Mask"}],"event_choices":[{"damage_healed":0,"gold_gain":0,"player_choice":"Lose Max HP","damage_taken":0,"relics_obtained":["Golden Idol"],"max_hp_gain":0,"max_hp_loss":6,"event_name":"Golden Idol","floor":12,"gold_loss":0},{"damage_healed":0,"gold_gain":0,"player_choice":"Searched \u00271\u0027 times","damage_taken":0,"max_hp_gain":0,"max_hp_loss":0,"event_name":"Dead Adventurer","floor":13,"gold_loss":0},{"damage_healed":0,"gold_gain":0,"player_choice":"2 cards matched","damage_taken":0,"max_hp_gain":0,"max_hp_loss":0,"event_name":"Match and Keep!","floor":20,"gold_loss":0,"cards_obtained":["Zap","Bandage Up"]},{"damage_healed":0,"gold_gain":0,"player_choice":"Ignored","damage_taken":0,"max_hp_gain":0,"max_hp_loss":0,"event_name":"Transmorgrifier","floor":21,"gold_loss":0},{"damage_healed":0,"gold_gain":0,"player_choice":"Forge","damage_taken":0,"max_hp_gain":0,"max_hp_loss":0,"event_name":"Accursed Blacksmith","floor":24,"gold_loss":0,"cards_upgraded":["Static Discharge"]}],"is_beta":false,"boss_relics":[{"not_picked":["Sozu","Busted Crown"],"picked":"Nuclear Battery"}],"items_purged_floors":[],"is_endless":false,"potions_floor_spawned":[6,8,11,13,16,19,22],"killed_by":"Slavers","ascension_level":1}}