{"host":"dvpvhz1t6etneyb3","time":1610813782,"event":{"mods":["AchievementEnabler","BaseMod","Colored Map","Highlight Path","Minty Spire (QoL Compilation)","Permanent Neow","Quick Restart"],"gold_per_floor":[13,33,50,50,65,65,100,100,175,175,325,157,173,187,187,265,265,285,210,223,241,179,179,207,207,233,266,283,315,333,79,79,151,151,169,186,200,200,225,225,256,256,256,256,104,104,104,139,139,139,139,139,139,89,119,119],"floor_reached":57,"language":"ENG","playtime":3803,"items_purged":["Doubt","Defend_P","Writhe","Defend_P"],"score":2736,"play_id":"bf24d60b-119d-4f0e-8033-55aae58f8ce0","local_time":"20210116111622","is_ascension_mode":true,"campfire_choices":[{"floor":6.0,"key":"REST"},{"data":"1","floor":8.0,"key":"LIFT"},{"data":"2","floor":10.0,"key":"LIFT"},{"data":"3","floor":15.0,"key":"LIFT"},{"floor":23.0,"key":"REST"},{"data":"TalkToTheHand","floor":25.0,"key":"SMITH"},{"floor":32.0,"key":"REST"},{"data":"Tantrum","floor":40.0,"key":"SMITH"},{"data":"Omniscience","floor":42.0,"key":"SMITH"},{"floor":47.0,"key":"RECALL"},{"data":"Ragnarok","floor":49.0,"key":"SMITH"},{"data":"SpiritShield","floor":53.0,"key":"SMITH"}],"circlet_count":0,"master_deck":["AscendersBane","Defend_P+1","Defend_P+1","Eruption","Vigilance+1","Adaptation","FlurryOfBlows+1","Consecrate","Scrawl","TalkToTheHand+1","Halt+1","LikeWater","Evaluate","SpiritShield+1","Judgement+1","BowlingBash+1","TalkToTheHand+1","LikeWater","WheelKick+1","Protect+1","Wallop+1","Tantrum+1","Swivel+1","LessonLearned+1","Protect+1","Collect+1","Bandage Up","Omniscience+1","ClearTheMind","FearNoEvil","Ragnarok+1"],"relics":["PureWater","Lizard Tail","Girya","Sundial","Astrolabe","Smiling Mask","Oddly Smooth Stone","Juzu Bracelet","Incense Burner","Vajra","Lantern","Cursed Key","Ice Cream","Happy Flower","Dead Branch","TungstenRod"],"acts_visited":["Exordium","TheCity","TheBeyond","TheEnding"],"potions_floor_usage":[55,55],"damage_taken":[{"damage":7.0,"enemies":"Jaw Worm","floor":1.0,"turns":4.0},{"damage":10.0,"enemies":"Small Slimes","floor":2.0,"turns":6.0},{"damage":0.0,"enemies":"Cultist","floor":3.0,"turns":3.0},{"damage":2.0,"enemies":"2 Fungi Beasts","floor":5.0,"turns":4.0},{"damage":6.0,"enemies":"Lagavulin","floor":7.0,"turns":7.0},{"damage":0.0,"enemies":"3 Louse","floor":13.0,"turns":2.0},{"damage":3.0,"enemies":"Blue Slaver","floor":14.0,"turns":3.0},{"damage":7.0,"enemies":"Slime Boss","floor":16.0,"turns":7.0},{"damage":6.0,"enemies":"Shell Parasite","floor":18.0,"turns":6.0},{"damage":0.0,"enemies":"2 Thieves","floor":20.0,"turns":2.0},{"damage":22.0,"enemies":"Shelled Parasite and Fungi","floor":21.0,"turns":6.0},{"damage":0.0,"enemies":"Gremlin Leader","floor":24.0,"turns":3.0},{"damage":12.0,"enemies":"Book of Stabbing","floor":27.0,"turns":8.0},{"damage":0.0,"enemies":"Centurion and Healer","floor":28.0,"turns":3.0},{"damage":8.0,"enemies":"Slavers","floor":29.0,"turns":2.0},{"damage":0.0,"enemies":"Cultist and Chosen","floor":30.0,"turns":2.0},{"damage":2.0,"enemies":"Automaton","floor":33.0,"turns":6.0},{"damage":0.0,"enemies":"3 Darklings","floor":35.0,"turns":3.0},{"damage":0.0,"enemies":"3 Shapes","floor":36.0,"turns":2.0},{"damage":1.0,"enemies":"Sphere and 2 Shapes","floor":37.0,"turns":4.0},{"damage":0.0,"enemies":"Mind Bloom Boss Battle","floor":39.0,"turns":9.0},{"damage":17.0,"enemies":"Giant Head","floor":41.0,"turns":8.0},{"damage":0.0,"enemies":"Reptomancer","floor":48.0,"turns":6.0},{"damage":18.0,"enemies":"Time Eater","floor":50.0,"turns":7.0},{"damage":2.0,"enemies":"Donu and Deca","floor":51.0,"turns":10.0},{"damage":24,"enemies":"Shield and Spear","floor":55,"turns":2},{"damage":12,"enemies":"The Heart","floor":56,"turns":8}],"seed_played":"4766176334646064634","potions_obtained":[{"floor":3.0,"key":"Ancient Potion"},{"floor":5.0,"key":"SpeedPotion"},{"floor":21.0,"key":"Explosive Potion"},{"floor":29.0,"key":"Strength Potion"},{"floor":48.0,"key":"Strength Potion"},{"floor":55,"key":"Energy Potion"}],"is_trial":false,"path_per_floor":["M","M","M","?","M","R","E","R","T","R","?","$","M","M","R","B",null,"M","?","M","M","?","R","E","R","T","E","M","E","M","$","R","B",null,"M","M","M","?","?","R","E","R","T","?","$","?","R","E","R","B","B",null,"R","$","E","B",null],"character_chosen":"WATCHER","items_purchased":["TalkToTheHand","Halt","Swivel","Lantern","ClearTheMind","FearNoEvil"],"campfire_rested":3,"item_purchase_floors":[12,12,31,31,45,45],"current_hp_per_floor":[54,44,44,24,22,42,36,36,36,36,36,36,36,33,33,26,58,52,52,52,30,30,50,50,50,50,38,38,30,30,30,50,48,63,63,63,62,57,61,61,48,48,48,48,48,48,48,52,52,38,40,61,61,61,37,29],"gold":119,"neow_bonus":"ONE_RARE_RELIC","is_daily":false,"chose_seed":false,"campfire_upgraded":5,"win_rate":0.0,"timestamp":1610813782,"path_taken":["M","M","M","?","M","R","E","R","T","R","?","$","M","M","R","BOSS","M","?","M","M","?","R","E","R","T","E","M","E","M","$","R","BOSS","M","M","M","?","?","R","E","R","T","?","$","?","R","E","R","BOSS","BOSS","R","$","E","BOSS"],"items_purchased_type":["Card","Card","Card","Relic","Card","Card"],"build_version":"2020-12-22","purchased_purges":4,"victory":true,"max_hp_per_floor":[68,68,68,68,68,68,68,68,68,68,68,68,68,68,68,68,68,68,68,68,68,68,68,68,68,68,68,68,68,68,68,68,68,68,68,68,68,68,68,68,68,68,68,68,68,68,68,68,68,68,68,68,68,68,68,68],"card_choices":[{"not_picked":["JustLucky","PathToVictory"],"picked":"Adaptation","floor":1.0},{"not_picked":["ThirdEye","FearNoEvil"],"picked":"FlurryOfBlows","floor":2.0},{"not_picked":["ThirdEye","Crescendo"],"picked":"FlyingSleeves","floor":3.0},{"not_picked":["CutThroughFate","FollowUp"],"picked":"Consecrate","floor":5.0},{"not_picked":["JustLucky","EmptyBody"],"picked":"Scrawl","floor":7.0},{"not_picked":["Consecrate","Adaptation"],"picked":"LikeWater","floor":13.0},{"not_picked":["EmptyBody","Crescendo"],"picked":"Evaluate","floor":14.0},{"not_picked":["ConjureBlade","Omniscience"],"picked":"SpiritShield","floor":16.0},{"not_picked":["SandsOfTime","CrushJoints","SashWhip"],"picked":"SKIP","floor":18.0},{"not_picked":["Adaptation","FlurryOfBlows"],"picked":"LikeWater","floor":20.0},{"not_picked":["JustLucky","Collect","EmptyBody"],"picked":"SKIP","floor":21.0},{"not_picked":["CrushJoints","CutThroughFate","Adaptation"],"picked":"SKIP","floor":24.0},{"not_picked":["Prostrate","Consecrate"],"picked":"WheelKick","floor":27.0},{"not_picked":["PathToVictory","EmptyBody"],"picked":"Protect+1","floor":28.0},{"not_picked":["Wireheading","MentalFortress+1"],"picked":"Wallop+1","floor":29.0},{"not_picked":["Weave+1","Scrawl"],"picked":"Tantrum","floor":30.0},{"not_picked":["SpiritShield","Wish"],"picked":"LessonLearned","floor":33.0},{"not_picked":["CarveReality","PathToVictory+1"],"picked":"Protect+1","floor":35.0},{"not_picked":["WindmillStrike+1","Evaluate"],"picked":"Collect+1","floor":36.0},{"not_picked":["CrushJoints+1","WheelKick","Perseverance"],"picked":"SKIP","floor":37.0},{"not_picked":["Mind Blast","Apotheosis"],"picked":"Bandage Up","floor":38.0},{"not_picked":["Alpha","Weave"],"picked":"Omniscience","floor":41.0},{"not_picked":["SandsOfTime","WreathOfFlame+1"],"picked":"Ragnarok","floor":48.0},{"not_picked":["PathToVictory+1","Vengeance","Evaluate"],"picked":"SKIP","floor":55}],"player_experience":2039546,"relics_obtained":[{"floor":7.0,"key":"Girya"},{"floor":9.0,"key":"Sundial"},{"floor":24.0,"key":"Oddly Smooth Stone"},{"floor":26.0,"key":"Juzu Bracelet"},{"floor":27.0,"key":"Incense Burner"},{"floor":29.0,"key":"Vajra"},{"floor":39.0,"key":"Ice Cream"},{"floor":41.0,"key":"Happy Flower"},{"floor":48.0,"key":"Dead Branch"},{"floor":55,"key":"TungstenRod"}],"event_choices":[{"damage_healed":0.0,"max_hp_gain":0.0,"max_hp_loss":0.0,"gold_gain":0.0,"event_name":"Shining Light","player_choice":"Entered Light","floor":4.0,"gold_loss":0.0,"damage_taken":20.0,"cards_upgraded":["Vigilance","FlurryOfBlows"]},{"damage_healed":0.0,"max_hp_gain":0.0,"max_hp_loss":0.0,"gold_gain":150.0,"event_name":"Liars Game","player_choice":"AGREE","floor":11.0,"gold_loss":0.0,"damage_taken":0.0,"cards_obtained":["Doubt"]},{"cards_removed":["Strike_P"],"damage_healed":0.0,"max_hp_gain":0.0,"max_hp_loss":0.0,"gold_gain":0.0,"event_name":"Beggar","player_choice":"Gave Gold","floor":19.0,"gold_loss":75.0,"damage_taken":0.0},{"damage_healed":0.0,"max_hp_gain":0.0,"max_hp_loss":0.0,"gold_gain":0.0,"event_name":"WeMeetAgain","player_choice":"Paid Gold","floor":22.0,"gold_loss":62.0,"damage_taken":0.0,"relics_obtained":["Smiling Mask"]},{"damage_healed":0.0,"max_hp_gain":0.0,"max_hp_loss":0.0,"gold_gain":0.0,"event_name":"SensoryStone","player_choice":"Memory 2","floor":38.0,"gold_loss":0.0,"damage_taken":5.0},{"damage_healed":0.0,"max_hp_gain":0.0,"max_hp_loss":0.0,"gold_gain":0.0,"event_name":"MindBloom","player_choice":"Fight","floor":39.0,"gold_loss":0.0,"damage_taken":0.0},{"damage_healed":0.0,"max_hp_gain":0.0,"max_hp_loss":0.0,"gold_gain":0.0,"event_name":"Mysterious Sphere","player_choice":"Ignored","floor":44.0,"gold_loss":0.0,"damage_taken":0.0},{"cards_removed":["FlyingSleeves"],"damage_healed":0.0,"max_hp_gain":0.0,"max_hp_loss":0.0,"gold_gain":0.0,"event_name":"Falling","player_choice":"Removed Attack","floor":46.0,"gold_loss":0.0,"damage_taken":0.0}],"is_beta":false,"boss_relics":[{"not_picked":["Tiny House","SacredBark"],"picked":"Astrolabe"},{"not_picked":["Empty Cage","Philosopher\u0027s Stone"],"picked":"Cursed Key"}],"items_purged_floors":[12,31,45,54],"is_endless":false,"potions_floor_spawned":[3,5,14,21,28,29,30,36,41,48,55],"ascension_level":20}}