{"host":"w9yruvs4bqht6bhw","time":1610832791,"event":{"mods":["BaseMod","Colored Powertips","Minty Spire (QoL Compilation)"],"gold_per_floor":[115,115,63,63,122,151,151,166,166,197,209,232,260,303,315,327,327],"floor_reached":16,"language":"ENG","playtime":398,"items_purged":[],"score":216,"play_id":"cf0645d0-7c9d-433c-adb1-16d58b235e84","local_time":"20210116163311","is_ascension_mode":true,"campfire_choices":[{"data":"Heavy Blade","floor":7,"key":"SMITH"},{"data":"True Grit","floor":11,"key":"SMITH"},{"floor":15,"key":"REST"}],"circlet_count":0,"master_deck":["AscendersBane","Strike_R","Strike_R","Strike_R","Strike_R","Strike_R","Defend_R","Defend_R","Defend_R","Bash","Heavy Blade+1","Flex","True Grit","True Grit+1","Iron Wave","Iron Wave","Inflame"],"relics":["Burning Blood","NeowsBlessing","Turnip","Orichalcum","MawBank","Pear"],"acts_visited":["Exordium"],"potions_floor_usage":[12,14,14,16],"damage_taken":[{"damage":0,"enemies":"Small Slimes","floor":1,"turns":1},{"damage":0,"enemies":"3 Sentries","floor":6,"turns":2},{"damage":0,"enemies":"Cultist","floor":8,"turns":1},{"damage":9,"enemies":"Jaw Worm","floor":10,"turns":3},{"damage":13,"enemies":"Large Slime","floor":12,"turns":5},{"damage":18,"enemies":"Exordium Wildlife","floor":13,"turns":4},{"damage":35,"enemies":"Lagavulin","floor":14,"turns":6},{"damage":68,"enemies":"The Guardian","floor":16,"turns":10}],"seed_played":"-2303961690865403236","potions_obtained":[{"floor":8,"key":"SkillPotion"},{"floor":12,"key":"Energy Potion"},{"floor":14,"key":"LiquidBronze"}],"is_trial":false,"path_per_floor":["M","?","$","T","?","E","R","M","T","M","R","M","M","E","R","B"],"character_chosen":"IRONCLAD","items_purchased":["Explosive Potion"],"campfire_rested":1,"item_purchase_floors":[3],"current_hp_per_floor":[78,78,78,78,78,80,80,80,80,77,77,70,58,39,66,0,0],"gold":327,"neow_bonus":"THREE_ENEMY_KILL","is_daily":false,"chose_seed":false,"campfire_upgraded":2,"win_rate":0.0,"timestamp":1610832791,"path_taken":["M","?","?","?","?","E","R","M","T","M","R","M","?","E","R","BOSS"],"items_purchased_type":["Potion"],"build_version":"2020-12-22","purchased_purges":0,"victory":false,"max_hp_per_floor":[80,80,80,80,80,80,80,80,80,80,80,80,80,90,90,90,90],"card_choices":[{"not_picked":["Havoc","Feel No Pain"],"picked":"Heavy Blade","floor":1},{"not_picked":["Heavy Blade","Headbutt"],"picked":"Flex","floor":6},{"not_picked":["Pommel Strike","Perfected Strike"],"picked":"True Grit","floor":8},{"not_picked":["Bloodletting","Sword Boomerang"],"picked":"True Grit","floor":10},{"not_picked":["Clash","Twin Strike"],"picked":"Iron Wave","floor":12},{"not_picked":["Thunderclap","Inflame"],"picked":"Iron Wave","floor":13},{"not_picked":["Brutality","Warcry"],"picked":"Inflame","floor":14}],"player_experience":410751,"relics_obtained":[{"floor":4,"key":"Turnip"},{"floor":6,"key":"Orichalcum"},{"floor":9,"key":"MawBank"},{"floor":14,"key":"Pear"}],"event_choices":[{"cards_removed":["Defend_R"],"damage_healed":0,"gold_gain":0,"player_choice":"Offered Basic","damage_taken":0,"max_hp_gain":0,"max_hp_loss":0,"event_name":"Bonfire Elementals","floor":2,"gold_loss":0},{"damage_healed":0,"gold_gain":59,"player_choice":"Gained Gold","damage_taken":0,"max_hp_gain":0,"max_hp_loss":0,"event_name":"Golden Wing","floor":5,"gold_loss":0}],"is_beta":false,"boss_relics":[],"items_purged_floors":[],"is_endless":false,"potions_floor_spawned":[8,12,13,14],"killed_by":"The Guardian","ascension_level":12}}