{"host":"fiyb7gvx7tok3jeh","time":1610809069,"event":{"mods":["BaseMod","Colored Map","Colored Powertips","DeckTracker","Googly Eyes","Highlight Path","Minty Spire (QoL Compilation)"],"gold_per_floor":[119,69,69,87,11,45,45,58,58,58,74,87,110,124,124,247,247,261,261,21,39,4,4,27,48,48,62,62,83,83,83],"floor_reached":30,"language":"ENG","playtime":1248,"items_purged":[],"score":295,"play_id":"96cd46f4-ef23-452d-8744-484a208cc4af","local_time":"20210116165749","is_ascension_mode":true,"campfire_choices":[{"floor":7,"key":"REST"},{"data":"Mind Blast","floor":15,"key":"SMITH"},{"floor":23,"key":"REST"},{"floor":28,"key":"REST"}],"circlet_count":0,"master_deck":["Strike_B","Strike_B","Strike_B","Defend_B","Defend_B","Defend_B","Defend_B","Zap","Dualcast","Mind Blast+1","Rebound","Aggregate","Hyperbeam","Ball Lightning","Conserve Battery","Leap","Fusion","Turbo","Doom and Gloom","Seek","Coolheaded","Stack","Static Discharge","Steam+1","Static Discharge","Fusion","Buffer","Stack"],"relics":["Cracked Core","Golden Idol","Symbiotic Virus","Bronze Scales","Velvet Choker","CultistMask","Vajra","Sundial"],"acts_visited":["Exordium","TheCity"],"potions_floor_usage":[16,29],"damage_taken":[{"damage":0,"enemies":"2 Louse","floor":1,"turns":2},{"damage":7,"enemies":"Jaw Worm","floor":4,"turns":3},{"damage":29,"enemies":"Gremlin Nob","floor":6,"turns":4},{"damage":0,"enemies":"Small Slimes","floor":8,"turns":2},{"damage":11,"enemies":"Exordium Thugs","floor":11,"turns":2},{"damage":14,"enemies":"Lots of Slimes","floor":12,"turns":3},{"damage":0,"enemies":"Large Slime","floor":13,"turns":2},{"damage":8,"enemies":"Blue Slaver","floor":14,"turns":2},{"damage":56,"enemies":"The Guardian","floor":16,"turns":12},{"damage":28,"enemies":"Shell Parasite","floor":18,"turns":5},{"damage":2,"enemies":"Spheric Guardian","floor":21,"turns":3},{"damage":15,"enemies":"Centurion and Healer","floor":24,"turns":3},{"damage":5,"enemies":"Cultist and Chosen","floor":25,"turns":3},{"damage":19,"enemies":"Snake Plant","floor":27,"turns":2},{"damage":12,"enemies":"Sentry and Sphere","floor":29,"turns":4},{"damage":34,"enemies":"Gremlin Leader","floor":30,"turns":6}],"seed_played":"5698304202043293602","potions_obtained":[{"floor":8,"key":"Dexterity Potion"},{"floor":12,"key":"FairyPotion"},{"floor":14,"key":"LiquidMemories"},{"floor":16,"key":"SneckoOil"},{"floor":25,"key":"Ancient Potion"},{"floor":29,"key":"Fruit Juice"}],"is_trial":false,"path_per_floor":["M","?","?","M","$","E","R","M","T","?","M","M","M","M","R","B",null,"M","?","$","M","$","R","M","M","T","M","R","M","E"],"character_chosen":"DEFECT","items_purchased":["Hyperbeam","Stack","Vajra","Static Discharge","Static Discharge"],"campfire_rested":3,"item_purchase_floors":[5,20,20,20,22],"current_hp_per_floor":[75,75,57,50,50,21,43,43,43,68,57,43,43,35,35,1,57,29,29,29,27,27,49,34,29,29,10,32,25,0,0],"gold":83,"neow_bonus":"RANDOM_COLORLESS","is_daily":false,"chose_seed":false,"campfire_upgraded":1,"win_rate":0.0,"timestamp":1610809069,"path_taken":["M","?","?","M","?","E","R","M","T","?","M","M","M","M","R","BOSS","M","?","$","M","?","R","M","M","T","?","R","M","E"],"items_purchased_type":["Card","Card","Relic","Card","Card"],"build_version":"2020-12-22","purchased_purges":0,"victory":false,"max_hp_per_floor":[75,75,75,75,75,75,75,75,75,75,75,75,75,75,75,75,75,75,75,75,75,75,75,75,75,75,75,75,80,80,80],"card_choices":[{"not_picked":["Forethought","Panacea"],"picked":"Mind Blast","floor":0},{"not_picked":["Hologram","Redo"],"picked":"Rebound","floor":1},{"not_picked":["Chill","Streamline"],"picked":"Aggregate","floor":4},{"not_picked":["Rebound","Recycle"],"picked":"Ball Lightning","floor":6},{"not_picked":["Leap","Reprogram"],"picked":"Conserve Battery","floor":8},{"not_picked":["Cold Snap","Gash"],"picked":"Leap","floor":11},{"not_picked":["Tempest","Gash"],"picked":"Fusion","floor":12},{"not_picked":["Rebound","Genetic Algorithm"],"picked":"Turbo","floor":13},{"not_picked":["Self Repair","Reprogram"],"picked":"Doom and Gloom","floor":14},{"not_picked":["All For One","Hyperbeam"],"picked":"Seek","floor":16},{"not_picked":["Cold Snap+1","Defragment"],"picked":"Coolheaded","floor":18},{"not_picked":["Lockon","Consume"],"picked":"Steam+1","floor":21},{"not_picked":["Darkness","Consume+1"],"picked":"Fusion","floor":24},{"not_picked":["BootSequence","Stack"],"picked":"Buffer","floor":25},{"not_picked":["Barrage","Self Repair"],"picked":"Stack","floor":27},{"not_picked":["Compile Driver+1","Barrage","Darkness"],"picked":"SKIP","floor":29}],"player_experience":268170,"relics_obtained":[{"floor":6,"key":"Symbiotic Virus"},{"floor":9,"key":"Bronze Scales"},{"floor":26,"key":"Sundial"}],"event_choices":[{"cards_removed":["Strike_B"],"damage_healed":0,"gold_gain":0,"player_choice":"Card Removal","damage_taken":0,"max_hp_gain":0,"max_hp_loss":0,"event_name":"The Cleric","floor":2,"gold_loss":50},{"damage_healed":0,"gold_gain":0,"player_choice":"Take Damage","damage_taken":18,"relics_obtained":["Golden Idol"],"max_hp_gain":0,"max_hp_loss":0,"event_name":"Golden Idol","floor":3,"gold_loss":0},{"damage_healed":25,"gold_gain":0,"player_choice":"Banana","damage_taken":0,"max_hp_gain":0,"max_hp_loss":0,"event_name":"Big Fish","floor":10,"gold_loss":0},{"damage_healed":0,"gold_gain":0,"player_choice":"Trade","damage_taken":0,"relics_obtained":["CultistMask"],"max_hp_gain":0,"max_hp_loss":0,"event_name":"FaceTrader","floor":19,"gold_loss":0}],"is_beta":false,"boss_relics":[{"not_picked":["Cursed Key","SacredBark"],"picked":"Velvet Choker"}],"items_purged_floors":[],"is_endless":false,"potions_floor_spawned":[8,12,14,16,25,29],"killed_by":"Gremlin Leader","ascension_level":5}}