{"host":"dftyqn972q7tuon4","time":1610764150,"event":{"mods":["AchievementEnabler","BaseMod","Better Altar","Better Match","Better Note","Better Sensory Stone","Better Skull","Better Third Choice","Colored Powertips","Highlight Path","Minty Spire (QoL Compilation)","Permanent Neow","Quick Restart","StSLib"],"gold_per_floor":[12,12,23,23,139,139,174,174,174,193,228,266,266,282,282,377,377,414,513,523,523,448,448,448],"floor_reached":23,"language":"ENG","playtime":1116,"items_purged":[],"score":279,"play_id":"95f45f00-4029-488c-b2c9-809f8a7f8045","local_time":"20210116032910","is_ascension_mode":true,"campfire_choices":[{"floor":6.0,"key":"REST"},{"floor":8.0,"key":"REST"},{"floor":13.0,"key":"REST"},{"data":"DevaForm","floor":15.0,"key":"SMITH"}],"circlet_count":0,"master_deck":["Eruption","Vigilance","DevaForm+1","ClearTheMind","CrushJoints","Wallop","ThirdEye","Wish","Perseverance","FearNoEvil","Alpha","Sanctity","FollowUp","CutThroughFate","EmptyFist","Study","Protect","Halt"],"relics":["PureWater","Lantern","Strawberry","Art of War","Dream Catcher","Pandora\u0027s Box","Enchiridion"],"acts_visited":["Exordium","TheCity"],"potions_floor_usage":[20,23,23,23],"damage_taken":[{"damage":5.0,"enemies":"2 Louse","floor":1.0,"turns":3.0},{"damage":10.0,"enemies":"Jaw Worm","floor":3.0,"turns":6.0},{"damage":32.0,"enemies":"3 Sentries","floor":7.0,"turns":11.0},{"damage":5.0,"enemies":"Small Slimes","floor":10.0,"turns":3.0},{"damage":7.0,"enemies":"Gremlin Nob","floor":11.0,"turns":4.0},{"damage":1.0,"enemies":"Exordium Thugs","floor":12.0,"turns":6.0},{"damage":11.0,"enemies":"3 Louse","floor":14.0,"turns":3.0},{"damage":4.0,"enemies":"The Guardian","floor":16.0,"turns":8.0},{"damage":33,"enemies":"2 Thieves","floor":18,"turns":5},{"damage":14,"enemies":"3 Byrds","floor":20,"turns":3},{"damage":5,"enemies":"Gremlin Leader","floor":23,"turns":2}],"seed_played":"-8440082684793513018","potions_obtained":[{"floor":3.0,"key":"StancePotion"},{"floor":12.0,"key":"Strength Potion"},{"floor":14.0,"key":"GamblersBrew"},{"floor":16.0,"key":"Block Potion"},{"floor":20,"key":"PowerPotion"}],"is_trial":false,"path_per_floor":["M","?","M","$","?","R","E","R","T","M","E","M","R","M","R","B",null,"M","?","M","?","?","E"],"character_chosen":"WATCHER","items_purchased":[],"campfire_rested":3,"item_purchase_floors":[],"current_hp_per_floor":[60,53,43,43,23,44,19,42,42,37,30,29,52,41,41,37,69,36,36,22,6,6,1,1],"gold":448,"neow_bonus":"THREE_RARE_CARDS","is_daily":false,"chose_seed":false,"campfire_upgraded":1,"win_rate":0.0,"timestamp":1610764150,"path_taken":["M","?","M","?","?","R","E","R","T","M","E","?","R","M","R","BOSS","M","?","M","?","?","E"],"items_purchased_type":[],"build_version":"2020-12-22","purchased_purges":0,"victory":false,"max_hp_per_floor":[72,72,72,72,72,72,79,79,79,79,79,79,79,79,79,79,79,79,79,79,79,79,79,79],"card_choices":[{"not_picked":["Omniscience","MasterReality"],"picked":"DevaForm","floor":0.0},{"not_picked":["BowlingBash","FlyingSleeves"],"picked":"ClearTheMind","floor":1.0},{"not_picked":["EmptyFist","BowlingBash"],"picked":"CrushJoints","floor":3.0},{"not_picked":["InnerPeace","SignatureMove"],"picked":"Wallop","floor":7.0},{"not_picked":["EmptyBody","LikeWater"],"picked":"ThirdEye","floor":10.0},{"not_picked":["CutThroughFate","EmptyBody"],"picked":"Wish","floor":11.0},{"not_picked":["CrushJoints","Prostrate","WreathOfFlame"],"picked":"SKIP","floor":12.0},{"not_picked":["FollowUp","LikeWater"],"picked":"Perseverance","floor":13.0},{"not_picked":["Evaluate","FollowUp"],"picked":"FearNoEvil","floor":14.0},{"not_picked":["Vault","Blasphemy"],"picked":"Alpha","floor":16.0},{"not_picked":["Conclude","LikeWater"],"picked":"Halt","floor":18},{"not_picked":["JustLucky","CrushJoints","FlyingSleeves+1"],"picked":"SKIP","floor":20}],"player_experience":661999,"relics_obtained":[{"floor":7.0,"key":"Strawberry"},{"floor":9.0,"key":"Art of War"},{"floor":11.0,"key":"Dream Catcher"},{"floor":21,"key":"Enchiridion"}],"event_choices":[{"cards_removed":["Defend_P"],"damage_healed":0.0,"max_hp_gain":0.0,"max_hp_loss":0.0,"gold_gain":0.0,"event_name":"Golden Wing","player_choice":"Card Removal","floor":2.0,"gold_loss":0.0,"damage_taken":7.0},{"damage_healed":0.0,"max_hp_gain":0.0,"max_hp_loss":0.0,"gold_gain":116.0,"event_name":"betterSkull:BetterSkull","player_choice":"RE GO ","floor":5.0,"gold_loss":0.0,"damage_taken":23.0,"cards_upgraded":[],"relics_obtained":["Lantern"]},{"damage_healed":0,"gold_gain":99,"player_choice":"Steal","damage_taken":0,"max_hp_gain":0,"max_hp_loss":0,"event_name":"betterThird:BetterNest","floor":19,"gold_loss":0},{"damage_healed":0,"gold_gain":0,"player_choice":"Obtained Book","damage_taken":16,"max_hp_gain":0,"max_hp_loss":0,"event_name":"Cursed Tome","floor":21,"gold_loss":0},{"cards_removed":["ClearTheMind"],"damage_healed":0,"gold_gain":0,"player_choice":"Gave Gold","damage_taken":0,"max_hp_gain":0,"max_hp_loss":0,"event_name":"Beggar","floor":22,"gold_loss":75}],"is_beta":false,"boss_relics":[{"not_picked":["HolyWater","Snecko Eye"],"picked":"Pandora\u0027s Box"}],"items_purged_floors":[],"is_endless":false,"potions_floor_spawned":[3,12,14,16,20],"killed_by":"Gremlin Leader","ascension_level":8}}