{"host":"pf47v7h0307523iy","time":1610832649,"event":{"mods":["BaseMod","Minty Spire (QoL Compilation)"],"gold_per_floor":[113,130,149,159,55,55,85,85,85,95,95,115,115,115,115,194,194,194,194,194,194,194,194,194,194],"floor_reached":24,"language":"ENG","playtime":1487,"items_purged":["Strike_B"],"score":400,"play_id":"d8111dd1-4517-4abf-abae-819d0b3bd0f9","local_time":"20210116233049","is_ascension_mode":true,"campfire_choices":[{"data":"Zap","floor":6.0,"key":"SMITH"},{"floor":11.0,"key":"REST"},{"data":"Consume","floor":13.0,"key":"SMITH"},{"floor":15.0,"key":"REST"},{"floor":23.0,"key":"REST"}],"circlet_count":0,"master_deck":["AscendersBane","Strike_B+1","Defend_B","Defend_B","Defend_B","Defend_B","Zap+1","Dualcast","Glacier","Rebound","Ball Lightning","Echo Form","Compile Driver","Leap+1","Consume+1","Core Surge","Skim","Coolheaded","Capacitor+1","Defragment"],"relics":["Cracked Core","Bag of Marbles","Calipers","Gremlin Horn","Ectoplasm"],"acts_visited":["Exordium","TheCity"],"potions_floor_usage":[24],"damage_taken":[{"damage":0.0,"enemies":"2 Louse","floor":1.0,"turns":2.0},{"damage":5.0,"enemies":"Small Slimes","floor":2.0,"turns":4.0},{"damage":0.0,"enemies":"Cultist","floor":3.0,"turns":4.0},{"damage":7.0,"enemies":"Large Slime","floor":4.0,"turns":6.0},{"damage":10.0,"enemies":"3 Sentries","floor":7.0,"turns":9.0},{"damage":19.0,"enemies":"Exordium Wildlife","floor":10.0,"turns":7.0},{"damage":7.0,"enemies":"Exordium Thugs","floor":12.0,"turns":5.0},{"damage":14.0,"enemies":"The Guardian","floor":16.0,"turns":12.0},{"damage":0.0,"enemies":"Chosen","floor":18.0,"turns":4.0},{"damage":9.0,"enemies":"Spheric Guardian","floor":19.0,"turns":4.0},{"damage":8.0,"enemies":"Snake Plant","floor":21.0,"turns":7.0},{"damage":12.0,"enemies":"Cultist and Chosen","floor":22.0,"turns":6.0},{"damage":47,"enemies":"Gremlin Leader","floor":24,"turns":4}],"seed_played":"-1068642590639329501","potions_obtained":[{"floor":1.0,"key":"GamblersBrew"},{"floor":3.0,"key":"DistilledChaos"},{"floor":12.0,"key":"Dexterity Potion"},{"floor":16.0,"key":"FocusPotion"}],"is_trial":false,"path_per_floor":["M","M","M","M","$","R","E","?","T","M","R","M","R","?","R","B",null,"M","M","?","M","M","R","E"],"character_chosen":"DEFECT","items_purchased":["Compile Driver"],"campfire_rested":3,"item_purchase_floors":[5],"current_hp_per_floor":[64,59,59,52,52,52,42,37,37,18,37,30,30,11,30,16,52,52,43,43,35,23,42,0,0],"gold":194,"neow_bonus":"REMOVE_TWO","is_daily":false,"chose_seed":false,"campfire_upgraded":2,"win_rate":0.0,"timestamp":1610832649,"path_taken":["M","M","M","M","$","R","E","?","T","M","R","M","R","?","R","BOSS","M","M","?","M","M","R","E"],"items_purchased_type":["Card"],"build_version":"2020-12-22","purchased_purges":1,"victory":false,"max_hp_per_floor":[64,64,64,64,64,64,64,64,64,64,64,64,64,64,64,64,64,64,64,64,64,64,64,64,64],"card_choices":[{"not_picked":["Undo","Turbo"],"picked":"Glacier","floor":1.0},{"not_picked":["Cold Snap","Redo"],"picked":"Rebound","floor":2.0},{"not_picked":["Go for the Eyes","FTL"],"picked":"Ball Lightning","floor":3.0},{"not_picked":["Darkness","Stack"],"picked":"Echo Form","floor":4.0},{"not_picked":["Aggregate","Double Energy"],"picked":"Leap","floor":7.0},{"not_picked":["Stack","Rebound","Steam Power"],"picked":"SKIP","floor":10.0},{"not_picked":["Rip and Tear","Lockon"],"picked":"Consume","floor":12.0},{"not_picked":["Rainbow","Hyperbeam"],"picked":"Core Surge","floor":16.0},{"not_picked":["Ball Lightning","White Noise"],"picked":"Skim","floor":18.0},{"not_picked":["Sweeping Beam","Redo"],"picked":"Coolheaded","floor":19.0},{"not_picked":["Tempest","Self Repair"],"picked":"Capacitor+1","floor":21.0},{"not_picked":["Chaos","Turbo"],"picked":"Defragment","floor":22.0}],"player_experience":1669200,"relics_obtained":[{"floor":7.0,"key":"Bag of Marbles"},{"floor":9.0,"key":"Gremlin Horn"}],"event_choices":[{"damage_healed":0.0,"max_hp_gain":0.0,"max_hp_loss":0.0,"gold_gain":0.0,"event_name":"Scrap Ooze","player_choice":"Success","floor":8.0,"gold_loss":0.0,"damage_taken":5.0,"relics_obtained":["Calipers"]},{"damage_healed":0.0,"max_hp_gain":0.0,"max_hp_loss":0.0,"gold_gain":0.0,"event_name":"Shining Light","player_choice":"Entered Light","floor":14.0,"gold_loss":0.0,"damage_taken":19.0,"cards_upgraded":["Leap","Strike_B"]},{"damage_healed":0.0,"max_hp_gain":0.0,"max_hp_loss":0.0,"gold_gain":0.0,"event_name":"Vampires","player_choice":"Ignored","floor":20.0,"gold_loss":0.0,"damage_taken":0.0}],"is_beta":false,"boss_relics":[{"not_picked":["Calling Bell","Black Star"],"picked":"Ectoplasm"}],"items_purged_floors":[5],"is_endless":false,"potions_floor_spawned":[1,3,4,12,16],"killed_by":"Gremlin Leader","ascension_level":20}}