{"host":"1a3cjta80tad0aqj","time":1610810780,"event":{"mods":["2.2 Compatiblity","AchievementEnabler","BaseMod","Colored Map","DeckTracker","KOR Keyword Fix","Keyboard Shortcuts","Minty Spire (QoL Compilation)","Permanent Neow","Quick Restart","Random Character Button","StSLib","SuperFastMode","everything is the same but u backflip on backflip"],"gold_per_floor":[12,30,30,40,53,87,87,100,126,151,163,163,194,205,205,308,308,320,206,222,234,159,159,185,185,185,211,222,68,68,85,85,189,189,209,209,209,209,220,220,237,237,288,288,299,314,190,29,29,29,29],"floor_reached":50,"language":"KOR","playtime":2342,"items_purged":["Defend_B"],"score":581,"play_id":"8896f204-eb74-4dc4-be55-c39b298d6b5e","local_time":"20210117002620","is_ascension_mode":true,"campfire_choices":[{"floor":7.0,"key":"RECALL"},{"floor":12.0,"key":"REST"},{"data":"Streamline","floor":15.0,"key":"SMITH"},{"data":"Genetic Algorithm","floor":23.0,"key":"SMITH"},{"floor":25.0,"key":"REST"},{"data":"Barrage","floor":32.0,"key":"SMITH"},{"data":"Leap","floor":40.0,"key":"SMITH"},{"data":"Glacier","floor":42.0,"key":"SMITH"},{"data":"Amplify","floor":44.0,"key":"SMITH"},{"data":"Conserve Battery","floor":49,"key":"SMITH"}],"circlet_count":0,"master_deck":["Strike_B","Strike_B","Strike_B","Defend_B","Defend_B","Zap","Dualcast+1","Streamline+1","Skim","Cold Snap","Ball Lightning","Conserve Battery+1","Turbo","Leap+1","Barrage+1","Electrodynamics+1","Genetic Algorithm+1","Capacitor+1","Static Discharge+1","Glacier+1","Coolheaded","Cold Snap+1","Electrodynamics+1","Capacitor+1","Amplify+1","Coolheaded","Doubt","Parasite","Steam+1","Ball Lightning+1","Buffer+1"],"relics":["Cracked Core","Ice Cream","Frozen Egg 2","Centennial Puzzle","MealTicket","Cursed Key","Dream Catcher","Pantograph","Eternal Feather","Lee\u0027s Waffle","SlaversCollar","Spirit Poop","Juzu Bracelet","Omamori"],"acts_visited":["Exordium","TheCity","TheBeyond"],"potions_floor_usage":[50],"damage_taken":[{"damage":1.0,"enemies":"Cultist","floor":1.0,"turns":3.0},{"damage":0.0,"enemies":"Small Slimes","floor":2.0,"turns":3.0},{"damage":6.0,"enemies":"Jaw Worm","floor":4.0,"turns":4.0},{"damage":5.0,"enemies":"2 Fungi Beasts","floor":5.0,"turns":3.0},{"damage":12.0,"enemies":"Gremlin Nob","floor":6.0,"turns":3.0},{"damage":7.0,"enemies":"3 Louse","floor":8.0,"turns":2.0},{"damage":9.0,"enemies":"3 Sentries","floor":10.0,"turns":4.0},{"damage":6.0,"enemies":"Gremlin Gang","floor":11.0,"turns":4.0},{"damage":14.0,"enemies":"Gremlin Nob","floor":13.0,"turns":3.0},{"damage":6.0,"enemies":"Lots of Slimes","floor":14.0,"turns":3.0},{"damage":0.0,"enemies":"Slime Boss","floor":16.0,"turns":9.0},{"damage":3.0,"enemies":"Chosen","floor":18.0,"turns":4.0},{"damage":0.0,"enemies":"Spheric Guardian","floor":20.0,"turns":3.0},{"damage":17.0,"enemies":"Snake Plant","floor":21.0,"turns":3.0},{"damage":25.0,"enemies":"Book of Stabbing","floor":24.0,"turns":8.0},{"damage":34.0,"enemies":"Gremlin Leader","floor":27.0,"turns":5.0},{"damage":13.0,"enemies":"Shelled Parasite and Fungi","floor":28.0,"turns":4.0},{"damage":3.0,"enemies":"Cultist and Chosen","floor":31.0,"turns":4.0},{"damage":66.0,"enemies":"Automaton","floor":33.0,"turns":7.0},{"damage":5.0,"enemies":"3 Shapes","floor":35.0,"turns":4.0},{"damage":10.0,"enemies":"3 Darklings","floor":39.0,"turns":4.0},{"damage":7.0,"enemies":"4 Shapes","floor":41.0,"turns":5.0},{"damage":23,"enemies":"Writhing Mass","floor":45,"turns":6},{"damage":9,"enemies":"3 Darklings","floor":46,"turns":6},{"damage":135,"enemies":"Awakened One","floor":50,"turns":9}],"seed_played":"5518378689549123250","potions_obtained":[{"floor":1.0,"key":"FocusPotion"},{"floor":4.0,"key":"Weak Potion"},{"floor":5.0,"key":"FearPotion"},{"floor":6.0,"key":"Explosive Potion"},{"floor":10.0,"key":"BlessingOfTheForge"},{"floor":18.0,"key":"EssenceOfSteel"},{"floor":24.0,"key":"Swift Potion"},{"floor":27.0,"key":"EssenceOfDarkness"},{"floor":28.0,"key":"FairyPotion"},{"floor":33.0,"key":"Fruit Juice"},{"floor":35.0,"key":"DuplicationPotion"},{"floor":45,"key":"FocusPotion"}],"is_trial":false,"path_per_floor":["M","M","?","M","M","E","R","M","T","E","M","R","E","M","R","B",null,"M","$","M","M","?","R","E","R","T","E","M","$","?","M","R","B",null,"M","?","?","$","M","R","M","R","T","R","M","M","?","$","R","B"],"character_chosen":"DEFECT","items_purchased":["Capacitor+1","Lee\u0027s Waffle","Buffer+1"],"campfire_rested":2,"item_purchase_floors":[19,29,48],"current_hp_per_floor":[74,74,74,68,63,51,51,44,44,35,29,51,37,31,31,31,75,72,75,75,58,58,58,33,55,55,21,8,82,82,79,82,21,87,82,82,82,84,74,84,77,84,84,84,61,52,52,67,84,0,0],"gold":29,"neow_bonus":"ONE_RARE_RELIC","is_daily":false,"chose_seed":false,"campfire_upgraded":7,"win_rate":0.0,"timestamp":1610810780,"path_taken":["M","M","?","M","M","E","R","M","T","E","M","R","E","M","R","BOSS","M","$","M","M","?","R","E","R","T","E","M","$","?","M","R","BOSS","M","?","?","$","M","R","M","R","T","R","M","M","?","$","R","BOSS"],"items_purchased_type":["Card","Relic","Card"],"build_version":"2020-12-22","purchased_purges":1,"victory":false,"max_hp_per_floor":[75,75,75,75,75,75,75,75,75,75,75,75,75,75,75,75,75,75,75,75,75,75,75,75,75,75,75,75,82,82,82,82,87,87,87,87,84,84,84,84,84,84,84,84,84,84,84,84,84,84,84],"card_choices":[{"not_picked":["Heatsinks","Storm"],"picked":"Streamline","floor":1.0},{"not_picked":["Go for the Eyes","Reprogram"],"picked":"Skim","floor":2.0},{"not_picked":["Steam","Redo"],"picked":"Cold Snap","floor":4.0},{"not_picked":["Redo","Consume","Auto Shields"],"picked":"SKIP","floor":5.0},{"not_picked":["Turbo","Conserve Battery"],"picked":"Ball Lightning","floor":6.0},{"not_picked":["Redo","FTL","Doom and Gloom"],"picked":"SKIP","floor":8.0},{"not_picked":["Streamline","Steam"],"picked":"Conserve Battery","floor":10.0},{"not_picked":["Conserve Battery","Gash"],"picked":"Turbo","floor":11.0},{"not_picked":["White Noise","Steam"],"picked":"Leap","floor":13.0},{"not_picked":["Compile Driver","Fission"],"picked":"Barrage","floor":14.0},{"not_picked":["Echo Form+1","All For One"],"picked":"Electrodynamics+1","floor":16.0},{"not_picked":["Darkness","Compile Driver+1"],"picked":"Genetic Algorithm","floor":18.0},{"not_picked":["Doom and Gloom","Gash"],"picked":"Static Discharge+1","floor":20.0},{"not_picked":["Sunder","Redo"],"picked":"Glacier","floor":21.0},{"not_picked":["Beam Cell","Rebound"],"picked":"Coolheaded","floor":24.0},{"not_picked":["Leap","Turbo"],"picked":"Cold Snap+1","floor":25.0},{"not_picked":["Beam Cell+1","Hologram"],"picked":"Electrodynamics+1","floor":27.0},{"not_picked":["Steam Power","Skim","Coolheaded"],"picked":"SKIP","floor":28.0},{"not_picked":["Beam Cell","Steam"],"picked":"Capacitor+1","floor":31.0},{"not_picked":["All For One","Multi-Cast"],"picked":"Amplify","floor":33.0},{"not_picked":["Gash","Recycle"],"picked":"Coolheaded","floor":35.0},{"not_picked":["Compile Driver","Doom and Gloom","Streamline+1"],"picked":"SKIP","floor":39.0},{"not_picked":["Beam Cell","Cold Snap","Conserve Battery"],"picked":"SKIP","floor":41.0},{"not_picked":["FTL+1","Redo"],"picked":"Steam+1","floor":45},{"not_picked":["Conserve Battery","Streamline+1"],"picked":"Ball Lightning+1","floor":46}],"player_experience":676051,"relics_obtained":[{"floor":6.0,"key":"Frozen Egg 2"},{"floor":10.0,"key":"Centennial Puzzle"},{"floor":13.0,"key":"MealTicket"},{"floor":24.0,"key":"Dream Catcher"},{"floor":26.0,"key":"Pantograph"},{"floor":27.0,"key":"Eternal Feather"},{"floor":43.0,"key":"Juzu Bracelet"}],"event_choices":[{"damage_healed":0.0,"max_hp_gain":0.0,"max_hp_loss":0.0,"gold_gain":0.0,"event_name":"Living Wall","player_choice":"Grow","floor":3.0,"gold_loss":0.0,"damage_taken":0.0,"cards_upgraded":["Dualcast"]},{"cards_removed":["Strike_B"],"damage_healed":0.0,"max_hp_gain":0.0,"max_hp_loss":0.0,"gold_gain":0.0,"event_name":"Beggar","player_choice":"Gave Gold","floor":22.0,"gold_loss":75.0,"damage_taken":0.0},{"damage_healed":0.0,"max_hp_gain":0.0,"max_hp_loss":0.0,"gold_gain":0.0,"event_name":"Vampires","player_choice":"Ignored","floor":30.0,"gold_loss":0.0,"damage_taken":0.0},{"cards_removed":["Defend_B"],"damage_healed":0.0,"max_hp_gain":0.0,"max_hp_loss":0.0,"gold_gain":0.0,"event_name":"Falling","player_choice":"Removed Skill","floor":36.0,"gold_loss":0.0,"damage_taken":0.0},{"cards_removed":["Parasite"],"damage_healed":0.0,"max_hp_gain":0.0,"max_hp_loss":0.0,"gold_gain":0.0,"event_name":"Bonfire Elementals","player_choice":"Offered Curse","floor":37.0,"gold_loss":0.0,"damage_taken":0.0,"relics_obtained":["Spirit Poop"]},{"damage_healed":0,"gold_gain":0,"player_choice":"Paid Gold","damage_taken":0,"relics_obtained":["Omamori"],"max_hp_gain":0,"max_hp_loss":0,"event_name":"WeMeetAgain","floor":47,"gold_loss":124}],"is_beta":false,"boss_relics":[{"not_picked":["FrozenCore","SacredBark"],"picked":"Cursed Key"},{"not_picked":["Tiny House","Pandora\u0027s Box"],"picked":"SlaversCollar"}],"items_purged_floors":[19],"is_endless":false,"potions_floor_spawned":[1,4,5,6,10,18,24,27,28,33,35,41,45,46],"killed_by":"Awakened One","ascension_level":1}}