{"host":"anox4050deqdcqoh","time":1610759132,"event":{"mods":["BaseMod","Colored Map","Highlight Path","Minty Spire (QoL Compilation)","Quick Restart","Rare Cards Sparkle","everything is the same but u backflip on backflip"],"gold_per_floor":[217,234,234,79,92,92,123,123,171,171,183,183,200,17,17,113,113,129,29,40,40,51,51,61,61,88,88,104,117,117,131,131,131,131],"floor_reached":33,"language":"ENG","playtime":1703,"items_purged":["Strike_R","Strike_R"],"score":286,"play_id":"52db1f2b-0397-4a0d-bb93-a612507395a4","local_time":"20210115200532","is_ascension_mode":true,"campfire_choices":[{"data":"Shrug It Off","floor":6,"key":"SMITH"},{"data":"Shockwave","floor":8,"key":"SMITH"},{"data":"Flame Barrier","floor":12,"key":"SMITH"},{"floor":15,"key":"REST"},{"data":"Barricade","floor":23,"key":"SMITH"},{"data":"Dark Embrace","floor":25,"key":"SMITH"},{"floor":27,"key":"REST"},{"floor":32,"key":"REST"}],"circlet_count":0,"master_deck":["Strike_R","Strike_R","Strike_R","Defend_R","Defend_R","Defend_R","Defend_R","Bash","Cleave+1","Twin Strike+1","Shockwave+1","Thunderclap","Shrug It Off+1","Cleave","Flame Barrier+1","Flame Barrier","Dark Embrace+1","Barricade+1","Burning Pact","Shrug It Off","Inflame","Headbutt","Intimidate"],"relics":["Burning Blood","Happy Flower","Vajra","Medical Kit"],"acts_visited":["Exordium","TheCity"],"potions_floor_usage":[7,16,33],"damage_taken":[{"damage":11,"enemies":"Jaw Worm","floor":1,"turns":4},{"damage":16,"enemies":"Cultist","floor":2,"turns":4},{"damage":7,"enemies":"Small Slimes","floor":5,"turns":2},{"damage":35,"enemies":"Lagavulin","floor":7,"turns":8},{"damage":0,"enemies":"2 Fungi Beasts","floor":11,"turns":1},{"damage":0,"enemies":"3 Louse","floor":13,"turns":1},{"damage":42,"enemies":"Slime Boss","floor":16,"turns":10},{"damage":12,"enemies":"Chosen","floor":18,"turns":8},{"damage":15,"enemies":"3 Byrds","floor":20,"turns":5},{"damage":31,"enemies":"Shelled Parasite and Fungi","floor":22,"turns":12},{"damage":6,"enemies":"Chosen and Byrds","floor":24,"turns":5},{"damage":14,"enemies":"Snake Plant","floor":28,"turns":6},{"damage":46,"enemies":"Snecko","floor":29,"turns":7},{"damage":28,"enemies":"Centurion and Healer","floor":31,"turns":8},{"damage":69,"enemies":"Collector","floor":33,"turns":11}],"seed_played":"-5203461009251778961","potions_obtained":[{"floor":1,"key":"SpeedPotion"},{"floor":5,"key":"PowerPotion"},{"floor":16,"key":"FairyPotion"},{"floor":20,"key":"FairyPotion"},{"floor":29,"key":"LiquidMemories"},{"floor":31,"key":"GamblersBrew"}],"is_trial":false,"path_per_floor":["M","M","?","$","M","R","E","R","T","?","M","R","M","$","R","B",null,"M","$","M","?","M","R","M","R","T","R","M","M","?","M","R","B"],"character_chosen":"IRONCLAD","items_purchased":["Shockwave","Thunderclap","Medical Kit","Dark Embrace"],"campfire_rested":3,"item_purchase_floors":[4,4,14,14],"current_hp_per_floor":[75,65,65,65,64,64,35,35,35,35,41,41,47,47,71,35,80,74,74,65,65,40,40,40,40,40,64,56,16,16,20,44,0,0],"gold":131,"neow_bonus":"HUNDRED_GOLD","is_daily":false,"chose_seed":false,"campfire_upgraded":5,"win_rate":0.0,"timestamp":1610759132,"path_taken":["M","M","?","$","?","R","E","R","T","?","M","R","?","$","R","BOSS","M","$","M","?","?","R","M","R","T","R","M","M","?","?","R","BOSS"],"items_purchased_type":["Card","Card","Relic","Card"],"build_version":"2020-12-22","purchased_purges":2,"victory":false,"max_hp_per_floor":[80,80,80,80,80,80,80,80,80,80,80,80,80,80,80,80,80,80,80,80,80,80,80,80,80,80,80,80,80,80,80,80,80,80],"card_choices":[{"not_picked":["Intimidate","Bloodletting"],"picked":"Cleave","floor":1},{"not_picked":["Wild Strike","Battle Trance"],"picked":"Twin Strike","floor":2},{"not_picked":["Dual Wield","Shockwave"],"picked":"Shrug It Off","floor":5},{"not_picked":["Battle Trance","Clothesline"],"picked":"Cleave","floor":7},{"not_picked":["Carnage","Headbutt"],"picked":"Flame Barrier","floor":11},{"not_picked":["Rage","Shrug It Off"],"picked":"Flame Barrier","floor":13},{"not_picked":["Juggernaut","Brutality"],"picked":"Barricade","floor":16},{"not_picked":["Pommel Strike","Bloodletting"],"picked":"Burning Pact","floor":18},{"not_picked":["Whirlwind","Warcry","Combust"],"picked":"SKIP","floor":20},{"not_picked":["Carnage","Perfected Strike","Wild Strike"],"picked":"SKIP","floor":22},{"not_picked":["Cleave","Twin Strike"],"picked":"Inflame","floor":24},{"not_picked":["Burning Pact+1","Combust"],"picked":"Headbutt","floor":28},{"not_picked":["Heavy Blade","Pummel","Metallicize"],"picked":"SKIP","floor":29},{"not_picked":["Hemokinesis","Sword Boomerang+1"],"picked":"Intimidate","floor":31}],"player_experience":343889,"relics_obtained":[{"floor":7,"key":"Happy Flower"},{"floor":9,"key":"Vajra"}],"event_choices":[{"damage_healed":0,"gold_gain":0,"player_choice":"Upgraded","damage_taken":0,"max_hp_gain":0,"max_hp_loss":0,"event_name":"Upgrade Shrine","floor":3,"gold_loss":0,"cards_upgraded":["Cleave"]},{"damage_healed":0,"gold_gain":0,"player_choice":"Leave","damage_taken":0,"max_hp_gain":0,"max_hp_loss":0,"event_name":"FaceTrader","floor":10,"gold_loss":0},{"damage_healed":0,"gold_gain":0,"player_choice":"1 cards matched","damage_taken":0,"max_hp_gain":0,"max_hp_loss":0,"event_name":"Match and Keep!","floor":21,"gold_loss":0,"cards_obtained":["Shrug It Off"]},{"damage_healed":0,"gold_gain":0,"player_choice":"Forge","damage_taken":0,"max_hp_gain":0,"max_hp_loss":0,"event_name":"Accursed Blacksmith","floor":30,"gold_loss":0,"cards_upgraded":["Twin Strike"]}],"is_beta":false,"boss_relics":[{"not_picked":["Snecko Eye","Sozu","Coffee Dripper"]}],"items_purged_floors":[4,19],"is_endless":false,"potions_floor_spawned":[1,5,16,20,29,31],"killed_by":"Collector","ascension_level":3}}