{"host":"g01l53quoe6lrer0","time":1610820663,"event":{"mods":["2.2 Compatiblity","AchievementEnabler","BaseMod","Colored Map","Highlight Path","Keyboard Shortcuts","Minty Spire (QoL Compilation)","Permanent Neow","StSLib","SuperFastMode","everything is the same but u backflip on backflip"],"gold_per_floor":[110,127,137,137,151,151,177,177,177,210,228,67,67,86,86,159,159,169,181,195,78,96,96,96,96,120,138,156,176,176,226,226,303,303,313,313,75,89,89,89,89,89],"floor_reached":41,"language":"KOR","playtime":4257,"items_purged":["Strike_B"],"score":795,"play_id":"691f4776-c97f-472c-a0de-d2f11ff4d49a","local_time":"20210117031103","is_ascension_mode":true,"campfire_choices":[{"data":"Zap","floor":6.0,"key":"SMITH"},{"floor":8.0,"key":"REST"},{"data":"Defragment","floor":15.0,"key":"SMITH"},{"floor":23.0,"key":"REST"},{"data":"Defragment","floor":25.0,"key":"SMITH"},{"floor":32.0,"key":"REST"},{"data":"Apotheosis","floor":40.0,"key":"SMITH"}],"circlet_count":0,"master_deck":["AscendersBane","Strike_B","Defend_B","Defend_B","Defend_B","Zap+1","Dualcast","Seek","Leap","Ball Lightning","Coolheaded","Compile Driver","Core Surge","Double Energy","Defragment+1","Glacier","Turbo","Amplify","Hologram","Steam","Seek","Defragment+1","Glacier","Stack+1","Streamline+1","Blizzard","Steam Power","Multi-Cast","Beam Cell","Thunder Strike","Cold Snap+1","Thinking Ahead","Apotheosis+1","Self Repair","White Noise"],"relics":["Cracked Core","HornCleat","Pear","Ornamental Fan","Sozu","Juzu Bracelet","Velvet Choker"],"acts_visited":["Exordium","TheCity","TheBeyond"],"potions_floor_usage":[],"damage_taken":[{"damage":4.0,"enemies":"Jaw Worm","floor":1.0,"turns":4.0},{"damage":7.0,"enemies":"Small Slimes","floor":2.0,"turns":3.0},{"damage":0.0,"enemies":"Cultist","floor":3.0,"turns":3.0},{"damage":4.0,"enemies":"2 Fungi Beasts","floor":5.0,"turns":3.0},{"damage":32.0,"enemies":"Gremlin Nob","floor":7.0,"turns":4.0},{"damage":21.0,"enemies":"3 Sentries","floor":10.0,"turns":6.0},{"damage":4.0,"enemies":"3 Louse","floor":11.0,"turns":3.0},{"damage":1.0,"enemies":"Red Slaver","floor":14.0,"turns":4.0},{"damage":8.0,"enemies":"Hexaghost","floor":16.0,"turns":12.0},{"damage":7.0,"enemies":"Shell Parasite","floor":18.0,"turns":6.0},{"damage":0.0,"enemies":"3 Byrds","floor":19.0,"turns":4.0},{"damage":11.0,"enemies":"Snake Plant","floor":20.0,"turns":5.0},{"damage":13.0,"enemies":"Cultist and Chosen","floor":22.0,"turns":8.0},{"damage":18.0,"enemies":"Shelled Parasite and Fungi","floor":27.0,"turns":8.0},{"damage":1.0,"enemies":"3 Cultists","floor":28.0,"turns":6.0},{"damage":3.0,"enemies":"Cultist and Chosen","floor":29.0,"turns":9.0},{"damage":52.0,"enemies":"Champ","floor":33.0,"turns":17.0},{"damage":11.0,"enemies":"3 Shapes","floor":35.0,"turns":9.0},{"damage":12.0,"enemies":"Orb Walker","floor":38.0,"turns":5.0},{"damage":46,"enemies":"Reptomancer","floor":41,"turns":3}],"seed_played":"682522731285546795","potions_obtained":[{"floor":1.0,"key":"PotionOfCapacity"},{"floor":5.0,"key":"Swift Potion"},{"floor":11.0,"key":"Explosive Potion"},{"floor":16.0,"key":"Energy Potion"}],"is_trial":false,"path_per_floor":["M","M","M","?","M","R","E","R","T","E","M","$","?","M","R","B",null,"M","M","M","$","M","R","?","R","T","M","M","M","?","?","R","B",null,"M","?","$","M","?","R","E"],"character_chosen":"DEFECT","items_purchased":["Glacier","Defragment","Glacier","Apotheosis","Self Repair"],"campfire_rested":3,"item_purchase_floors":[12,21,21,37,37],"current_hp_per_floor":[60,53,53,71,67,67,35,56,66,45,41,41,34,33,33,25,67,60,60,49,49,36,60,54,54,54,36,35,32,32,32,56,4,62,51,51,51,46,46,46,0,0],"gold":89,"neow_bonus":"ONE_RANDOM_RARE_CARD","is_daily":false,"chose_seed":false,"campfire_upgraded":4,"win_rate":0.0,"timestamp":1610820663,"path_taken":["M","M","M","?","M","R","E","R","T","E","M","$","?","M","R","BOSS","M","M","M","$","M","R","?","R","T","M","M","M","?","?","R","BOSS","M","?","$","M","?","R","E"],"items_purchased_type":["Card","Card","Card","Card","Card"],"build_version":"2020-12-22","purchased_purges":1,"victory":false,"max_hp_per_floor":[71,71,71,71,71,71,71,71,81,81,81,81,81,81,81,81,81,81,81,81,81,81,81,81,81,81,81,81,81,81,81,81,81,81,81,81,81,81,81,81,81,81],"card_choices":[{"not_picked":["Redo","Force Field"],"picked":"Leap","floor":1.0},{"not_picked":["Self Repair","Reprogram"],"picked":"Ball Lightning","floor":2.0},{"not_picked":["Compile Driver","Leap"],"picked":"Coolheaded","floor":3.0},{"not_picked":["Redo","Cold Snap"],"picked":"Compile Driver","floor":5.0},{"not_picked":["Consume","Storm"],"picked":"Core Surge","floor":7.0},{"not_picked":["Beam Cell","Leap"],"picked":"Double Energy","floor":10.0},{"not_picked":["Stack","Recycle"],"picked":"Defragment","floor":11.0},{"not_picked":["Aggregate","Redo"],"picked":"Turbo","floor":14.0},{"not_picked":["Seek","Machine Learning"],"picked":"Amplify","floor":16.0},{"not_picked":["Redo","Rebound"],"picked":"Hologram","floor":18.0},{"not_picked":["Static Discharge","Fusion"],"picked":"Steam","floor":19.0},{"not_picked":["Barrage","Chill"],"picked":"Seek","floor":20.0},{"not_picked":["Leap","BootSequence"],"picked":"Stack+1","floor":22.0},{"not_picked":["FTL","Compile Driver"],"picked":"Streamline+1","floor":27.0},{"not_picked":["Sweeping Beam","Storm"],"picked":"Blizzard","floor":28.0},{"not_picked":["Stack","Aggregate"],"picked":"Steam Power","floor":29.0},{"not_picked":["Hyperbeam","All For One"],"picked":"Thunder Strike","floor":33.0},{"not_picked":["Lockon","Heatsinks"],"picked":"Cold Snap+1","floor":35.0},{"not_picked":["HandOfGreed","Swift Strike"],"picked":"Thinking Ahead","floor":36.0},{"not_picked":["Leap+1","Beam Cell"],"picked":"White Noise","floor":38.0}],"player_experience":208791,"relics_obtained":[{"floor":7.0,"key":"HornCleat"},{"floor":9.0,"key":"Pear"},{"floor":10.0,"key":"Ornamental Fan"},{"floor":26.0,"key":"Juzu Bracelet"}],"event_choices":[{"damage_healed":23.0,"max_hp_gain":0.0,"max_hp_loss":0.0,"gold_gain":0.0,"event_name":"Big Fish","player_choice":"Banana","floor":4.0,"gold_loss":0.0,"damage_taken":0.0},{"cards_removed":["Defend_B"],"damage_healed":0.0,"max_hp_gain":0.0,"max_hp_loss":0.0,"gold_gain":0.0,"event_name":"Golden Wing","player_choice":"Card Removal","floor":13.0,"gold_loss":0.0,"damage_taken":7.0},{"damage_healed":0.0,"max_hp_gain":0.0,"max_hp_loss":0.0,"gold_gain":0.0,"event_name":"Knowing Skull","player_choice":"","floor":24.0,"potions_obtained":[],"gold_loss":0.0,"damage_taken":6.0,"cards_obtained":[]},{"damage_healed":0.0,"max_hp_gain":0.0,"max_hp_loss":0.0,"gold_gain":0.0,"cards_transformed":["Strike_B","Strike_B"],"event_name":"Drug Dealer","player_choice":"Became Test Subject","floor":30.0,"gold_loss":0.0,"damage_taken":0.0,"cards_obtained":["Multi-Cast","Beam Cell"]},{"damage_healed":0.0,"max_hp_gain":0.0,"max_hp_loss":0.0,"gold_gain":50.0,"event_name":"Nest","player_choice":"Stole From Cult","floor":31.0,"gold_loss":0.0,"damage_taken":0.0},{"damage_healed":0.0,"max_hp_gain":0.0,"max_hp_loss":0.0,"gold_gain":0.0,"event_name":"SensoryStone","player_choice":"Memory 1","floor":36.0,"gold_loss":0.0,"damage_taken":0.0},{"damage_healed":0.0,"max_hp_gain":0.0,"max_hp_loss":0.0,"gold_gain":0.0,"event_name":"Lab","player_choice":"Got Potions","floor":39.0,"gold_loss":0.0,"damage_taken":0.0}],"is_beta":false,"boss_relics":[{"not_picked":["Philosopher\u0027s Stone","Tiny House"],"picked":"Sozu"},{"not_picked":["Black Star","Cursed Key"],"picked":"Velvet Choker"}],"items_purged_floors":[12],"is_endless":false,"potions_floor_spawned":[1,5,11,16,22,27,29,33],"killed_by":"Reptomancer","ascension_level":18}}