{"host":"lehz9p79pih88cc3","time":1610821887,"event":{"mods":["AchievementEnabler","Act Like it!","Ascension Reborn","Aspiration","BaseMod","Better Note","Better Skull","Better Third Choice","CapriCore","Chen","Conspire","Defuse TimeMaze Blight","Disable Question Mark Monsters","Emptier Cage","Gensokyo","GungeonMod","Infinite Spire","Koishi","Marisa????????","Minty Spire (QoL Compilation)","Permanent Neow","Quick Restart","Reimu??????","Relic Stats","Remilia_Scarlet Moed?????·?????3.3.5","Remilia??????","SacredBarkPlus","Shop Mod","StSLib","The Immortal","The Servant 0.9.4","Transform Curses","Uncapped","Yakumo Yukari mod","everything is the same but u backflip on backflip"],"gold_per_floor":[119,138,366,382,35,63,77,107,158,188,188,39,51,77,77,176,176,193,443,454,454,468,502,382,382,436,454,454,454],"floor_reached":28,"language":"ENG","playtime":1517,"items_purged":[],"score":357,"play_id":"18326d82-381c-41aa-b457-38edaaa59f1f","local_time":"20210116133127","is_ascension_mode":true,"campfire_choices":[{"floor":11,"key":"REST"},{"data":"ConjureBlade","floor":11,"key":"SMITH"},{"floor":15,"key":"REST"},{"data":"Protect","floor":15,"key":"SMITH"},{"floor":25,"key":"REST"},{"data":"infinitespire:Starlight","floor":25,"key":"SMITH"}],"circlet_count":0,"master_deck":["Strike_P","Strike_P","Defend_P","Defend_P","Defend_P","Eruption","Vigilance","ClearTheMind","LikeWater","SashWhip","ConjureBlade+1","Protect+1","Establishment","Decay","CrushJoints","Tantrum","EmptyFist","Wireheading","DevaForm","Devotion+1","Nirvana+1","ClearTheMind+1","BattleHymn","infinitespire:Starlight+1"],"relics":["Cursed Key","Vajra","Blue Candle","infinitespire:Magic Flask","infinitespire:Satchel","Omamori","Orrery","Mummified Hand","Astrolabe","Philosopher\u0027s Stone","DemoMod:BigBoy","Oddly Smooth Stone","Gensokyo:SpiderMask","infinitespire:Beetle Shell"],"acts_visited":["Gensokyo:Gensokyo","Gensokyo:Gensokyoer"],"potions_floor_usage":[16,18,23],"damage_taken":[{"damage":2,"enemies":"Gensokyo:2_Kodama","floor":1,"turns":4},{"damage":1,"enemies":"Gensokyo:3_Fairies","floor":2,"turns":4},{"damage":1,"enemies":"Gensokyo:Python","floor":4,"turns":4},{"damage":1,"enemies":"Gensokyo:Mamizou","floor":6,"turns":6},{"damage":0,"enemies":"Gensokyo:Kitsune","floor":7,"turns":4},{"damage":17,"enemies":"Gensokyo:Aya","floor":8,"turns":6},{"damage":1,"enemies":"Gensokyo:Mamizou","floor":10,"turns":4},{"damage":0,"enemies":"Gensokyo:3_Kodama","floor":13,"turns":4},{"damage":2,"enemies":"Gensokyo:Cirno","floor":14,"turns":6},{"damage":1,"enemies":"Gensokyo:Yukari","floor":16,"turns":7},{"damage":8,"enemies":"Gensokyo:Chomper","floor":18,"turns":5},{"damage":12,"enemies":"Gensokyo:AngelMirror","floor":20,"turns":5},{"damage":47,"enemies":"Gensokyo:Wraith","floor":22,"turns":5},{"damage":11,"enemies":"Gensokyo:Reisen","floor":23,"turns":4},{"damage":26,"enemies":"Gensokyo:Slime_Group","floor":27,"turns":5},{"damage":47,"enemies":"Gensokyo:Mirror_and_Dog","floor":28,"turns":2}],"seed_played":"-6036171552960888213","potions_obtained":[{"floor":1,"key":"Dexterity Potion"},{"floor":8,"key":"PowerPotion"},{"floor":16,"key":"GamblersBrew"},{"floor":20,"key":"Ambrosia"}],"is_trial":false,"path_per_floor":["M","M","?","M","$","E","M","E","T","E","R","COS","M","E","R","B",null,"M","?","M","AVR","M","E","?","R","T","M","M"],"character_chosen":"WATCHER","items_purchased":["Vajra","ConjureBlade","Protect"],"campfire_rested":3,"item_purchase_floors":[5,5,5],"current_hp_per_floor":[70,69,53,52,52,51,51,34,34,33,54,54,54,52,72,71,72,64,64,52,52,15,14,14,34,34,23,0,0],"gold":454,"neow_bonus":"BOSS_RELIC","is_daily":false,"chose_seed":false,"campfire_upgraded":3,"win_rate":0.0,"timestamp":1610821887,"path_taken":["M","M","?","M","$","E","M","E","T","E","R","COS","?","E","R","BOSS","M","?","M","AVR","M","E","?","R","T","M","M"],"items_purchased_type":["Relic","Card","Card"],"build_version":"2020-12-22","purchased_purges":0,"victory":false,"max_hp_per_floor":[72,72,72,72,72,72,72,72,72,72,72,72,72,72,72,72,72,72,68,68,68,68,68,68,68,68,68,68,68],"relic_stats":{"counters":[16,75],"Mummified Hand":[33],"Blue Candle":[8],"Astrolabe":["Devotion","Nirvana","ClearTheMind"],"Cursed Key":2,"obtain_stats":[{"Blue Candle":6,"Astrolabe":17,"DemoMod:BigBoy":21,"Vajra":5,"Oddly Smooth Stone":23,"Gensokyo:SpiderMask":24,"DemoMod:GlassGuonStoneRelic":1,"infinitespire:Beetle Shell":26,"Omamori":10,"infinitespire:Magic Flask":8,"Cursed Key":0,"Mummified Hand":14,"infinitespire:Satchel":9,"Orrery":12,"Philosopher\u0027s Stone":21,"PureWater":0},{"Blue Candle":4,"Astrolabe":10,"DemoMod:BigBoy":12,"Vajra":3,"Oddly Smooth Stone":14,"Gensokyo:SpiderMask":14,"DemoMod:GlassGuonStoneRelic":1,"infinitespire:Beetle Shell":14,"Omamori":7,"infinitespire:Magic Flask":6,"Cursed Key":0,"Mummified Hand":9,"infinitespire:Satchel":6,"Orrery":7,"Philosopher\u0027s Stone":12,"PureWater":0},{"Blue Candle":18,"Astrolabe":49,"DemoMod:BigBoy":59,"Vajra":12,"Oddly Smooth Stone":68,"Gensokyo:SpiderMask":68,"DemoMod:GlassGuonStoneRelic":4,"infinitespire:Beetle Shell":68,"Omamori":32,"infinitespire:Magic Flask":28,"Cursed Key":0,"Mummified Hand":42,"infinitespire:Satchel":28,"Orrery":32,"Philosopher\u0027s Stone":59,"PureWater":0}]},"card_choices":[{"not_picked":["FlyingSleeves","Vengeance"],"picked":"ClearTheMind","floor":1},{"not_picked":["Nirvana","BattleHymn"],"picked":"LikeWater","floor":2},{"not_picked":["Pray","Fasting2"],"picked":"SashWhip","floor":4},{"not_picked":["Vengeance","Halt","Pray"],"picked":"SKIP","floor":6},{"not_picked":["Evaluate","SashWhip","BattleHymn"],"picked":"SKIP","floor":7},{"not_picked":["BowlingBash","FollowUp"],"picked":"Establishment","floor":8},{"not_picked":["WreathOfFlame","FearNoEvil","ClearTheMind"],"picked":"SKIP","floor":10},{"not_picked":["BattleHymn","Prostrate"],"picked":"CrushJoints","floor":12},{"not_picked":["Swivel","SashWhip"],"picked":"Tantrum","floor":12},{"not_picked":["Weave","Nirvana"],"picked":"EmptyFist","floor":12},{"not_picked":["JustLucky","Prostrate","Pray"],"picked":"SKIP","floor":13},{"not_picked":["Brilliance","Evaluate"],"picked":"Wireheading","floor":14},{"not_picked":["Alpha","Blasphemy"],"picked":"DevaForm","floor":16},{"not_picked":["JustLucky","EmptyBody","ClearTheMind"],"picked":"SKIP","floor":18},{"not_picked":["ClearTheMind","CutThroughFate+1"],"picked":"BattleHymn","floor":20},{"not_picked":["EmptyBody","SpiritShield","Vengeance+1"],"picked":"SKIP","floor":22},{"not_picked":["EmptyBody","ThirdEye","PathToVictory"],"picked":"SKIP","floor":23},{"not_picked":["FlurryOfBlows","Vengeance","Halt"],"picked":"SKIP","floor":27}],"player_experience":232479,"relics_obtained":[{"floor":6,"key":"Blue Candle"},{"floor":8,"key":"infinitespire:Magic Flask"},{"floor":9,"key":"infinitespire:Satchel"},{"floor":10,"key":"Omamori"},{"floor":14,"key":"Mummified Hand"},{"floor":23,"key":"Oddly Smooth Stone"},{"floor":26,"key":"infinitespire:Beetle Shell"}],"event_choices":[{"damage_healed":0,"gold_gain":228,"player_choice":"GO GO ","damage_taken":18,"relics_obtained":[],"max_hp_gain":0,"max_hp_loss":0,"event_name":"betterSkull:BetterSkull","floor":3,"gold_loss":0,"cards_upgraded":[]}],"is_beta":false,"boss_relics":[{"not_picked":["conspire:SlowCooker","infinitespire:Cupcake"],"picked":"Astrolabe"}],"items_purged_floors":[],"is_endless":false,"potions_floor_spawned":[1,8,16,20],"killed_by":"Gensokyo:Mirror_and_Dog","ascension_level":1}}