{"host":"t6r1isv2bex5ovch","time":1610794856,"event":{"mods":["AchievementEnabler","Act Like it!","Aspiration","BaseMod","Better Altar","Better Match","Better Note","Better Sensory Stone","Better Skull","Better Third Choice","Better Vampires","Colored Powertips","Displayed Cursed Tome","Downfall","Energized Spire","Evolution","Fox Events","Hubris","Minty Spire (QoL Compilation)","StSLib","The Bug Knight","The Disciple","The Factory","The Jungle","The Runesmith"],"gold_per_floor":[119,130,55,55,55,84,84,94,94,94,113,148,48,63,63,63,63],"floor_reached":16,"language":"ENG","playtime":1216,"items_purged":["HollowMod:QuickDashStart","HollowMod:NailStrikeStart"],"score":121,"play_id":"653b5e17-7836-448b-b1f6-067aac8b76f9","local_time":"20210116210056","is_ascension_mode":true,"campfire_choices":[{"floor":7,"key":"RECALL"},{"data":"HollowMod:NewGlowingWomb","floor":10,"key":"SMITH"},{"data":"HollowMod:TaintedHusks","floor":15,"key":"SMITH"}],"circlet_count":0,"master_deck":["HollowMod:NailStrikeStart","HollowMod:NailStrikeStart","HollowMod:QuickDashStart","HollowMod:QuickDashStart","HollowMod:QuickDashStart","HollowMod:FocusHealStart","HollowMod:PogoStrike","HollowMod:TaintedHusks+1","HollowMod:NewGlowingWomb+1","HollowMod:NewJinnsSoul"],"relics":["HollowMod:VesselMask","EVO:Axolotl","aspiration:HummingbirdHeart","Mummified Hand"],"acts_visited":["Exordium"],"potions_floor_usage":[11,12,16],"damage_taken":[{"damage":6.0,"enemies":"Cultist","floor":1.0,"turns":3.0},{"damage":3.0,"enemies":"Jaw Worm","floor":2.0,"turns":4.0},{"damage":78,"enemies":"Lagavulin","floor":6,"turns":7},{"damage":1,"enemies":"Small Slimes","floor":8,"turns":3},{"damage":8,"enemies":"Gremlin Gang","floor":11,"turns":5},{"damage":16,"enemies":"HollowMod:MossKnight","floor":12,"turns":7},{"damage":3,"enemies":"3 Louse","floor":14,"turns":4},{"damage":28,"enemies":"Slime Boss","floor":16,"turns":3}],"seed_played":"7831337436115696123","potions_obtained":[{"floor":8,"key":"LiquidBronze"},{"floor":11,"key":"Explosive Potion"},{"floor":14,"key":"AttackPotion"}],"is_trial":false,"path_per_floor":["M","M","$","?","$","E","R","M","T","R","M","E","$","M","R","B"],"character_chosen":"THE_BUGKNIGHT","items_purchased":[],"campfire_rested":0,"item_purchase_floors":[],"current_hp_per_floor":[76,79,79,79,79,11,11,16,16,16,18,14,14,17,17,0,0],"gold":63,"neow_bonus":"TEN_PERCENT_HP_BONUS","is_daily":false,"chose_seed":false,"campfire_upgraded":2,"win_rate":0.0,"timestamp":1610794856,"path_taken":["M","M","$","?","?","E","R","M","T","R","M","E","$","?","R","BOSS"],"items_purchased_type":[],"build_version":"2020-12-22","purchased_purges":2,"victory":false,"max_hp_per_floor":[82,82,82,82,82,82,82,82,82,82,82,82,82,82,82,82,82],"card_choices":[{"not_picked":["HollowMod:HowlingWraiths","HollowMod:BlackTendrils","HollowMod:VengefulVoid"],"picked":"SKIP","floor":1.0},{"not_picked":["HollowMod:SoulSplash","HollowMod:HowlingWraiths"],"picked":"HollowMod:TaintedHusks","floor":2.0},{"not_picked":["HollowMod:DoubleDash","HollowMod:SiblingsShadow","HollowMod:SoulSplash"],"picked":"SKIP","floor":6},{"not_picked":["HollowMod:CycloneSlash","HollowMod:Weaversong"],"picked":"HollowMod:NewGlowingWomb","floor":8},{"not_picked":["HollowMod:CloakDash","HollowMod:InfectedCysts"],"picked":"HollowMod:NewJinnsSoul","floor":11},{"not_picked":["HollowMod:SoulSplash","HollowMod:PureVessel","HollowMod:NewLittleFool"],"picked":"SKIP","floor":12},{"not_picked":["HollowMod:DoubleDash","HollowMod:CloakDash","HollowMod:InfectedCysts"],"picked":"SKIP","floor":14}],"player_experience":469195,"relics_obtained":[{"floor":6,"key":"aspiration:HummingbirdHeart"},{"floor":12,"key":"Mummified Hand"}],"event_choices":[{"cards_removed":["HollowMod:NailStrikeStart"],"damage_healed":0.0,"max_hp_gain":0.0,"max_hp_loss":0.0,"gold_gain":0.0,"event_name":"Wheel of Change","player_choice":"Card Removal","floor":4.0,"gold_loss":0.0,"damage_taken":0.0}],"is_beta":false,"boss_relics":[],"items_purged_floors":[3,13],"is_endless":false,"potions_floor_spawned":[8,11,14],"killed_by":"Slime Boss","ascension_level":2}}