{"host":"3498uni0c31c9bdm","time":1610837114,"event":{"mods":["BaseMod","Better Third Choice","Minty Spire (QoL Compilation)","Replay The Spire","StSLib"],"gold_per_floor":[119,119,132,150,170,202,202,213,290,300,300,319,319,330,387,486,486,506,506,506,521,521,521],"floor_reached":22,"language":"ENG","playtime":817,"items_purged":[],"score":276,"play_id":"ac3a36e3-f257-4966-a06f-3eb5a9580828","local_time":"20210117094514","is_ascension_mode":true,"campfire_choices":[{"floor":11,"key":"RECALL"},{"data":"Eclipse","floor":13,"key":"SMITH"}],"circlet_count":0,"master_deck":["Strike_R","Strike_R","Strike_R","Strike_R","Strike_R","Defend_R","Defend_R","Defend_R","Defend_R","Bash","Iron Wave","Cleave","Eclipse+1","Rage","Rampage","Demon Form","Perfected Strike","Flex","Barricade","Armaments","Insight","Spot Weakness"],"relics":["Burning Blood","HornCleat","Unceasing Top","Onion Ring","Ring of Chaos"],"acts_visited":["Exordium","TheCity"],"potions_floor_usage":[16,21,22],"damage_taken":[{"damage":2,"enemies":"Jaw Worm","floor":1,"turns":5},{"damage":0,"enemies":"Cultist","floor":3,"turns":3},{"damage":0,"enemies":"Small Slimes","floor":4,"turns":3},{"damage":16,"enemies":"Gremlin Gang","floor":5,"turns":3},{"damage":44,"enemies":"Gremlin Nob","floor":6,"turns":5},{"damage":3,"enemies":"3 Louse","floor":8,"turns":3},{"damage":0,"enemies":"Looter","floor":10,"turns":3},{"damage":18,"enemies":"Exordium Wildlife","floor":12,"turns":4},{"damage":0,"enemies":"Large Slime","floor":14,"turns":5},{"damage":74,"enemies":"The Guardian","floor":16,"turns":11},{"damage":53,"enemies":"Shell Parasite","floor":18,"turns":10},{"damage":7,"enemies":"Chosen","floor":21,"turns":4},{"damage":23,"enemies":"Shelled Parasite and Fungi","floor":22,"turns":3}],"seed_played":"8686597692759014663","potions_obtained":[{"floor":1,"key":"Elixir"},{"floor":8,"key":"FairyPotion"},{"floor":10,"key":"SneckoOil"},{"floor":14,"key":"Cursed Concoction"},{"floor":18,"key":"Explosive Potion"}],"is_trial":false,"path_per_floor":["M","?","M","M","M","E","?","M","T","M","R","M","R","M","R","B",null,"M","?","?","M","M"],"character_chosen":"IRONCLAD","items_purchased":[],"campfire_rested":0,"item_purchase_floors":[],"current_hp_per_floor":[76,76,80,80,70,32,80,80,80,80,80,68,68,74,74,30,68,21,21,21,20,0,0],"gold":521,"neow_bonus":"THREE_CARDS","is_daily":false,"chose_seed":false,"campfire_upgraded":1,"win_rate":0.0,"timestamp":1610837114,"path_taken":["M","?","M","?","M","E","?","M","T","?","R","?","R","M","R","BOSS","M","?","?","M","M"],"items_purchased_type":[],"build_version":"2020-12-22","purchased_purges":0,"victory":false,"max_hp_per_floor":[80,80,80,80,80,80,80,80,80,80,80,80,80,80,80,80,80,80,80,80,80,80,80],"card_choices":[{"not_picked":["Bloodletting","Twin Strike"],"picked":"Iron Wave","floor":0},{"not_picked":["Twin Strike","Shrug It Off"],"picked":"Cleave","floor":1},{"not_picked":["Twin Strike","Body Slam"],"picked":"Searing Blow","floor":3},{"not_picked":["Wild Strike","Disarm"],"picked":"Eclipse","floor":4},{"not_picked":["Flex","Sword Boomerang"],"picked":"Rage","floor":5},{"not_picked":["Twin Strike","Bloodletting"],"picked":"Rampage","floor":6},{"not_picked":["Headbutt","Heavy Blade","Havoc"],"picked":"SKIP","floor":8},{"not_picked":["Shockwave","Perfected Strike"],"picked":"Demon Form","floor":10},{"not_picked":["Seeing Red","Sever Soul"],"picked":"Perfected Strike","floor":12},{"not_picked":["Pummel","Replay:Undeath\u0027s Touch"],"picked":"Flex","floor":14},{"not_picked":["Impervious","Eclipse"],"picked":"Barricade","floor":16},{"not_picked":["Havoc","ReplayTheSpireMod:Stacked"],"picked":"Armaments","floor":18},{"not_picked":["Blood for Blood","Havoc+1"],"picked":"Spot Weakness","floor":21}],"player_experience":685347,"relics_obtained":[{"floor":6,"key":"Unceasing Top"},{"floor":9,"key":"Onion Ring"}],"event_choices":[{"damage_healed":0,"gold_gain":0,"player_choice":"Gave Potion","damage_taken":0,"relics_obtained":["HornCleat"],"max_hp_gain":0,"max_hp_loss":0,"event_name":"WeMeetAgain","floor":2,"gold_loss":0},{"cards_removed":["Searing Blow"],"damage_healed":48,"gold_gain":0,"player_choice":"Offered Uncommon","damage_taken":0,"max_hp_gain":0,"max_hp_loss":0,"event_name":"Bonfire Elementals","floor":7,"gold_loss":0},{"damage_healed":0,"gold_gain":0,"player_choice":"Insight","damage_taken":0,"max_hp_gain":0,"max_hp_loss":0,"event_name":"betterThird:BetterWriting","floor":19,"gold_loss":0,"cards_obtained":["Insight"]},{"damage_healed":0,"gold_gain":0,"player_choice":"Ignored","damage_taken":0,"max_hp_gain":0,"max_hp_loss":0,"event_name":"Vampires","floor":20,"gold_loss":0}],"is_beta":false,"boss_relics":[{"not_picked":["ReplayTheSpireMod:DimensionalGlitch","Black Star"],"picked":"Ring of Chaos"}],"items_purged_floors":[],"is_endless":false,"potions_floor_spawned":[1,8,10,14,18],"killed_by":"Shelled Parasite and Fungi","ascension_level":9}}