{"host":"hyrsuayny3efwwum","time":1610817076,"event":{"mods":["BaseMod","Bestiary","Colored Map","Highlight Path","Minty Spire (QoL Compilation)","Relic Stats","StSLib"],"gold_per_floor":[118,118,15,33,48,80,9,37,62,137,137,168,55,80,80,180,180,190,222,238,238,313,344,344,370,438,22,22,49,49,49,49,154,154,168,168,179,198,247,247,297,317,317,331,331,361,361,372,372,372,372,372,44,70,70],"floor_reached":56,"language":"ENG","playtime":5373,"items_purged":["Strike_G","Slice"],"score":1923,"play_id":"30c28c8f-bef2-46e8-b4fb-2f738a7c247b","local_time":"20210116121116","is_ascension_mode":true,"campfire_choices":[{"floor":11.0,"key":"REST"},{"floor":15.0,"key":"REST"},{"floor":24.0,"key":"REST"},{"floor":28.0,"key":"REST"},{"data":"Malaise","floor":30.0,"key":"SMITH"},{"data":"Eviscerate","floor":32.0,"key":"SMITH"},{"floor":40.0,"key":"RECALL"},{"data":"Crippling Poison","floor":45.0,"key":"SMITH"},{"floor":47.0,"key":"REST"},{"data":"Blur","floor":49.0,"key":"SMITH"},{"data":"Deadly Poison","floor":52,"key":"SMITH"}],"circlet_count":0,"master_deck":["AscendersBane","Defend_G","Defend_G","Defend_G","Survivor","Neutralize","Dagger Throw","Dodge and Roll","Poisoned Stab","Dagger Spray","Deflect","Footwork","Noxious Fumes+1","Deadly Poison+1","Leg Sweep","Masterful Stab","Malaise+1","Dash","Unload","Dagger Throw+1","Crippling Poison+1","Distraction","Eviscerate+1","Backflip+1","Venomology","Footwork+1","Acrobatics","Escape Plan+1","Blur+1","Wraith Form v2+1","Bullet Time+1","Calculated Gamble+1","Deflect+1","Poisoned Stab+1","Deadly Poison+1","Catalyst+1","Blur+1","Reflex","Well Laid Plans+1","Backflip+1","Wraith Form v2+1","Caltrops+1"],"relics":["SacredBark","Dream Catcher","Bag of Preparation","Pen Nib","Boot","Omamori","Velvet Choker","Red Mask","Frozen Egg 2","TungstenRod","Regal Pillow","Kunai","Toy Ornithopter","Torii","Astrolabe","WingedGreaves","Peace Pipe","Tough Bandages","DollysMirror","Blood Vial"],"acts_visited":["Exordium","TheCity","TheBeyond","TheEnding"],"potions_floor_usage":[50,54,55,55,55],"damage_taken":[{"damage":1.0,"enemies":"Cultist","floor":1.0,"turns":4.0},{"damage":2.0,"enemies":"2 Louse","floor":4.0,"turns":3.0},{"damage":3.0,"enemies":"Jaw Worm","floor":5.0,"turns":4.0},{"damage":14.0,"enemies":"Gremlin Nob","floor":6.0,"turns":4.0},{"damage":31.0,"enemies":"Lagavulin","floor":8.0,"turns":8.0},{"damage":16.0,"enemies":"Gremlin Nob","floor":12.0,"turns":5.0},{"damage":2.0,"enemies":"Lagavulin","floor":14.0,"turns":7.0},{"damage":22.0,"enemies":"Slime Boss","floor":16.0,"turns":5.0},{"damage":0.0,"enemies":"Chosen","floor":18.0,"turns":3.0},{"damage":27.0,"enemies":"Masked Bandits","floor":19.0,"turns":4.0},{"damage":1.0,"enemies":"2 Thieves","floor":20.0,"turns":3.0},{"damage":4.0,"enemies":"Slavers","floor":23.0,"turns":6.0},{"damage":19.0,"enemies":"Book of Stabbing","floor":25.0,"turns":7.0},{"damage":9.0,"enemies":"Gremlin Leader","floor":29.0,"turns":7.0},{"damage":17.0,"enemies":"Champ","floor":33.0,"turns":18.0},{"damage":9.0,"enemies":"3 Darklings","floor":35.0,"turns":8.0},{"damage":9.0,"enemies":"Orb Walker","floor":37.0,"turns":4.0},{"damage":9.0,"enemies":"Jaw Worm Horde","floor":38.0,"turns":5.0},{"damage":10.0,"enemies":"2 Orb Walkers","floor":39.0,"turns":7.0},{"damage":0.0,"enemies":"Mind Bloom Boss Battle","floor":41.0,"turns":6.0},{"damage":0.0,"enemies":"Sphere and 2 Shapes","floor":42.0,"turns":5.0},{"damage":0.0,"enemies":"Spire Growth","floor":44.0,"turns":7.0},{"damage":62.0,"enemies":"Reptomancer","floor":46.0,"turns":7.0},{"damage":0.0,"enemies":"Transient","floor":48.0,"turns":5.0},{"damage":0,"enemies":"Time Eater","floor":50,"turns":15},{"damage":0,"enemies":"Shield and Spear","floor":54,"turns":8},{"damage":0,"enemies":"The Heart","floor":55,"turns":11}],"seed_played":"1931980232776480904","potions_obtained":[{"floor":5.0,"key":"SpeedPotion"},{"floor":8.0,"key":"ColorlessPotion"},{"floor":12.0,"key":"AttackPotion"},{"floor":14.0,"key":"LiquidMemories"},{"floor":16.0,"key":"ColorlessPotion"},{"floor":18.0,"key":"Dexterity Potion"},{"floor":19.0,"key":"Energy Potion"},{"floor":29.0,"key":"Dexterity Potion"},{"floor":39.0,"key":"Regen Potion"},{"floor":41.0,"key":"LiquidMemories"},{"floor":46.0,"key":"AttackPotion"},{"floor":48.0,"key":"PowerPotion"}],"is_trial":false,"path_per_floor":["M","?","$","M","M","E","$","E","T","?","R","E","$","E","R","B",null,"M","?","M","?","T","E","R","E","T","$","R","E","R","?","R","B",null,"M","?","M","M","?","R","?","M","T","M","R","E","R","M","R","B",null,"R","$","E","B",null],"character_chosen":"THE_SILENT","items_purchased":["PowerPotion","Poisoned Stab","Footwork","Masterful Stab","EssenceOfSteel","DistilledChaos","Explosive Potion","Footwork+1","Toy Ornithopter","DollysMirror","Caltrops+1"],"campfire_rested":5,"item_purchase_floors":[3,3,7,13,13,27,27,27,27,53,53],"current_hp_per_floor":[62,62,62,60,57,43,43,12,12,1,22,6,6,4,25,3,53,53,26,25,25,25,21,42,23,23,23,59,60,60,60,60,43,63,59,59,55,56,46,46,51,51,51,61,61,43,70,70,70,70,70,70,70,70,70],"gold":70,"neow_bonus":"BOSS_RELIC","is_daily":false,"chose_seed":false,"campfire_upgraded":5,"win_rate":0.0,"timestamp":1610817076,"path_taken":["M","?","$","M","M","E","$","E","T","?","R","E","?","E","R","BOSS","M","?","M","?","?","E","R","E","T","$","R","E","R","?","R","BOSS","M","?","?","M","?","R","?","M","T","M","R","E","R","M","R","BOSS","R","$","E","BOSS"],"items_purchased_type":["Potion","Card","Card","Card","Potion","Potion","Potion","Card","Relic","Relic","Card"],"build_version":"2020-12-22","purchased_purges":2,"victory":true,"max_hp_per_floor":[70,70,70,70,70,70,70,70,70,70,70,70,70,70,70,70,70,70,70,70,70,70,70,70,70,70,70,70,70,70,70,70,70,70,70,70,70,70,70,70,70,70,70,70,70,70,70,70,70,70,70,70,70,70,70],"relic_stats":{"Regal Pillow":21,"Torii":56,"counters":[27,176],"Astrolabe":["Bullet Time","Calculated Gamble","Deflect"],"Pen Nib":[23],"Bag of Preparation":[44],"Boot":[147],"Peace Pipe":0,"Blood Vial":0,"Dream Catcher":5,"Tough Bandages":[87],"Kunai":[17],"obtain_stats":[{"Regal Pillow":25,"Torii":29,"SacredBark":0,"Astrolabe":34,"Velvet Choker":17,"Pen Nib":9,"Bag of Preparation":8,"Omamori":14,"Frozen Egg 2":22,"Boot":12,"Peace Pipe":41,"Blood Vial":54,"Dream Catcher":6,"Tough Bandages":46,"DollysMirror":53,"WingedGreaves":39,"Red Mask":19,"Kunai":26,"TungstenRod":23,"Toy Ornithopter":27,"Ring of the Snake":0},{"Regal Pillow":13,"Torii":14,"SacredBark":0,"Astrolabe":15,"Velvet Choker":8,"Pen Nib":5,"Bag of Preparation":5,"Omamori":7,"Frozen Egg 2":11,"Boot":6,"Peace Pipe":20,"Blood Vial":26,"Dream Catcher":4,"Tough Bandages":23,"DollysMirror":25,"WingedGreaves":19,"Red Mask":10,"Kunai":13,"TungstenRod":12,"Toy Ornithopter":13,"Ring of the Snake":0},{"Regal Pillow":63,"Torii":70,"SacredBark":0,"Astrolabe":88,"Velvet Choker":40,"Pen Nib":23,"Bag of Preparation":23,"Omamori":35,"Frozen Egg 2":50,"Boot":28,"Peace Pipe":118,"Blood Vial":165,"Dream Catcher":15,"Tough Bandages":137,"DollysMirror":157,"WingedGreaves":112,"Red Mask":47,"Kunai":63,"TungstenRod":56,"Toy Ornithopter":63,"Ring of the Snake":0}],"TungstenRod":88,"Toy Ornithopter":55},"card_choices":[{"not_picked":["Bane","Deadly Poison"],"picked":"Dagger Throw","floor":1.0},{"not_picked":["Blade Dance","Poisoned Stab"],"picked":"Dagger Spray","floor":4.0},{"not_picked":["Concentrate","Outmaneuver"],"picked":"Slice","floor":5.0},{"not_picked":["Prepared","Poisoned Stab"],"picked":"Deflect","floor":6.0},{"not_picked":["Accuracy","Cloak And Dagger"],"picked":"Noxious Fumes","floor":8.0},{"not_picked":["Acrobatics","Sucker Punch"],"picked":"Deadly Poison","floor":11.0},{"not_picked":["Poisoned Stab","Reflex"],"picked":"Leg Sweep","floor":12.0},{"not_picked":["Quick Slash","Acrobatics"],"picked":"Malaise","floor":14.0},{"not_picked":["Caltrops","Sucker Punch"],"picked":"Dash","floor":15.0},{"not_picked":["Envenom","Night Terror"],"picked":"Unload","floor":16.0},{"not_picked":["Dagger Spray","Backflip"],"picked":"Dagger Throw+1","floor":18.0},{"not_picked":["Tactician","Cloak And Dagger"],"picked":"Crippling Poison","floor":19.0},{"not_picked":["Prepared","Predator","Poisoned Stab"],"picked":"SKIP","floor":20.0},{"not_picked":["Flying Knee+1","Slice"],"picked":"Backflip+1","floor":23.0},{"not_picked":["Escape Plan","All Out Attack+1"],"picked":"Venomology","floor":25.0},{"not_picked":["Slice","Bane"],"picked":"Acrobatics","floor":28.0},{"not_picked":["Bouncing Flask","Setup"],"picked":"Escape Plan+1","floor":29.0},{"not_picked":["After Image+1","Phantasmal Killer"],"picked":"Wraith Form v2+1","floor":33.0},{"not_picked":["Slice","Deadly Poison"],"picked":"Poisoned Stab+1","floor":35.0},{"not_picked":["Concentrate+1","Prepared+1"],"picked":"Deadly Poison+1","floor":37.0},{"not_picked":["Prepared+1","Cloak And Dagger+1"],"picked":"Catalyst+1","floor":38.0},{"not_picked":["Outmaneuver+1","Dagger Spray"],"picked":"Blur+1","floor":39.0},{"not_picked":["Poisoned Stab","Backflip","Quick Slash+1"],"picked":"SKIP","floor":42.0},{"not_picked":["Dagger Spray+1","Expertise+1"],"picked":"Reflex","floor":44.0},{"not_picked":["Venomology","Finisher"],"picked":"Well Laid Plans+1","floor":46.0},{"not_picked":["Riddle With Holes","Heel Hook+1"],"picked":"Backflip+1","floor":47.0},{"not_picked":["Bane","Deadly Poison+1","Leg Sweep"],"picked":"SKIP","floor":48.0},{"not_picked":["Skewer+1","Endless Agony","Bane"],"picked":"SKIP","floor":54}],"player_experience":780610,"relics_obtained":[{"floor":6.0,"key":"Dream Catcher"},{"floor":8.0,"key":"Bag of Preparation"},{"floor":9.0,"key":"Pen Nib"},{"floor":12.0,"key":"Boot"},{"floor":14.0,"key":"Omamori"},{"floor":19.0,"key":"Red Mask"},{"floor":22.0,"key":"Frozen Egg 2"},{"floor":23.0,"key":"TungstenRod"},{"floor":25.0,"key":"Regal Pillow"},{"floor":26.0,"key":"Kunai"},{"floor":29.0,"key":"Torii"},{"floor":39.0,"key":"WingedGreaves"},{"floor":41.0,"key":"Peace Pipe"},{"floor":46.0,"key":"Tough Bandages"},{"floor":54,"key":"Blood Vial"}],"event_choices":[{"damage_healed":0.0,"max_hp_gain":0.0,"max_hp_loss":0.0,"gold_gain":0.0,"cards_transformed":["Strike_G"],"event_name":"Living Wall","player_choice":"Change","floor":2.0,"gold_loss":0.0,"damage_taken":0.0,"cards_obtained":["Dodge and Roll"]},{"damage_healed":0.0,"max_hp_gain":0.0,"max_hp_loss":0.0,"gold_gain":75.0,"event_name":"World of Goop","player_choice":"Gather Gold","floor":10.0,"gold_loss":0.0,"damage_taken":11.0},{"damage_healed":0.0,"max_hp_gain":0.0,"max_hp_loss":0.0,"gold_gain":0.0,"event_name":"Masked Bandits","player_choice":"Fought Bandits","floor":19.0,"gold_loss":0.0,"damage_taken":0.0},{"damage_healed":0.0,"max_hp_gain":0.0,"max_hp_loss":0.0,"gold_gain":0.0,"cards_transformed":["Defend_G","Strike_G"],"event_name":"Drug Dealer","player_choice":"Became Test Subject","floor":21.0,"gold_loss":0.0,"damage_taken":0.0,"cards_obtained":["Distraction","Eviscerate"]},{"damage_healed":0.0,"max_hp_gain":0.0,"max_hp_loss":0.0,"gold_gain":0.0,"event_name":"The Library","player_choice":"Read","floor":31.0,"gold_loss":0.0,"damage_taken":0.0,"cards_obtained":["Blur"]},{"damage_healed":0.0,"max_hp_gain":0.0,"max_hp_loss":0.0,"gold_gain":0.0,"event_name":"Upgrade Shrine","player_choice":"Upgraded","floor":36.0,"gold_loss":0.0,"damage_taken":0.0,"cards_upgraded":["Noxious Fumes"]},{"damage_healed":0.0,"max_hp_gain":0.0,"max_hp_loss":0.0,"gold_gain":0.0,"event_name":"Mysterious Sphere","player_choice":"Fight","floor":39.0,"gold_loss":0.0,"damage_taken":0.0},{"damage_healed":0.0,"max_hp_gain":0.0,"max_hp_loss":0.0,"gold_gain":0.0,"event_name":"MindBloom","player_choice":"Fight","floor":41.0,"gold_loss":0.0,"damage_taken":0.0}],"is_beta":false,"boss_relics":[{"not_picked":["Coffee Dripper","Sozu"],"picked":"Velvet Choker"},{"not_picked":["HoveringKite","Runic Dome"],"picked":"Astrolabe"}],"items_purged_floors":[27,53],"is_endless":false,"potions_floor_spawned":[5,8,12,14,16,18,19,29,33,37,39,41,46,48],"ascension_level":10}}