{"host":"qrec1pgksm53712r","time":1610764904,"event":{"mods":["Act Like it!","BaseMod","CapriCore","Energized Spire","Hubris","Hyrulean Relics","Minty Spire (QoL Compilation)","StSLib","The Marked"],"gold_per_floor":[118,132,132,132,150,161,176,176,251,251,262,262,278,288,288,387,387,397,397,417,34,34,34,69,69,69],"floor_reached":25,"language":"ENG","playtime":1313,"items_purged":["theMarked:Strike"],"score":215,"play_id":"204dae6b-ec14-4209-84cb-d33ff67c51ee","local_time":"20210115204144","is_ascension_mode":false,"campfire_choices":[{"data":"theMarked:BanishingWave","floor":8,"key":"SMITH"},{"data":"theMarked:HeritageOfTheMarked","floor":10,"key":"SMITH"},{"data":"theMarked:EmpowerWeapon","floor":12,"key":"SMITH"},{"data":"theMarked:Improvise","floor":15,"key":"SMITH"},{"data":"theMarked:WardOff","floor":23,"key":"SMITH"}],"circlet_count":0,"master_deck":["theMarked:Strike","theMarked:Strike","theMarked:Defend","theMarked:Defend","theMarked:Defend","theMarked:SoldierOfQuellstein","theMarked:EmpowerWeapon+1","theMarked:BanishingWave+1","theMarked:Levitate","theMarked:HeritageOfTheMarked+1","theMarked:Improvise+1","theMarked:Abjuration","theMarked:FavorableWinds","theMarked:WardOff+1","theMarked:Overcharge+1"],"relics":["hubris:VirtuousBlindfold","hubris:Towel","Eternal Feather","Empty Cage","hubris:GlazedTorus","Gremlin Horn"],"acts_visited":["Exordium","TheCity"],"potions_floor_usage":[],"damage_taken":[{"damage":1,"enemies":"Jaw Worm","floor":1,"turns":3},{"damage":5,"enemies":"Small Slimes","floor":2,"turns":3},{"damage":0,"enemies":"2 Louse","floor":5,"turns":2},{"damage":0,"enemies":"Exordium Thugs","floor":6,"turns":4},{"damage":8,"enemies":"Lots of Slimes","floor":7,"turns":4},{"damage":0,"enemies":"3 Louse","floor":11,"turns":1},{"damage":11,"enemies":"Blue Slaver","floor":13,"turns":4},{"damage":0,"enemies":"Exordium Wildlife","floor":14,"turns":2},{"damage":36,"enemies":"The Guardian","floor":16,"turns":10},{"damage":5,"enemies":"3 Byrds","floor":18,"turns":3},{"damage":11,"enemies":"Spheric Guardian","floor":20,"turns":4},{"damage":46,"enemies":"Book of Stabbing","floor":24,"turns":6},{"damage":8,"enemies":"Centurion and Healer","floor":25,"turns":2}],"seed_played":"8505568958068044510","potions_obtained":[{"floor":5,"key":"SkillPotion"},{"floor":7,"key":"DuplicationPotion"},{"floor":11,"key":"Block Potion"},{"floor":18,"key":"DistilledChaos"}],"is_trial":false,"path_per_floor":["M","M","?","?","M","M","M","R","T","R","M","R","M","M","R","B",null,"M","?","M","$","?","R","E","M"],"character_chosen":"THE_DEFAULT","items_purchased":["hubris:GlazedTorus"],"campfire_rested":0,"item_purchase_floors":[21],"current_hp_per_floor":[69,64,64,64,64,64,56,56,56,65,65,70,59,59,68,32,70,65,65,54,54,48,54,8,0,0],"gold":69,"neow_bonus":"BOSS_RELIC","is_daily":false,"chose_seed":false,"campfire_upgraded":5,"win_rate":0.0,"timestamp":1610764904,"path_taken":["M","M","?","?","M","M","M","R","T","R","M","R","M","M","R","BOSS","M","?","M","$","?","R","E","M"],"items_purchased_type":["Relic"],"build_version":"2020-12-22","purchased_purges":1,"victory":false,"max_hp_per_floor":[70,70,70,70,70,70,70,70,70,70,70,70,70,70,70,70,70,70,70,70,70,70,70,70,70,70],"card_choices":[{"not_picked":["theMarked:WardOff","theMarked:Convert"],"picked":"theMarked:EmpowerWeapon","floor":1},{"not_picked":["theMarked:TwofoldDefense","theMarked:Parry"],"picked":"theMarked:BanishingWave","floor":2},{"not_picked":["theMarked:Seal","theMarked:ReduceFriction"],"picked":"theMarked:ContemptForTheProud","floor":5},{"not_picked":["theMarked:Aftermath","theMarked:Polarize"],"picked":"theMarked:Levitate","floor":6},{"not_picked":["theMarked:ParalyzingBlade","theMarked:SelfDefenseTraining"],"picked":"theMarked:HeritageOfTheMarked","floor":7},{"not_picked":["theMarked:ContemptForTheProud","theMarked:TwofoldDefense"],"picked":"theMarked:Improvise","floor":11},{"not_picked":["theMarked:Frustration","theMarked:Parry","theMarked:PowerFlow"],"picked":"SKIP","floor":13},{"not_picked":["theMarked:BanishingStrike","theMarked:ParalyzingBlade","theMarked:Convert"],"picked":"SKIP","floor":14},{"not_picked":["theMarked:Challenge","theMarked:ChannelForce"],"picked":"theMarked:Abjuration","floor":16},{"not_picked":["theMarked:Parry","theMarked:GodGivenPower","theMarked:Convert"],"picked":"SKIP","floor":18},{"not_picked":["theMarked:Polarize+1","theMarked:ElectricStrings","theMarked:HeightenedSenses"],"picked":"SKIP","floor":20},{"not_picked":["theMarked:Overcharge+1","theMarked:WastefulDefense","theMarked:GodGivenPower"],"picked":"SKIP","floor":24},{"not_picked":["theMarked:WastefulDefense","theMarked:GodGivenPower"],"picked":"theMarked:Overcharge+1","floor":24}],"player_experience":185860,"relics_obtained":[{"floor":9,"key":"Eternal Feather"},{"floor":24,"key":"Gremlin Horn"}],"event_choices":[{"damage_healed":0,"gold_gain":0,"player_choice":"Leave","damage_taken":0,"max_hp_gain":0,"max_hp_loss":0,"event_name":"The Cleric","floor":4,"gold_loss":0},{"damage_healed":0,"gold_gain":0,"cards_transformed":["theMarked:ContemptForTheProud","theMarked:Defend"],"player_choice":"Became Test Subject","damage_taken":0,"max_hp_gain":0,"max_hp_loss":0,"event_name":"Drug Dealer","floor":19,"gold_loss":0,"cards_obtained":["theMarked:FavorableWinds","theMarked:WardOff"]},{"damage_healed":0,"gold_gain":0,"player_choice":"","damage_taken":6,"max_hp_gain":0,"max_hp_loss":0,"event_name":"Knowing Skull","floor":22,"potions_obtained":[],"gold_loss":0,"cards_obtained":[]}],"is_beta":false,"boss_relics":[{"not_picked":["energizedSpire:NeverEndingSparkler","theMarked:Eyepatch"],"picked":"Empty Cage"}],"items_purged_floors":[21],"is_endless":false,"potions_floor_spawned":[5,7,11,13,16,18,20],"killed_by":"Centurion and Healer","ascension_level":0}}