{"host":"pzq1vc4uuxkm5fg8","time":1610779544,"event":{"mods":["BaseMod","BetterRewards","Hermit","Minty Spire (QoL Compilation)","Replay The Spire","Shop Mod","StSLib","The Cursed","The Mystic"],"gold_per_floor":[112,132,132,147,212,246,8,8,8,133,148,50,68,87,87,192,192,209,294,314,324,374,405,455,455],"floor_reached":24,"language":"ENG","playtime":6250,"items_purged":["Languid"],"score":320,"play_id":"e9a1b58d-4840-46ab-ab5c-49b76e26ed2b","local_time":"20210116014544","is_ascension_mode":false,"campfire_choices":[{"floor":8.0,"key":"REST"},{"floor":15.0,"key":"REST"}],"circlet_count":0,"master_deck":["mysticmod:Strike_Mystic","mysticmod:Strike_Mystic","mysticmod:Strike_Mystic","mysticmod:Strike_Mystic","mysticmod:Defend_Mystic","mysticmod:Defend_Mystic","mysticmod:Defend_Mystic","mysticmod:ArcaneDodge","mysticmod:ShockingGrasp","mysticmod:ComboCaster","mysticmod:SpellCombat","mysticmod:Sideswipe","mysticmod:Disengage","mysticmod:MysticalShield","mysticmod:CorrosiveTouch","mysticmod:HeavyStrike","mysticmod:ChargedParry","mysticmod:Lunge","mysticmod:CorrosiveTouch","mysticmod:BladedDash","mysticmod:SpellRecall","mysticmod:Daze","mysticmod:BladedDash","mysticmod:PowerAttack+1","mysticmod:PowerSlash","mysticmod:PunishingArmor"],"relics":["mysticmod:SpellBook","Lizard Tail","ReplayTheSpireMod:CursedCoin","MerchantsRug","SsserpentHead","Bag of Preparation","Strawberry","Membership Card","Replay:Grab Bag","Philosopher\u0027s Stone","Cursed Key","mysticmod:CrystalBall","Red Mask","Bottled Tornado"],"acts_visited":["Exordium","TheCity"],"potions_floor_usage":[],"damage_taken":[{"damage":0.0,"enemies":"Small Slimes","floor":1.0,"turns":3.0},{"damage":0.0,"enemies":"Cultist","floor":2.0,"turns":4.0},{"damage":0.0,"enemies":"Jaw Worm","floor":4.0,"turns":4.0},{"damage":12.0,"enemies":"Looter","floor":5.0,"turns":5.0},{"damage":48.0,"enemies":"Gremlin Nob","floor":6.0,"turns":6.0},{"damage":9.0,"enemies":"Exordium Thugs","floor":11.0,"turns":5.0},{"damage":2.0,"enemies":"Exordium Wildlife","floor":13.0,"turns":4.0},{"damage":2.0,"enemies":"Large Slime","floor":14.0,"turns":6.0},{"damage":23.0,"enemies":"The Guardian","floor":16.0,"turns":11.0},{"damage":7.0,"enemies":"Shell Parasite","floor":18.0,"turns":6.0},{"damage":26.0,"enemies":"Masked Bandits","floor":19.0,"turns":5.0},{"damage":0.0,"enemies":"3 Byrds","floor":20.0,"turns":5.0},{"damage":27.0,"enemies":"3 Cultists","floor":21.0,"turns":7.0},{"damage":64.0,"enemies":"Gremlin Leader","floor":23.0,"turns":8.0},{"damage":10,"enemies":"Sentry and Sphere","floor":24,"turns":2}],"seed_played":"-6044315218963685400","potions_obtained":[{"floor":1.0,"key":"LifebloodPotion"},{"floor":6.0,"key":"LiquidMemories"},{"floor":13.0,"key":"Energy Potion"},{"floor":14.0,"key":"SpeedPotion"},{"floor":16.0,"key":"LiquidBronze"}],"is_trial":false,"path_per_floor":["M","M","?","M","M","E","$","R","T","?","M","$","M","M","R","B",null,"M","?","M","M","?","E","M"],"character_chosen":"MYSTIC_CLASS","items_purchased":["ReplayTheSpireMod:CursedCoin","MerchantsRug","mysticmod:HeavyStrike","mysticmod:ChargedParry","mysticmod:Lunge","Membership Card"],"campfire_rested":2,"item_purchase_floors":[0,0,7,7,7,12],"current_hp_per_floor":[62,62,62,62,50,2,2,25,32,21,12,12,10,8,33,10,84,77,51,51,24,24,10,0,0],"gold":455,"neow_bonus":"","is_daily":false,"chose_seed":false,"campfire_upgraded":0,"win_rate":0.0,"timestamp":1610779544,"path_taken":["M","M","?","M","?","E","$","R","T","?","M","?","M","M","R","BOSS","M","?","M","M","?","E","?"],"items_purchased_type":["Relic","Relic","Card","Card","Card","Relic"],"build_version":"2020-12-22","purchased_purges":1,"victory":false,"max_hp_per_floor":[77,77,77,77,77,77,77,77,84,84,84,84,84,84,84,84,84,84,84,84,84,84,84,84,84],"card_choices":[{"not_picked":["mysticmod:AllIn","mysticmod:EnergizedRift"],"picked":"mysticmod:SpellCombat","floor":1.0},{"not_picked":["mysticmod:LightningBolt","mysticmod:Daze"],"picked":"mysticmod:Sideswipe","floor":2.0},{"not_picked":["mysticmod:CorrosiveTouch","mysticmod:SuddenClarity"],"picked":"mysticmod:Disengage","floor":4.0},{"not_picked":["mysticmod:Sideswipe","mysticmod:LightningBolt"],"picked":"mysticmod:MysticalShield","floor":5.0},{"not_picked":["mysticmod:Flurry","mysticmod:SpellRecall"],"picked":"mysticmod:CorrosiveTouch","floor":6.0},{"not_picked":["mysticmod:PowerSlash","mysticmod:Disengage","mysticmod:BulkUp"],"picked":"SKIP","floor":11.0},{"not_picked":["mysticmod:PowerSlash","mysticmod:Disengage"],"picked":"mysticmod:CorrosiveTouch","floor":13.0},{"not_picked":["mysticmod:Dedication","mysticmod:EbbAndFlow"],"picked":"mysticmod:BladedDash","floor":14.0},{"not_picked":["mysticmod:KnowledgePool","mysticmod:Doublecast"],"picked":"mysticmod:SpellRecall","floor":16.0},{"not_picked":["mysticmod:IllusionOfCalm","mysticmod:Sideswipe+1"],"picked":"mysticmod:Daze","floor":18.0},{"not_picked":["mysticmod:PowerSlash","mysticmod:ComponentsPouch"],"picked":"mysticmod:BladedDash","floor":19.0},{"not_picked":["mysticmod:Shield","mysticmod:LightningBolt"],"picked":"mysticmod:PowerAttack+1","floor":20.0},{"not_picked":["mysticmod:PunishingArmor","mysticmod:Shield"],"picked":"mysticmod:PowerSlash","floor":21.0},{"not_picked":["mysticmod:Alacrity","mysticmod:BulkUp+1"],"picked":"mysticmod:PunishingArmor","floor":23.0}],"player_experience":332796,"relics_obtained":[{"floor":6.0,"key":"Bag of Preparation"},{"floor":9.0,"key":"Strawberry"},{"floor":19.0,"key":"Red Mask"},{"floor":23.0,"key":"Bottled Tornado"}],"event_choices":[{"damage_healed":0.0,"max_hp_gain":0.0,"max_hp_loss":0.0,"gold_gain":0.0,"event_name":"FaceTrader","player_choice":"Trade","floor":3.0,"gold_loss":0.0,"damage_taken":0.0,"relics_obtained":["SsserpentHead"]},{"damage_healed":0.0,"max_hp_gain":0.0,"max_hp_loss":0.0,"gold_gain":75.0,"event_name":"World of Goop","player_choice":"Gather Gold","floor":10.0,"gold_loss":0.0,"damage_taken":11.0},{"damage_healed":0.0,"max_hp_gain":0.0,"max_hp_loss":0.0,"gold_gain":0.0,"event_name":"Masked Bandits","player_choice":"Fought Bandits","floor":19.0,"gold_loss":0.0,"damage_taken":0.0},{"damage_healed":0.0,"max_hp_gain":0.0,"max_hp_loss":0.0,"gold_gain":0.0,"event_name":"Lab","player_choice":"Got Potions","floor":22.0,"gold_loss":0.0,"damage_taken":0.0}],"is_beta":false,"boss_relics":[{"not_picked":["Ectoplasm","mysticmod:BlessedBook"],"picked":"Replay:Grab Bag"},{"not_picked":["ChewingGum","Runic Dome"],"picked":"Philosopher\u0027s Stone"},{"not_picked":["Velvet Choker","Replay:Bronze Core"],"picked":"Cursed Key"},{"not_picked":["SacredBark","Calling Bell"],"picked":"mysticmod:CrystalBall"}],"items_purged_floors":[0],"is_endless":false,"potions_floor_spawned":[1,6,13,14,16,20,21],"killed_by":"Sentry and Sphere","ascension_level":0}}