{"host":"cagarqi0rrp923hr","time":1610833857,"event":{"mods":["BaseMod","Colored Map","Colored Powertips","Dark Map","Highlight Path","Minty Spire (QoL Compilation)","StSLib"],"gold_per_floor":[114,126,126,138,150,150,180,200,200,200,258,278,278,298,298,398,398,410,427,440,54,65,65,95,95,121,121,133,143,177,189,189,293,293,306,326,174,174,174,174],"floor_reached":39,"language":"ENG","playtime":1410,"items_purged":["Strike_R","Strike_R"],"score":452,"play_id":"aa1e84ae-d95e-46fd-8bfd-639aa6525d7d","local_time":"20210116165057","is_ascension_mode":false,"campfire_choices":[{"data":"Cleave","floor":6,"key":"SMITH"},{"data":"Double Tap","floor":10,"key":"SMITH"},{"floor":13,"key":"REST"},{"data":"Cleave","floor":15,"key":"SMITH"},{"floor":23,"key":"REST"},{"floor":25,"key":"REST"},{"floor":32,"key":"REST"}],"circlet_count":0,"master_deck":["Strike_R","Strike_R","Defend_R","Defend_R","Defend_R","Bash","Double Tap+1","Cleave+1","Battle Trance","Cleave+1","Cleave","Cleave","Demon Form","Cleave","Whirlwind","Cleave+1","Flex"],"relics":["Burning Blood","Bronze Scales","Happy Flower","Lantern","SacredBark","Molten Egg 2","Self Forming Clay","Anchor","PreservedInsect","Black Star"],"acts_visited":["Exordium","TheCity","TheBeyond"],"potions_floor_usage":[7,8,19,24,29,29],"damage_taken":[{"damage":6,"enemies":"2 Louse","floor":1,"turns":3},{"damage":1,"enemies":"Jaw Worm","floor":2,"turns":3},{"damage":12,"enemies":"Small Slimes","floor":4,"turns":4},{"damage":12,"enemies":"3 Louse","floor":5,"turns":2},{"damage":36,"enemies":"Lagavulin","floor":7,"turns":4},{"damage":0,"enemies":"Blue Slaver","floor":8,"turns":3},{"damage":22,"enemies":"3 Sentries","floor":11,"turns":3},{"damage":8,"enemies":"Exordium Thugs","floor":12,"turns":3},{"damage":0,"enemies":"Large Slime","floor":14,"turns":3},{"damage":45,"enemies":"Slime Boss","floor":16,"turns":7},{"damage":22,"enemies":"Shell Parasite","floor":18,"turns":4},{"damage":10,"enemies":"2 Thieves","floor":19,"turns":2},{"damage":15,"enemies":"Chosen and Byrds","floor":20,"turns":4},{"damage":33,"enemies":"Shelled Parasite and Fungi","floor":22,"turns":4},{"damage":47,"enemies":"Slavers","floor":24,"turns":3},{"damage":22,"enemies":"Centurion and Healer","floor":28,"turns":3},{"damage":8,"enemies":"Snecko","floor":29,"turns":5},{"damage":45,"enemies":"Book of Stabbing","floor":30,"turns":5},{"damage":26,"enemies":"Snake Plant","floor":31,"turns":3},{"damage":51,"enemies":"Collector","floor":33,"turns":8},{"damage":20,"enemies":"3 Darklings","floor":35,"turns":3},{"damage":30,"enemies":"Orb Walker","floor":36,"turns":4},{"damage":46,"enemies":"Maw","floor":39,"turns":5}],"seed_played":"6887259601509314656","potions_obtained":[{"floor":4,"key":"DuplicationPotion"},{"floor":7,"key":"SkillPotion"},{"floor":12,"key":"FairyPotion"},{"floor":16,"key":"EssenceOfSteel"},{"floor":18,"key":"FearPotion"},{"floor":19,"key":"ElixirPotion"},{"floor":20,"key":"FearPotion"},{"floor":28,"key":"BloodPotion"},{"floor":36,"key":"SteroidPotion"}],"is_trial":false,"path_per_floor":["M","M","?","M","M","R","E","M","T","R","?","M","R","M","R","B",null,"M","M","M","$","M","R","E","R","T","?","M","M","E","M","R","B",null,"M","M","$","?","M"],"character_chosen":"IRONCLAD","items_purchased":["Whirlwind","Molten Egg 2","Flex"],"campfire_rested":4,"item_purchase_floors":[21,21,37],"current_hp_per_floor":[80,80,80,74,68,68,38,44,44,44,28,26,50,56,56,17,80,64,60,51,51,24,48,7,31,31,31,15,45,54,34,58,13,80,66,42,42,42,0,0],"gold":174,"neow_bonus":"ONE_RANDOM_RARE_CARD","is_daily":false,"chose_seed":false,"campfire_upgraded":3,"win_rate":0.0,"timestamp":1610833857,"path_taken":["M","M","?","M","M","R","E","M","T","R","?","?","R","M","R","BOSS","M","M","M","$","M","R","E","R","T","?","M","M","E","M","R","BOSS","M","M","$","?","M"],"items_purchased_type":["Card","Relic","Card"],"build_version":"2020-12-22","purchased_purges":2,"victory":false,"max_hp_per_floor":[80,80,80,80,80,80,80,80,80,80,80,80,80,80,80,80,80,80,80,80,80,80,80,80,80,80,80,80,80,80,80,80,80,80,80,80,80,80,80,80],"card_choices":[{"not_picked":["Warcry","Sword Boomerang"],"picked":"Cleave","floor":1},{"not_picked":["Clash","Perfected Strike","Shrug It Off"],"picked":"SKIP","floor":2},{"not_picked":["Heavy Blade","Thunderclap"],"picked":"Battle Trance","floor":4},{"not_picked":["Body Slam","Heavy Blade","Bloodletting"],"picked":"SKIP","floor":5},{"not_picked":["Iron Wave","Flame Barrier"],"picked":"Cleave","floor":7},{"not_picked":["Pommel Strike","Thunderclap"],"picked":"Cleave","floor":8},{"not_picked":["Twin Strike","Anger","Pommel Strike"],"picked":"SKIP","floor":12},{"not_picked":["Ghostly Armor","Clash"],"picked":"Cleave","floor":14},{"not_picked":["Corruption","Impervious"],"picked":"Demon Form","floor":16},{"not_picked":["Sword Boomerang","Heavy Blade+1","Armaments"],"picked":"SKIP","floor":18},{"not_picked":["Evolve+1","Sword Boomerang"],"picked":"Cleave","floor":19},{"not_picked":["Pommel Strike","Reaper","Body Slam"],"picked":"SKIP","floor":20},{"not_picked":["Sword Boomerang+1","Warcry+1","Rampage+1"],"picked":"SKIP","floor":22},{"not_picked":["Blood for Blood+1","Uppercut+1","Perfected Strike+1"],"picked":"SKIP","floor":24},{"not_picked":["Rupture","Disarm","Thunderclap+1"],"picked":"SKIP","floor":28},{"not_picked":["Pommel Strike+1","Evolve","Iron Wave+1"],"picked":"SKIP","floor":29},{"not_picked":["Feel No Pain","Fire Breathing","Sword Boomerang+1"],"picked":"SKIP","floor":30},{"not_picked":["Carnage+1","Sword Boomerang+1","Clothesline+1"],"picked":"SKIP","floor":31},{"not_picked":["Wild Strike+1","Shrug It Off+1"],"picked":"Cleave+1","floor":35},{"not_picked":["True Grit+1","Clash+1","Headbutt+1"],"picked":"SKIP","floor":36}],"player_experience":20311,"relics_obtained":[{"floor":7,"key":"Bronze Scales"},{"floor":9,"key":"Happy Flower"},{"floor":11,"key":"Lantern"},{"floor":24,"key":"Self Forming Clay"},{"floor":26,"key":"Anchor"},{"floor":30,"key":"PreservedInsect"}],"event_choices":[{"damage_healed":0,"gold_gain":0,"player_choice":"Ignored","damage_taken":0,"max_hp_gain":0,"max_hp_loss":0,"event_name":"Shining Light","floor":3,"gold_loss":0},{"damage_healed":0,"gold_gain":0,"player_choice":"Searched \u00271\u0027 times","damage_taken":0,"max_hp_gain":0,"max_hp_loss":0,"event_name":"Dead Adventurer","floor":11,"gold_loss":0},{"cards_removed":["Strike_R"],"damage_healed":0,"gold_gain":0,"player_choice":"Elegance","damage_taken":0,"max_hp_gain":0,"max_hp_loss":0,"event_name":"Back to Basics","floor":27,"gold_loss":0},{"cards_removed":["Defend_R"],"damage_healed":0,"gold_gain":0,"player_choice":"Removed Skill","damage_taken":0,"max_hp_gain":0,"max_hp_loss":0,"event_name":"Falling","floor":38,"gold_loss":0}],"is_beta":false,"boss_relics":[{"not_picked":["Mark of Pain","Runic Dome"],"picked":"SacredBark"},{"not_picked":["Astrolabe","Coffee Dripper"],"picked":"Black Star"}],"items_purged_floors":[21,37],"is_endless":false,"potions_floor_spawned":[4,7,12,16,18,19,20,28,36],"killed_by":"Maw","ascension_level":0}}