{"host":"8rqsnaeml9gxb0kp","time":1610840057,"event":{"mods":["AchievementEnabler","BaseMod","Dark Map","Minty Spire (QoL Compilation)","StSLib"],"gold_per_floor":[418,418,437,512,66,66,21,35,35,66,66,84,115,129,129,233,233,250,250,269,304,2,2,31,109,109,129,159,159,175,187,187,187,187],"floor_reached":33,"language":"ENG","playtime":2070,"items_purged":["Strike_R","Strike_R"],"score":397,"play_id":"f2e3b3e3-3400-4626-b9c5-d3724af8236f","local_time":"20210116153417","is_ascension_mode":true,"campfire_choices":[{"data":"Clothesline","floor":6,"key":"SMITH"},{"floor":11,"key":"REST"},{"floor":15,"key":"REST"},{"floor":23,"key":"REST"},{"data":"Power Through","floor":29,"key":"SMITH"},{"data":"Shrug It Off","floor":32,"key":"SMITH"}],"circlet_count":0,"master_deck":["Strike_R","Strike_R","Strike_R","Defend_R","Defend_R","Defend_R","Defend_R","Bash+1","Clothesline+1","Seeing Red","Combust","Armaments","Fire Breathing","Pummel","Spot Weakness","Hemokinesis","Bloodletting","Reaper","Cleave","Intimidate+1","Infernal Blade","Power Through+1","Shrug It Off+1","Injury","Parasite","Rage+1","Double Tap+1","Flame Barrier+1"],"relics":["Burning Blood","Old Coin","Nunchaku","Sling","Kunai","Oddly Smooth Stone","Red Skull","Cursed Key","Red Mask","Membership Card","Happy Flower","Orichalcum","Darkstone Periapt","Toxic Egg 2","Ancient Tea Set"],"acts_visited":["Exordium","TheCity"],"potions_floor_usage":[16,16,27,30,33,33],"damage_taken":[{"damage":11,"enemies":"Small Slimes","floor":1,"turns":4},{"damage":3,"enemies":"2 Louse","floor":3,"turns":2},{"damage":9,"enemies":"Jaw Worm","floor":8,"turns":4},{"damage":26,"enemies":"Gremlin Nob","floor":10,"turns":4},{"damage":12,"enemies":"Gremlin Gang","floor":12,"turns":3},{"damage":31,"enemies":"Lagavulin","floor":13,"turns":5},{"damage":0,"enemies":"Large Slime","floor":14,"turns":5},{"damage":9,"enemies":"Slime Boss","floor":16,"turns":8},{"damage":12,"enemies":"Chosen","floor":18,"turns":5},{"damage":24,"enemies":"2 Thieves","floor":20,"turns":3},{"damage":26,"enemies":"Masked Bandits","floor":21,"turns":5},{"damage":28,"enemies":"Book of Stabbing","floor":24,"turns":5},{"damage":7,"enemies":"Centurion and Healer","floor":27,"turns":7},{"damage":41,"enemies":"Gremlin Leader","floor":28,"turns":7},{"damage":6,"enemies":"3 Cultists","floor":30,"turns":4},{"damage":25,"enemies":"Snecko","floor":31,"turns":8},{"damage":76,"enemies":"Champ","floor":33,"turns":13}],"seed_played":"-3423241481480399399","potions_obtained":[{"floor":3,"key":"ElixirPotion"},{"floor":12,"key":"SkillPotion"},{"floor":13,"key":"SkillPotion"},{"floor":21,"key":"SkillPotion"},{"floor":24,"key":"BloodPotion"},{"floor":28,"key":"EssenceOfSteel"},{"floor":30,"key":"SpeedPotion"}],"is_trial":false,"path_per_floor":["M","?","M","?","$","R","$","M","T","E","R","M","E","M","R","B",null,"M","?","M","?","$","R","E","T","T","M","E","R","M","M","R","B"],"character_chosen":"IRONCLAD","items_purchased":["Combust","Nunchaku","Sling","Armaments","Membership Card","Happy Flower","Power Through"],"campfire_rested":3,"item_purchase_floors":[5,5,5,7,22,22,22],"current_hp_per_floor":[67,67,70,59,59,59,59,56,56,36,57,51,26,32,53,50,72,69,69,51,38,38,59,46,46,52,61,44,44,66,51,51,0,0],"gold":187,"neow_bonus":"ONE_RARE_RELIC","is_daily":false,"chose_seed":false,"campfire_upgraded":3,"win_rate":0.0,"timestamp":1610840057,"path_taken":["M","?","M","?","$","R","?","M","T","E","R","?","E","M","R","BOSS","M","?","M","?","$","R","E","?","T","M","E","R","M","?","R","BOSS"],"items_purchased_type":["Card","Relic","Relic","Card","Relic","Relic","Card"],"build_version":"2020-12-22","purchased_purges":2,"victory":false,"max_hp_per_floor":[72,72,72,72,72,72,72,72,72,72,72,72,72,72,72,72,72,72,72,72,72,72,72,72,72,78,78,78,78,78,78,78,78,78],"card_choices":[{"not_picked":["Anger","Flex"],"picked":"Clothesline","floor":1},{"not_picked":["Ghostly Armor","Corruption"],"picked":"Seeing Red","floor":3},{"not_picked":["Power Through","Body Slam"],"picked":"Fire Breathing","floor":8},{"not_picked":["Shrug It Off","Sword Boomerang"],"picked":"Pummel","floor":10},{"not_picked":["Sword Boomerang","Combust"],"picked":"Spot Weakness","floor":12},{"not_picked":["Sever Soul","Barricade"],"picked":"Hemokinesis","floor":13},{"not_picked":["Flex","Clash"],"picked":"Bloodletting","floor":14},{"not_picked":["Bludgeon","Juggernaut"],"picked":"Reaper","floor":16},{"not_picked":["Carnage","Clash"],"picked":"Cleave","floor":18},{"not_picked":["Headbutt","Dark Embrace"],"picked":"Intimidate+1","floor":20},{"not_picked":["Second Wind","Perfected Strike"],"picked":"Infernal Blade","floor":21},{"not_picked":["Hemokinesis","Anger"],"picked":"Shrug It Off","floor":24},{"not_picked":["Warcry+1","Second Wind+1"],"picked":"Rage+1","floor":27},{"not_picked":["Combust","Dark Embrace"],"picked":"Double Tap+1","floor":28},{"not_picked":["Pommel Strike","Cleave","Havoc+1"],"picked":"SKIP","floor":30},{"not_picked":["Headbutt+1","Ghostly Armor+1"],"picked":"Flame Barrier+1","floor":31}],"player_experience":74087,"relics_obtained":[{"floor":9,"key":"Kunai"},{"floor":10,"key":"Oddly Smooth Stone"},{"floor":13,"key":"Red Skull"},{"floor":21,"key":"Red Mask"},{"floor":24,"key":"Orichalcum"},{"floor":25,"key":"Darkstone Periapt"},{"floor":26,"key":"Toxic Egg 2"},{"floor":28,"key":"Ancient Tea Set"}],"event_choices":[{"damage_healed":0,"gold_gain":0,"player_choice":"Grow","damage_taken":0,"max_hp_gain":0,"max_hp_loss":0,"event_name":"Living Wall","floor":2,"gold_loss":0,"cards_upgraded":["Bash"]},{"damage_healed":0,"gold_gain":75,"player_choice":"Gather Gold","damage_taken":11,"max_hp_gain":0,"max_hp_loss":0,"event_name":"World of Goop","floor":4,"gold_loss":0},{"damage_healed":0,"gold_gain":0,"player_choice":"Ignored","damage_taken":0,"max_hp_gain":0,"max_hp_loss":0,"event_name":"Ghosts","floor":19,"gold_loss":0},{"damage_healed":0,"gold_gain":0,"player_choice":"Fought Bandits","damage_taken":0,"max_hp_gain":0,"max_hp_loss":0,"event_name":"Masked Bandits","floor":21,"gold_loss":0}],"is_beta":false,"boss_relics":[{"not_picked":["Empty Cage","Ectoplasm"],"picked":"Cursed Key"}],"items_purged_floors":[5,22],"is_endless":false,"potions_floor_spawned":[3,12,13,21,24,28,30],"killed_by":"Champ","ascension_level":3}}