{"host":"tmay8mzqbefgdzs7","time":1610813725,"event":{"mods":["BaseMod","Downfall","Minty Spire (QoL Compilation)","StSLib"],"gold_per_floor":[99,99,99,99,84,95,118,135,146,158,158,170,190,209,226,329,329,329,340,358,458,470,480,480,480,480,480,480,493,527,827,846,949,949,949,959,975,642,627,627,627,677,688,73,88,88,88,106,119,119],"floor_reached":51,"language":"ENG","playtime":6678,"items_purged":[],"score":692,"play_id":"1d6295b8-f2a7-461c-9545-5f98734426ec","local_time":"20210116161525","is_ascension_mode":false,"campfire_choices":[{"data":"hexamod:Sear","floor":1.0,"key":"SMITH"},{"floor":11.0,"key":"REST"},{"data":"hexamod:SpectersWail","floor":18.0,"key":"SMITH"},{"floor":25.0,"key":"REST"},{"data":"hexamod:UnlimitedPower","floor":35.0,"key":"SMITH"},{"floor":40,"key":"REST"},{"floor":47,"key":"REST"}],"circlet_count":0,"master_deck":["hexamod:Strike","hexamod:Strike+1","hexamod:Strike","hexamod:Strike","hexamod:Defend","hexamod:Defend","hexamod:Defend","hexamod:Defend","hexamod:Sear+1","hexamod:Float","hexamod:RainOfEmbers","hexamod:SwordOfDarkness","hexamod:FourthSeal","hexamod:Incineration","hexamod:NightmareStrike","hexamod:FourthSeal","hexamod:SpectersWail+1","hexamod:SkipABeat","hexamod:HeatMetal+1","hexamod:RecurringNightmare","hexamod:HeatCrush","hexamod:DynamicBlow","hexamod:ApocalypseNow","hexamod:ChargedBarrage","hexamod:EtherealExpedition+1","hexamod:SoulSteal","hexamod:SpectersWail+1","hexamod:WildfireWeapon","hexamod:SoulSteal","hexamod:NightmareGuise","hexamod:VolcanoVisage","Decay","CurseOfTheBell","Regret","Clumsy","hexamod:SearingWound","hexamod:SwordOfDarkness","hexamod:UnlimitedPower+1","hexamod:RecurringNightmare+1","hexamod:SpectersWail","hexamod:ThermalTransfer","hexamod:FlamesFromBeyond","hexamod:PhantomCloak+1","hexamod:PhantomFireball","hexamod:SpectralAdrenaline+1","expansioncontent:PrepareCrush","hexamod:SpectralSpark+1","hexamod:HeatCrush"],"relics":["hexamod:SpiritBrand","downfall:HeartsMalice","Potion Belt","Philosopher\u0027s Stone","CaptainsWheel","The Courier","Kunai","Juzu Bracelet","Calling Bell","Happy Flower","InkBottle","Old Coin","Busted Crown","Mercury Hourglass","Du-Vu Doll","hexamod:MatchstickCase","Shuriken","Regal Pillow","Whetstone","Meat on the Bone","Pen Nib"],"acts_visited":["Exordium","TheCity","TheBeyond"],"potions_floor_usage":[42,42,42,42,42,42,42,42,42,43,49,50,50,50,50],"damage_taken":[{"damage":0.0,"enemies":"Jaw Worm","floor":2.0,"turns":1.0},{"damage":0.0,"enemies":"2 Louse","floor":3.0,"turns":1.0},{"damage":0.0,"enemies":"Small Slimes","floor":4.0,"turns":1.0},{"damage":0.0,"enemies":"downfall:FleeingMerchant","floor":5.0,"turns":4.0},{"damage":16.0,"enemies":"Gremlin Gang","floor":6.0,"turns":4.0},{"damage":21.0,"enemies":"Exordium Wildlife","floor":8.0,"turns":5.0},{"damage":1.0,"enemies":"2 Fungi Beasts","floor":9.0,"turns":4.0},{"damage":0.0,"enemies":"Exordium Thugs","floor":10.0,"turns":2.0},{"damage":0.0,"enemies":"Large Slime","floor":12.0,"turns":4.0},{"damage":5.0,"enemies":"2 Fungi Beasts","floor":13.0,"turns":3.0},{"damage":3.0,"enemies":"Red Slaver","floor":14.0,"turns":3.0},{"damage":5.0,"enemies":"Gremlin Gang","floor":15.0,"turns":3.0},{"damage":21.0,"enemies":"IC_STATUS_ARCHETYPE","floor":16.0,"turns":7.0},{"damage":12.0,"enemies":"Shell Parasite","floor":19.0,"turns":4.0},{"damage":12.0,"enemies":"Chosen","floor":20.0,"turns":3.0},{"damage":11.0,"enemies":"Colosseum Nobs","floor":21.0,"turns":3.0},{"damage":0.0,"enemies":"Snecko","floor":22.0,"turns":3.0},{"damage":22.0,"enemies":"3 Cultists","floor":23.0,"turns":5.0},{"damage":0.0,"enemies":"Snake Plant","floor":27.0,"turns":1.0},{"damage":5.0,"enemies":"Centurion and Healer","floor":29.0,"turns":4.0},{"damage":18.0,"enemies":"Book of Stabbing","floor":30.0,"turns":5.0},{"damage":7.0,"enemies":"Snecko","floor":32.0,"turns":3.0},{"damage":49.0,"enemies":"WA_ARCHETYPE_CALM","floor":33.0,"turns":7.0},{"damage":5.0,"enemies":"Orb Walker","floor":36.0,"turns":3.0},{"damage":15.0,"enemies":"3 Shapes","floor":37.0,"turns":3.0},{"damage":15.0,"enemies":"downfall:FleeingMerchant","floor":39.0,"turns":4.0},{"damage":2,"enemies":"downfall:FleeingMerchant","floor":42,"turns":4},{"damage":21,"enemies":"Writhing Mass","floor":43,"turns":3},{"damage":2,"enemies":"downfall:FleeingMerchant","floor":44,"turns":4},{"damage":12,"enemies":"Maw","floor":45,"turns":5},{"damage":15,"enemies":"Transient","floor":48,"turns":5},{"damage":22,"enemies":"Jaw Worm Horde","floor":49,"turns":3},{"damage":29,"enemies":"DF_ARCHETYPE_ORBS","floor":50,"turns":5}],"seed_played":"-2091086752497055112","potions_obtained":[{"floor":6.0,"key":"Regen Potion"},{"floor":8.0,"key":"Energy Potion"},{"floor":8.0,"key":"AttackPotion"},{"floor":9.0,"key":"Weak Potion"},{"floor":9.0,"key":"DistilledChaos"},{"floor":10.0,"key":"Swift Potion"},{"floor":12.0,"key":"SmokeBomb"},{"floor":13.0,"key":"Guardian:BlockOnCardUsePotion"},{"floor":14.0,"key":"FairyPotion"},{"floor":14.0,"key":"SkillPotion"},{"floor":15.0,"key":"hexamod:DoubleChargePotion"},{"floor":16.0,"key":"GamblersBrew"},{"floor":19.0,"key":"bronze:BurnAndBuffPotion"},{"floor":19.0,"key":"Fire Potion"},{"floor":19.0,"key":"sneckomod:MuddlingPotion"},{"floor":20.0,"key":"BlessingOfTheForge"},{"floor":21.0,"key":"SkillPotion"},{"floor":22.0,"key":"Regen Potion"},{"floor":23.0,"key":"SkillPotion"},{"floor":29.0,"key":"Explosive Potion"},{"floor":30.0,"key":"GamblersBrew"},{"floor":32.0,"key":"Slimebound:ThreeZeroPotion"},{"floor":33.0,"key":"sneckomod:MuddlingPotion"},{"floor":33.0,"key":"Guardian:BlockOnCardUsePotion"},{"floor":37.0,"key":"AttackPotion"},{"floor":37.0,"key":"Swift Potion"},{"floor":39,"key":"EntropicBrew"},{"floor":39,"key":"Explosive Potion"},{"floor":42,"key":"PowerPotion"},{"floor":44,"key":"BlessingOfTheForge"},{"floor":45,"key":"champ:CounterPotion"},{"floor":45,"key":"Guardian:BlockOnCardUsePotion"}],"is_trial":false,"path_per_floor":["R","M","M","M","$","M","T","M","M","M","R","M","M","M","M","B",null,"R","M","M","?","M","M","T","R","?","M","?","M","E","?","M","B",null,"R","M","M","?","$","R","T","?","M","?","M","?","R","M","M","B",null],"character_chosen":"THE_SPIRIT","items_purchased":["hexamod:MatchstickCase","Shuriken","champ:CounterPotion","hexamod:SoulburnPotion","Regal Pillow","Whetstone","Meat on the Bone","Pen Nib"],"campfire_rested":4,"item_purchase_floors":[44,44,44,44,44,44,44,44],"current_hp_per_floor":[70,70,70,70,70,54,54,33,32,32,53,53,48,45,40,34,70,70,58,46,35,35,27,27,48,70,70,70,65,47,52,45,18,75,75,70,55,84,69,84,84,82,61,59,47,47,84,69,47,30],"gold":119,"neow_bonus":"THREE_ENEMY_KILL","is_daily":false,"chose_seed":false,"campfire_upgraded":3,"win_rate":0.0,"timestamp":1610813725,"path_taken":["R","M","M","M","$","M","T","M","M","M","R","M","M","M","M","BOSS","R","M","M","?","M","M","T","R","?","M","?","?","E","?","M","BOSS","R","M","M","?","$","R","T","?","M","?","M","?","R","M","M","BOSS"],"items_purchased_type":["Relic","Relic","Potion","Potion","Relic","Relic","Relic","Relic"],"build_version":"2020-12-22","purchased_purges":0,"victory":true,"max_hp_per_floor":[70,70,70,70,70,70,70,70,70,70,70,70,70,70,70,70,70,70,70,70,70,70,70,70,70,70,70,70,70,70,75,75,75,75,75,75,75,84,84,84,84,84,84,84,84,84,84,84,84,84],"card_choices":[{"not_picked":["hexamod:HauntingEcho","hexamod:InspiringFlames"],"picked":"hexamod:RainOfEmbers","floor":2.0},{"not_picked":["hexamod:PowerFromBeyond","hexamod:RadiantFlame"],"picked":"hexamod:SwordOfDarkness","floor":3.0},{"not_picked":["hexamod:ShieldOfDarkness","hexamod:HexaLevel"],"picked":"hexamod:FourthSeal","floor":4.0},{"not_picked":["hexamod:SuperheatedStrike","hexamod:RecurringNightmare"],"picked":"hexamod:Incineration","floor":5.0},{"not_picked":["hexamod:GhostLash","hexamod:Haunt"],"picked":"hexamod:NightmareStrike","floor":6.0},{"not_picked":["hexamod:NightmareStrike","hexamod:FlameSwitch"],"picked":"hexamod:FourthSeal","floor":8.0},{"not_picked":["hexamod:FastForward","hexamod:EtherealExpedition"],"picked":"hexamod:SpectersWail","floor":9.0},{"not_picked":["hexamod:AdvancingGuard","hexamod:Firestarter"],"picked":"hexamod:SkipABeat","floor":10.0},{"not_picked":["hexamod:ShieldOfDarkness","hexamod:Rewind"],"picked":"hexamod:HeatMetal","floor":12.0},{"not_picked":["hexamod:Incineration","hexamod:NightmareStrike"],"picked":"hexamod:RecurringNightmare","floor":13.0},{"not_picked":["hexamod:Rewind","hexamod:NightmareStrike"],"picked":"hexamod:HeatCrush","floor":14.0},{"not_picked":["hexamod:HauntingEcho","hexamod:GhostOfSpireFuture"],"picked":"hexamod:DynamicBlow","floor":15.0},{"not_picked":["hexamod:FlameSwitch","hexamod:HexaLevel"],"picked":"hexamod:ApocalypseNow","floor":16.0},{"not_picked":["hexamod:HauntingEcho","hexamod:SwordOfDarkness+1"],"picked":"hexamod:ChargedBarrage","floor":19.0},{"not_picked":["hexamod:NightmareStrike","hexamod:ThermalTransfer+1"],"picked":"hexamod:EtherealExpedition+1","floor":20.0},{"not_picked":["hexamod:InspiringFlames","hexamod:HeatShield+1"],"picked":"hexamod:SoulSteal","floor":21.0},{"not_picked":["hexamod:SwordOfDarkness","hexamod:BurningTouch"],"picked":"hexamod:SpectersWail+1","floor":22.0},{"not_picked":["hexamod:BacktrackSmack+1","hexamod:NightmareStrike"],"picked":"hexamod:WildfireWeapon","floor":23.0},{"not_picked":["hexamod:ExtraCrispy","hexamod:NightmareStrike"],"picked":"hexamod:NightmareGuise","floor":29.0},{"not_picked":["hexamod:FastForward","hexamod:Firestarter+1"],"picked":"hexamod:VolcanoVisage","floor":30.0},{"not_picked":["hexamod:NecessarySacrifice","hexamod:SecondSeal"],"picked":"hexamod:SwordOfDarkness","floor":32.0},{"not_picked":["hexamod:UnleashSpirits","hexamod:SearingWound"],"picked":"hexamod:UnlimitedPower","floor":33.0},{"not_picked":[],"picked":"hexamod:RecurringNightmare+1","floor":36.0},{"not_picked":[],"picked":"hexamod:SpectersWail","floor":37.0},{"not_picked":[],"picked":"hexamod:ThermalTransfer","floor":39},{"not_picked":[],"picked":"hexamod:FlamesFromBeyond","floor":42},{"not_picked":[],"picked":"hexamod:PhantomCloak+1","floor":43},{"not_picked":[],"picked":"hexamod:PhantomFireball","floor":44},{"not_picked":[],"picked":"hexamod:SpectralAdrenaline+1","floor":45},{"not_picked":[],"picked":"expansioncontent:PrepareCrush","floor":46},{"not_picked":[],"picked":"hexamod:SpectralSpark+1","floor":48},{"not_picked":[],"picked":"hexamod:HeatCrush","floor":49}],"player_experience":352349,"relics_obtained":[{"floor":7.0,"key":"Potion Belt"},{"floor":21.0,"key":"CaptainsWheel"},{"floor":21.0,"key":"The Courier"},{"floor":24.0,"key":"Kunai"},{"floor":30.0,"key":"Juzu Bracelet"},{"floor":31.0,"key":"Happy Flower"},{"floor":31.0,"key":"InkBottle"},{"floor":31.0,"key":"Old Coin"},{"floor":41,"key":"Mercury Hourglass"},{"floor":42,"key":"Du-Vu Doll"}],"event_choices":[{"damage_healed":23.0,"max_hp_gain":0.0,"max_hp_loss":0.0,"gold_gain":0.0,"event_name":"The Library","player_choice":"Heal","floor":26.0,"gold_loss":0.0,"damage_taken":0.0}],"is_beta":false,"boss_relics":[{"not_picked":["Fusion Hammer","Sozu"],"picked":"Philosopher\u0027s Stone"},{"not_picked":["Coffee Dripper","Cursed Key"],"picked":"Busted Crown"}],"items_purged_floors":[],"is_endless":false,"potions_floor_spawned":[8,10,13,14,15,16,19,20,22,29,33,37,42,45,48],"ascension_level":0}}