{"host":"981nlwu0905dw1bz","time":1610822456,"event":{"mods":["AchievementEnabler","BaseMod","DeckTracker","Minty Spire (QoL Compilation)","Rare Cards Sparkle","SuperFastMode"],"gold_per_floor":[112,112,130,130,130,130,157,157,184,212,223,223,233,233,233,338,338,348,447,447,447,460,460,474,474,553,572,22,22,37,55,55,55,55],"floor_reached":33,"language":"KOR","playtime":1130,"items_purged":[],"score":434,"play_id":"b1a9333c-4a72-4e4f-8066-d7fdc5ddff62","local_time":"20210117034056","is_ascension_mode":true,"campfire_choices":[{"data":"Noxious Fumes","floor":6.0,"key":"SMITH"},{"data":"Dagger Spray","floor":8.0,"key":"SMITH"},{"floor":12.0,"key":"REST"},{"floor":15.0,"key":"REST"},{"floor":23,"key":"REST"},{"floor":25,"key":"REST"},{"floor":29,"key":"REST"},{"floor":32,"key":"REST"}],"circlet_count":0,"master_deck":["AscendersBane","Strike_G","Strike_G","Strike_G","Defend_G","Defend_G","Defend_G","Defend_G","Defend_G","Survivor","Neutralize","Dagger Throw","Noxious Fumes+1","Dagger Spray+1","Dodge and Roll","Footwork","Storm of Steel","Escape Plan","Slice","Prepared","Deflect","Sadistic Nature","Tools of the Trade","Tactician","Terror"],"relics":["Ring of the Snake","NeowsBlessing","Paper Crane","Potion Belt","Letter Opener","HornCleat","Runic Pyramid","Enchiridion","Molten Egg 2","Boot"],"acts_visited":["Exordium","TheCity"],"potions_floor_usage":[24,33],"damage_taken":[{"damage":0.0,"enemies":"Cultist","floor":1.0,"turns":1.0},{"damage":0.0,"enemies":"Small Slimes","floor":3.0,"turns":2.0},{"damage":0.0,"enemies":"3 Sentries","floor":7.0,"turns":1.0},{"damage":36.0,"enemies":"Gremlin Nob","floor":10.0,"turns":5.0},{"damage":2.0,"enemies":"Jaw Worm","floor":11.0,"turns":3.0},{"damage":4.0,"enemies":"Red Slaver","floor":13.0,"turns":4.0},{"damage":18.0,"enemies":"The Guardian","floor":16.0,"turns":14.0},{"damage":11.0,"enemies":"2 Thieves","floor":18.0,"turns":4.0},{"damage":3,"enemies":"Chosen","floor":22,"turns":6},{"damage":18,"enemies":"Centurion and Healer","floor":24,"turns":5},{"damage":13,"enemies":"Cultist and Chosen","floor":27,"turns":8},{"damage":24,"enemies":"Snecko","floor":30,"turns":5},{"damage":15,"enemies":"Snake Plant","floor":31,"turns":5},{"damage":50,"enemies":"Champ","floor":33,"turns":9}],"seed_played":"7140060460932413036","potions_obtained":[{"floor":10.0,"key":"PowerPotion"},{"floor":11.0,"key":"Dexterity Potion"},{"floor":16.0,"key":"Explosive Potion"},{"floor":18.0,"key":"SkillPotion"},{"floor":31,"key":"Strength Potion"}],"is_trial":false,"path_per_floor":["M","$","M","?","$","R","E","R","T","E","M","R","M","?","R","B",null,"M","?","?","?","M","R","M","R","T","M","$","R","M","M","R","B"],"character_chosen":"THE_SILENT","items_purchased":["Sadistic Nature","Boot","Tools of the Trade","Tactician"],"campfire_rested":6,"item_purchase_floors":[28,28,28,28],"current_hp_per_floor":[63,63,63,63,63,63,63,63,63,27,25,46,42,30,51,33,61,50,50,34,34,31,52,34,55,55,42,42,63,39,24,45,0,0],"gold":55,"neow_bonus":"THREE_ENEMY_KILL","is_daily":false,"chose_seed":false,"campfire_upgraded":2,"win_rate":0.0,"timestamp":1610822456,"path_taken":["M","$","?","?","$","R","E","R","T","E","M","R","M","?","R","BOSS","M","?","?","?","M","R","M","R","T","?","$","R","M","M","R","BOSS"],"items_purchased_type":["Card","Relic","Card","Card"],"build_version":"2020-12-22","purchased_purges":0,"victory":false,"max_hp_per_floor":[70,70,70,70,70,70,70,70,70,70,70,70,70,70,70,70,70,70,70,70,70,70,70,70,70,70,70,70,70,70,70,70,70,70],"card_choices":[{"not_picked":["Masterful Stab","Acrobatics"],"picked":"Dagger Throw","floor":1.0},{"not_picked":["Endless Agony","Sucker Punch"],"picked":"Noxious Fumes","floor":3.0},{"not_picked":["Acrobatics","Doppelganger"],"picked":"Dagger Spray","floor":7.0},{"not_picked":["Setup","PiercingWail"],"picked":"Dodge and Roll","floor":10.0},{"not_picked":["Dagger Spray","Sucker Punch","Concentrate"],"picked":"SKIP","floor":11.0},{"not_picked":["Finisher","Predator"],"picked":"Footwork","floor":13.0},{"not_picked":["Tools of the Trade","Grand Finale"],"picked":"Storm of Steel","floor":16.0},{"not_picked":["Dagger Spray","Dagger Throw"],"picked":"Escape Plan","floor":18.0},{"not_picked":["Eviscerate","Crippling Poison"],"picked":"Deflect","floor":22},{"not_picked":["Quick Slash","Backflip","Bane"],"picked":"SKIP","floor":24},{"not_picked":["Dodge and Roll","Acrobatics","Slice+1"],"picked":"SKIP","floor":27},{"not_picked":["Dagger Spray+1","Poisoned Stab+1","Masterful Stab+1"],"picked":"SKIP","floor":30},{"not_picked":["Escape Plan","Dagger Spray+1"],"picked":"Terror","floor":31}],"player_experience":549094,"relics_obtained":[{"floor":7.0,"key":"Paper Crane"},{"floor":9.0,"key":"Potion Belt"},{"floor":10.0,"key":"Letter Opener"},{"floor":20.0,"key":"Enchiridion"},{"floor":26,"key":"Molten Egg 2"}],"event_choices":[{"damage_healed":0.0,"max_hp_gain":0.0,"max_hp_loss":0.0,"gold_gain":0.0,"event_name":"Golden Wing","player_choice":"Ignored","floor":4.0,"gold_loss":0.0,"damage_taken":0.0},{"damage_healed":0.0,"max_hp_gain":0.0,"max_hp_loss":0.0,"gold_gain":0.0,"event_name":"Scrap Ooze","player_choice":"Success","floor":14.0,"gold_loss":0.0,"damage_taken":12.0,"relics_obtained":["HornCleat"]},{"damage_healed":0.0,"max_hp_gain":0.0,"max_hp_loss":0.0,"gold_gain":99.0,"event_name":"Nest","player_choice":"Stole From Cult","floor":19.0,"gold_loss":0.0,"damage_taken":0.0},{"damage_healed":0.0,"max_hp_gain":0.0,"max_hp_loss":0.0,"gold_gain":0.0,"event_name":"Cursed Tome","player_choice":"Obtained Book","floor":20.0,"gold_loss":0.0,"damage_taken":16.0},{"damage_healed":0,"gold_gain":0,"cards_transformed":["Strike_G","Strike_G"],"player_choice":"Became Test Subject","damage_taken":0,"max_hp_gain":0,"max_hp_loss":0,"event_name":"Drug Dealer","floor":21,"gold_loss":0,"cards_obtained":["Slice","Prepared"]}],"is_beta":false,"boss_relics":[{"not_picked":["Sozu","Coffee Dripper"],"picked":"Runic Pyramid"}],"items_purged_floors":[],"is_endless":false,"potions_floor_spawned":[10,11,16,18,31],"killed_by":"Champ","ascension_level":11}}