{"host":"iak1zw6udsaqx1iy","time":1610821212,"event":{"mods":["Act Like it!","BaseMod","Gensokyo","Minty Spire (QoL Compilation)","Remilia（蕾米莉亚）","Replay The Spire","StSLib","The Alterego","The Cursed","The Servant 0.9.4","WarShipGirlsR/战舰少女R mod","Youmu（魂魄妖梦）"],"gold_per_floor":[114,129,144,159,174,174,204,204,229,259,274,289,289,304,304,404,454,469,719,719,340,340,340,340],"floor_reached":23,"language":"ZHS","playtime":1483,"items_purged":[],"score":203,"play_id":"11606f0e-5145-48d8-a307-1b6b8b32c18c","local_time":"20210117022012","daily_mods":["Allstar","Flight","Night Terrors"],"is_ascension_mode":false,"campfire_choices":[{"data":"Misdirection","floor":6.0,"key":"SMITH"},{"floor":8.0,"key":"REST"},{"data":"Defy","floor":13.0,"key":"SMITH"},{"floor":15.0,"key":"REST"}],"circlet_count":0,"master_deck":["Strike_S","Strike_S","Strike_S","Defend_S","Defend_S","Defend_S","Defend_S","KidneyShot","Exchange","Impatience","Jack Of All Trades","Dramatic Entrance","Violence+1","Specialist","Misdirection+1","Orbit","Read","Rearm","ReturningBlade","SpecialFormula","BestPractice","Defy+1","Rearm","KillingDoll","Starlight","Potential","BestPractice","Defy"],"relics":["Uniform","Bag of Marbles","Lantern","ReplayTheSpireMod:Shallot","Tiny House","Gremlin Horn","Frozen Eye"],"acts_visited":["Exordium","Exordium"],"potions_floor_usage":[],"damage_taken":[{"damage":0.0,"enemies":"2 Louse","floor":1.0,"turns":1.0},{"damage":0.0,"enemies":"Small Slimes","floor":2.0,"turns":4.0},{"damage":2.0,"enemies":"Jaw Worm","floor":3.0,"turns":2.0},{"damage":16.0,"enemies":"Large Slime","floor":4.0,"turns":8.0},{"damage":18.0,"enemies":"Exordium Thugs","floor":5.0,"turns":3.0},{"damage":29.0,"enemies":"Gremlin Nob","floor":7.0,"turns":5.0},{"damage":39.0,"enemies":"Lagavulin","floor":10.0,"turns":8.0},{"damage":0.0,"enemies":"Looter","floor":11.0,"turns":1.0},{"damage":0.0,"enemies":"3 Louse","floor":12.0,"turns":1.0},{"damage":0.0,"enemies":"Large Slime","floor":14.0,"turns":4.0},{"damage":55.0,"enemies":"The Guardian","floor":16.0,"turns":15.0},{"damage":39,"enemies":"Gensokyo:AngelMirror","floor":18,"turns":8},{"damage":42,"enemies":"Gensokyo:Koishi","floor":23,"turns":6}],"seed_played":"2700428786693623746","potions_obtained":[{"floor":2.0,"key":"Swift Potion"},{"floor":3.0,"key":"Venom Potion"},{"floor":4.0,"key":"Regen Potion"},{"floor":12.0,"key":"Venom Potion"},{"floor":16.0,"key":"FearPotion"},{"floor":17,"key":"CultistPotion"}],"is_trial":false,"path_per_floor":["M","M","M","M","M","R","E","R","T","E","M","M","R","M","R","B",null,"M","?","?","$","?","E"],"character_chosen":"THE_SERVANT","items_purchased":["BestPractice","Gremlin Horn","Defy"],"campfire_rested":2,"item_purchase_floors":[21,21,21],"current_hp_per_floor":[65,65,63,47,38,38,9,60,60,26,26,26,26,31,55,5,60,29,29,29,29,29,0,0],"gold":340,"neow_bonus":"","is_daily":true,"chose_seed":false,"campfire_upgraded":2,"win_rate":0.0,"timestamp":1610821212,"path_taken":["M","M","M","M","M","R","E","R","T","E","M","M","R","M","R","BOSS","M","?","?","?","?","E"],"items_purchased_type":["Card","Relic","Card"],"build_version":"2020-12-22","purchased_purges":0,"victory":false,"max_hp_per_floor":[65,65,65,65,65,65,65,60,60,60,60,60,60,60,55,55,60,60,57,57,57,57,57,57],"card_choices":[{"not_picked":["Revamp","Spin"],"picked":"Misdirection","floor":1.0},{"not_picked":["ReturningBlade","Defy"],"picked":"Orbit","floor":2.0},{"not_picked":["Starlight","Solidify"],"picked":"Read","floor":3.0},{"not_picked":["InstantArmor","DualDimension"],"picked":"Rearm","floor":4.0},{"not_picked":["Snipe","StarChef"],"picked":"ReturningBlade","floor":5.0},{"not_picked":["Foresight","Replace"],"picked":"SpecialFormula","floor":7.0},{"not_picked":["BottledTime","TimeWarp"],"picked":"BestPractice","floor":10.0},{"not_picked":["Replace","Unruled","Alleviate"],"picked":"SKIP","floor":11.0},{"not_picked":["Ricochet","Moonlight"],"picked":"Defy","floor":12.0},{"not_picked":["Rewind","Alleviate"],"picked":"Rearm","floor":14.0},{"not_picked":["SilverMatrix","Duplication"],"picked":"KillingDoll","floor":16.0},{"not_picked":["Rearm","Foresight"],"picked":"Starlight","floor":17},{"not_picked":["Replace+1","SurpressingFire"],"picked":"Potential","floor":18}],"player_experience":341505,"relics_obtained":[{"floor":7.0,"key":"Bag of Marbles"},{"floor":9.0,"key":"Lantern"},{"floor":10.0,"key":"ReplayTheSpireMod:Shallot"}],"event_choices":[],"is_beta":false,"boss_relics":[{"not_picked":["Runic Dome","Snecko Heart"],"picked":"Tiny House"}],"items_purged_floors":[],"is_endless":false,"potions_floor_spawned":[2,3,4,12,16],"killed_by":"Gensokyo:Koishi","ascension_level":0}}