{"host":"c2zlmc1hlq0427cl","time":1610760258,"event":{"mods":["BaseMod","Googly Eyes","Hermit","Minty Spire (QoL Compilation)","Replay The Spire","StSLib","The Hayseed","The Senshi","The Servant 0.9.4"],"gold_per_floor":[109,109,129,143,159,185,185,199,271,300,300,158,158,172,172,272,372,385,385,399,410,410,410,423,423,447,480,480,480,512,512,512,616,616,634,38,88,105,105,130,130,130,130,217,217,217,217,217],"floor_reached":47,"language":"ENG","playtime":2501,"items_purged":["Strike_S","Strike_S"],"score":599,"play_id":"094afe14-4843-43a7-b011-bee2cfc60ff2","local_time":"20210115192418","is_ascension_mode":false,"campfire_choices":[{"data":"Read","floor":7,"key":"SMITH"},{"floor":11,"key":"REST"},{"data":"SilverBlades","floor":15,"key":"SMITH"},{"floor":23,"key":"REST"},{"data":"Sunlight","floor":25,"key":"SMITH"},{"data":"DoubleEdge","floor":28,"key":"SMITH"},{"floor":32,"key":"REST"},{"data":"Madness","floor":42,"key":"SMITH"},{"data":"SoulSculpture","floor":45,"key":"SMITH"}],"circlet_count":0,"master_deck":["Strike_S+1","Defend_S","Defend_S","Defend_S","KidneyShot+1","Exchange","Unruled","Dramatic Entrance","KidneyShot","ShatteredReality","Snipe","Ricochet","BottledTime","Read+1","Deny","WasteNot","SilverBlades+1","DoubleEdge+1","Sunlight+1","BestPractice+1","SilverBlades+1","Potential+1","Contraction","Barrier","Luminosity+1","LightFlow","TimeWarp+1","SurpressingFire+1","SoulSculpture+1","Delirium","Rearm+1","Madness+1","Madness","Languid","Ricochet+1","Spin+1","Dilation"],"relics":["Uniform","FossilizedHelix","Ornamental Fan","Durian","Frozen Egg 2","Replay:Wanted Poster","Replay:Baseball","Whetstone","Ancient Tea Set","Replay:Bottled Steam","StoneMask","theSenshi:FeatherClipsRelic","Ring of Peace","Ring of Greed","Blue Doll","Tiny Chest","Darkstone Periapt","theSenshi:SuperSailorFukuRelic"],"acts_visited":["Exordium","TheCity","TheBeyond"],"potions_floor_usage":[5,8,18,24,30,33,38],"damage_taken":[{"damage":8,"enemies":"Jaw Worm","floor":1,"turns":4},{"damage":0,"enemies":"Cultist","floor":3,"turns":2},{"damage":0,"enemies":"2 Louse","floor":4,"turns":1},{"damage":11,"enemies":"Large Slime","floor":5,"turns":2},{"damage":10,"enemies":"3 Sentries","floor":6,"turns":4},{"damage":8,"enemies":"Exordium Wildlife","floor":8,"turns":4},{"damage":5,"enemies":"Replay:BlueRogue","floor":10,"turns":8},{"damage":0,"enemies":"Looter","floor":14,"turns":2},{"damage":0,"enemies":"The Guardian","floor":16,"turns":10},{"damage":1,"enemies":"3 Byrds","floor":18,"turns":3},{"damage":31,"enemies":"2 Thieves","floor":20,"turns":3},{"damage":18,"enemies":"Centurion and Healer","floor":21,"turns":5},{"damage":0,"enemies":"Cultist and Chosen","floor":24,"turns":5},{"damage":10,"enemies":"Book of Stabbing","floor":27,"turns":5},{"damage":15,"enemies":"Replay:Snechameleon","floor":30,"turns":6},{"damage":28,"enemies":"Collector","floor":33,"turns":7},{"damage":4,"enemies":"Orb Walker","floor":35,"turns":3},{"damage":13,"enemies":"3 Darklings","floor":38,"turns":4},{"damage":9,"enemies":"Nemesis","floor":40,"turns":7},{"damage":57,"enemies":"Giant Head","floor":47,"turns":9}],"seed_played":"-3154467269449244104","potions_obtained":[{"floor":1,"key":"AttackPotion"},{"floor":6,"key":"ColorlessPotion"},{"floor":8,"key":"DuplicationPotion"},{"floor":10,"key":"Adrenaline Potion"},{"floor":21,"key":"SkillPotion"},{"floor":30,"key":"PowerPotion"},{"floor":33,"key":"Energy Potion"}],"is_trial":false,"path_per_floor":["M","?","M","M","M","E","R","M","T","E","R","$","T","M","R","B",null,"M","?","M","M","?","R","M","R","T","E","R","$","E","?","R","B",null,"M","$","?","M","$","E","?","R","T","?","R","?","E"],"character_chosen":"THE_SERVANT","items_purchased":["SilverBlades","theSenshi:FeatherClipsRelic","SurpressingFire+1","SoulSculpture"],"campfire_rested":3,"item_purchase_floors":[12,36,36,36],"current_hp_per_floor":[63,63,63,63,52,42,42,34,34,34,56,56,56,56,56,56,76,75,75,44,26,26,48,48,48,48,38,38,38,23,23,45,17,76,75,75,75,71,71,71,61,61,61,48,48,48,0,0],"gold":217,"neow_bonus":"TEN_PERCENT_HP_BONUS","is_daily":false,"chose_seed":false,"campfire_upgraded":6,"win_rate":0.0,"timestamp":1610760258,"path_taken":["M","?","M","M","?","E","R","M","T","E","R","$","?","M","R","BOSS","M","?","M","?","?","R","M","R","T","E","R","?","E","?","R","BOSS","M","$","?","M","$","E","?","R","T","?","R","?","E"],"items_purchased_type":["Card","Relic","Card","Card"],"build_version":"2020-12-22","purchased_purges":2,"victory":false,"max_hp_per_floor":[71,71,71,71,71,71,71,71,71,76,76,76,76,76,76,76,76,76,76,76,76,76,76,76,76,76,76,76,76,76,76,76,76,76,77,77,77,78,78,79,79,79,79,85,85,85,85,85],"card_choices":[{"not_picked":["WasteNot","Starlight"],"picked":"Unruled","floor":1},{"not_picked":["Revamp","Defy"],"picked":"Snipe","floor":3},{"not_picked":["Spin","Alleviate"],"picked":"Ricochet","floor":4},{"not_picked":["Alleviate","Starlight"],"picked":"BottledTime","floor":5},{"not_picked":["Potential","Replace"],"picked":"Read","floor":6},{"not_picked":["Rewind","Foresight"],"picked":"Deny","floor":8},{"not_picked":["Starlight","Alleviate"],"picked":"WasteNot","floor":10},{"not_picked":["Unruled","Advance"],"picked":"DoubleEdge","floor":14},{"not_picked":["Solidify","Dilation"],"picked":"Sunlight","floor":16},{"not_picked":["Moonlight","TimeWarp"],"picked":"BestPractice+1","floor":18},{"not_picked":["MoonPhase+1","ReturningBlade"],"picked":"Potential+1","floor":20},{"not_picked":["Alleviate","ShatteredReality"],"picked":"Contraction","floor":21},{"not_picked":["Hightail","Replace"],"picked":"Barrier","floor":24},{"not_picked":["Ricochet","Solidify","Snipe"],"picked":"SKIP","floor":27},{"not_picked":["MoonPhase+1","Read"],"picked":"Luminosity+1","floor":30},{"not_picked":["ForgedInTime","FloweringNight+1"],"picked":"LightFlow","floor":33},{"not_picked":["Foresight+1","Gouge"],"picked":"TimeWarp+1","floor":35},{"not_picked":["DualDimension+1","DoubleEdge+1"],"picked":"Rearm+1","floor":38},{"not_picked":["Rewind+1","ShiftingGears","Collapse"],"picked":"SKIP","floor":40},{"not_picked":["Snipe","Read+1"],"picked":"Ricochet+1","floor":44},{"not_picked":["Defy","KillingDoll"],"picked":"Spin+1","floor":44}],"player_experience":58920,"relics_obtained":[{"floor":6,"key":"FossilizedHelix"},{"floor":9,"key":"Ornamental Fan"},{"floor":10,"key":"Durian"},{"floor":13,"key":"Frozen Egg 2"},{"floor":26,"key":"Whetstone"},{"floor":27,"key":"Ancient Tea Set"},{"floor":30,"key":"Replay:Bottled Steam"},{"floor":37,"key":"Ring of Peace"},{"floor":37,"key":"Ring of Greed"},{"floor":37,"key":"Blue Doll"},{"floor":37,"key":"Tiny Chest"},{"floor":40,"key":"Darkstone Periapt"},{"floor":43,"key":"theSenshi:SuperSailorFukuRelic"}],"event_choices":[{"damage_healed":0,"gold_gain":0,"player_choice":"3 cards matched","damage_taken":0,"max_hp_gain":0,"max_hp_loss":0,"event_name":"Match and Keep!","floor":2,"gold_loss":0,"cards_obtained":["Dramatic Entrance","KidneyShot","ShatteredReality"]},{"damage_healed":0,"gold_gain":0,"player_choice":"Copied","damage_taken":0,"max_hp_gain":0,"max_hp_loss":0,"event_name":"Duplicator","floor":19,"gold_loss":0,"cards_obtained":["SilverBlades"]},{"cards_removed":["Strike_S"],"damage_healed":0,"gold_gain":0,"player_choice":"Elegance","damage_taken":0,"max_hp_gain":0,"max_hp_loss":0,"event_name":"Back to Basics","floor":31,"gold_loss":0},{"damage_healed":0,"gold_gain":0,"player_choice":"Embrace Madness","damage_taken":10,"max_hp_gain":0,"max_hp_loss":0,"event_name":"Winding Halls","floor":41,"gold_loss":0,"cards_obtained":["Madness","Madness"]},{"damage_healed":0,"gold_gain":0,"cards_transformed":["Defend_S"],"player_choice":"Transformed","damage_taken":0,"max_hp_gain":0,"max_hp_loss":0,"event_name":"Transmorgrifier","floor":46,"gold_loss":0,"cards_obtained":["Dilation"]}],"is_beta":false,"boss_relics":[{"not_picked":["Snecko Eye","Runic Pyramid"],"picked":"Replay:Wanted Poster"},{"not_picked":["Astrolabe","Philosopher\u0027s Stone"],"picked":"StoneMask"}],"items_purged_floors":[12,36],"is_endless":false,"potions_floor_spawned":[1,6,8,10,21,30,33],"killed_by":"Giant Head","ascension_level":0}}