{"host":"d9m9v0h6vo0edadb","time":1610801835,"event":{"mods":["BaseMod","Hermit","Keyboard Shortcuts","Minty Spire (QoL Compilation)","StSLib","SuperFastMode","The Cursed"],"gold_per_floor":[117,42,42,42,54,83,83,111,111,111,128,128,128,160,160,160,160],"floor_reached":16,"language":"KOR","playtime":183,"items_purged":[],"score":282,"play_id":"5fa04a59-18c0-4d2d-b5d0-db1581f62253","local_time":"20210116215715","is_ascension_mode":true,"campfire_choices":[{"data":"Cloak And Dagger","floor":7.0,"key":"SMITH"},{"data":"Blade Dance","floor":10.0,"key":"SMITH"},{"floor":12.0,"key":"REST"},{"data":"Footwork","floor":15,"key":"SMITH"}],"circlet_count":0,"master_deck":["AscendersBane","Strike_G","Strike_G","Strike_G","Strike_G","Defend_G","Defend_G","Defend_G","Defend_G","Defend_G","Survivor","Neutralize","Blade Dance+1","Dagger Spray","Cloak And Dagger+1","Backstab","Footwork+1"],"relics":["Ring of the Snake","NeowsBlessing","Ice Cream","Bottled Flame","Question Card","Oddly Smooth Stone"],"acts_visited":["Exordium"],"potions_floor_usage":[14,16,16],"damage_taken":[{"damage":0.0,"enemies":"2 Louse","floor":1.0,"turns":1.0},{"damage":0.0,"enemies":"Jaw Worm","floor":5.0,"turns":1.0},{"damage":0.0,"enemies":"Gremlin Nob","floor":6.0,"turns":1.0},{"damage":39.0,"enemies":"3 Sentries","floor":8.0,"turns":9.0},{"damage":0.0,"enemies":"Cultist","floor":11.0,"turns":4.0},{"damage":33,"enemies":"Gremlin Nob","floor":14,"turns":4},{"damage":14,"enemies":"Hexaghost","floor":16,"turns":14}],"seed_played":"7943188452234487822","potions_obtained":[{"floor":1.0,"key":"Regen Potion"},{"floor":6.0,"key":"Swift Potion"},{"floor":11.0,"key":"DuplicationPotion"},{"floor":14,"key":"GhostInAJar"}],"is_trial":false,"path_per_floor":["M","?","T","$","M","E","R","E","T","R","M","R","?","E","R","B"],"character_chosen":"THE_SILENT","items_purchased":[],"campfire_rested":1,"item_purchase_floors":[],"current_hp_per_floor":[59,59,59,59,59,59,59,20,20,20,20,39,39,6,6,7,7],"gold":160,"neow_bonus":"THREE_ENEMY_KILL","is_daily":false,"chose_seed":false,"campfire_upgraded":3,"win_rate":0.0,"timestamp":1610801835,"path_taken":["M","?","?","$","?","E","R","E","T","R","M","R","?","E","R","BOSS"],"items_purchased_type":[],"build_version":"2020-12-22","purchased_purges":0,"victory":false,"max_hp_per_floor":[66,66,66,66,66,66,66,66,66,66,66,66,66,66,66,66,66],"card_choices":[{"not_picked":["Caltrops","Flying Knee"],"picked":"Blade Dance","floor":1.0},{"not_picked":["Outmaneuver","Sucker Punch"],"picked":"Dagger Spray","floor":5.0},{"not_picked":["Prepared","Heel Hook"],"picked":"Cloak And Dagger","floor":6.0},{"not_picked":["Skewer","Eviscerate","Expertise"],"picked":"SKIP","floor":8.0},{"not_picked":["Unload","Backflip","Deadly Poison"],"picked":"Backstab","floor":11.0},{"not_picked":["Prepared","Caltrops","Doppelganger"],"picked":"Footwork","floor":14}],"player_experience":971668,"relics_obtained":[{"floor":6.0,"key":"Ice Cream"},{"floor":8.0,"key":"Bottled Flame"},{"floor":9.0,"key":"Question Card"},{"floor":14,"key":"Oddly Smooth Stone"}],"event_choices":[{"cards_removed":["Strike_G"],"damage_healed":0.0,"max_hp_gain":0.0,"max_hp_loss":0.0,"gold_gain":0.0,"event_name":"The Cleric","player_choice":"Card Removal","floor":2.0,"gold_loss":75.0,"damage_taken":0.0},{"damage_healed":0.0,"max_hp_gain":0.0,"max_hp_loss":0.0,"gold_gain":0.0,"event_name":"Liars Game","player_choice":"Ignored","floor":13.0,"gold_loss":0.0,"damage_taken":0.0}],"is_beta":false,"boss_relics":[],"items_purged_floors":[],"is_endless":false,"potions_floor_spawned":[1,6,11,14],"killed_by":"Hexaghost","ascension_level":20}}