{"host":"3h5qf14xt40jhha0","time":1610765434,"event":{"mods":["AlwaysNeverKeys","BaseMod","Colored Powertips","Minty Spire (QoL Compilation)","Permanent Neow","Relic Stats","StSLib"],"gold_per_floor":[110,124,89,14,34,47,79,79,79,79,79,79,25,59,59,136,136,149,160,210,220,120,159,159,159,159,195,195,233,262,108,108,194,194,204,204,204,228,256,291,304,338,363,395,395,404,436,457,457,457,457,457,457,40,75,75],"floor_reached":57,"language":"ENG","playtime":3286,"items_purged":["Strike_G","Blade Dance+1"],"score":3072,"play_id":"575cfa77-466e-413f-b823-aced74fb6d66","local_time":"20210115215034","is_ascension_mode":true,"campfire_choices":[{"data":"Neutralize","floor":8,"key":"SMITH"},{"data":"Poisoned Stab","floor":11,"key":"SMITH"},{"data":"Wraith Form v2","floor":15,"key":"SMITH"},{"data":"Wraith Form v2","floor":24,"key":"SMITH"},{"floor":32,"key":"REST"},{"floor":49,"key":"RECALL"},{"data":"Wraith Form v2","floor":53,"key":"SMITH"}],"circlet_count":0,"master_deck":["AscendersBane","Survivor+1","Neutralize+1","Quick Slash","Poisoned Stab+1","Phantasmal Killer+1","Flying Knee","Wraith Form v2+1","Wraith Form v2+1","Sucker Punch","Bouncing Flask+1","Envenom","Dodge and Roll+1","Slice","Corpse Explosion+1","Noxious Fumes","Dodge and Roll+1","Leg Sweep+1","Blur+1","Bouncing Flask+1","Backflip+1","Wraith Form v2+1","Quick Slash+1","Quick Slash+1","Night Terror+1","Blur+1","Night Terror+1","Catalyst+1","Acrobatics+1","Backflip+1"],"relics":["Velvet Choker","Toxic Egg 2","Mummified Hand","Omamori","Peace Pipe","Pandora\u0027s Box","CeramicFish","Blue Candle","Bag of Preparation","Orrery","Runic Dome","War Paint","Pantograph","Orichalcum","Bottled Lightning","Boot","OrangePellets","Bag of Marbles","Bronze Scales"],"acts_visited":["Exordium","TheCity","TheBeyond","TheEnding"],"potions_floor_usage":[6,7,16,19,27,29,33,40,41,51,56,56],"damage_taken":[{"damage":8,"enemies":"Cultist","floor":1,"turns":5},{"damage":2,"enemies":"2 Louse","floor":2,"turns":4},{"damage":0,"enemies":"Jaw Worm","floor":5,"turns":4},{"damage":1,"enemies":"Exordium Thugs","floor":6,"turns":3},{"damage":4,"enemies":"Gremlin Nob","floor":7,"turns":3},{"damage":7,"enemies":"Lagavulin","floor":14,"turns":5},{"damage":55,"enemies":"Slime Boss","floor":16,"turns":9},{"damage":0,"enemies":"Chosen","floor":18,"turns":3},{"damage":16,"enemies":"2 Thieves","floor":19,"turns":2},{"damage":2,"enemies":"Centurion and Healer","floor":21,"turns":3},{"damage":4,"enemies":"Slavers","floor":23,"turns":3},{"damage":20,"enemies":"Book of Stabbing","floor":27,"turns":5},{"damage":0,"enemies":"Slavers","floor":29,"turns":4},{"damage":5,"enemies":"Shelled Parasite and Fungi","floor":30,"turns":5},{"damage":15,"enemies":"Collector","floor":33,"turns":10},{"damage":0,"enemies":"3 Darklings","floor":35,"turns":5},{"damage":0,"enemies":"3 Shapes","floor":38,"turns":4},{"damage":0,"enemies":"3 Darklings","floor":39,"turns":4},{"damage":2,"enemies":"Reptomancer","floor":40,"turns":5},{"damage":1,"enemies":"Transient","floor":41,"turns":6},{"damage":19,"enemies":"Giant Head","floor":42,"turns":8},{"damage":2,"enemies":"Reptomancer","floor":44,"turns":7},{"damage":0,"enemies":"Nemesis","floor":47,"turns":7},{"damage":0,"enemies":"Spire Growth","floor":48,"turns":5},{"damage":0,"enemies":"Time Eater","floor":50,"turns":5},{"damage":20,"enemies":"Donu and Deca","floor":51,"turns":6},{"damage":1,"enemies":"Shield and Spear","floor":55,"turns":6},{"damage":5,"enemies":"The Heart","floor":56,"turns":9}],"seed_played":"4574011678034400680","potions_obtained":[{"floor":2,"key":"Fire Potion"},{"floor":5,"key":"LiquidMemories"},{"floor":14,"key":"SkillPotion"},{"floor":16,"key":"SmokeBomb"},{"floor":18,"key":"DuplicationPotion"},{"floor":23,"key":"BlessingOfTheForge"},{"floor":27,"key":"GhostInAJar"},{"floor":30,"key":"ColorlessPotion"},{"floor":38,"key":"Dexterity Potion"},{"floor":39,"key":"Regen Potion"},{"floor":40,"key":"Swift Potion"},{"floor":47,"key":"Ancient Potion"},{"floor":55,"key":"GamblersBrew"}],"is_trial":false,"path_per_floor":["M","M","?","$","M","M","E","R","T","T","R","?","$","E","R","B",null,"M","M","?","M","$","E","R","?","T","E","?","E","M","$","R","B",null,"M","?","?","M","M","E","M","E","T","E","?","?","E","M","R","B","B",null,"R","$","E","B",null],"character_chosen":"THE_SILENT","items_purchased":["Fire Potion","Orrery","OrangePellets","Acrobatics+1","Bag of Marbles","SpeedPotion"],"campfire_rested":1,"item_purchase_floors":[13,31,54,54,54,54],"current_hp_per_floor":[51,49,65,65,65,64,60,60,60,60,60,66,66,59,59,4,51,51,35,35,33,33,29,29,29,29,9,9,9,4,4,23,8,52,52,52,52,52,52,50,64,45,45,43,33,33,33,33,33,58,46,61,61,61,60,61],"gold":75,"neow_bonus":"BOSS_RELIC","is_daily":false,"chose_seed":false,"campfire_upgraded":5,"win_rate":0.0,"timestamp":1610765434,"path_taken":["M","?","?","?","?","M","E","R","T","?","R","?","$","E","R","BOSS","M","?","?","M","$","E","R","?","T","E","?","E","M","?","R","BOSS","M","?","?","M","M","E","M","E","T","E","?","?","E","M","R","BOSS","BOSS","R","$","E","BOSS"],"items_purchased_type":["Potion","Relic","Relic","Card","Relic","Potion"],"build_version":"2020-12-22","purchased_purges":2,"victory":true,"max_hp_per_floor":[66,66,66,66,66,66,66,66,66,66,66,66,66,66,66,66,66,66,66,66,66,66,66,66,66,66,66,66,66,66,66,66,66,66,66,66,66,66,66,66,66,66,66,66,66,66,66,66,66,66,66,66,66,66,66,66],"relic_stats":{"counters":[28,145],"CeramicFish":126,"Blue Candle":[0],"Bag of Preparation":[30],"War Paint":["Survivor","Phantasmal Killer"],"Orichalcum":[96],"Boot":[9],"Peace Pipe":0,"OrangePellets":[12],"Mummified Hand":[107],"Pantograph":39,"Bronze Scales":[139],"Pandora\u0027s Box":["Sucker Punch","Unload","Bouncing Flask","Envenom","Blade Dance","Endless Agony","Dodge and Roll","Slice","Corpse Explosion"],"obtain_stats":[{"CeramicFish":23,"Blue Candle":27,"Velvet Choker":0,"Omamori":10,"Bag of Preparation":29,"War Paint":40,"Orichalcum":43,"Boot":47,"Peace Pipe":14,"Runic Dome":34,"OrangePellets":54,"Mummified Hand":9,"Pantograph":42,"Bronze Scales":55,"Orrery":31,"Pandora\u0027s Box":17,"Bag of Marbles":54,"Bottled Lightning":44,"Toxic Egg 2":7,"Ring of the Snake":0},{"CeramicFish":11,"Blue Candle":12,"Velvet Choker":0,"Omamori":5,"Bag of Preparation":13,"War Paint":19,"Orichalcum":21,"Boot":23,"Peace Pipe":6,"Runic Dome":15,"OrangePellets":26,"Mummified Hand":5,"Pantograph":21,"Bronze Scales":27,"Orrery":14,"Pandora\u0027s Box":7,"Bag of Marbles":26,"Bottled Lightning":22,"Toxic Egg 2":5,"Ring of the Snake":0},{"CeramicFish":44,"Blue Candle":49,"Velvet Choker":0,"Omamori":19,"Bag of Preparation":53,"War Paint":86,"Orichalcum":100,"Boot":114,"Peace Pipe":24,"Runic Dome":68,"OrangePellets":130,"Mummified Hand":19,"Pantograph":100,"Bronze Scales":136,"Orrery":58,"Pandora\u0027s Box":33,"Bag of Marbles":130,"Bottled Lightning":107,"Toxic Egg 2":19,"Ring of the Snake":0}]},"card_choices":[{"not_picked":["Concentrate","Footwork"],"picked":"Quick Slash","floor":1},{"not_picked":["Sucker Punch","Blade Dance"],"picked":"Poisoned Stab","floor":2},{"not_picked":["Dodge and Roll","Dagger Throw"],"picked":"Phantasmal Killer","floor":5},{"not_picked":["Cloak And Dagger","Deadly Poison"],"picked":"Flying Knee","floor":6},{"not_picked":["Dagger Throw","Quick Slash","Bullet Time+1"],"picked":"SKIP","floor":7},{"not_picked":["Dodge and Roll+1","Sucker Punch"],"picked":"Wraith Form v2","floor":14},{"not_picked":["Bullet Time+1","Burst+1"],"picked":"Wraith Form v2","floor":16},{"not_picked":["Distraction+1","Backstab","Quick Slash"],"picked":"SKIP","floor":18},{"not_picked":["Slice+1","Prepared+1","Terror+1"],"picked":"SKIP","floor":19},{"not_picked":["Bane","Flying Knee"],"picked":"Noxious Fumes","floor":21},{"not_picked":["Cloak And Dagger+1","Dash"],"picked":"Dodge and Roll+1","floor":23},{"not_picked":["Crippling Poison+1","Backflip+1"],"picked":"Leg Sweep+1","floor":27},{"not_picked":["Escape Plan+1","Poisoned Stab+1"],"picked":"Blur+1","floor":29},{"not_picked":["PiercingWail+1","Outmaneuver+1"],"picked":"Bouncing Flask+1","floor":30},{"not_picked":["Deadly Poison+1","Dagger Throw"],"picked":"Backflip+1","floor":31},{"not_picked":["Malaise+1","After Image"],"picked":"Wraith Form v2","floor":33},{"not_picked":["Dodge and Roll+1","Underhanded Strike+1","Slice"],"picked":"SKIP","floor":35},{"not_picked":["Outmaneuver+1","Dagger Throw"],"picked":"Quick Slash+1","floor":38},{"not_picked":["Deflect+1","Predator"],"picked":"Quick Slash+1","floor":39},{"not_picked":["Sucker Punch+1","Slice"],"picked":"Night Terror+1","floor":40},{"not_picked":["Dash","Dodge and Roll+1","Flying Knee"],"picked":"SKIP","floor":41},{"not_picked":["Predator+1","Riddle With Holes"],"picked":"Blur+1","floor":42},{"not_picked":["Endless Agony","After Image","Prepared+1"],"picked":"SKIP","floor":44},{"not_picked":["Venomology+1","Distraction+1","A Thousand Cuts"],"picked":"SKIP","floor":47},{"not_picked":["Dagger Spray","Predator"],"picked":"Catalyst+1","floor":48},{"not_picked":["Dagger Spray","Cloak And Dagger+1"],"picked":"Backflip+1","floor":55}],"player_experience":1338364,"relics_obtained":[{"floor":7,"key":"Toxic Egg 2"},{"floor":9,"key":"Mummified Hand"},{"floor":10,"key":"Omamori"},{"floor":14,"key":"Peace Pipe"},{"floor":23,"key":"CeramicFish"},{"floor":27,"key":"Blue Candle"},{"floor":29,"key":"Bag of Preparation"},{"floor":40,"key":"War Paint"},{"floor":42,"key":"Pantograph"},{"floor":43,"key":"Orichalcum"},{"floor":44,"key":"Bottled Lightning"},{"floor":47,"key":"Boot"},{"floor":55,"key":"Bronze Scales"}],"event_choices":[{"damage_healed":16,"gold_gain":0,"player_choice":"Healed","damage_taken":0,"max_hp_gain":0,"max_hp_loss":0,"event_name":"The Cleric","floor":3,"gold_loss":35},{"damage_healed":6,"gold_gain":0,"player_choice":"Full Heal","damage_taken":0,"max_hp_gain":0,"max_hp_loss":0,"event_name":"Wheel of Change","floor":12,"gold_loss":0},{"damage_healed":0,"gold_gain":50,"player_choice":"Stole From Cult","damage_taken":0,"max_hp_gain":0,"max_hp_loss":0,"event_name":"Nest","floor":20,"gold_loss":0},{"damage_healed":0,"gold_gain":0,"player_choice":"Ignored","damage_taken":0,"max_hp_gain":0,"max_hp_loss":0,"event_name":"Cursed Tome","floor":25,"gold_loss":0},{"cards_removed":["Endless Agony"],"damage_healed":0,"gold_gain":0,"player_choice":"Elegance","damage_taken":0,"max_hp_gain":0,"max_hp_loss":0,"event_name":"Back to Basics","floor":28,"gold_loss":0},{"damage_healed":0,"gold_gain":0,"player_choice":"Ignored","damage_taken":0,"max_hp_gain":0,"max_hp_loss":0,"event_name":"Tomb of Lord Red Mask","floor":36,"gold_loss":0},{"cards_removed":["Unload"],"damage_healed":0,"gold_gain":0,"player_choice":"Removed Attack","damage_taken":0,"max_hp_gain":0,"max_hp_loss":0,"event_name":"Falling","floor":37,"gold_loss":0},{"damage_healed":0,"gold_gain":0,"player_choice":"Memory 3","damage_taken":10,"max_hp_gain":0,"max_hp_loss":0,"event_name":"SensoryStone","floor":45,"gold_loss":0},{"damage_healed":0,"gold_gain":0,"player_choice":"Copied","damage_taken":0,"max_hp_gain":0,"max_hp_loss":0,"event_name":"Duplicator","floor":46,"gold_loss":0,"cards_obtained":["Night Terror"]}],"is_beta":false,"boss_relics":[{"not_picked":["Calling Bell","Philosopher\u0027s Stone"],"picked":"Pandora\u0027s Box"},{"not_picked":["Empty Cage","WristBlade"],"picked":"Runic Dome"}],"items_purged_floors":[4,22],"is_endless":false,"potions_floor_spawned":[2,5,14,16,18,23,27,30,38,39,40,47,55],"ascension_level":20}}