{"host":"i4yzoangb31cseo0","time":1610806815,"event":{"mods":["AchievementEnabler","BaseMod","Colored Powertips","Curses Come First","Downfall","Hermit","Minty Spire (QoL Compilation)","StSLib","The Servant 0.9.4"],"gold_per_floor":[109,109,121,28,41,73,73,73,73,85,98,127,140,152,152,152,152],"floor_reached":16,"language":"ENG","playtime":1095,"items_purged":[],"score":114,"play_id":"c23bf6dd-cf91-4535-b99b-534604abab73","local_time":"20210117005015","is_ascension_mode":false,"campfire_choices":[{"floor":8,"key":"REST"},{"floor":15,"key":"REST"}],"circlet_count":0,"master_deck":["Strike_B","Strike_B","Strike_B","Strike_B","Defend_B","Defend_B+1","Defend_B","Zap+1","Dualcast","Rebound","Conserve Battery","Mind Blast","FTL","Stack+1","Loop+1","Conserve Battery","Defragment+1","Conserve Battery"],"relics":["Cracked Core","NeowsBlessing","Darkstone Periapt","Frozen Egg 2","War Paint"],"acts_visited":["Exordium"],"potions_floor_usage":[12,12],"damage_taken":[{"damage":0,"enemies":"2 Louse","floor":1,"turns":1},{"damage":0,"enemies":"Cultist","floor":3,"turns":1},{"damage":0,"enemies":"Small Slimes","floor":5,"turns":1},{"damage":29,"enemies":"Lagavulin","floor":6,"turns":6},{"damage":9,"enemies":"Blue Slaver","floor":10,"turns":3},{"damage":16,"enemies":"Lots of Slimes","floor":11,"turns":4},{"damage":27,"enemies":"3 Sentries","floor":12,"turns":5},{"damage":10,"enemies":"Looter","floor":13,"turns":3},{"damage":0,"enemies":"3 Louse","floor":14,"turns":3},{"damage":52,"enemies":"The Guardian","floor":16,"turns":13}],"seed_played":"-7695338104904075799","potions_obtained":[{"floor":5,"key":"FocusPotion"},{"floor":11,"key":"SteroidPotion"},{"floor":14,"key":"FairyPotion"}],"is_trial":false,"path_per_floor":["M","?","M","$","M","E","?","R","T","M","M","E","M","M","R","B"],"character_chosen":"DEFECT","items_purchased":["Mind Blast"],"campfire_rested":2,"item_purchase_floors":[4],"current_hp_per_floor":[75,75,75,75,75,46,46,68,68,59,43,16,6,6,28,0,0],"gold":152,"neow_bonus":"THREE_ENEMY_KILL","is_daily":false,"chose_seed":false,"campfire_upgraded":0,"win_rate":0.0,"timestamp":1610806815,"path_taken":["M","?","?","$","M","E","?","R","T","M","?","E","M","M","R","BOSS"],"items_purchased_type":["Card"],"build_version":"2020-12-22","purchased_purges":0,"victory":false,"max_hp_per_floor":[75,75,75,75,75,75,75,75,75,75,75,75,75,75,75,75,75],"card_choices":[{"not_picked":["Leap","Coolheaded"],"picked":"Rebound","floor":1},{"not_picked":["Streamline","Undo"],"picked":"Conserve Battery","floor":3},{"not_picked":["Coolheaded","Leap"],"picked":"FTL","floor":5},{"not_picked":["Lockon","Cold Snap"],"picked":"Stack","floor":6},{"not_picked":["Gash","Undo","Cold Snap"],"picked":"SKIP","floor":10},{"not_picked":["Gash","Go for the Eyes"],"picked":"Loop+1","floor":11},{"not_picked":["Stack","Coolheaded"],"picked":"Conserve Battery","floor":12},{"not_picked":["Recycle","Hologram"],"picked":"Defragment+1","floor":13},{"not_picked":["Lockon","Reprogram"],"picked":"Conserve Battery","floor":14}],"player_experience":95611,"relics_obtained":[{"floor":6,"key":"Darkstone Periapt"},{"floor":9,"key":"Frozen Egg 2"},{"floor":12,"key":"War Paint"}],"event_choices":[{"damage_healed":0,"gold_gain":0,"player_choice":"Upgraded","damage_taken":0,"max_hp_gain":0,"max_hp_loss":0,"event_name":"Upgrade Shrine","floor":2,"gold_loss":0,"cards_upgraded":["Zap"]},{"cards_removed":["Defend_B"],"damage_healed":0,"gold_gain":0,"player_choice":"Purged","damage_taken":0,"max_hp_gain":0,"max_hp_loss":0,"event_name":"Purifier","floor":7,"gold_loss":0}],"is_beta":false,"boss_relics":[],"items_purged_floors":[],"is_endless":false,"potions_floor_spawned":[5,11,14],"killed_by":"The Guardian","ascension_level":0}}