{"host":"v1m5rkjj38qutr02","time":1610780379,"event":{"mods":["Act Like it!","BaseMod","Challenge The Spire","Conspire","Gensokyo","GungeonMod","Hallownest","Minty Spire (QoL Compilation)","Replay The Spire","StSLib","The Bug Knight","Youmu£®ªÍ∆«—˝√Œ£©"],"gold_per_floor":[111,123,123,123,54,84,97,97,97,97,117,128,128,7,7,7,7],"floor_reached":16,"language":"ZHS","playtime":466,"items_purged":[],"score":188,"play_id":"6930fd79-71b5-4947-9cc2-638bd9daefc2","local_time":"20210116145939","is_ascension_mode":true,"campfire_choices":[{"data":"Double Energy","floor":8,"key":"SMITH"},{"data":"ReplayTheSpireMod:Calculation Training","floor":10,"key":"SMITH"},{"data":"ReplayTheSpireMod:Fabricate Wheel","floor":13,"key":"SMITH"},{"data":"FIFO Queue","floor":15,"key":"SMITH"}],"circlet_count":0,"master_deck":["AscendersBane","Strike_B","Strike_B","Strike_B","Defend_B","Defend_B","Defend_B","Defend_B","Zap","Dualcast","Turbo+1","Loop+1","Double Energy+1","Aggregate","ReplayTheSpireMod:Calculation Training+1","Chaos","FIFO Queue+1","Conserve Battery","Creative AI"],"relics":["Cracked Core","NeowsBlessing","Strawberry","DemoMod:ClearGuonStone","Prayer Wheel"],"acts_visited":["Exordium"],"potions_floor_usage":[16,16],"damage_taken":[{"damage":0,"enemies":"Cultist","floor":1,"turns":1},{"damage":0,"enemies":"2 Louse","floor":2,"turns":1},{"damage":0,"enemies":"HollowMod:MossKnight","floor":6,"turns":1},{"damage":11,"enemies":"Jaw Worm","floor":7,"turns":4},{"damage":7,"enemies":"Red Slaver","floor":11,"turns":3},{"damage":8,"enemies":"Looter","floor":12,"turns":3},{"damage":67,"enemies":"Fading Forest","floor":16,"turns":10}],"seed_played":"-3533391117633057524","potions_obtained":[{"floor":1,"key":"Energy Potion"},{"floor":7,"key":"DistilledChaos"},{"floor":12,"key":"Explosive Potion"}],"is_trial":false,"path_per_floor":["M","M","?","?","$","E","M","R","T","R","M","M","R","$","R","B"],"character_chosen":"DEFECT","items_purchased":["Double Energy","FIFO Queue","Conserve Battery"],"campfire_rested":0,"item_purchase_floors":[5,14,14],"current_hp_per_floor":[68,68,68,68,68,75,64,64,64,64,57,49,49,49,49,0,0],"gold":7,"neow_bonus":"THREE_ENEMY_KILL","is_daily":false,"chose_seed":false,"campfire_upgraded":4,"win_rate":0.0,"timestamp":1610780379,"path_taken":["M","M","?","?","?","E","?","R","T","R","M","M","R","$","R","BOSS"],"items_purchased_type":["Card","Card","Card"],"build_version":"2020-12-22","purchased_purges":0,"victory":false,"max_hp_per_floor":[75,75,75,75,75,82,82,82,82,82,82,82,82,82,82,82,82],"card_choices":[{"not_picked":["Redo","Beam Cell"],"picked":"Turbo","floor":1},{"not_picked":["Redo","Barrage","Go for the Eyes"],"picked":"SKIP","floor":2},{"not_picked":["Recycle","Leap"],"picked":"Aggregate","floor":6},{"not_picked":["Sweeping Beam","Mirror Shield"],"picked":"ReplayTheSpireMod:Calculation Training","floor":7},{"not_picked":["Panic Button","Genetic Algorithm"],"picked":"Chaos","floor":11},{"not_picked":["Redo","Turbo"],"picked":"ReplayTheSpireMod:Fabricate Wheel","floor":12}],"player_experience":411392,"relics_obtained":[{"floor":6,"key":"Strawberry"},{"floor":9,"key":"DemoMod:ClearGuonStone"}],"event_choices":[{"damage_healed":0,"gold_gain":0,"player_choice":"Grow","damage_taken":0,"max_hp_gain":0,"max_hp_loss":0,"event_name":"Living Wall","floor":3,"gold_loss":0,"cards_upgraded":["Turbo"]}],"is_beta":false,"boss_relics":[],"items_purged_floors":[],"is_endless":false,"potions_floor_spawned":[1,7,12],"killed_by":"Fading Forest","ascension_level":10}}