{"host":"drrjwv4o5ms3zsrm","time":1610786871,"event":{"mods":["100% Spire Juice","ATMod(°¢èªMod)","Act Like it!","Aspiration","BaseMod","CapriCore","Colored Powertips","Conspire","Friendly Minions","Gensokyo","Jedi Mod","Lobotomy","LobotomyExtend","Marisa£¨ìFÓê¡¡Ä§ÀíÉ³£©","Minty Spire (QoL Compilation)","MostiFishMod","Reimu£¨²©ÀöÁéÃÎ£©","Remilia£¨ÀÙÃ×ÀòÑÇ£©","Replay The Spire","RumiaBox-Â¶Ã×æ«µÄÉñÃØºÐ×Ó","StSLib","TestMod","The Alterego","The Factory","The Gatherer","The Immortal","Waifu the Spire","WarShipGirlsR/Õ½½¢ÉÙÅ®R mod","Youmu£¨»êÆÇÑýÃÎ£©","[IsaacMod]ÒÔÈö¼âËþ","vexMod","¡¾ÒÅÎï¿¨ÅÆ¡¿REMEMod","óô»ðÖ¸ÄÏ"],"gold_per_floor":[213,613,624,639,649,26,56,67,119,152,163,194,210,230,130,230,230,250,267,267,283,296,27,53,53,53,53,107,107,146,28,28,153,153,172,189,229,261,291,291,332,332,332,357,410,410,438,467,21,53],"floor_reached":51,"language":"ZHS","playtime":3495,"items_purged":["Gatherer:Strike_Gatherer","Gatherer:Strike_Gatherer","Gatherer:Strike_Gatherer+1","Gatherer:Defend_Gatherer"],"score":1010,"play_id":"3bc2a020-06e4-478c-885b-a598b571180a","local_time":"20210116164751","is_ascension_mode":true,"metric_token":2133,"campfire_choices":[{"data":"Pot Of Greed","floor":27,"key":"SMITH"},{"data":"Pot Of Greed","floor":29,"key":"SMITH"},{"data":"Pot Of Greed","floor":32,"key":"SMITH"},{"data":"Gatherer:Liquidism","floor":40,"key":"SMITH"},{"data":"Pot Of Greed","floor":42,"key":"SMITH"}],"circlet_count":0,"master_deck":["Gatherer:Strike_Gatherer+1","Gatherer:Defend_Gatherer+1","Gatherer:Defend_Gatherer+1","Gatherer:Defend_Gatherer+1","Gatherer:Defend_Gatherer+1","Gatherer:Centralize+1","Gatherer:FlowerWhip+3","AT_FamilyPortrait+1","Gatherer:EnergyBasket+1","Gatherer:FlowerWhip+3","Gatherer:HeartToFruit+1","Gatherer:Uplift+1","Gatherer:FlowerShield+2","jedi:forcepull","Gatherer:FruitForce+1","Gatherer:SealedBomb+1","Pot Of Greed+1","Pot Of Greed+1","Gatherer:Snatch+1","Gatherer:FlowerPower+2","Gatherer:BlackTea","Gatherer:FlamingBottle+1","Pot Of Greed+1","Gatherer:FlamingBottle","MostiFishMod:Neptune","MostiFishMod:TheEndOfMoonlight","MostiFishMod:SparklingWater+1","MostiFishMod:FantasySummer+1","MostiFishMod:NightSea+1","Gatherer:EnergyBasket+1","Gatherer:WoolGloves","Gatherer:QuickSynthesis","Gatherer:SmartManeuver","Gatherer:EnergyBasket+1","Gatherer:Liquidism+1","Pot Of Greed+1","Gatherer:QuickSynthesis","Gatherer:SealedBomb+1","Gatherer:QuickSynthesis+1","Gatherer:EnergyBasket+1","Gatherer:HeartToFruit","Gatherer:SealedBomb+1","Gatherer:EnergyBasket","Gatherer:BomberForm+1","Gatherer:SaveValuables"],"relics":["Gatherer:AlchemyBag","testmod-TestBox","DaveBox","AT_ATBox","REME_ComplimentaryCards","testmod-CasingShield","DSteel32","AnarchistCookbook","SynthV:TestCard","testmod-TurbochargingSystem","Counterbalance","DoctorsRemote","BookOfRevelations","Grinning Jar","MoonlightInvasionPlan","Replay:Bandana","testmod-Antiphasic","Darkstone Periapt","Replay:Ringing Soul","Lizard Tail","SlaversCollar","Toy Ornithopter","Pear","Calipers","CaptainsWheel","Shuriken"],"acts_visited":["Exordium","TheCity","TheBeyond"],"potions_floor_usage":[3,45,50,50,50],"damage_taken":[{"damage":7,"enemies":"2 Louse","floor":1,"turns":3},{"damage":4,"enemies":"Cultist","floor":3,"turns":5},{"damage":6,"enemies":"Jaw Worm","floor":4,"turns":2},{"damage":7,"enemies":"Looter","floor":5,"turns":3},{"damage":18,"enemies":"Gremlin Nob","floor":7,"turns":5},{"damage":0,"enemies":"3 Louse","floor":8,"turns":2},{"damage":17,"enemies":"Lagavulin","floor":10,"turns":5},{"damage":3,"enemies":"Large Slime","floor":11,"turns":5},{"damage":1,"enemies":"Gremlin Nob","floor":12,"turns":3},{"damage":0,"enemies":"2 Fungi Beasts","floor":13,"turns":2},{"damage":0,"enemies":"Lots of Slimes","floor":14,"turns":1},{"damage":4,"enemies":"The Guardian","floor":16,"turns":11},{"damage":11,"enemies":"Shell Parasite","floor":18,"turns":4},{"damage":5,"enemies":"3 Byrds","floor":19,"turns":4},{"damage":10,"enemies":"Snake Plant","floor":21,"turns":2},{"damage":0,"enemies":"conspire:HollyBat","floor":22,"turns":4},{"damage":0,"enemies":"Slavers","floor":24,"turns":1},{"damage":23,"enemies":"REME_1_Revenger","floor":28,"turns":5},{"damage":11,"enemies":"Slavers","floor":30,"turns":2},{"damage":29,"enemies":"Collector","floor":33,"turns":6},{"damage":0,"enemies":"Orb Walker","floor":35,"turns":2},{"damage":0,"enemies":"3 Shapes","floor":36,"turns":2},{"damage":6,"enemies":"Transient","floor":37,"turns":5},{"damage":41,"enemies":"Jaw Worm Horde","floor":38,"turns":4},{"damage":0,"enemies":"Sphere and 2 Shapes","floor":39,"turns":3},{"damage":1,"enemies":"R_Hoarder","floor":41,"turns":5},{"damage":13,"enemies":"Transient","floor":44,"turns":5},{"damage":5,"enemies":"Reptomancer","floor":45,"turns":3},{"damage":11,"enemies":"Maw","floor":47,"turns":6},{"damage":0,"enemies":"Nemesis","floor":48,"turns":1},{"damage":0,"enemies":"Replay:Hell Engine","floor":50,"turns":4},{"damage":28,"enemies":"Malkuth","floor":51,"turns":5},{"damage":0,"enemies":"Hod","floor":51,"turns":5},{"damage":125,"enemies":"Tiphereth","floor":51,"turns":11}],"seed_played":"-5951490751179334196","potions_obtained":[{"floor":3,"key":"jedi:StrikingPotion"},{"floor":4,"key":"jedi:StrikingPotion"},{"floor":14,"key":"BloodPotion"},{"floor":45,"key":"SkillPotion"}],"is_trial":false,"path_per_floor":["M","?","M","M","M","R","E","M","T","E","M","E","M","M","R","B",null,"M","M","?","M","M","R","E","?","T","R","E","R","E","$","R","B",null,"M","M","M","M","M","R","E","R","T","M","E","?","M","E","R","B",null],"character_chosen":"THE_GATHERER","items_purchased":["testmod-TurbochargingSystem","Gatherer:FlowerShield","jedi:forcepull","Counterbalance","Replay:Bandana","Gatherer:QuickSynthesis","Gatherer:SealedBomb","Shuriken","Gatherer:SaveValuables"],"campfire_rested":0,"item_purchase_floors":[6,6,6,6,23,31,31,49,49],"current_hp_per_floor":[68,68,64,61,54,54,40,43,43,29,26,31,31,31,31,27,91,80,75,75,65,65,65,65,65,65,65,48,48,43,46,46,17,106,109,109,106,72,79,79,81,81,91,78,105,118,110,113,116,131],"gold":123,"neow_bonus":"HUNDRED_GOLD","is_daily":false,"chose_seed":false,"campfire_upgraded":5,"win_rate":0.0,"timestamp":1610786871,"path_taken":["M","?","M","M","M","R","E","M","T","E","M","E","?","M","R","BOSS","M","?","?","M","M","R","E","?","T","R","E","R","E","$","R","BOSS","M","M","M","M","M","R","E","R","T","M","E","?","M","E","R","BOSS"],"items_purchased_type":["Relic","Card","Card","Relic","Relic","Card","Card","Relic","Card"],"build_version":"2020-12-22","purchased_purges":4,"victory":true,"max_hp_per_floor":[72,72,72,75,75,75,79,82,82,85,85,91,91,91,91,91,91,91,91,91,91,91,91,91,91,91,91,97,97,103,106,106,106,106,109,109,112,119,126,126,129,129,139,139,139,139,142,145,148,148],"card_choices":[{"not_picked":["Gatherer:Misfortune","Gatherer:UpgradeBag"],"picked":"Gatherer:EnergyBasket","floor":1},{"not_picked":["Gatherer:TacticalStrike","Gatherer:CollectorsShot","Gatherer:RecoveryHerb","Gatherer:RecipeChange"],"picked":"Gatherer:HeartToFruit","floor":3},{"not_picked":["Gatherer:FeelingFine","Gatherer:SaveValuables","Gatherer:Transmute","Gatherer:PotentialSlash"],"picked":"Gatherer:Uplift","floor":4},{"not_picked":["Gatherer:TreeGrowth","Gatherer:GatherMaterial","Gatherer:AcidicSpray","Gatherer:QuickSynthesis"],"picked":"Bomb","floor":5},{"not_picked":["Gatherer:PotentialSlash","Gatherer:BambuSword","Gatherer:FragileHammer","Gatherer:ScrollOfPurity"],"picked":"Gatherer:FruitForce","floor":7},{"not_picked":["Gatherer:RottenStipe","Gatherer:SmartManeuver","Gatherer:FlowerShield","Bomb"],"picked":"Gatherer:SealedBomb","floor":8},{"not_picked":["Gatherer:FlowerFalling","Gatherer:FragileHammer","Gatherer:Solidify","Gatherer:WoolGloves"],"picked":"Gatherer:Snatch","floor":10},{"not_picked":["Gatherer:FlowerFalling","Gatherer:EchoOfNature","Gatherer:FruitForce","Gatherer:TacticalStrike"],"picked":"Gatherer:FlowerPower","floor":11},{"not_picked":["Gatherer:FlowerPower","Gatherer:Examine","Gatherer:Convert","Gatherer:FlowerFalling"],"picked":"Gatherer:BlackTea","floor":12},{"not_picked":["Gatherer:TacticalStrike","Gatherer:FlowerFalling","Gatherer:Frenzy","Gatherer:GatherMaterial","Gatherer:Enchant"],"picked":"SKIP","floor":13},{"not_picked":["Gatherer:SaveValuables","Gatherer:Convert","Gatherer:TacticalStrike","Gatherer:PotentialSlash"],"picked":"Gatherer:FlamingBottle","floor":14},{"not_picked":["Gatherer:CursedBlade","Gatherer:Examine","Gatherer:ScrollOfPurity","Gatherer:GrowBook"],"picked":"Gatherer:FlamingBottle","floor":16},{"not_picked":["Gatherer:FeelingFine","Gatherer:CarefulStrike","Gatherer:FruitForce+1","Gatherer:Frenzy"],"picked":"Gatherer:EnergyBasket","floor":18},{"not_picked":["Gatherer:WoolGloves","Gatherer:TacticalStrike","Gatherer:CollectorsShot","Gatherer:ScherryThrow","Gatherer:DrugPower+1"],"picked":"SKIP","floor":19},{"not_picked":["Gatherer:RecipeChange+1","Gatherer:ScherryThrow","Gatherer:RecoveryHerb","Gatherer:Bulldoze","Gatherer:TacticalStrike"],"picked":"SKIP","floor":21},{"not_picked":["Gatherer:FeelingFine","Gatherer:CollectorsShot+1","Gatherer:BambuSword","Gatherer:AromaProtection+1"],"picked":"Gatherer:WoolGloves","floor":22},{"not_picked":["Gatherer:WoolGloves","Gatherer:Pollute","Gatherer:BigPouch","Gatherer:Frenzy"],"picked":"Gatherer:QuickSynthesis","floor":24},{"not_picked":["Gatherer:FlowerShield","Gatherer:SaveValuables+1","Gatherer:BalancedGrowth","Gatherer:RottenStipe+1"],"picked":"Gatherer:EnergyBasket+1","floor":28},{"not_picked":["Gatherer:DrugPower","Gatherer:HeartToFruit","Gatherer:Enchant","Gatherer:GrowBook"],"picked":"Gatherer:Liquidism","floor":30},{"not_picked":["Gatherer:Frenzy+1","Gatherer:Misfortune","Gatherer:Nutrients","Gatherer:Polymorphism+1"],"picked":"Gatherer:QuickSynthesis+1","floor":35},{"not_picked":["Gatherer:GatherMaterial","Gatherer:Uplift","Gatherer:Duplicator","Gatherer:BambuSword+1","Gatherer:FlowerFalling+1"],"picked":"SKIP","floor":36},{"not_picked":["Gatherer:SaveValuables+1","Gatherer:Uplift+1","Gatherer:BambuSword+1","Gatherer:PotentialSlash"],"picked":"Gatherer:EnergyBasket","floor":37},{"not_picked":["Gatherer:TreeGrowth+1","Gatherer:GatherMaterial","Gatherer:Convert","Gatherer:AromaProtection"],"picked":"Gatherer:HeartToFruit","floor":38},{"not_picked":["Gatherer:TacticalStrike+1","Gatherer:Duality","Gatherer:FragileHammer+1","Gatherer:RecipeChange+1","Gatherer:TreeGrowth+1"],"picked":"SKIP","floor":39},{"not_picked":["Gatherer:CarefulStrike+1","Gatherer:Misfortune","Gatherer:ScrollOfPurity","Gatherer:FragileHammer+1"],"picked":"Gatherer:SealedBomb","floor":41},{"not_picked":["Gatherer:AcidicSpray+1","Gatherer:OddSpoils+1","Gatherer:Polymorphism+1","Gatherer:UpgradeBag","Gatherer:Nutrients+1"],"picked":"SKIP","floor":44},{"not_picked":["Gatherer:CollectorsShot+1","Gatherer:FragileHammer","Gatherer:FlowerFalling+1","Gatherer:AromaProtection","Gatherer:RecoveryHerb+1"],"picked":"SKIP","floor":45},{"not_picked":["Gatherer:BlackTea","Gatherer:FlowerFalling","Gatherer:ScherryThrow+1","Gatherer:FragileHammer"],"picked":"Gatherer:EnergyBasket","floor":47},{"not_picked":["Gatherer:SaveValuables","Gatherer:TreeGrowth","Gatherer:RecoveryHerb+1","Gatherer:QuickSynthesis+1"],"picked":"Gatherer:BomberForm","floor":48}],"player_experience":526533,"relics_obtained":[{"floor":1,"key":"SynthV:TestCard"},{"floor":7,"key":"DoctorsRemote"},{"floor":9,"key":"BookOfRevelations"},{"floor":10,"key":"Grinning Jar"},{"floor":12,"key":"vexMod:BerryBomb"},{"floor":24,"key":"testmod-Antiphasic"},{"floor":26,"key":"Darkstone Periapt"},{"floor":28,"key":"Replay:Ringing Soul"},{"floor":30,"key":"Lizard Tail"},{"floor":41,"key":"Toy Ornithopter"},{"floor":43,"key":"Pear"},{"floor":45,"key":"Calipers"},{"floor":48,"key":"CaptainsWheel"}],"event_choices":[{"damage_healed":0,"gold_gain":400,"player_choice":"Sell","damage_taken":0,"max_hp_gain":0,"max_hp_loss":0,"event_name":"¶÷ÂåË¹µÄÅÌ×Ó","floor":2,"relics_lost":["HushsDoor"],"gold_loss":0},{"damage_healed":0,"gold_gain":0,"player_choice":"Leave","damage_taken":0,"max_hp_gain":0,"max_hp_loss":0,"event_name":"conspire:Investor","floor":20,"gold_loss":0},{"damage_healed":0,"gold_gain":0,"player_choice":"Read","damage_taken":0,"max_hp_gain":0,"max_hp_loss":0,"event_name":"The Library","floor":25,"gold_loss":0,"cards_obtained":["Gatherer:SmartManeuver"]}],"is_beta":false,"boss_relics":[{"not_picked":["Painkiller Herb","GuanYuAspect"],"picked":"MoonlightInvasionPlan"},{"not_picked":["aspiration:RandomNobGenerator","testmod-BatchProcessingSystem"],"picked":"SlaversCollar"}],"items_purged_floors":[6,15,23,49],"is_endless":false,"potions_floor_spawned":[3,4,8,12,14,21,22,28,33,35,38,39,41,45],"ascension_level":1}}