{"host":"2gke39v5r4v8gacc","time":1610805152,"event":{"mods":["BaseMod","KinomotoSakuraMod(ƒæ÷Æ±æ”£)","Koishi","Marisa£®ÏF”Í°°ƒß¿Ì…≥£©","Minty Spire (QoL Compilation)","Prisma Mod","StSLib","The Bug Knight","WarShipGirlsR/’ΩΩ¢…Ÿ≈ÆR mod","Youmu£®ªÍ∆«—˝√Œ£©","Yuri Mod"],"gold_per_floor":[132,168,228,264,276,366,423,510,574,685,754,856,868,940,952,1264,1276,1333,1381,1447,889,928,1030,1084,1177,1222,1273,1387,1423,1423,1465,1465,1786,1786,1828,1233,1275,940,973,1057,1156,1192,1192,1192,332,416,425,482,482,482],"floor_reached":51,"language":"ZHS","playtime":3950,"items_purged":[],"score":1208,"play_id":"463efd6c-ffb0-4216-a516-4f17cb5853a3","local_time":"20210116215232","daily_mods":["SealedDeck","Vintage","Colorless Cards","Heirloom","Time Dilation","Flight","Midas"],"is_ascension_mode":false,"campfire_choices":[{"floor":13.0,"key":"REST"},{"floor":15.0,"key":"REST"},{"floor":32.0,"key":"REST"},{"floor":49.0,"key":"REST"}],"circlet_count":0,"master_deck":["HollowMod:MothsMistake","HollowMod:CloakDash","Swift Strike","Deep Breath","HollowMod:SoulVessel","HollowMod:HowlingWraiths","HollowMod:LifebloodCocoon","HollowMod:SoulStrike","HollowMod:CloakDash","HollowMod:BrokenVessel","HollowMod:HuntersJournal+1","HollowMod:GoodIntentions+1","HollowMod:SoulShaman+1","HollowMod:DungDefenderAura+1","Apotheosis+1","HollowMod:FastStrike","HollowMod:SoulSplash+1","Master of Strategy+1","HollowMod:DashSlash","HollowMod:ShapeofUnn+1","HollowMod:CornifersMapStart+1","HollowMod:DashSlash","HollowMod:MawleksShell+1","HollowMod:QuirrelsAssistance+1","HollowMod:InfectedAttack+1","HollowMod:GrimmsGift+1","Metamorphosis+1","HollowMod:NewGlowingWomb","HollowMod:SharpenedNail+1","HollowMod:TaintedHusks+1","HollowMod:SoulSplash+1","HollowMod:Grubsong","HollowMod:InfectedAttack+1","Madness+1","HollowMod:MonarchWings+1","HollowMod:CoiledNail+1","HollowMod:SoulStrike+1","HollowMod:Grubsong+1","HollowMod:TaintedHusks+1","HollowMod:MothsMistake+1","Pain"],"relics":["HollowMod:VesselMask","Turnip","MealTicket","Centennial Puzzle","HollowMod:MantisClawRelic","MawBank","Kunai","Potion Belt","Toxic Egg 2","Strawberry","White Beast Statue","Happy Flower","Bronze Scales","Odd Mushroom","Fusion Hammer","Pear","StrikeDummy","Letter Opener","HollowMod:KingsBrand","Orrery","Vajra","Molten Egg 2","HornCleat","Art of War","CeramicFish","Bag of Preparation","Tiny Chest","Ginger","Sundial","Bird Faced Urn","Black Star","Mummified Hand","Ice Cream","Strange Spoon","HollowMod:LumaflyLanternRelic","Nunchaku","Frozen Egg 2","HollowMod:LifeEnderRelic","Blue Candle","Lantern","yuri:PortableGlitches","Pantograph","Bottled Flame","Singing Bowl","Question Card","HollowMod:StagPassRelic","TheAbacus","The Courier","Mercury Hourglass","WarpedTongs","Bottled Lightning"],"acts_visited":["Exordium","TheCity","TheBeyond"],"potions_floor_usage":[50,50,50,50,50],"damage_taken":[{"damage":0.0,"enemies":"Jaw Worm","floor":1.0,"turns":2.0},{"damage":1.0,"enemies":"Cultist","floor":2.0,"turns":3.0},{"damage":0.0,"enemies":"Small Slimes","floor":3.0,"turns":3.0},{"damage":3.0,"enemies":"Blue Slaver","floor":4.0,"turns":2.0},{"damage":0.0,"enemies":"HollowMod:MossKnight","floor":6.0,"turns":4.0},{"damage":0.0,"enemies":"Gremlin Gang","floor":7.0,"turns":1.0},{"damage":8.0,"enemies":"Gremlin Nob","floor":8.0,"turns":3.0},{"damage":26.0,"enemies":"Lagavulin","floor":10.0,"turns":4.0},{"damage":7.0,"enemies":"Large Slime","floor":11.0,"turns":4.0},{"damage":18.0,"enemies":"3 Sentries","floor":12.0,"turns":3.0},{"damage":0.0,"enemies":"The Mushroom Lair","floor":14.0,"turns":3.0},{"damage":0.0,"enemies":"Hexaghost","floor":16.0,"turns":7.0},{"damage":1.0,"enemies":"Spheric Guardian","floor":18.0,"turns":3.0},{"damage":15.0,"enemies":"2 Thieves","floor":19.0,"turns":2.0},{"damage":0.0,"enemies":"Cultist and Chosen","floor":20.0,"turns":4.0},{"damage":1.0,"enemies":"3 Cultists","floor":22.0,"turns":2.0},{"damage":0.0,"enemies":"HollowMod:Nosk","floor":23.0,"turns":3.0},{"damage":10.0,"enemies":"Snecko","floor":24.0,"turns":5.0},{"damage":0.0,"enemies":"Slavers","floor":25.0,"turns":2.0},{"damage":2.0,"enemies":"Snake Plant","floor":27.0,"turns":2.0},{"damage":0.0,"enemies":"Book of Stabbing","floor":28.0,"turns":3.0},{"damage":1.0,"enemies":"Cultist and Chosen","floor":29.0,"turns":3.0},{"damage":1.0,"enemies":"Centurion and Healer","floor":31.0,"turns":2.0},{"damage":0.0,"enemies":"Collector","floor":33.0,"turns":5.0},{"damage":0.0,"enemies":"3 Darklings","floor":35.0,"turns":2.0},{"damage":0.0,"enemies":"Orb Walker","floor":37.0,"turns":1.0},{"damage":0.0,"enemies":"Writhing Mass","floor":39.0,"turns":2.0},{"damage":4.0,"enemies":"Giant Head","floor":40.0,"turns":4.0},{"damage":2.0,"enemies":"Nemesis","floor":41.0,"turns":3.0},{"damage":1.0,"enemies":"Sphere and 2 Shapes","floor":42.0,"turns":1.0},{"damage":0.0,"enemies":"Giant Head","floor":46.0,"turns":1.0},{"damage":0.0,"enemies":"4 Shapes","floor":48.0,"turns":2.0},{"damage":20,"enemies":"Donu and Deca","floor":50,"turns":4}],"seed_played":"4289385619577119646","potions_obtained":[{"floor":1.0,"key":"DistilledChaos"},{"floor":2.0,"key":"PowerPotion"},{"floor":3.0,"key":"Energy Potion"},{"floor":7.0,"key":"Energy Potion"},{"floor":10.0,"key":"EssenceOfSteel"},{"floor":11.0,"key":"ColorlessPotion"},{"floor":12.0,"key":"LiquidMemories"},{"floor":14.0,"key":"DuplicationPotion"},{"floor":16.0,"key":"ColorlessPotion"},{"floor":19.0,"key":"Block Potion"},{"floor":20.0,"key":"FearPotion"},{"floor":22.0,"key":"EssenceOfSteel"},{"floor":23.0,"key":"DuplicationPotion"},{"floor":24.0,"key":"Dexterity Potion"},{"floor":25.0,"key":"EssenceOfSteel"},{"floor":28.0,"key":"Explosive Potion"},{"floor":29.0,"key":"SpeedPotion"},{"floor":31.0,"key":"CultistPotion"},{"floor":33.0,"key":"BlessingOfTheForge"},{"floor":35.0,"key":"Dexterity Potion"},{"floor":37.0,"key":"DistilledChaos"},{"floor":39.0,"key":"AttackPotion"},{"floor":40.0,"key":"Fire Potion"},{"floor":41.0,"key":"Energy Potion"},{"floor":42.0,"key":"Strength Potion"}],"is_trial":true,"path_per_floor":["M","M","M","M","?","E","M","E","T","E","M","E","R","?","R","B",null,"M","M","M","$","M","E","M","E","T","M","E","M","?","M","R","B",null,"M","$","M","$","M","E","E","M","T","T","$","E","?","M","R","B",null],"character_chosen":"THE_BUGKNIGHT","items_purchased":["HollowMod:FastStrike","HollowMod:SoulSplash+1","Master of Strategy+1","HollowMod:KingsBrand","Orrery","Ice Cream","Strange Spoon","HollowMod:NewGlowingWomb","HollowMod:SharpenedNail+1","HollowMod:TaintedHusks+1","HollowMod:SoulSplash+1","Nunchaku","HollowMod:Grubsong","HollowMod:InfectedAttack+1","Madness+1","Question Card","HollowMod:StagPassRelic","TheAbacus","HollowMod:SoulStrike+1","HollowMod:Grubsong+1","HollowMod:TaintedHusks+1","Explosive Potion"],"campfire_rested":4,"item_purchase_floors":[21,21,21,21,21,36,36,36,36,36,36,38,38,38,38,45,45,45,45,45,45,45],"current_hp_per_floor":[75,74,74,71,75,75,75,67,74,48,41,23,47,47,71,71,82,91,76,76,91,90,90,80,80,80,78,78,77,77,76,92,92,92,92,92,92,92,92,92,92,92,92,92,92,92,92,92,92,84],"gold":482,"neow_bonus":"","is_daily":false,"chose_seed":false,"campfire_upgraded":0,"win_rate":0.0,"timestamp":1610805152,"path_taken":["M","M","M","M","?","E","M","E","T","E","?","E","R","?","R","BOSS","M","M","M","$","M","E","M","E","T","M","E","M","?","?","R","BOSS","M","$","M","$","M","E","E","?","T","?","$","E","?","M","R","BOSS"],"items_purchased_type":["Card","Card","Card","Relic","Relic","Relic","Relic","Card","Card","Card","Card","Relic","Card","Card","Card","Relic","Relic","Relic","Card","Card","Card","Potion"],"build_version":"2020-12-22","purchased_purges":0,"victory":true,"max_hp_per_floor":[75,75,75,75,75,75,75,75,82,82,82,82,82,82,82,82,82,92,92,92,92,92,92,92,92,92,92,92,92,92,92,92,92,92,92,92,92,92,92,92,92,92,92,92,92,92,92,92,92,92],"card_choices":[{"not_picked":["HollowMod:DashSlash","Discovery"],"picked":"HollowMod:BrokenVessel","floor":6.0},{"not_picked":["HollowMod:NewJinnsSoul+1","HollowMod:FallenFury"],"picked":"HollowMod:HuntersJournal+1","floor":8.0},{"not_picked":["HollowMod:WraithStrike","Enlightenment+1"],"picked":"HollowMod:GoodIntentions+1","floor":10.0},{"not_picked":["HollowMod:ShadowDash+1","Deep Breath+1"],"picked":"HollowMod:SoulShaman+1","floor":12.0},{"not_picked":["HollowMod:DreamGate+1","Dark Shackles+1"],"picked":"HollowMod:DungDefenderAura+1","floor":14.0},{"not_picked":["HollowMod:NewInfectedGuardian+1","HollowMod:theNailsmith+1"],"picked":"Apotheosis+1","floor":16.0},{"not_picked":["HollowMod:InfectedCysts","HollowMod:SoulShaman+1"],"picked":"HollowMod:DashSlash","floor":21.0},{"not_picked":["HollowMod:LifebloodCocoon+1","Purity+1"],"picked":"HollowMod:ShapeofUnn+1","floor":21.0},{"not_picked":["HollowMod:SoulSplash+1","HollowMod:DoubleDash+1"],"picked":"HollowMod:CornifersMapStart+1","floor":21.0},{"not_picked":["Mind Blast","HollowMod:HowlingWraiths"],"picked":"HollowMod:DashSlash","floor":21.0},{"not_picked":["HollowMod:LifebloodCocoon+1","HollowMod:RecoilStrike"],"picked":"HollowMod:MawleksShell+1","floor":21.0},{"not_picked":["HollowMod:InfectedCysts+1","HollowMod:SiblingsShadow+1"],"picked":"HollowMod:QuirrelsAssistance+1","floor":23.0},{"not_picked":["HollowMod:LifebloodCore+1","Blind+1"],"picked":"HollowMod:InfectedAttack+1","floor":25.0},{"not_picked":["HollowMod:VengefulVoid+1","HollowMod:ShadowDash+1"],"picked":"HollowMod:GrimmsGift+1","floor":28.0},{"not_picked":["HollowMod:SlysStrikes","HollowMod:ElderbugsWisdom"],"picked":"Metamorphosis+1","floor":33.0},{"not_picked":["HollowMod:DashSlash+1","HollowMod:SharpenedShadows+1"],"picked":"HollowMod:MonarchWings+1","floor":40.0},{"not_picked":["HollowMod:HeavyBlow+1","HollowMod:DungDefenderAura+1"],"picked":"HollowMod:CoiledNail+1","floor":41.0},{"not_picked":["HollowMod:GoodIntentions+1","HollowMod:SoulStrike+1","HollowMod:TaintedHusks+1"],"picked":"HollowMod:MothsMistake+1","floor":46.0}],"player_experience":534434,"relics_obtained":[{"floor":1.0,"key":"MealTicket"},{"floor":2.0,"key":"Centennial Puzzle"},{"floor":3.0,"key":"HollowMod:MantisClawRelic"},{"floor":4.0,"key":"MawBank"},{"floor":6.0,"key":"Kunai"},{"floor":7.0,"key":"Potion Belt"},{"floor":8.0,"key":"Toxic Egg 2"},{"floor":9.0,"key":"Strawberry"},{"floor":10.0,"key":"White Beast Statue"},{"floor":11.0,"key":"Happy Flower"},{"floor":12.0,"key":"Bronze Scales"},{"floor":14.0,"key":"Odd Mushroom"},{"floor":18.0,"key":"Pear"},{"floor":19.0,"key":"StrikeDummy"},{"floor":20.0,"key":"Letter Opener"},{"floor":22.0,"key":"Vajra"},{"floor":23.0,"key":"Molten Egg 2"},{"floor":24.0,"key":"HornCleat"},{"floor":25.0,"key":"Art of War"},{"floor":26.0,"key":"CeramicFish"},{"floor":27.0,"key":"Bag of Preparation"},{"floor":28.0,"key":"Tiny Chest"},{"floor":29.0,"key":"Ginger"},{"floor":30.0,"key":"Sundial"},{"floor":31.0,"key":"Bird Faced Urn"},{"floor":35.0,"key":"Mummified Hand"},{"floor":37.0,"key":"HollowMod:LumaflyLanternRelic"},{"floor":39.0,"key":"Frozen Egg 2"},{"floor":40.0,"key":"HollowMod:LifeEnderRelic"},{"floor":40.0,"key":"Blue Candle"},{"floor":41.0,"key":"Lantern"},{"floor":41.0,"key":"yuri:PortableGlitches"},{"floor":42.0,"key":"Pantograph"},{"floor":43.0,"key":"Bottled Flame"},{"floor":44.0,"key":"Singing Bowl"},{"floor":46.0,"key":"The Courier"},{"floor":46.0,"key":"Mercury Hourglass"},{"floor":48.0,"key":"Bottled Lightning"}],"event_choices":[{"cards_removed":["HollowMod:SharpenedNail"],"damage_healed":5.0,"max_hp_gain":0.0,"max_hp_loss":0.0,"gold_gain":0.0,"event_name":"Bonfire Elementals","player_choice":"Offered Common","floor":5.0,"gold_loss":0.0,"damage_taken":0.0},{"cards_removed":["HollowMod:SharpenedNail"],"damage_healed":5.0,"max_hp_gain":0.0,"max_hp_loss":0.0,"gold_gain":0.0,"event_name":"Bonfire Elementals","player_choice":"Offered Special","floor":5.0,"gold_loss":0.0,"damage_taken":0.0},{"damage_healed":0.0,"max_hp_gain":0.0,"max_hp_loss":0.0,"gold_gain":0.0,"event_name":"Mushrooms","player_choice":"Fought Mushrooms","floor":14.0,"gold_loss":0.0,"damage_taken":0.0},{"damage_healed":0.0,"max_hp_gain":0.0,"max_hp_loss":0.0,"gold_gain":0.0,"event_name":"Wheel of Change","player_choice":"Relic","floor":30.0,"gold_loss":0.0,"damage_taken":0.0},{"damage_healed":0.0,"max_hp_gain":0.0,"max_hp_loss":0.0,"gold_gain":0.0,"event_name":"Accursed Blacksmith","player_choice":"Rummage","floor":47.0,"gold_loss":0.0,"damage_taken":0.0,"relics_obtained":["WarpedTongs"],"cards_obtained":["Pain"]}],"is_beta":false,"boss_relics":[{"not_picked":["Snecko Eye","Velvet Choker"],"picked":"Fusion Hammer"},{"not_picked":["Calling Bell","Astrolabe"],"picked":"Black Star"}],"items_purged_floors":[],"is_endless":false,"potions_floor_spawned":[1,2,3,7,10,11,12,14,16,18,19,20,22,23,24,25,27,28,29,31,33,35,37,39,40,41,42,46,48],"ascension_level":0}}