{"host":"jb40sdn36ct36hhv","time":1610772312,"event":{"mods":["Act Like it!","BaseMod","Better Third Choice","Marisa????????","Minty Spire (QoL Compilation)","StSLib"],"gold_per_floor":[116,161,161,200,234,299,334,334,334,372,420,33,33,76,76,322,322,373,2,81,81,94,201,261,261,261,303,179,252,407,423,423,556,556,588,694,889,59,144,273,314,314,314,440,560,657,657,11,11,111,111,111,36,86,152],"floor_reached":56,"language":"ENG","playtime":5631,"items_purged":["Strike_MRS","Strike_MRS","Strike_MRS","Defend_MRS"],"score":1536,"play_id":"1dc1b44f-336a-4fa8-bd89-32d0e356beab","local_time":"20210115204512","is_ascension_mode":false,"campfire_choices":[{"data":"Singularity","floor":13.0,"key":"SMITH"},{"data":"Acceleration","floor":15.0,"key":"SMITH"},{"data":"CasketOfStar","floor":25.0,"key":"SMITH"},{"data":"DarkMatter","floor":32,"key":"SMITH"},{"floor":42,"key":"RECALL"},{"data":"OrrerysSun","floor":49,"key":"SMITH"},{"data":"OrrerysSun","floor":52,"key":"SMITH"}],"circlet_count":0,"master_deck":["Defend_MRS","Defend_MRS","Defend_MRS","MasterSpark","UpSweep","Robbery","Singularity+1","PowerUp","MilkyWay","Acceleration+1","DarkMatter+1","ShootTheMoon","MilkyWay","CasketOfStar+1","OrrerysSun+1","Acceleration","OrrerysSun+1","Acceleration","ManaConvection+1","EnergyFlow+1","PowerUp","Robbery+1","DarkMatter+1","OrrerysSun+1","Acceleration+1","MagicChant+1","Secret Technique+1","Violence+1","PulseMagic+1"],"relics":["MiniHakkero","Orichalcum","Toy Ornithopter","Nunchaku","Vajra","Coffee Dripper","Membership Card","Letter Opener","The Courier","Pantograph","InkBottle","HandmadeGrimoire","Lee\u0027s Waffle","Strawberry","ExperimentalFamiliar","CatCart","Ginger","AmplifyWand","Mummified Hand","Pen Nib","Omamori","PreservedInsect","Boot","Toxic Egg 2","MealTicket","Kunai","Pocketwatch","Juzu Bracelet","Art of War","OrangePellets","Ice Cream","Oddly Smooth Stone","Bag of Preparation","Bottled Tornado","Centennial Puzzle","Blood Vial","Lizard Tail","StoneCalendar"],"acts_visited":["Exordium","TheCity","TheBeyond","TheEnding"],"potions_floor_usage":[37,55,55],"damage_taken":[{"damage":3.0,"enemies":"Jaw Worm","floor":1.0,"turns":3.0},{"damage":6.0,"enemies":"Cultist","floor":2.0,"turns":4.0},{"damage":8.0,"enemies":"Small Slimes","floor":4.0,"turns":4.0},{"damage":5.0,"enemies":"Looter","floor":5.0,"turns":4.0},{"damage":10.0,"enemies":"Gremlin Nob","floor":6.0,"turns":4.0},{"damage":7.0,"enemies":"Lots of Slimes","floor":7.0,"turns":5.0},{"damage":7.0,"enemies":"Red Slaver","floor":10.0,"turns":4.0},{"damage":6.0,"enemies":"3 Sentries","floor":11.0,"turns":7.0},{"damage":0.0,"enemies":"3 Louse","floor":14.0,"turns":4.0},{"damage":15.0,"enemies":"Slime Boss","floor":16.0,"turns":6.0},{"damage":8.0,"enemies":"3 Byrds","floor":18.0,"turns":3.0},{"damage":0.0,"enemies":"Spheric Guardian","floor":22.0,"turns":2.0},{"damage":6.0,"enemies":"Book of Stabbing","floor":23.0,"turns":4.0},{"damage":4.0,"enemies":"Snake Plant","floor":24.0,"turns":4.0},{"damage":0.0,"enemies":"3 Cultists","floor":27.0,"turns":4.0},{"damage":1,"enemies":"Gremlin Leader","floor":29,"turns":3},{"damage":8,"enemies":"Shelled Parasite and Fungi","floor":30,"turns":6},{"damage":5,"enemies":"Chosen and Byrds","floor":31,"turns":4},{"damage":0,"enemies":"Automaton","floor":33,"turns":5},{"damage":5,"enemies":"Orb Walker","floor":35,"turns":2},{"damage":0,"enemies":"Orin","floor":36,"turns":6},{"damage":20,"enemies":"2 Orb Walkers","floor":37,"turns":3},{"damage":0,"enemies":"3 Darklings","floor":39,"turns":2},{"damage":0,"enemies":"Reptomancer","floor":40,"turns":2},{"damage":0,"enemies":"Sphere and 2 Shapes","floor":41,"turns":1},{"damage":0,"enemies":"Writhing Mass","floor":44,"turns":3},{"damage":3,"enemies":"4 Shapes","floor":45,"turns":4},{"damage":0,"enemies":"Nemesis","floor":46,"turns":3},{"damage":0,"enemies":"Time Eater","floor":50,"turns":8},{"damage":0,"enemies":"Shield and Spear","floor":54,"turns":2},{"damage":12,"enemies":"The Heart","floor":55,"turns":4}],"seed_played":"3377478719330540911","potions_obtained":[{"floor":2.0,"key":"SkillPotion"},{"floor":4.0,"key":"BlessingOfTheForge"},{"floor":6.0,"key":"Dexterity Potion"},{"floor":8.0,"key":"LiquidBronze"},{"floor":8.0,"key":"SteroidPotion"},{"floor":11.0,"key":"Fire Potion"},{"floor":16.0,"key":"LiquidMemories"},{"floor":22.0,"key":"Explosive Potion"},{"floor":29,"key":"Explosive Potion"},{"floor":33,"key":"Swift Potion"},{"floor":40,"key":"SneckoOil"},{"floor":41,"key":"ColorlessPotion"},{"floor":45,"key":"LiquidMemories"}],"is_trial":false,"path_per_floor":["M","M","?","M","M","E","M","?","T","M","E","$","R","M","R","B",null,"M","$","T","?","M","E","M","R","T","M","$","E","M","M","R","B",null,"M","?","?","$","M","E","M","R","T","M","M","E","?","$","R","B",null,"R","$","E","B",null],"character_chosen":"MARISA","items_purchased":["Acceleration","DarkMatter","Vajra","ShootTheMoon","Membership Card","OrrerysSun","Letter Opener","Lee\u0027s Waffle","AmplifyWand","Mummified Hand","Pen Nib","Omamori","PreservedInsect","Boot","Toxic Egg 2","MealTicket","Kunai","Pocketwatch","OrangePellets","Ice Cream","Oddly Smooth Stone","Bag of Preparation","Bottled Tornado","Centennial Puzzle","Blood Vial","Lizard Tail"],"campfire_rested":0,"item_purchase_floors":[12,12,12,12,19,19,19,28,38,38,38,38,38,38,38,38,38,38,48,48,48,48,48,48,48,48],"current_hp_per_floor":[72,66,59,51,46,36,29,29,29,22,16,16,16,16,16,6,75,67,67,67,67,67,66,62,62,62,62,82,88,80,75,75,89,89,84,84,69,69,69,69,69,69,69,69,66,66,56,71,71,89,89,89,89,89,87],"gold":152,"neow_bonus":"REMOVE_CARD","is_daily":false,"chose_seed":false,"campfire_upgraded":6,"win_rate":0.0,"timestamp":1610772312,"path_taken":["M","M","?","M","?","E","?","?","T","M","E","$","R","M","R","BOSS","M","$","?","?","?","E","M","R","T","M","$","E","M","M","R","BOSS","M","?","?","?","M","E","M","R","T","M","M","E","?","$","R","BOSS","R","$","E","BOSS"],"items_purchased_type":["Card","Card","Relic","Card","Relic","Card","Relic","Relic","Relic","Relic","Relic","Relic","Relic","Relic","Relic","Relic","Relic","Relic","Relic","Relic","Relic","Relic","Relic","Relic","Relic","Relic"],"build_version":"2020-12-22","purchased_purges":4,"victory":true,"max_hp_per_floor":[75,75,75,75,75,75,75,75,75,75,75,75,75,75,75,75,75,75,75,75,75,75,75,75,75,75,75,82,89,89,89,89,89,89,89,89,89,89,89,89,89,89,89,89,89,89,89,89,89,89,89,89,89,89,89],"card_choices":[{"not_picked":["6A","StarBarrage"],"picked":"Robbery","floor":1.0},{"not_picked":["MysteriousBeam","ChargeUpSpray","AlicesGift"],"picked":"SKIP","floor":2.0},{"not_picked":["Occultation","DC"],"picked":"Singularity","floor":4.0},{"not_picked":["DoubleSpark","GalacticHalo"],"picked":"PowerUp","floor":5.0},{"not_picked":["GalacticHalo","SporeBomb","6A"],"picked":"SKIP","floor":6.0},{"not_picked":["ShootingEcho","ChargeUpSpray","EnergyRecoil"],"picked":"SKIP","floor":7.0},{"not_picked":["ShootingEcho","EventHorizon"],"picked":"MilkyWay","floor":10.0},{"not_picked":["GravityBeat","RefractionSpark"],"picked":"FairyDestructionRay","floor":11.0},{"not_picked":["GravityBeat","GasGiant"],"picked":"MilkyWay","floor":14.0},{"not_picked":["SatelliteIllusion","UltimateShortwave"],"picked":"CasketOfStar","floor":16.0},{"not_picked":["EarthLightRay","MysteriousBeam","DoubleSpark"],"picked":"SKIP","floor":18.0},{"not_picked":["NonDirectionalLaser","MilkyWay+1"],"picked":"Acceleration","floor":22.0},{"not_picked":["UnstableBomb","StarDustReverie"],"picked":"OrrerysSun","floor":23.0},{"not_picked":["MysteriousBeam","ManaConvection+1"],"picked":"Acceleration","floor":24.0},{"not_picked":["LuminesStrike","IllusionStar"],"picked":"ManaConvection+1","floor":27.0},{"not_picked":["GrandCross","WitchLeyline"],"picked":"EnergyFlow+1","floor":29},{"not_picked":["SprinkleStarSeal","EnergyRecoil+1"],"picked":"PowerUp","floor":30},{"not_picked":["ManaConvection","MysteriousBeam+1","DarkSpark+1"],"picked":"SKIP","floor":31},{"not_picked":["Occultation","GravityBeat","SporeBomb+1"],"picked":"SKIP","floor":35},{"not_picked":["NonDirectionalLaser","RefractionSpark+1"],"picked":"Robbery+1","floor":36},{"not_picked":["GrandCross+1","DC"],"picked":"DarkMatter+1","floor":37},{"not_picked":["WitchLeyline+1","MysteriousBeam+1","WitchOfGreed+1"],"picked":"SKIP","floor":39},{"not_picked":["UnstableBomb","ShootingEcho+1"],"picked":"OrrerysSun+1","floor":40},{"not_picked":["ShootingEcho","ManaConvection+1","DarkSpark"],"picked":"SKIP","floor":41},{"not_picked":["WitchOfGreed","Singularity"],"picked":"Acceleration+1","floor":44},{"not_picked":["OpenUniverse+1","DoubleSpark","MilkyWay+1"],"picked":"SKIP","floor":45},{"not_picked":["BinaryStars+1","ShootingEcho"],"picked":"MagicChant+1","floor":46},{"not_picked":["Secret Weapon+1","Bandage Up+1"],"picked":"Secret Technique+1","floor":47},{"not_picked":["Good Instincts+1","Bandage Up+1"],"picked":"Violence+1","floor":47},{"not_picked":["Acceleration+1","BlazeAway+1"],"picked":"PulseMagic+1","floor":54}],"player_experience":1207129,"relics_obtained":[{"floor":6.0,"key":"Orichalcum"},{"floor":9.0,"key":"Toy Ornithopter"},{"floor":11.0,"key":"Nunchaku"},{"floor":20.0,"key":"The Courier"},{"floor":23.0,"key":"InkBottle"},{"floor":26.0,"key":"HandmadeGrimoire"},{"floor":29,"key":"Strawberry"},{"floor":36,"key":"CatCart"},{"floor":37,"key":"Ginger"},{"floor":40,"key":"Juzu Bracelet"},{"floor":46,"key":"Art of War"},{"floor":54,"key":"StoneCalendar"}],"event_choices":[{"damage_healed":0.0,"max_hp_gain":0.0,"max_hp_loss":0.0,"gold_gain":0.0,"event_name":"Wheel of Change","player_choice":"Damaged","floor":3.0,"gold_loss":0.0,"damage_taken":7.0},{"damage_healed":0.0,"max_hp_gain":0.0,"max_hp_loss":0.0,"gold_gain":0.0,"event_name":"Lab","player_choice":"Got Potions","floor":8.0,"gold_loss":0.0,"damage_taken":0.0},{"cards_removed":["FairyDestructionRay"],"damage_healed":0.0,"max_hp_gain":0.0,"max_hp_loss":0.0,"gold_gain":0.0,"event_name":"WeMeetAgain","player_choice":"Gave Card","floor":21.0,"gold_loss":0.0,"damage_taken":0.0,"relics_obtained":["Pantograph"]},{"damage_healed":0,"gold_gain":0,"player_choice":"Fight","damage_taken":0,"max_hp_gain":0,"max_hp_loss":0,"event_name":"OrinTheCat","floor":36,"gold_loss":0},{"damage_healed":0,"gold_gain":0,"player_choice":"Fight","damage_taken":0,"max_hp_gain":0,"max_hp_loss":0,"event_name":"Mysterious Sphere","floor":37,"gold_loss":0},{"damage_healed":0,"gold_gain":0,"player_choice":"Memory 3","damage_taken":10,"max_hp_gain":0,"max_hp_loss":0,"event_name":"SensoryStone","floor":47,"gold_loss":0}],"is_beta":false,"boss_relics":[{"not_picked":["Astrolabe","Empty Cage"],"picked":"Coffee Dripper"},{"not_picked":["Fusion Hammer","Pandora\u0027s Box"],"picked":"ExperimentalFamiliar"}],"items_purged_floors":[12,19,28,53],"is_endless":false,"potions_floor_spawned":[2,4,6,11,16,22,29,33,40,41,45,46],"ascension_level":0}}