{"host":"x7xd4wkamhrqrrvw","time":1610837880,"event":{"mods":["BaseMod","Minty Spire (QoL Compilation)","StSLib"],"gold_per_floor":[109,59,71,71,87,122,122,141,166,166,166,178,205,240,240,341,341,359,131,146,157,72,72,105,118,186,186,5,5,16,42,42,146,146,159,171,171,189,201,201,231,231,231,248,279,295,21,35,35,35,35],"floor_reached":50,"language":"ENG","playtime":3198,"items_purged":["Strike_P","Strike_P","Defend_P"],"score":1169,"play_id":"0986798c-3954-43b7-be8b-cd1fab3ef1d4","local_time":"20210116205800","is_ascension_mode":true,"campfire_choices":[{"floor":7,"key":"REST"},{"data":"ThirdEye","floor":11,"key":"SMITH"},{"data":"ForeignInfluence","floor":15,"key":"SMITH"},{"data":"Scrawl","floor":23,"key":"SMITH"},{"data":"Halt","floor":27,"key":"SMITH"},{"data":"Vault","floor":32,"key":"SMITH"},{"data":"Wallop","floor":40,"key":"SMITH"},{"floor":42,"key":"RECALL"},{"data":"FearNoEvil","floor":49,"key":"SMITH"}],"circlet_count":0,"master_deck":["AscendersBane","Strike_P","Defend_P+1","Defend_P+1","Eruption+1","Vigilance","DeusExMachina+1","ThirdEye+1","Adaptation+1","Halt+1","BattleHymn","ForeignInfluence+1","FearNoEvil+1","Scrawl+1","LikeWater+1","Vault+1","LikeWater+1","Wallop+1"],"relics":["PureWater","War Paint","Odd Mushroom","Bronze Scales","Busted Crown","Toy Ornithopter","PreservedInsect","Gambling Chip","Mercury Hourglass","Nilry\u0027s Codex","Pen Nib","Sozu","Ancient Tea Set","Molten Egg 2","Singing Bowl","HandDrill"],"acts_visited":["Exordium","TheCity","TheBeyond"],"potions_floor_usage":[6,8,13,24,31,31,31,33,41,50,50],"damage_taken":[{"damage":4,"enemies":"2 Louse","floor":1,"turns":3},{"damage":0,"enemies":"Small Slimes","floor":3,"turns":3},{"damage":0,"enemies":"Jaw Worm","floor":5,"turns":5},{"damage":38,"enemies":"Gremlin Nob","floor":6,"turns":5},{"damage":0,"enemies":"Gremlin Gang","floor":8,"turns":3},{"damage":10,"enemies":"2 Fungi Beasts","floor":12,"turns":3},{"damage":3,"enemies":"The Mushroom Lair","floor":13,"turns":4},{"damage":6,"enemies":"3 Sentries","floor":14,"turns":6},{"damage":0,"enemies":"Hexaghost","floor":16,"turns":6},{"damage":3,"enemies":"Spheric Guardian","floor":18,"turns":3},{"damage":7,"enemies":"2 Thieves","floor":20,"turns":3},{"damage":1,"enemies":"Centurion and Healer","floor":21,"turns":4},{"damage":0,"enemies":"Book of Stabbing","floor":24,"turns":3},{"damage":0,"enemies":"Chosen and Byrds","floor":25,"turns":3},{"damage":0,"enemies":"Sentry and Sphere","floor":30,"turns":3},{"damage":0,"enemies":"Slavers","floor":31,"turns":3},{"damage":0,"enemies":"Champ","floor":33,"turns":6},{"damage":0,"enemies":"3 Darklings","floor":35,"turns":3},{"damage":0,"enemies":"3 Shapes","floor":36,"turns":2},{"damage":0,"enemies":"Sphere and 2 Shapes","floor":38,"turns":3},{"damage":0,"enemies":"3 Darklings","floor":39,"turns":3},{"damage":0,"enemies":"Reptomancer","floor":41,"turns":3},{"damage":0,"enemies":"Spire Growth","floor":44,"turns":4},{"damage":0,"enemies":"Nemesis","floor":45,"turns":2},{"damage":7,"enemies":"4 Shapes","floor":46,"turns":4},{"damage":0,"enemies":"3 Darklings","floor":48,"turns":3},{"damage":75,"enemies":"Awakened One","floor":50,"turns":11}],"seed_played":"-3290896305530307052","potions_obtained":[{"floor":1,"key":"Swift Potion"},{"floor":5,"key":"Explosive Potion"},{"floor":8,"key":"Ambrosia"},{"floor":14,"key":"SpeedPotion"},{"floor":20,"key":"EntropicBrew"},{"floor":21,"key":"AttackPotion"},{"floor":30,"key":"ColorlessPotion"},{"floor":31,"key":"DuplicationPotion"},{"floor":33,"key":"SteroidPotion"}],"is_trial":false,"path_per_floor":["M","?","M","?","M","E","R","M","T","?","R","M","?","E","R","B",null,"M","$","M","M","?","R","E","M","T","R","$","?","M","E","R","B",null,"M","M","?","M","M","R","E","R","T","M","E","M","$","M","R","B"],"character_chosen":"WATCHER","items_purchased":["Toy Ornithopter","Vault","HandDrill"],"campfire_rested":1,"item_purchase_floors":[19,28,47],"current_hp_per_floor":[61,61,61,48,48,10,29,29,29,29,29,19,16,10,10,10,51,48,48,41,40,40,40,45,45,45,45,45,29,29,44,44,64,65,65,65,65,65,65,65,65,65,65,65,67,62,62,64,64,0,0],"gold":35,"neow_bonus":"THREE_RARE_CARDS","is_daily":false,"chose_seed":false,"campfire_upgraded":7,"win_rate":0.0,"timestamp":1610837880,"path_taken":["M","?","M","?","M","E","R","M","T","?","R","?","?","E","R","BOSS","M","$","M","M","?","R","E","M","T","R","$","?","M","E","R","BOSS","M","M","?","M","M","R","E","R","T","M","E","M","$","M","R","BOSS"],"items_purchased_type":["Relic","Card","Relic"],"build_version":"2020-12-22","purchased_purges":3,"victory":false,"max_hp_per_floor":[65,65,65,65,65,65,65,65,65,65,65,65,65,65,65,65,65,65,65,65,65,65,65,65,65,65,65,65,65,65,65,65,65,65,65,65,65,65,65,65,65,65,65,65,67,69,69,71,71,71,71],"card_choices":[{"not_picked":["Omniscience","Scrawl"],"picked":"DeusExMachina","floor":0},{"not_picked":["Evaluate","FlurryOfBlows"],"picked":"ThirdEye","floor":1},{"not_picked":["Halt","FollowUp"],"picked":"Adaptation","floor":3},{"not_picked":["Worship","BowlingBash"],"picked":"Halt","floor":5},{"not_picked":["Devotion","FlurryOfBlows"],"picked":"BattleHymn","floor":6},{"not_picked":["Protect","SandsOfTime"],"picked":"ForeignInfluence","floor":8},{"not_picked":["EmptyFist","CrushJoints","BowlingBash"],"picked":"SKIP","floor":12},{"not_picked":["WindmillStrike","EmptyBody"],"picked":"FearNoEvil","floor":13},{"not_picked":["EmptyBody","JustLucky","Devotion"],"picked":"SKIP","floor":14},{"not_picked":["Alpha","Devotion"],"picked":"Scrawl","floor":16},{"not_picked":["ClearTheMind"],"picked":"SKIP","floor":18},{"not_picked":[],"picked":"LikeWater+1","floor":20},{"not_picked":["FearNoEvil+1"],"picked":"SKIP","floor":21},{"not_picked":["ForeignInfluence"],"picked":"SKIP","floor":24},{"not_picked":["Wireheading"],"picked":"SKIP","floor":25},{"not_picked":["Wireheading"],"picked":"SKIP","floor":25},{"not_picked":["ClearTheMind"],"picked":"SKIP","floor":30},{"not_picked":["EmptyMind"],"picked":"SKIP","floor":31},{"not_picked":[],"picked":"LikeWater+1","floor":35},{"not_picked":["Crescendo+1"],"picked":"SKIP","floor":36},{"not_picked":["ThirdEye+1"],"picked":"SKIP","floor":38},{"not_picked":["Pray+1"],"picked":"SKIP","floor":39},{"not_picked":["WindmillStrike"],"picked":"SKIP","floor":41},{"not_picked":["WheelKick+1"],"picked":"SKIP","floor":44},{"not_picked":["SashWhip+1"],"picked":"Singing Bowl","floor":45},{"not_picked":["FlyingSleeves+1"],"picked":"Singing Bowl","floor":46},{"not_picked":["ThirdEye"],"picked":"Singing Bowl","floor":48}],"player_experience":314309,"relics_obtained":[{"floor":6,"key":"War Paint"},{"floor":13,"key":"Odd Mushroom"},{"floor":14,"key":"Bronze Scales"},{"floor":24,"key":"Gambling Chip"},{"floor":26,"key":"Mercury Hourglass"},{"floor":29,"key":"Nilry\u0027s Codex"},{"floor":31,"key":"Pen Nib"},{"floor":41,"key":"Ancient Tea Set"},{"floor":43,"key":"Molten Egg 2"},{"floor":45,"key":"Singing Bowl"}],"event_choices":[{"cards_removed":["Defend_P"],"damage_healed":0,"gold_gain":0,"player_choice":"Card Removal","damage_taken":0,"max_hp_gain":0,"max_hp_loss":0,"event_name":"The Cleric","floor":2,"gold_loss":50},{"damage_healed":0,"gold_gain":0,"player_choice":"Entered Light","damage_taken":13,"max_hp_gain":0,"max_hp_loss":0,"event_name":"Shining Light","floor":4,"gold_loss":0,"cards_upgraded":["Defend_P","Adaptation"]},{"damage_healed":0,"gold_gain":0,"player_choice":"Forge","damage_taken":0,"max_hp_gain":0,"max_hp_loss":0,"event_name":"Accursed Blacksmith","floor":10,"gold_loss":0,"cards_upgraded":["Eruption"]},{"damage_healed":0,"gold_gain":0,"player_choice":"Fought Mushrooms","damage_taken":0,"max_hp_gain":0,"max_hp_loss":0,"event_name":"Mushrooms","floor":13,"gold_loss":0},{"damage_healed":0,"gold_gain":0,"player_choice":"Obtained Relic","damage_taken":0,"relics_obtained":["PreservedInsect"],"max_hp_gain":0,"max_hp_loss":0,"event_name":"Addict","floor":22,"gold_loss":85},{"damage_healed":0,"gold_gain":0,"player_choice":"Obtained Book","damage_taken":16,"max_hp_gain":0,"max_hp_loss":0,"event_name":"Cursed Tome","floor":29,"gold_loss":0},{"damage_healed":0,"gold_gain":0,"cards_transformed":["Strike_P"],"player_choice":"Transformed","damage_taken":0,"max_hp_gain":0,"max_hp_loss":0,"event_name":"Transmorgrifier","floor":37,"gold_loss":0,"cards_obtained":["Wallop"]}],"is_beta":false,"boss_relics":[{"not_picked":["Empty Cage","VioletLotus"],"picked":"Busted Crown"},{"not_picked":["Astrolabe","Velvet Choker"],"picked":"Sozu"}],"items_purged_floors":[19,28,47],"is_endless":false,"potions_floor_spawned":[1,5,8,14,20,21,30,31,33,41,44,48],"killed_by":"Awakened One","ascension_level":10}}