{"host":"mai03x2ekbjy4059","time":1610837991,"event":{"mods":["2.2 Compatiblity","BaseMod","DeckTracker","Keyboard Shortcuts","Minty Spire (QoL Compilation)","Permanent Neow","Quick Restart","SuperFastMode","everything is the same but u backflip on backflip"],"gold_per_floor":[110,110,123,141,66,98,98,131,155,174,174,174,203,17,17,121,121,137,137,148,163,176,202,202,231,278,278,478,503,51,51,51,157,157,186,186,196,212,212,248,260,294,294,294,328,340,52,52,52,52,52,52,52,81,81],"floor_reached":56,"language":"KOR","playtime":2318,"items_purged":["Strike_G","Strike_G","Strike_G","Defend_G"],"score":1648,"play_id":"2a7259ba-3b7a-43fd-ab6c-a52c1912477f","local_time":"20210117075951","is_ascension_mode":true,"campfire_choices":[{"data":"Neutralize","floor":7.0,"key":"SMITH"},{"data":"A Thousand Cuts","floor":15.0,"key":"SMITH"},{"data":"Neutralize","floor":24.0,"key":"SMITH"},{"data":"Impatience","floor":27.0,"key":"SMITH"},{"data":"Adrenaline","floor":32.0,"key":"SMITH"},{"floor":49.0,"key":"RECALL"},{"data":"After Image","floor":52.0,"key":"SMITH"}],"circlet_count":0,"master_deck":["Defend_G","Defend_G","Defend_G","Defend_G+1","Survivor+1","Neutralize+1","Adrenaline+1","Acrobatics","Bandage Up","Neutralize+1","Heel Hook","Prepared","A Thousand Cuts+1","Impatience+1","Deflect","Escape Plan","Blur+1","Reflex","Terror+1","Footwork","After Image+1","Slice+1","Adrenaline","Adrenaline+1"],"relics":["Ring of the Serpent","Bag of Preparation","Akabeko","Vajra","Gambling Chip","Blood Vial","Molten Egg 2","Singing Bowl","Mango","CeramicFish","Anchor","Shuriken","Empty Cage","War Paint","PreservedInsect","Ornamental Fan","DollysMirror","Incense Burner"],"acts_visited":["Exordium","TheCity","TheBeyond","TheEnding"],"potions_floor_usage":[55,55,55],"damage_taken":[{"damage":5.0,"enemies":"Small Slimes","floor":1.0,"turns":5.0},{"damage":4.0,"enemies":"Cultist","floor":3.0,"turns":4.0},{"damage":3.0,"enemies":"Jaw Worm","floor":4.0,"turns":4.0},{"damage":21.0,"enemies":"Lagavulin","floor":6.0,"turns":8.0},{"damage":14.0,"enemies":"Gremlin Nob","floor":8.0,"turns":4.0},{"damage":0.0,"enemies":"Looter","floor":10.0,"turns":1.0},{"damage":3.0,"enemies":"Lagavulin","floor":13.0,"turns":6.0},{"damage":23.0,"enemies":"Hexaghost","floor":16.0,"turns":8.0},{"damage":0.0,"enemies":"Shell Parasite","floor":18.0,"turns":3.0},{"damage":0.0,"enemies":"Chosen","floor":20.0,"turns":2.0},{"damage":1.0,"enemies":"Centurion and Healer","floor":21.0,"turns":4.0},{"damage":0.0,"enemies":"3 Cultists","floor":22.0,"turns":3.0},{"damage":23.0,"enemies":"Slavers","floor":23.0,"turns":3.0},{"damage":0.0,"enemies":"Book of Stabbing","floor":25.0,"turns":4.0},{"damage":12.0,"enemies":"Slavers","floor":29.0,"turns":3.0},{"damage":24.0,"enemies":"Champ","floor":33.0,"turns":7.0},{"damage":0.0,"enemies":"3 Darklings","floor":35.0,"turns":3.0},{"damage":0.0,"enemies":"Orb Walker","floor":37.0,"turns":2.0},{"damage":0.0,"enemies":"Sphere and 2 Shapes","floor":38.0,"turns":4.0},{"damage":0.0,"enemies":"Nemesis","floor":40.0,"turns":5.0},{"damage":0.0,"enemies":"4 Shapes","floor":41.0,"turns":4.0},{"damage":0.0,"enemies":"Reptomancer","floor":42.0,"turns":4.0},{"damage":0.0,"enemies":"Giant Head","floor":45.0,"turns":3.0},{"damage":0.0,"enemies":"Transient","floor":46.0,"turns":5.0},{"damage":0.0,"enemies":"Awakened One","floor":50.0,"turns":8.0},{"damage":0,"enemies":"Shield and Spear","floor":54,"turns":4},{"damage":0,"enemies":"The Heart","floor":55,"turns":10}],"seed_played":"2130208657407428743","potions_obtained":[{"floor":1.0,"key":"BlessingOfTheForge"},{"floor":4.0,"key":"FearPotion"},{"floor":8.0,"key":"Poison Potion"},{"floor":13.0,"key":"SkillPotion"},{"floor":18.0,"key":"PowerPotion"},{"floor":19.0,"key":"AttackPotion"},{"floor":21.0,"key":"Swift Potion"},{"floor":35.0,"key":"SmokeBomb"},{"floor":38.0,"key":"Weak Potion"}],"is_trial":false,"path_per_floor":["M","?","M","M","$","E","R","E","T","M","T","?","E","$","R","B",null,"M","?","M","M","M","E","R","E","T","R","?","E","$","$","R","B",null,"M","?","M","M","?","E","M","E","T","?","E","M","$","$","R","B",null,"R","$","E","B",null],"character_chosen":"THE_SILENT","items_purchased":["Impatience","Shuriken","Footwork","DollysMirror"],"campfire_rested":0,"item_purchase_floors":[14,30,30,47],"current_hp_per_floor":[65,65,65,66,66,49,49,39,39,43,43,43,46,46,46,29,70,70,70,70,69,70,47,47,67,67,67,67,63,63,63,63,45,86,86,86,88,90,90,90,92,94,94,89,91,93,93,93,93,93,93,93,93,95,95],"gold":81,"neow_bonus":"ONE_RANDOM_RARE_CARD","is_daily":false,"chose_seed":false,"campfire_upgraded":6,"win_rate":0.0,"timestamp":1610837991,"path_taken":["M","?","M","M","?","E","R","E","T","M","?","?","E","$","R","BOSS","M","?","M","?","M","E","R","E","T","R","?","E","?","$","R","BOSS","M","?","M","M","?","E","M","E","T","?","E","M","?","$","R","BOSS","R","$","E","BOSS"],"items_purchased_type":["Card","Relic","Card","Relic"],"build_version":"2020-12-22","purchased_purges":4,"victory":true,"max_hp_per_floor":[70,70,70,70,70,70,70,70,70,70,70,70,70,70,70,70,70,70,70,70,70,70,70,70,84,84,84,84,86,86,86,86,86,86,86,86,88,90,90,90,92,94,94,89,91,93,93,93,93,93,93,93,93,95,95],"card_choices":[{"not_picked":["Outmaneuver","Deadly Poison"],"picked":"Acrobatics","floor":1.0},{"not_picked":["Sucker Punch","Expertise","Outmaneuver"],"picked":"SKIP","floor":3.0},{"not_picked":["Caltrops","Blade Dance"],"picked":"Heel Hook","floor":4.0},{"not_picked":["Acrobatics","Backflip"],"picked":"Heel Hook","floor":6.0},{"not_picked":["Accuracy","Cloak And Dagger"],"picked":"Prepared","floor":8.0},{"not_picked":["Corpse Explosion","Blade Dance","Poisoned Stab"],"picked":"SKIP","floor":10.0},{"not_picked":["Dagger Spray+1","Deadly Poison"],"picked":"A Thousand Cuts","floor":13.0},{"not_picked":["Dagger Spray+1","Setup+1"],"picked":"Deflect","floor":18.0},{"not_picked":["Deadly Poison","Dodge and Roll"],"picked":"Escape Plan","floor":20.0},{"not_picked":["Underhanded Strike+1","Outmaneuver"],"picked":"Blur+1","floor":21.0},{"not_picked":["Doppelganger","Dagger Spray+1","Flying Knee+1"],"picked":"SKIP","floor":22.0},{"not_picked":["Quick Slash+1","Slice+1"],"picked":"Reflex","floor":23.0},{"not_picked":["Backstab+1","PiercingWail"],"picked":"Terror+1","floor":25.0},{"not_picked":["Sucker Punch+1","PiercingWail","A Thousand Cuts"],"picked":"Singing Bowl","floor":29.0},{"not_picked":["Venomology","Wraith Form v2"],"picked":"After Image","floor":33.0},{"not_picked":["Quick Slash+1","Deflect"],"picked":"Slice+1","floor":35.0},{"not_picked":["PiercingWail","Terror","Cloak And Dagger+1"],"picked":"Singing Bowl","floor":37.0},{"not_picked":["Backstab+1","Backflip+1","Quick Slash+1"],"picked":"Singing Bowl","floor":38.0},{"not_picked":["Infinite Blades+1","Dodge and Roll"],"picked":"Adrenaline","floor":40.0},{"not_picked":["Blur","Sucker Punch+1","Dagger Spray+1"],"picked":"Singing Bowl","floor":41.0},{"not_picked":["Caltrops+1","Blur","Venomology"],"picked":"Singing Bowl","floor":42.0},{"not_picked":["Skewer+1","Calculated Gamble","Well Laid Plans"],"picked":"Singing Bowl","floor":45.0},{"not_picked":["Sucker Punch+1","Dagger Throw+1","Deadly Poison+1"],"picked":"Singing Bowl","floor":46.0},{"not_picked":["All Out Attack+1","Blade Dance","Flying Knee+1"],"picked":"Singing Bowl","floor":54}],"player_experience":1056306,"relics_obtained":[{"floor":6.0,"key":"Bag of Preparation"},{"floor":8.0,"key":"Akabeko"},{"floor":9.0,"key":"Vajra"},{"floor":11.0,"key":"Gambling Chip"},{"floor":13.0,"key":"Molten Egg 2"},{"floor":23.0,"key":"Singing Bowl"},{"floor":25.0,"key":"Mango"},{"floor":26.0,"key":"CeramicFish"},{"floor":29.0,"key":"Anchor"},{"floor":40.0,"key":"War Paint"},{"floor":42.0,"key":"PreservedInsect"},{"floor":45.0,"key":"Ornamental Fan"},{"floor":54,"key":"Incense Burner"}],"event_choices":[{"damage_healed":0.0,"max_hp_gain":0.0,"max_hp_loss":0.0,"gold_gain":0.0,"event_name":"Match and Keep!","player_choice":"2 cards matched","floor":2.0,"gold_loss":0.0,"damage_taken":0.0,"cards_obtained":["Bandage Up","Neutralize"]},{"damage_healed":0.0,"max_hp_gain":0.0,"max_hp_loss":0.0,"gold_gain":0.0,"event_name":"WeMeetAgain","player_choice":"Gave Potion","floor":12.0,"gold_loss":0.0,"damage_taken":0.0,"relics_obtained":["Blood Vial"]},{"damage_healed":0.0,"max_hp_gain":0.0,"max_hp_loss":0.0,"gold_gain":0.0,"event_name":"Lab","player_choice":"Got Potions","floor":19.0,"gold_loss":0.0,"damage_taken":0.0},{"damage_healed":0.0,"max_hp_gain":0.0,"max_hp_loss":0.0,"gold_gain":250.0,"event_name":"The Joust","player_choice":"Bet on Owner","floor":28.0,"gold_loss":50.0,"damage_taken":0.0},{"cards_removed":["Heel Hook"],"damage_healed":0.0,"max_hp_gain":0.0,"max_hp_loss":0.0,"gold_gain":0.0,"event_name":"Falling","player_choice":"Removed Attack","floor":36.0,"gold_loss":0.0,"damage_taken":0.0},{"damage_healed":0.0,"max_hp_gain":0.0,"max_hp_loss":0.0,"gold_gain":0.0,"event_name":"Tomb of Lord Red Mask","player_choice":"Ignored","floor":39.0,"gold_loss":0.0,"damage_taken":0.0},{"damage_healed":0.0,"max_hp_gain":0.0,"max_hp_loss":5.0,"gold_gain":0.0,"event_name":"Winding Halls","player_choice":"Max HP","floor":44.0,"gold_loss":0.0,"damage_taken":0.0}],"is_beta":false,"boss_relics":[{"not_picked":["Philosopher\u0027s Stone","Coffee Dripper"],"picked":"Ring of the Serpent"},{"not_picked":["Snecko Eye","Sozu"],"picked":"Empty Cage"}],"items_purged_floors":[5,14,30,47],"is_endless":false,"potions_floor_spawned":[1,4,8,13,18,21,35,38,42,54],"ascension_level":1}}