{"host":"axuns55dzq466eei","time":1610777191,"event":{"mods":["BaseMod","Colored Map","Keyboard Shortcuts","Minty Spire (QoL Compilation)","StSLib","SuperFastMode"],"gold_per_floor":[117,117,117,131,131,131,164,164,241,256,256,83,96,127,127,198,198,210,73,86,86,86],"floor_reached":21,"language":"KOR","playtime":733,"items_purged":["Strike_B","Strike_B"],"score":374,"play_id":"75567470-555e-4d20-a17a-865396c33389","local_time":"20210116150631","is_ascension_mode":true,"campfire_choices":[{"data":"Defragment","floor":6,"key":"SMITH"},{"data":"Recycle","floor":8,"key":"SMITH"},{"data":"Zap","floor":15,"key":"SMITH"}],"circlet_count":0,"master_deck":["AscendersBane","Strike_B+1","Defend_B","Defend_B","Defend_B+1","Zap+1","Dualcast","Cold Snap","Defragment+1","Ball Lightning","Recycle+1","Compile Driver","Undo","Undo","Core Surge","Fusion"],"relics":["Cracked Core","Frozen Egg 2","Eternal Feather","Torii","Runic Pyramid"],"acts_visited":["Exordium","TheCity"],"potions_floor_usage":[14,14],"damage_taken":[{"damage":0,"enemies":"2 Louse","floor":1,"turns":4},{"damage":1,"enemies":"Jaw Worm","floor":4,"turns":3},{"damage":17,"enemies":"3 Sentries","floor":7,"turns":7},{"damage":0,"enemies":"Cultist","floor":10,"turns":3},{"damage":3,"enemies":"Looter","floor":13,"turns":3},{"damage":8,"enemies":"Gremlin Nob","floor":14,"turns":3},{"damage":18,"enemies":"Hexaghost","floor":16,"turns":12},{"damage":21,"enemies":"3 Byrds","floor":18,"turns":5},{"damage":17,"enemies":"Shell Parasite","floor":20,"turns":4},{"damage":18,"enemies":"Snake Plant","floor":21,"turns":2}],"seed_played":"5996768585986376780","potions_obtained":[{"floor":1,"key":"Strength Potion"},{"floor":16,"key":"PowerPotion"}],"is_trial":false,"path_per_floor":["M","?","?","M","?","R","E","R","T","M","T","$","M","E","R","B",null,"M","$","M","M"],"character_chosen":"DEFECT","items_purchased":["Undo","PowerPotion","Fusion"],"campfire_rested":0,"item_purchase_floors":[12,12,19],"current_hp_per_floor":[64,43,43,42,42,42,25,25,25,25,25,25,22,14,23,5,55,34,34,17,0,0],"gold":86,"neow_bonus":"TRANSFORM_CARD","is_daily":false,"chose_seed":false,"campfire_upgraded":3,"win_rate":0.0,"timestamp":1610777191,"path_taken":["M","?","?","M","?","R","E","R","T","M","?","$","M","E","R","BOSS","M","$","M","M"],"items_purchased_type":["Card","Potion","Card"],"build_version":"2020-12-22","purchased_purges":2,"victory":false,"max_hp_per_floor":[71,71,71,71,71,71,71,71,71,71,71,71,71,71,71,71,71,71,71,71,71,71],"card_choices":[{"not_picked":["Consume","Streamline"],"picked":"Defragment","floor":1},{"not_picked":["Conserve Battery","Barrage"],"picked":"Ball Lightning","floor":4},{"not_picked":["Sweeping Beam","Turbo"],"picked":"Recycle","floor":7},{"not_picked":["Gash","Stack"],"picked":"Compile Driver","floor":10},{"not_picked":["Ball Lightning","Barrage","Melter"],"picked":"SKIP","floor":13},{"not_picked":["Hello World+1","Leap"],"picked":"Undo","floor":14},{"not_picked":["Hyperbeam","Fission"],"picked":"Core Surge","floor":16},{"not_picked":["Reinforced Body","Ball Lightning","Rebound+1"],"picked":"SKIP","floor":18},{"not_picked":["Static Discharge+1","Redo","Sunder"],"picked":"SKIP","floor":20}],"player_experience":1076377,"relics_obtained":[{"floor":9,"key":"Frozen Egg 2"},{"floor":11,"key":"Eternal Feather"},{"floor":14,"key":"Torii"}],"event_choices":[{"damage_healed":0,"gold_gain":0,"player_choice":"Entered Light","damage_taken":21,"max_hp_gain":0,"max_hp_loss":0,"event_name":"Shining Light","floor":2,"gold_loss":0,"cards_upgraded":["Strike_B","Defend_B"]},{"cards_removed":["Strike_B"],"damage_healed":0,"gold_gain":0,"player_choice":"Forget","damage_taken":0,"max_hp_gain":0,"max_hp_loss":0,"event_name":"Living Wall","floor":3,"gold_loss":0},{"damage_healed":0,"gold_gain":0,"player_choice":"Ignored","damage_taken":0,"max_hp_gain":0,"max_hp_loss":0,"event_name":"Liars Game","floor":5,"gold_loss":0}],"is_beta":false,"boss_relics":[{"not_picked":["Fusion Hammer","Sozu"],"picked":"Runic Pyramid"}],"items_purged_floors":[12,19],"is_endless":false,"potions_floor_spawned":[1,13,16],"killed_by":"Snake Plant","ascension_level":20}}