{"host":"zekcc3vicrep0och","time":1610808164,"event":{"mods":["AchievementEnabler","BaseMod","Colored Map","Colored Powertips","Displayed Cursed Tome","Highlight Path","Minty Spire (QoL Compilation)","Quick Restart","Relic Stats","StSLib","The Cursed"],"gold_per_floor":[112,130,146,146,156,156,183,183,183,199,225,225,251,133,133,212,212,229,264,77,92,17,44,44,44,44,78,78,92,92,106,106,183,233,244,244,43,1042,1056,1056,1278,768,817,830,847,847,879,897,897,897],"floor_reached":51,"language":"ENG","playtime":2662,"items_purged":["Strike_G","Slice","Normality"],"score":1410,"play_id":"7b3556e6-f675-4b31-9ab2-582e58fe9dbb","local_time":"20210116174244","is_ascension_mode":true,"campfire_choices":[{"floor":6.0,"key":"REST"},{"data":"Neutralize","floor":8.0,"key":"SMITH"},{"floor":12.0,"key":"REST"},{"data":"Burst","floor":15.0,"key":"SMITH"},{"floor":28.0,"key":"REST"},{"floor":30.0,"key":"REST"},{"data":"Catalyst","floor":32.0,"key":"SMITH"},{"data":"PiercingWail","floor":40.0,"key":"SMITH"},{"floor":49.0,"key":"REST"}],"circlet_count":0,"master_deck":["AscendersBane","Strike_G+1","Strike_G+1","Strike_G+1","Defend_G+1","Defend_G+1","Defend_G+1","Defend_G+1","Defend_G+1","Survivor","Neutralize+1","Corpse Explosion+1","Bouncing Flask","Backflip","Deadly Poison","Terror","Bane","Well Laid Plans","Burst+1","Escape Plan","Adrenaline","PiercingWail","Catalyst+1","Venomology","Blur","Acrobatics","Reflex+1","Crippling Poison","Dark Shackles","Bandage Up","PiercingWail+1","Normality","Escape Plan","Backflip","Backflip","Leg Sweep","Writhe","Dagger Throw+1"],"relics":["Ring of the Snake","StrikeDummy","CaptainsWheel","Dead Branch","Akabeko","Snecko Eye","Red Mask","Ornamental Fan","Mummified Hand","Lantern","Tiny House","Vajra","Membership Card","Pen Nib","Ice Cream","Boot","Incense Burner"],"acts_visited":["Exordium","TheCity","TheBeyond"],"potions_floor_usage":[50,50],"damage_taken":[{"damage":1.0,"enemies":"Small Slimes","floor":1.0,"turns":4.0},{"damage":0.0,"enemies":"2 Louse","floor":2.0,"turns":2.0},{"damage":6.0,"enemies":"Jaw Worm","floor":3.0,"turns":4.0},{"damage":2.0,"enemies":"3 Louse","floor":5.0,"turns":2.0},{"damage":19.0,"enemies":"3 Sentries","floor":7.0,"turns":5.0},{"damage":4.0,"enemies":"Large Slime","floor":10.0,"turns":7.0},{"damage":8.0,"enemies":"Gremlin Nob","floor":11.0,"turns":3.0},{"damage":6.0,"enemies":"Lagavulin","floor":13.0,"turns":7.0},{"damage":31.0,"enemies":"Hexaghost","floor":16.0,"turns":9.0},{"damage":0.0,"enemies":"Chosen","floor":18.0,"turns":4.0},{"damage":0.0,"enemies":"Masked Bandits","floor":19.0,"turns":2.0},{"damage":0.0,"enemies":"3 Byrds","floor":21.0,"turns":3.0},{"damage":27.0,"enemies":"Gremlin Leader","floor":23.0,"turns":5.0},{"damage":4.0,"enemies":"Book of Stabbing","floor":27.0,"turns":4.0},{"damage":3.0,"enemies":"Centurion and Healer","floor":29.0,"turns":6.0},{"damage":0.0,"enemies":"Cultist and Chosen","floor":31.0,"turns":4.0},{"damage":11.0,"enemies":"Champ","floor":33.0,"turns":7.0},{"damage":0.0,"enemies":"3 Shapes","floor":35.0,"turns":3.0},{"damage":0.0,"enemies":"Orb Walker","floor":39.0,"turns":1.0},{"damage":0.0,"enemies":"Writhing Mass","floor":44.0,"turns":2.0},{"damage":23.0,"enemies":"Sphere and 2 Shapes","floor":45.0,"turns":6.0},{"damage":25.0,"enemies":"Reptomancer","floor":47.0,"turns":4.0},{"damage":1.0,"enemies":"Transient","floor":48.0,"turns":6.0},{"damage":47,"enemies":"Donu and Deca","floor":50,"turns":8}],"seed_played":"4593768313586379999","potions_obtained":[{"floor":1.0,"key":"GamblersBrew"},{"floor":7.0,"key":"Energy Potion"},{"floor":10.0,"key":"ColorlessPotion"},{"floor":13.0,"key":"SmokeBomb"},{"floor":16.0,"key":"Block Potion"},{"floor":23.0,"key":"CultistPotion"},{"floor":29.0,"key":"Dexterity Potion"},{"floor":34.0,"key":"Block Potion"},{"floor":35.0,"key":"PowerPotion"},{"floor":47.0,"key":"Poison Potion"},{"floor":48.0,"key":"LiquidMemories"}],"is_trial":false,"path_per_floor":["M","M","M","?","M","R","E","R","T","M","E","R","E","$","R","B",null,"M","?","$","M","?","E","?","?","T","E","R","M","R","M","R","B",null,"M","?","$","?","M","R","?","$","T","M","M","?","E","M","R","B",null],"character_chosen":"THE_SILENT","items_purchased":["Escape Plan","Catalyst","Vajra","PiercingWail","Membership Card","Pen Nib","Ice Cream","Backflip"],"campfire_rested":5,"item_purchase_floors":[14,20,37,37,42,42,42,42],"current_hp_per_floor":[43,43,37,37,35,54,35,35,35,31,23,42,36,36,36,5,51,51,51,51,51,51,24,24,24,24,20,39,36,55,55,55,44,66,66,61,61,61,61,61,61,61,61,61,42,56,31,34,55,8],"gold":897,"neow_bonus":"THREE_RARE_CARDS","is_daily":false,"chose_seed":false,"campfire_upgraded":4,"win_rate":0.0,"timestamp":1610808164,"path_taken":["M","M","M","?","M","R","E","R","T","M","E","R","E","$","R","BOSS","M","?","$","M","?","E","?","?","T","E","R","M","R","M","R","BOSS","M","?","$","?","M","R","?","$","T","M","M","?","E","M","R","BOSS"],"items_purchased_type":["Card","Card","Relic","Card","Relic","Relic","Relic","Card"],"build_version":"2020-12-22","purchased_purges":3,"victory":true,"max_hp_per_floor":[66,66,66,66,66,66,66,66,66,66,66,66,66,66,66,66,66,66,66,66,66,66,66,66,66,66,66,66,66,66,66,66,66,71,71,71,71,71,71,71,71,71,71,71,71,71,71,71,71,71],"relic_stats":{"counters":[24,108],"Ornamental Fan":[16],"Mummified Hand":[22],"Dead Branch":[105],"Snecko Eye":[113,141,129,133],"Pen Nib":[1],"Boot":[0],"obtain_stats":[{"Ice Cream":42,"Lantern":27,"Tiny House":34,"Dead Branch":11,"Vajra":37,"Pen Nib":42,"Incense Burner":47,"Boot":43,"Akabeko":13,"CaptainsWheel":9,"Ornamental Fan":23,"Mummified Hand":26,"Snecko Eye":17,"Red Mask":19,"Membership Card":42,"StrikeDummy":7,"Ring of the Snake":0},{"Ice Cream":19,"Lantern":14,"Tiny House":17,"Dead Branch":7,"Vajra":18,"Pen Nib":19,"Incense Burner":22,"Boot":19,"Akabeko":8,"CaptainsWheel":5,"Ornamental Fan":13,"Mummified Hand":13,"Snecko Eye":9,"Red Mask":11,"Membership Card":19,"StrikeDummy":5,"Ring of the Snake":0},{"Ice Cream":82,"Lantern":61,"Tiny House":78,"Dead Branch":27,"Vajra":81,"Pen Nib":82,"Incense Burner":94,"Boot":82,"Akabeko":34,"CaptainsWheel":17,"Ornamental Fan":57,"Mummified Hand":57,"Snecko Eye":43,"Red Mask":49,"Membership Card":82,"StrikeDummy":17,"Ring of the Snake":0}],"Ring of the Snake":[48]},"card_choices":[{"not_picked":["Night Terror","Storm of Steel"],"picked":"Corpse Explosion","floor":0.0},{"not_picked":["Eviscerate","Calculated Gamble"],"picked":"Slice","floor":1.0},{"not_picked":["All Out Attack","Riddle With Holes"],"picked":"Bouncing Flask","floor":2.0},{"not_picked":["Quick Slash","Acrobatics"],"picked":"Backflip","floor":3.0},{"not_picked":["Underhanded Strike","Outmaneuver"],"picked":"Deadly Poison","floor":5.0},{"not_picked":["Underhanded Strike","Flechettes"],"picked":"Terror","floor":7.0},{"not_picked":["Dash","Predator"],"picked":"Bane","floor":10.0},{"not_picked":["Calculated Gamble","Prepared"],"picked":"Well Laid Plans","floor":11.0},{"not_picked":["Prepared","Bane"],"picked":"Burst","floor":13.0},{"not_picked":["Corpse Explosion","Storm of Steel"],"picked":"Adrenaline","floor":16.0},{"not_picked":["Acrobatics","Dagger Throw"],"picked":"PiercingWail","floor":18.0},{"not_picked":["Bane","Accuracy","Dagger Spray"],"picked":"SKIP","floor":21.0},{"not_picked":["Blade Dance","Deadly Poison"],"picked":"Venomology","floor":23.0},{"not_picked":["Blade Dance+1","Flying Knee"],"picked":"Blur","floor":27.0},{"not_picked":["Sucker Punch","Skewer"],"picked":"Acrobatics","floor":29.0},{"not_picked":["Setup","Deflect"],"picked":"Reflex+1","floor":31.0},{"not_picked":["Cloak And Dagger","Flying Knee"],"picked":"Crippling Poison","floor":34.0},{"not_picked":["Backstab","Dagger Spray+1","Dodge and Roll"],"picked":"SKIP","floor":35.0},{"not_picked":["Transmutation","Purity"],"picked":"Dark Shackles","floor":36.0},{"not_picked":["Magnetism","Secret Weapon"],"picked":"Bandage Up","floor":36.0},{"not_picked":["Dagger Spray+1","Backflip"],"picked":"Escape Plan","floor":39.0},{"not_picked":["Cloak And Dagger","Sucker Punch"],"picked":"Backflip","floor":44.0},{"not_picked":["Backflip","Deflect"],"picked":"Leg Sweep","floor":45.0},{"not_picked":["Distraction+1","Blade Dance"],"picked":"Dagger Throw+1","floor":47.0},{"not_picked":["PiercingWail","Underhanded Strike","Dagger Throw"],"picked":"SKIP","floor":48.0}],"player_experience":535924,"relics_obtained":[{"floor":7.0,"key":"StrikeDummy"},{"floor":9.0,"key":"CaptainsWheel"},{"floor":11.0,"key":"Dead Branch"},{"floor":13.0,"key":"Akabeko"},{"floor":19.0,"key":"Red Mask"},{"floor":23.0,"key":"Ornamental Fan"},{"floor":26.0,"key":"Mummified Hand"},{"floor":27.0,"key":"Lantern"},{"floor":43.0,"key":"Boot"},{"floor":47.0,"key":"Incense Burner"}],"event_choices":[{"damage_healed":0.0,"max_hp_gain":0.0,"max_hp_loss":0.0,"gold_gain":0.0,"event_name":"Golden Idol","player_choice":"Ignored","floor":4.0,"gold_loss":0.0,"damage_taken":0.0},{"damage_healed":0.0,"max_hp_gain":0.0,"max_hp_loss":0.0,"gold_gain":0.0,"event_name":"Masked Bandits","player_choice":"Fought Bandits","floor":19.0,"gold_loss":0.0,"damage_taken":0.0},{"cards_removed":["Strike_G"],"damage_healed":0.0,"max_hp_gain":0.0,"max_hp_loss":0.0,"gold_gain":0.0,"event_name":"Beggar","player_choice":"Gave Gold","floor":22.0,"gold_loss":75.0,"damage_taken":0.0},{"damage_healed":0.0,"max_hp_gain":0.0,"max_hp_loss":0.0,"gold_gain":0.0,"event_name":"Back to Basics","player_choice":"Simplicity","floor":24.0,"gold_loss":0.0,"damage_taken":0.0,"cards_upgraded":["Strike_G","Strike_G","Strike_G","Defend_G","Defend_G","Defend_G","Defend_G","Defend_G"]},{"damage_healed":0.0,"max_hp_gain":0.0,"max_hp_loss":0.0,"gold_gain":0.0,"event_name":"Vampires","player_choice":"Ignored","floor":25.0,"gold_loss":0.0,"damage_taken":0.0},{"damage_healed":0.0,"max_hp_gain":0.0,"max_hp_loss":0.0,"gold_gain":0.0,"event_name":"SensoryStone","player_choice":"Memory 2","floor":36.0,"gold_loss":0.0,"damage_taken":5.0},{"damage_healed":0.0,"max_hp_gain":0.0,"max_hp_loss":0.0,"gold_gain":999.0,"event_name":"MindBloom","player_choice":"Gold","floor":38.0,"gold_loss":0.0,"damage_taken":0.0,"cards_obtained":["Normality","Normality"]},{"damage_healed":0.0,"max_hp_gain":0.0,"max_hp_loss":0.0,"gold_gain":222.0,"event_name":"Tomb of Lord Red Mask","player_choice":"Wore Mask","floor":41.0,"gold_loss":0.0,"damage_taken":0.0},{"damage_healed":14.0,"max_hp_gain":0.0,"max_hp_loss":0.0,"gold_gain":0.0,"event_name":"Winding Halls","player_choice":"Writhe","floor":46.0,"gold_loss":0.0,"damage_taken":0.0,"cards_obtained":["Writhe"]}],"is_beta":false,"boss_relics":[{"not_picked":["SlaversCollar","Busted Crown"],"picked":"Snecko Eye"},{"not_picked":["Cursed Key","Pandora\u0027s Box"],"picked":"Tiny House"}],"items_purged_floors":[14,20,42],"is_endless":false,"potions_floor_spawned":[1,7,10,13,16,23,27,29,35,47,48],"ascension_level":17}}