{"host":"cyg2l0kxxafiqofp","time":1610829687,"event":{"mods":["BaseMod","Colored Map","Colored Powertips","Minty Spire (QoL Compilation)","Quick Restart"],"gold_per_floor":[109,120,138,161,161,161,187,202,202,227,246,259,75,93,93,197,197,217,217,235,62,74,103,103,113,113,146,146,77,94,114,114,210,210,220,240,40,58,70,97,97,116,141,151,184,184,212,212,212,212,212,212,12,46,46],"floor_reached":56,"language":"ENG","playtime":9720,"items_purged":["Electrodynamics","Zap","Dualcast","Decay"],"score":1420,"play_id":"bc239b2b-6440-4934-856e-aed8734cfc26","local_time":"20210116154127","is_ascension_mode":true,"campfire_choices":[{"floor":6.0,"key":"RECALL"},{"data":"Aggregate","floor":15.0,"key":"SMITH"},{"data":"Defragment","floor":28,"key":"SMITH"},{"data":"Defragment","floor":32,"key":"SMITH"},{"data":"Consume","floor":41,"key":"SMITH"},{"data":"Loop","floor":46,"key":"SMITH"},{"data":"Storm","floor":49,"key":"SMITH"},{"data":"Capacitor","floor":52,"key":"SMITH"}],"circlet_count":0,"master_deck":["Glacier","Electrodynamics","Sunder","Consume+1","Self Repair","Darkness","Chill","Self Repair","Sweeping Beam","Capacitor+1","Force Field","Coolheaded","Conserve Battery","Conserve Battery","Defragment+1","Skim","Self Repair","Aggregate+1","Reboot","Coolheaded+1","Hologram","Capacitor","Lockon+1","FTL","Barrage+1","Defragment+1","Creative AI","Compile Driver+1","Storm+1","Go for the Eyes+1","Loop+1","Clumsy","Loop+1","Streamline+1","Echo Form"],"relics":["Pandora\u0027s Box","Art of War","Vajra","InkBottle","Gremlin Horn","Black Star","Mercury Hourglass","Ancient Tea Set","White Beast Statue","Mummified Hand","Cursed Key","Bottled Flame","Kunai","Strawberry","Pantograph","TungstenRod","Boot","Ice Cream","Pear","Bottled Lightning","Blood Vial"],"acts_visited":["TheCity","TheBeyond","TheEnding"],"potions_floor_usage":[23,25,27,27,35,36,38,40,45,50,55,55,55],"damage_taken":[{"damage":10.0,"enemies":"Cultist","floor":1.0,"turns":4.0},{"damage":14.0,"enemies":"Small Slimes","floor":2.0,"turns":2.0},{"damage":13.0,"enemies":"2 Louse","floor":3.0,"turns":2.0},{"damage":13.0,"enemies":"Gremlin Nob","floor":7.0,"turns":4.0},{"damage":22.0,"enemies":"Red Slaver","floor":8.0,"turns":5.0},{"damage":3.0,"enemies":"3 Sentries","floor":10.0,"turns":4.0},{"damage":9.0,"enemies":"Large Slime","floor":11.0,"turns":6.0},{"damage":0.0,"enemies":"2 Fungi Beasts","floor":12.0,"turns":4.0},{"damage":2.0,"enemies":"Blue Slaver","floor":14.0,"turns":5.0},{"damage":42.0,"enemies":"Hexaghost","floor":16.0,"turns":7.0},{"damage":12,"enemies":"Chosen","floor":18,"turns":7},{"damage":2,"enemies":"Spheric Guardian","floor":20,"turns":6},{"damage":8,"enemies":"3 Cultists","floor":22,"turns":7},{"damage":49,"enemies":"Slavers","floor":23,"turns":6},{"damage":19,"enemies":"Snake Plant","floor":25,"turns":5},{"damage":36,"enemies":"Book of Stabbing","floor":27,"turns":8},{"damage":12,"enemies":"Centurion and Healer","floor":30,"turns":4},{"damage":0,"enemies":"Snecko","floor":31,"turns":4},{"damage":27,"enemies":"Automaton","floor":33,"turns":9},{"damage":38,"enemies":"3 Darklings","floor":35,"turns":4},{"damage":0,"enemies":"Orb Walker","floor":36,"turns":2},{"damage":30,"enemies":"Writhing Mass","floor":38,"turns":3},{"damage":5,"enemies":"Sphere and 2 Shapes","floor":39,"turns":3},{"damage":22,"enemies":"Nemesis","floor":40,"turns":5},{"damage":7,"enemies":"3 Darklings","floor":42,"turns":3},{"damage":0,"enemies":"Transient","floor":44,"turns":5},{"damage":0,"enemies":"Reptomancer","floor":45,"turns":5},{"damage":5,"enemies":"Nemesis","floor":47,"turns":5},{"damage":21,"enemies":"Donu and Deca","floor":50,"turns":5},{"damage":3,"enemies":"Shield and Spear","floor":54,"turns":3},{"damage":18,"enemies":"The Heart","floor":55,"turns":6}],"seed_played":"8708932233981755869","potions_obtained":[{"floor":1.0,"key":"Regen Potion"},{"floor":2.0,"key":"Weak Potion"},{"floor":11.0,"key":"Regen Potion"},{"floor":12.0,"key":"LiquidBronze"},{"floor":16.0,"key":"Block Potion"},{"floor":22,"key":"GamblersBrew"},{"floor":25,"key":"Regen Potion"},{"floor":27,"key":"Fruit Juice"},{"floor":30,"key":"Energy Potion"},{"floor":31,"key":"SpeedPotion"},{"floor":33,"key":"DuplicationPotion"},{"floor":35,"key":"Energy Potion"},{"floor":36,"key":"FocusPotion"},{"floor":38,"key":"Swift Potion"},{"floor":40,"key":"Energy Potion"},{"floor":44,"key":"AttackPotion"},{"floor":45,"key":"Ancient Potion"}],"is_trial":false,"path_per_floor":["M","M","M","T","?","R","E","M","T","E","M","M","$","M","R","B",null,"M","?","M","$","M","E","?","M","T","E","R","$","M","M","R","B",null,"M","M","$","M","M","E","R","M","T","M","E","R","E","T","R","B",null,"R","$","E","B",null],"character_chosen":"DEFECT","items_purchased":["Skim","Self Repair","Capacitor","Defragment","Storm","FocusPotion"],"campfire_rested":0,"item_purchase_floors":[13,13,21,29,37,53],"current_hp_per_floor":[72,58,59,59,59,59,60,52,52,63,68,75,75,75,75,75,75,75,75,75,75,75,47,47,49,49,54,54,54,63,80,80,74,80,63,77,77,54,70,69,69,76,83,87,87,87,87,97,97,97,97,97,97,97,97],"gold":46,"neow_bonus":"BOSS_RELIC","is_daily":false,"chose_seed":false,"campfire_upgraded":7,"win_rate":0.0,"timestamp":1610829687,"path_taken":["M","M","M","?","?","R","E","?","T","E","M","M","$","M","R","BOSS","M","?","M","$","M","E","?","M","T","E","R","$","M","M","R","BOSS","M","M","?","?","M","E","R","M","T","M","E","R","E","?","R","BOSS","R","$","E","BOSS"],"items_purchased_type":["Card","Card","Card","Card","Card","Potion"],"build_version":"2020-12-22","purchased_purges":4,"victory":true,"max_hp_per_floor":[75,75,75,75,75,75,75,75,75,75,75,75,75,75,75,75,75,75,75,75,75,75,75,75,75,75,80,80,80,80,80,80,80,80,80,80,80,80,80,80,80,80,87,87,87,87,87,97,97,97,97,97,97,97,97],"card_choices":[{"not_picked":["Melter","Darkness"],"picked":"Self Repair","floor":1.0},{"not_picked":["Go for the Eyes","Hologram"],"picked":"Sweeping Beam","floor":2.0},{"not_picked":["Turbo","Defragment"],"picked":"Capacitor","floor":3.0},{"not_picked":["Ball Lightning","Hologram"],"picked":"Coolheaded","floor":7.0},{"not_picked":["Beam Cell","Leap"],"picked":"Conserve Battery","floor":8.0},{"not_picked":["Streamline","Compile Driver"],"picked":"Conserve Battery","floor":10.0},{"not_picked":["Go for the Eyes","Redo"],"picked":"Conserve Battery","floor":11.0},{"not_picked":["Coolheaded","Reinforced Body"],"picked":"Defragment","floor":12.0},{"not_picked":["Recycle","Go for the Eyes"],"picked":"Aggregate","floor":14.0},{"not_picked":["Meteor Strike","Thunder Strike"],"picked":"Reboot","floor":16.0},{"not_picked":["Reinforced Body","Rebound"],"picked":"Coolheaded+1","floor":18},{"not_picked":["Barrage","Gash"],"picked":"Hologram","floor":20},{"not_picked":["Redo","White Noise","Heatsinks+1"],"picked":"SKIP","floor":22},{"not_picked":["Biased Cognition","Coolheaded"],"picked":"Lockon+1","floor":23},{"not_picked":["Compile Driver","Go for the Eyes"],"picked":"FTL","floor":25},{"not_picked":["Heatsinks","Fusion"],"picked":"Barrage+1","floor":27},{"not_picked":["Rebound","Coolheaded","Turbo+1"],"picked":"SKIP","floor":30},{"not_picked":["Steam","Glacier","Consume"],"picked":"SKIP","floor":31},{"not_picked":["Core Surge","Amplify"],"picked":"Creative AI","floor":33},{"not_picked":["White Noise","Stack"],"picked":"Compile Driver+1","floor":35},{"not_picked":["Go for the Eyes","Darkness","Double Energy+1"],"picked":"SKIP","floor":36},{"not_picked":["Lockon","Steam+1","Undo+1"],"picked":"SKIP","floor":38},{"not_picked":["Hologram","Coolheaded+1","BootSequence+1"],"picked":"SKIP","floor":39},{"not_picked":["Buffer","Doom and Gloom"],"picked":"Go for the Eyes+1","floor":40},{"not_picked":["Beam Cell","Chill+1"],"picked":"Loop+1","floor":42},{"not_picked":["Scrape","FTL+1","Doom and Gloom"],"picked":"SKIP","floor":44},{"not_picked":["Chill","Scrape"],"picked":"Loop","floor":45},{"not_picked":["Sweeping Beam+1","Melter+1"],"picked":"Streamline+1","floor":47},{"not_picked":["Heatsinks","Sweeping Beam"],"picked":"Echo Form","floor":54}],"player_experience":191059,"relics_obtained":[{"floor":4.0,"key":"Art of War"},{"floor":7.0,"key":"Vajra"},{"floor":9.0,"key":"InkBottle"},{"floor":10.0,"key":"Gremlin Horn"},{"floor":23,"key":"Mercury Hourglass"},{"floor":23,"key":"Ancient Tea Set"},{"floor":27,"key":"White Beast Statue"},{"floor":27,"key":"Mummified Hand"},{"floor":40,"key":"Bottled Flame"},{"floor":40,"key":"Kunai"},{"floor":43,"key":"Strawberry"},{"floor":45,"key":"Pantograph"},{"floor":45,"key":"TungstenRod"},{"floor":47,"key":"Boot"},{"floor":47,"key":"Ice Cream"},{"floor":48,"key":"Pear"},{"floor":54,"key":"Bottled Lightning"},{"floor":54,"key":"Blood Vial"}],"event_choices":[{"damage_healed":0.0,"max_hp_gain":0.0,"max_hp_loss":0.0,"gold_gain":0.0,"event_name":"Match and Keep!","player_choice":"1 cards matched","floor":5.0,"gold_loss":0.0,"damage_taken":0.0,"cards_obtained":["Force Field"]},{"damage_healed":0,"gold_gain":0,"player_choice":"Ignored","damage_taken":0,"max_hp_gain":0,"max_hp_loss":0,"event_name":"Vampires","floor":19,"gold_loss":0},{"cards_removed":["Conserve Battery"],"damage_healed":0,"gold_gain":0,"player_choice":"Card Removal","damage_taken":0,"max_hp_gain":0,"max_hp_loss":0,"event_name":"Wheel of Change","floor":24,"gold_loss":0}],"is_beta":false,"boss_relics":[{"not_picked":["Coffee Dripper","Tiny House"],"picked":"Black Star"},{"not_picked":["Busted Crown","Fusion Hammer"],"picked":"Cursed Key"}],"items_purged_floors":[13,21,37,53],"is_endless":false,"potions_floor_spawned":[1,2,11,12,16,22,25,27,30,31,33,35,36,38,39,40,42,44,45,47,54],"ascension_level":2}}