{"host":"m6ptjq1h7q0nif66","time":1610762540,"event":{"mods":["2.2 Compatiblity","A Magickal Journey","Aspiration","Bard","BaseMod","Beaked The Cultist","Bestiary","Better Third Choice","BetterRewards","Colored Map","Colored Powertips","Googly Eyes","Halation","Hermit","Hubris","Infinite Spire","Jorbs\u0027s Wanderer Trilogy","Minty Spire (QoL Compilation)","Permanent Neow","Quick Restart","Relic Stats","Remove Card Discount Mod","Replay The Spire","Robot Space Explorer","Shop Mod","StSLib","SuperFastMode","The Blackbeard","The Bladedancer","The Construct","The Cursed","The Disciple","The Forsaken","The Hierophant","The IronCluck","The Necromancer","The Runesmith"],"gold_per_floor":[113,128,145,145,162,192,192,207,207,223,241,266,266,278,278,382,382,394,409,420,420,435,435,466,481,481,481],"floor_reached":26,"language":"ENG","playtime":2306,"items_purged":["Defend_R","Defend_R","Strike_R"],"score":371,"play_id":"561b7548-c174-47f5-ade3-f71c76b3e52c","local_time":"20210116020220","is_ascension_mode":false,"campfire_choices":[{"data":"Armaments","floor":7.0,"key":"SMITH"},{"data":"Feed","floor":13.0,"key":"SMITH"}],"circlet_count":0,"master_deck":["Strike_R","Strike_R","Strike_R","Strike_R","Defend_R","Defend_R","Bash","Pot Of Greed","Feed+1","Shrug It Off","Pot Of Greed","Pummel","Hemokinesis","Shrug It Off","Run Through","Armaments+1","Pommel Strike","hubris:CleavingFinish","Shrug It Off","Flex","Battle Trance","Juggernaut","Demon Form","Pot Of Greed","Iron Wave+1","Thunderclap+1","Limit Break","Whirlwind+1","Sword Boomerang+1","Twin Strike"],"relics":["Burning Blood","Grinning Jar","Gremlin Horn","hubris:IronBody","Matryoshka","theForsaken:Lifeblossom","hubris:Towel","aspiration:ArtOfWarUpgrade","Akabeko","Bronze Scales","Blood Vial","Sozu","hubris:SphereOfDissonance"],"acts_visited":["Exordium","TheCity"],"potions_floor_usage":[],"damage_taken":[{"damage":15.0,"enemies":"infinitespire:Voidling","floor":1.0,"turns":4.0},{"damage":2.0,"enemies":"Small Slimes","floor":2.0,"turns":3.0},{"damage":0.0,"enemies":"Jaw Worm","floor":3.0,"turns":3.0},{"damage":5.0,"enemies":"Gremlin Gang","floor":5.0,"turns":3.0},{"damage":23.0,"enemies":"3 Sentries","floor":6.0,"turns":7.0},{"damage":0.0,"enemies":"3 Louse","floor":8.0,"turns":4.0},{"damage":5.0,"enemies":"Large Slime","floor":10.0,"turns":5.0},{"damage":4.0,"enemies":"2 Fungi Beasts","floor":11.0,"turns":2.0},{"damage":5.0,"enemies":"Lagavulin","floor":12.0,"turns":5.0},{"damage":9.0,"enemies":"Blue Slaver","floor":14.0,"turns":2.0},{"damage":44.0,"enemies":"The Guardian","floor":16.0,"turns":9.0},{"damage":6.0,"enemies":"2 Thieves","floor":18.0,"turns":2.0},{"damage":0.0,"enemies":"3 Byrds","floor":19.0,"turns":1.0},{"damage":42.0,"enemies":"Cultist and Chosen","floor":20.0,"turns":6.0},{"damage":3.0,"enemies":"Centurion and Healer","floor":22.0,"turns":4.0},{"damage":20.0,"enemies":"Book of Stabbing","floor":24.0,"turns":3.0},{"damage":20.0,"enemies":"Sentry and Sphere","floor":25.0,"turns":5.0}],"seed_played":"-8416538910702022339","potions_obtained":[{"floor":1.0,"key":"Ancient Potion"},{"floor":5.0,"key":"construct:ShiftPotion"},{"floor":10.0,"key":"Reflective Coating"}],"is_trial":false,"path_per_floor":["M","M","M","?","M","E","R","M","T","M","M","E","R","M","R","B",null,"M","M","M","?","M","R","E","M","T"],"character_chosen":"IRONCLAD","items_purchased":["Grinning Jar","Gremlin Horn","Feed","Shrug It Off","hubris:IronBody","Matryoshka","Pummel","theForsaken:Lifeblossom","Hemokinesis","Shrug It Off"],"campfire_rested":0,"item_purchase_floors":[0,0,0,0,0,0,0,0,0,0],"current_hp_per_floor":[79,86,89,89,92,81,81,96,96,102,105,105,105,106,106,71,100,109,113,84,78,93,93,86,84,84,84],"gold":481,"neow_bonus":"","is_daily":false,"chose_seed":false,"campfire_upgraded":2,"win_rate":0.0,"timestamp":1610762540,"path_taken":["M","?","M","?","M","E","R","M","T","M","M","E","R","M","R","BOSS","M","M","M","?","M","R","E","M","T"],"items_purchased_type":["Relic","Relic","Card","Card","Relic","Relic","Card","Relic","Card","Card"],"build_version":"2020-12-22","purchased_purges":3,"victory":false,"max_hp_per_floor":[83,86,89,89,92,95,95,98,98,102,105,105,105,109,109,109,109,113,113,117,117,121,121,121,125,125,125],"relic_stats":{"Blood Vial":12,"Sozu":2,"Gremlin Horn":[13,14],"counters":[131,589],"Bronze Scales":[84],"obtain_stats":[{"Golden Egg":54,"Replay:Accelerometer":53,"infinitespire:BottledMercury":36,"Ginger":0,"Bottled Tornado":54,"hubris:MysteriousPyramids":53,"Sling":0,"halation:HeavySnake":17,"Old Coin":8,"Blood Vial":20,"theForsaken:HumbleEgg":9,"MealTicket":36,"HandDrill":36,"halation:PromiseList":14,"aspiration:DSix":0,"hubris:TinFlute":42,"Replay:Bottled Steam":48,"MerchantsRug":20,"Blue Candle":7,"hubris:SphereOfDissonance":24,"ReplayTheSpireMod:SealedPack":34,"Pen Nib":0,"aspiration:FrozenJewel":0,"Akabeko":0,"infinitespire:EvilPickle":33,"hermit:PetGhost":53,"MutagenicStrength":19,"halation:PenCase":0,"Pandora\u0027s Box":17,"infinitespire:PuzzleCube":0,"Regal Pillow":36,"aspiration:Lifesprig":54,"Lantern":0,"Singing Bowl":24,"Painkiller Herb":34,"StoneCalendar":38,"King of Hearts":0,"Bag of Preparation":0,"Smiling Mask":10,"Ancient Tea Set":23,"Burning Blood":20,"Replay:Rubber Ducky":0,"Matryoshka":26,"infinitespire:Bottled Soul":0,"Ring of Peace":20,"hubris:CuriousFeather":44,"Replay:Lucky Slots":0,"hubris:ChampionShield":0,"InkBottle":43,"construct:ClawGrip":17,"Lee\u0027s Waffle":0,"Replay:M_StaffOfTheSnake":0,"Golden Idol":12,"Self Forming Clay":0,"betterThird:NestCultRelic":31,"infinitespire:Joker Card":0,"PreservedInsect":43,"Omamori":0,"hubris:Towel":4,"hubris:Spice":0,"Ring of Misfortune":22,"Orrery":0,"Ectoplasm":21,"Art of War":0,"Bottled Lightning":11,"halation:AfternoonTea":41,"halation:TwoAmDonut":10,"Champion Belt":0,"halation:PinkSoulGem":37,"ReplayTheSpireMod:Lightbulb":0,"Gremlin Horn":0,"Vajra":44,"halation:StarCompass":7,"hubris:TerracottaHorce":17,"Sozu":20,"Centennial Puzzle":47,"DollysMirror":0,"Strawberry":0,"aspiration:ArtOfWarUpgrade":8,"halation:OrihimeAndHikoboshiSamaAndTears":5,"Ring of Hypnosis":22,"Happy Flower":0,"ReplayTheSpireMod:CursedCoin":26,"aspiration:Nostalgia":0,"Oddly Smooth Stone":26,"infinitespire:Beetle Shell":20,"aspiration:SeaSaltIceCream":26,"halation:Thesaurus":0,"War Paint":10,"Du-Vu Doll":0,"hubris:Zylophone":28,"Shuriken":43,"Brimstone":0,"Bronze Scales":11,"Onion Ring":14,"ReplayTheSpireMod:TigerMarble":12,"Black Star":17,"infinitespire:EmpoweringShard":0,"Grinning Jar":43,"Mirror":0,"hermit:Momento":0,"construct:BoolHorns":0,"halation:PapillonHeart":37,"theForsaken:ScaryMask":0,"theForsaken:Lifeblossom":0,"Juzu Bracelet":30,"hubris:SlimyHat":23,"Replay:Mystery Machine":47,"theForsaken:Gavel":0,"ClockworkSouvenir":29,"aspiration:StickyExplosives_weak":20,"SsserpentHead":0,"Nunchaku":6,"hubris:Icosahedron":22,"TheAbacus":36,"Mummified Hand":0,"hubris:IronBody":0,"Red Mask":37,"halation:LettersToHer":0,"Gremlin Food":24,"BargainBundle":0,"aspiration:FetidBarrel":54,"aspiration:HummingbirdHeart":0,"Orichalcum":2,"Strange Spoon":0,"CaptainsWheel":24,"Anchor":42,"Pondfish Scales":0,"infinitespire:Satchel":7,"ChewingGum":34,"Bag of Marbles":0,"Membership Card":0,"hubris:Potato":0},{"Golden Egg":26,"Replay:Accelerometer":55,"infinitespire:BottledMercury":77,"Ginger":111,"Bottled Tornado":26,"hubris:MysteriousPyramids":55,"Sling":111,"halation:HeavySnake":68,"Old Coin":102,"Blood Vial":10,"theForsaken:HumbleEgg":63,"MealTicket":47,"HandDrill":47,"halation:PromiseList":106,"aspiration:DSix":111,"hubris:TinFlute":20,"Replay:Bottled Steam":54,"MerchantsRug":10,"Blue Candle":63,"hubris:SphereOfDissonance":130,"ReplayTheSpireMod:SealedPack":76,"Pen Nib":111,"aspiration:FrozenJewel":84,"Akabeko":111,"infinitespire:EvilPickle":46,"hermit:PetGhost":55,"MutagenicStrength":93,"halation:PenCase":111,"Pandora\u0027s Box":107,"infinitespire:PuzzleCube":84,"Regal Pillow":47,"aspiration:Lifesprig":83,"Lantern":111,"Singing Bowl":11,"Painkiller Herb":16,"StoneCalendar":77,"King of Hearts":111,"Bag of Preparation":111,"Smiling Mask":103,"Ancient Tea Set":110,"Burning Blood":108,"Replay:Rubber Ducky":111,"Matryoshka":43,"infinitespire:Bottled Soul":111,"Ring of Peace":70,"hubris:CuriousFeather":21,"Replay:Lucky Slots":111,"hubris:ChampionShield":111,"InkBottle":51,"construct:ClawGrip":39,"Lee\u0027s Waffle":111,"Replay:M_StaffOfTheSnake":111,"Golden Idol":104,"Self Forming Clay":111,"betterThird:NestCultRelic":45,"infinitespire:Joker Card":57,"PreservedInsect":78,"Omamori":111,"hubris:Towel":117,"hubris:Spice":111,"Ring of Misfortune":42,"Orrery":111,"Ectoplasm":10,"Art of War":57,"Bottled Lightning":5,"halation:AfternoonTea":50,"halation:TwoAmDonut":64,"Champion Belt":111,"halation:PinkSoulGem":18,"ReplayTheSpireMod:Lightbulb":111,"Gremlin Horn":114,"Vajra":21,"halation:StarCompass":88,"hubris:TerracottaHorce":125,"Sozu":128,"Centennial Puzzle":53,"DollysMirror":27,"Strawberry":111,"aspiration:ArtOfWarUpgrade":63,"halation:OrihimeAndHikoboshiSamaAndTears":3,"Ring of Hypnosis":42,"Happy Flower":111,"ReplayTheSpireMod:CursedCoin":72,"aspiration:Nostalgia":111,"Oddly Smooth Stone":12,"infinitespire:Beetle Shell":10,"aspiration:SeaSaltIceCream":72,"halation:Thesaurus":111,"War Paint":88,"Du-Vu Doll":0,"hubris:Zylophone":44,"Shuriken":51,"Brimstone":111,"Bronze Scales":36,"Onion Ring":38,"ReplayTheSpireMod:TigerMarble":6,"Black Star":8,"infinitespire:EmpoweringShard":111,"Grinning Jar":20,"Mirror":114,"hermit:Momento":0,"construct:BoolHorns":97,"halation:PapillonHeart":77,"theForsaken:ScaryMask":111,"theForsaken:Lifeblossom":114,"Juzu Bracelet":15,"hubris:SlimyHat":43,"Replay:Mystery Machine":53,"theForsaken:Gavel":57,"ClockworkSouvenir":44,"aspiration:StickyExplosives_weak":108,"SsserpentHead":97,"Nunchaku":32,"hubris:Icosahedron":10,"TheAbacus":77,"Mummified Hand":97,"hubris:IronBody":114,"Red Mask":47,"halation:LettersToHer":27,"Gremlin Food":72,"BargainBundle":84,"aspiration:FetidBarrel":56,"aspiration:HummingbirdHeart":57,"Orichalcum":28,"Strange Spoon":57,"CaptainsWheel":11,"Anchor":20,"Pondfish Scales":111,"infinitespire:Satchel":4,"ChewingGum":46,"Bag of Marbles":111,"Membership Card":27,"hubris:Potato":111},{"Golden Egg":126,"Replay:Accelerometer":287,"infinitespire:BottledMercury":390,"Ginger":518,"Bottled Tornado":126,"hubris:MysteriousPyramids":287,"Sling":518,"halation:HeavySnake":347,"Old Coin":481,"Blood Vial":44,"theForsaken:HumbleEgg":324,"MealTicket":238,"HandDrill":238,"halation:PromiseList":495,"aspiration:DSix":518,"hubris:TinFlute":89,"Replay:Bottled Steam":278,"MerchantsRug":44,"Blue Candle":324,"hubris:SphereOfDissonance":584,"ReplayTheSpireMod:SealedPack":386,"Pen Nib":518,"aspiration:FrozenJewel":415,"Akabeko":518,"infinitespire:EvilPickle":233,"hermit:PetGhost":287,"MutagenicStrength":450,"halation:PenCase":518,"Pandora\u0027s Box":506,"infinitespire:PuzzleCube":415,"Regal Pillow":238,"aspiration:Lifesprig":414,"Lantern":518,"Singing Bowl":48,"Painkiller Herb":69,"StoneCalendar":390,"King of Hearts":518,"Bag of Preparation":518,"Smiling Mask":486,"Ancient Tea Set":516,"Burning Blood":510,"Replay:Rubber Ducky":518,"Matryoshka":214,"infinitespire:Bottled Soul":518,"Ring of Peace":355,"hubris:CuriousFeather":95,"Replay:Lucky Slots":518,"hubris:ChampionShield":518,"InkBottle":261,"construct:ClawGrip":201,"Lee\u0027s Waffle":518,"Replay:M_StaffOfTheSnake":518,"Golden Idol":489,"Self Forming Clay":518,"betterThird:NestCultRelic":223,"infinitespire:Joker Card":300,"PreservedInsect":394,"Omamori":518,"hubris:Towel":531,"hubris:Spice":518,"Ring of Misfortune":209,"Orrery":518,"Ectoplasm":44,"Art of War":300,"Bottled Lightning":22,"halation:AfternoonTea":255,"halation:TwoAmDonut":328,"Champion Belt":518,"halation:PinkSoulGem":76,"ReplayTheSpireMod:Lightbulb":518,"Gremlin Horn":521,"Vajra":95,"halation:StarCompass":426,"hubris:TerracottaHorce":568,"Sozu":573,"Centennial Puzzle":270,"DollysMirror":135,"Strawberry":518,"aspiration:ArtOfWarUpgrade":324,"halation:OrihimeAndHikoboshiSamaAndTears":12,"Ring of Hypnosis":209,"Happy Flower":518,"ReplayTheSpireMod:CursedCoin":363,"aspiration:Nostalgia":518,"Oddly Smooth Stone":53,"infinitespire:Beetle Shell":44,"aspiration:SeaSaltIceCream":363,"halation:Thesaurus":518,"War Paint":426,"Du-Vu Doll":0,"hubris:Zylophone":218,"Shuriken":261,"Brimstone":518,"Bronze Scales":183,"Onion Ring":193,"ReplayTheSpireMod:TigerMarble":27,"Black Star":37,"infinitespire:EmpoweringShard":518,"Grinning Jar":89,"Mirror":521,"hermit:Momento":0,"construct:BoolHorns":469,"halation:PapillonHeart":390,"theForsaken:ScaryMask":518,"theForsaken:Lifeblossom":521,"Juzu Bracelet":63,"hubris:SlimyHat":214,"Replay:Mystery Machine":270,"theForsaken:Gavel":300,"ClockworkSouvenir":218,"aspiration:StickyExplosives_weak":510,"SsserpentHead":469,"Nunchaku":169,"hubris:Icosahedron":44,"TheAbacus":390,"Mummified Hand":469,"hubris:IronBody":521,"Red Mask":238,"halation:LettersToHer":135,"Gremlin Food":363,"BargainBundle":415,"aspiration:FetidBarrel":292,"aspiration:HummingbirdHeart":300,"Orichalcum":138,"Strange Spoon":300,"CaptainsWheel":48,"Anchor":89,"Pondfish Scales":518,"infinitespire:Satchel":18,"ChewingGum":233,"Bag of Marbles":518,"Membership Card":135,"hubris:Potato":518}],"Burning Blood":145},"card_choices":[{"not_picked":["Body Slam","Second Wind"],"picked":"Run Through","floor":1.0},{"not_picked":["Havoc","Infernal Blade"],"picked":"Armaments","floor":2.0},{"not_picked":["Replay:Undeath\u0027s Touch","Perfected Strike","Clash"],"picked":"SKIP","floor":3.0},{"not_picked":["Flex","Run Through"],"picked":"Pommel Strike","floor":5.0},{"not_picked":["ReplayTheSpireMod:LeadingStrike","Twin Strike"],"picked":"hubris:CleavingFinish","floor":6.0},{"not_picked":["Clothesline","Burning Pact"],"picked":"Shrug It Off","floor":8.0},{"not_picked":["Infernal Blade","Warcry"],"picked":"Flex","floor":10.0},{"not_picked":["Flex","Infernal Blade"],"picked":"Battle Trance","floor":11.0},{"not_picked":["Flex","Reckless Charge","Warcry"],"picked":"SKIP","floor":12.0},{"not_picked":["Iron Wave","Flex"],"picked":"Juggernaut","floor":14.0},{"not_picked":["Limit Break","Berserk"],"picked":"Demon Form","floor":16.0},{"not_picked":["hubris:SharpeningStone","Power Through"],"picked":"Iron Wave+1","floor":18.0},{"not_picked":["Havoc","ReplayTheSpireMod:Strike From Hell"],"picked":"Thunderclap+1","floor":19.0},{"not_picked":["Shockwave","Wild Strike"],"picked":"Limit Break","floor":20.0},{"not_picked":["Sentinel","Rage"],"picked":"Whirlwind+1","floor":22.0},{"not_picked":["Evolve","Sever Soul"],"picked":"Sword Boomerang+1","floor":24.0},{"not_picked":["Anger","Clothesline"],"picked":"Twin Strike","floor":25.0}],"player_experience":258377,"relics_obtained":[{"floor":6.0,"key":"Art of War"},{"floor":9.0,"key":"Akabeko"},{"floor":9.0,"key":"Bronze Scales"},{"floor":12.0,"key":"Blood Vial"},{"floor":24.0,"key":"hubris:SphereOfDissonance"}],"event_choices":[{"damage_healed":0.0,"max_hp_gain":0.0,"max_hp_loss":0.0,"gold_gain":0.0,"event_name":"Knowing Skull","player_choice":"","floor":21.0,"potions_obtained":[],"gold_loss":0.0,"damage_taken":6.0,"cards_obtained":[]}],"is_beta":false,"boss_relics":[{"not_picked":["aspiration:FutureDiary","halation:PinkAlligatorPlush"],"picked":"hubris:TerracottaHorce"}],"items_purged_floors":[0,0,0],"is_endless":false,"potions_floor_spawned":[1,5,10,11,12,14,20,22,24],"ascension_level":0}}