{"host":"9h2uyw8lwpma4m74","time":1610817956,"event":{"mods":["BaseMod","Minty Spire (QoL Compilation)"],"gold_per_floor":[109,119,136,146,146,180,180,190,216,250,250,266,266,295,295,295,295],"floor_reached":16,"language":"JPN","playtime":810,"items_purged":[],"score":128,"play_id":"33e171f1-a5ef-4af9-b657-99fe2c3ff2c2","local_time":"20210117022556","is_ascension_mode":true,"campfire_choices":[{"floor":7.0,"key":"REST"},{"floor":11.0,"key":"REST"},{"data":"Calculated Gamble","floor":13.0,"key":"SMITH"},{"floor":15.0,"key":"RECALL"}],"circlet_count":0,"master_deck":["Strike_G","Strike_G","Strike_G","Strike_G","Strike_G","Defend_G","Defend_G","Defend_G","Defend_G","Defend_G","Survivor","Neutralize","Crippling Poison","Dagger Throw","Prepared","Flying Knee","Quick Slash","Calculated Gamble+1","Leg Sweep","Expertise","Tactician"],"relics":["Ring of the Snake","Ancient Tea Set","MealTicket","Boot"],"acts_visited":[],"potions_floor_usage":[16],"damage_taken":[{"damage":2.0,"enemies":"Small Slimes","floor":1.0,"turns":4.0},{"damage":6.0,"enemies":"Jaw Worm","floor":2.0,"turns":6.0},{"damage":3.0,"enemies":"2 Louse","floor":3.0,"turns":4.0},{"damage":13.0,"enemies":"Blue Slaver","floor":4.0,"turns":5.0},{"damage":40.0,"enemies":"3 Sentries","floor":6.0,"turns":13.0},{"damage":0.0,"enemies":"Large Slime","floor":8.0,"turns":5.0},{"damage":16.0,"enemies":"Gremlin Nob","floor":10.0,"turns":4.0},{"damage":0.0,"enemies":"2 Fungi Beasts","floor":12.0,"turns":3.0},{"damage":29.0,"enemies":"Lagavulin","floor":14.0,"turns":7.0},{"damage":38,"enemies":"Slime Boss","floor":16,"turns":7}],"seed_played":"-831932748566304473","potions_obtained":[{"floor":2.0,"key":"SmokeBomb"},{"floor":4.0,"key":"Swift Potion"},{"floor":8.0,"key":"PowerPotion"},{"floor":10.0,"key":"Dexterity Potion"},{"floor":14.0,"key":"Regen Potion"}],"is_trial":false,"path_per_floor":["M","M","M","M","?","E","R","M","T","E","R","M","R","E","R","B"],"character_chosen":"THE_SILENT","items_purchased":[],"campfire_rested":2,"item_purchase_floors":[],"current_hp_per_floor":[75,69,66,53,58,18,42,42,42,26,50,50,50,21,21,0,0],"gold":295,"neow_bonus":"TEN_PERCENT_HP_BONUS","is_daily":false,"chose_seed":false,"campfire_upgraded":1,"win_rate":0.0,"timestamp":1610817956,"path_taken":["M","M","M","M","?","E","R","M","T","E","R","M","R","E","R","BOSS"],"items_purchased_type":[],"build_version":"2020-12-22","purchased_purges":0,"victory":false,"max_hp_per_floor":[77,77,77,77,82,82,82,82,82,82,82,82,82,82,82,82,82],"card_choices":[{"not_picked":["Underhanded Strike","Backflip"],"picked":"Crippling Poison","floor":1.0},{"not_picked":["Backflip","Riddle With Holes"],"picked":"Dagger Throw","floor":2.0},{"not_picked":["Blade Dance","Storm of Steel"],"picked":"Prepared","floor":3.0},{"not_picked":["Blade Dance","Skewer"],"picked":"Flying Knee","floor":4.0},{"not_picked":["Tactician","Crippling Poison"],"picked":"Quick Slash","floor":6.0},{"not_picked":["Blade Dance","Quick Slash"],"picked":"Calculated Gamble","floor":8.0},{"not_picked":["Finisher","Poisoned Stab"],"picked":"Leg Sweep","floor":10.0},{"not_picked":["Bouncing Flask","Bane"],"picked":"Expertise","floor":12.0},{"not_picked":["Distraction","Outmaneuver"],"picked":"Tactician","floor":14.0}],"player_experience":194072,"relics_obtained":[{"floor":6.0,"key":"Ancient Tea Set"},{"floor":10.0,"key":"MealTicket"},{"floor":14.0,"key":"Boot"}],"event_choices":[{"damage_healed":0.0,"max_hp_gain":5.0,"max_hp_loss":0.0,"gold_gain":0.0,"event_name":"Big Fish","player_choice":"Donut","floor":5.0,"gold_loss":0.0,"damage_taken":0.0}],"is_beta":false,"boss_relics":[],"items_purged_floors":[],"is_endless":false,"potions_floor_spawned":[2,4,8,10,14],"killed_by":"Slime Boss","ascension_level":1}}