{"host":"qgz0b0vvrhe8585z","time":1610810740,"event":{"mods":["AscensionRebornMod","BaseMod","CapriCore","DeckTracker","Hermit","KOR Keyword Fix","Koishi","Marisa£¨Ùöéë¡¡Øª×âÞÞ£©","Minty Spire (QoL Compilation)","SpireExporter+","StSLib","The Cursed","The Hierophant","The Immortal","versiontwocompatible"],"gold_per_floor":[114,214,232,157,157,157,192,209,235,235,235,252,264,117,117,220,220,233,245,263,296,372,372,387,403,403,414,439,459,493,174,174,279,329,341,357,377,91,105,134,148,148,148,148,48,73,83,98,98,98],"floor_reached":51,"language":"KOR","playtime":5339,"items_purged":["hierophant:RepressedViolence","hierophant:PassingBell"],"score":878,"play_id":"9647ea61-dff9-44ef-9c53-14e6ef0dbbfc","local_time":"20210117002540","daily_mods":["SealedDeck","Heirloom"],"is_ascension_mode":false,"campfire_choices":[{"data":"hierophant:Doomsaying","floor":6,"key":"SMITH"},{"data":"hierophant:Community","floor":10,"key":"SMITH"},{"data":"hierophant:Racketeering","floor":15,"key":"SMITH"},{"data":"hierophant:Anathema","floor":23,"key":"SMITH"},{"data":"hierophant:SealAway","floor":32,"key":"SMITH"},{"data":"hierophant:SealAway","floor":42,"key":"SMITH"},{"data":"hierophant:HammerAndAnvil","floor":49,"key":"SMITH"}],"circlet_count":0,"master_deck":["hierophant:Smite+1","hierophant:Shelter","hierophant:HolyVerse","hierophant:Encroach","hierophant:Shelter","hierophant:Zeal","hierophant:Zeal","hierophant:SealAway+1","hierophant:Racketeering+1","hierophant:Smite","hierophant:Doomsaying+1","hierophant:SealAway+1","hierophant:Community+1","hierophant:Shelter","hierophant:Anathema+1","hierophant:Sermon","hierophant:Patience+1","hierophant:HammerAndAnvil+1","hierophant:HammerAndAnvil","hierophant:Racketeering+1","hierophant:Flagellation+1","hierophant:SealAway+1","hierophant:Racketeering+1"],"relics":["hierophant:PropheticMaskRelic","Prayer Wheel","Meat on the Bone","Lantern","Bronze Scales","Medical Kit","Black Star","Red Mask","Mummified Hand","Dream Catcher","Anchor","PreservedInsect","Sundial","Orrery","Blood Vial","Tiny House","Calipers","Orichalcum","Happy Flower","Mango","Bag of Preparation","Question Card"],"acts_visited":["Exordium","TheCity","TheBeyond"],"potions_floor_usage":[],"damage_taken":[{"damage":0,"enemies":"2 Louse","floor":1,"turns":1},{"damage":0,"enemies":"Cultist","floor":3,"turns":3},{"damage":9,"enemies":"3 Sentries","floor":7,"turns":2},{"damage":0,"enemies":"Jaw Worm","floor":8,"turns":1},{"damage":0,"enemies":"Exordium Thugs","floor":12,"turns":2},{"damage":0,"enemies":"Gremlin Gang","floor":13,"turns":2},{"damage":6,"enemies":"The Guardian","floor":16,"turns":11},{"damage":0,"enemies":"Chosen","floor":18,"turns":4},{"damage":0,"enemies":"Spheric Guardian","floor":19,"turns":1},{"damage":0,"enemies":"Snake Plant","floor":20,"turns":5},{"damage":0,"enemies":"Masked Bandits","floor":21,"turns":4},{"damage":10,"enemies":"Cultist and Chosen","floor":24,"turns":7},{"damage":0,"enemies":"Snecko","floor":25,"turns":4},{"damage":0,"enemies":"Chosen and Byrds","floor":27,"turns":4},{"damage":2,"enemies":"Book of Stabbing","floor":28,"turns":5},{"damage":0,"enemies":"3 Cultists","floor":29,"turns":4},{"damage":0,"enemies":"Gremlin Leader","floor":30,"turns":3},{"damage":0,"enemies":"Collector","floor":33,"turns":3},{"damage":0,"enemies":"3 Shapes","floor":35,"turns":1},{"damage":0,"enemies":"Orb Walker","floor":36,"turns":3},{"damage":0,"enemies":"Writhing Mass","floor":37,"turns":3},{"damage":0,"enemies":"Spire Growth","floor":39,"turns":4},{"damage":0,"enemies":"Giant Head","floor":40,"turns":5},{"damage":0,"enemies":"Maw","floor":41,"turns":7},{"damage":0,"enemies":"Reptomancer","floor":46,"turns":2},{"damage":0,"enemies":"Sphere and 2 Shapes","floor":47,"turns":2},{"damage":0,"enemies":"3 Darklings","floor":48,"turns":3},{"damage":4,"enemies":"Awakened One","floor":50,"turns":10}],"seed_played":"8582001111443883207","potions_obtained":[{"floor":3,"key":"CultistPotion"},{"floor":8,"key":"SmokeBomb"},{"floor":21,"key":"Strength Potion"},{"floor":25,"key":"BlessingOfTheForge"},{"floor":28,"key":"Fire Potion"}],"is_trial":true,"path_per_floor":["M","?","M","$","T","R","E","M","T","R","$","M","M","$","R","B",null,"M","M","M","?","T","R","M","M","T","M","E","M","E","$","R","B",null,"M","M","M","$","M","E","M","R","T","?","$","E","M","M","R","B",null],"character_chosen":"HIEROPHANT","items_purchased":["Medical Kit","Orrery","Blood Vial","hierophant:HammerAndAnvil","Calipers"],"campfire_rested":0,"item_purchase_floors":[14,31,31,31,38],"current_hp_per_floor":[75,75,75,75,75,75,66,66,66,66,66,66,66,66,66,60,75,75,75,75,75,75,75,65,65,65,65,63,63,63,63,63,65,80,80,80,80,80,80,80,80,80,94,94,94,94,94,94,94,90],"gold":98,"neow_bonus":"","is_daily":false,"chose_seed":false,"campfire_upgraded":7,"win_rate":0.0,"timestamp":1610810740,"path_taken":["M","?","M","$","?","R","E","?","T","R","?","M","M","$","R","BOSS","M","M","M","?","?","R","?","M","T","?","E","M","E","$","R","BOSS","M","M","M","$","M","E","M","R","T","?","$","E","?","M","R","BOSS"],"items_purchased_type":["Relic","Relic","Relic","Card","Relic"],"build_version":"2020-12-22","purchased_purges":2,"victory":true,"max_hp_per_floor":[75,75,75,75,75,75,75,75,75,75,75,75,75,75,75,75,75,75,75,75,75,75,75,75,75,75,75,75,75,75,75,75,75,80,80,80,80,80,80,80,80,80,94,94,94,94,94,94,94,94],"card_choices":[{"not_picked":["hierophant:Prophecy","hierophant:CoinFling"],"picked":"hierophant:Smite","floor":1},{"not_picked":["hierophant:RustyCrate","hierophant:AuricBeam","hierophant:RepressedViolence"],"picked":"SKIP","floor":1},{"not_picked":["hierophant:RustyCrate","hierophant:AuricBeam","hierophant:RepressedViolence"],"picked":"SKIP","floor":1},{"not_picked":["hierophant:MorningPrayer","hierophant:WrathOfGod"],"picked":"hierophant:Doomsaying","floor":3},{"not_picked":["hierophant:HolyVerse","hierophant:Rebuild","hierophant:Smite"],"picked":"SKIP","floor":3},{"not_picked":["hierophant:Cornucopia","hierophant:Doomsaying","hierophant:Zeal"],"picked":"SKIP","floor":7},{"not_picked":["hierophant:DisplayOfPower","hierophant:Repentance"],"picked":"hierophant:SealAway","floor":8},{"not_picked":["hierophant:Embezzle","hierophant:FieryStrike"],"picked":"hierophant:Community","floor":8},{"not_picked":["hierophant:HolyVerse","hierophant:ArchangelShield","hierophant:Exaltation"],"picked":"SKIP","floor":12},{"not_picked":["hierophant:MorningPrayer","hierophant:Encroach","hierophant:HolyVerse"],"picked":"SKIP","floor":12},{"not_picked":["hierophant:Racketeering","hierophant:EyeForCoin"],"picked":"hierophant:Shelter","floor":13},{"not_picked":["hierophant:Sermon","hierophant:Martyrdom","hierophant:FieryStrike"],"picked":"SKIP","floor":13},{"not_picked":["hierophant:LocustPlague","hierophant:AuricForm"],"picked":"hierophant:Anathema","floor":16},{"not_picked":["hierophant:Blessing","hierophant:FieryStrike","hierophant:Upheaval"],"picked":"SKIP","floor":18},{"not_picked":["hierophant:Zeal","hierophant:AuricBeam","hierophant:RepressedViolence+1"],"picked":"SKIP","floor":18},{"not_picked":["hierophant:PassingBell","hierophant:RecallFunds+1"],"picked":"hierophant:Sermon","floor":19},{"not_picked":["hierophant:Refuge","hierophant:FieryStrike","hierophant:Zeal+1"],"picked":"SKIP","floor":19},{"not_picked":["hierophant:Smite","hierophant:Shelter","hierophant:FlamingChariot"],"picked":"SKIP","floor":20},{"not_picked":["hierophant:DeathKnell","hierophant:HammerAndAnvil","hierophant:PassingBell+1"],"picked":"SKIP","floor":20},{"not_picked":["hierophant:DisplayOfPower","hierophant:Purify"],"picked":"hierophant:PassingBell","floor":24},{"not_picked":["hierophant:CursedGold","hierophant:MorningPrayer","hierophant:Remorse"],"picked":"SKIP","floor":24},{"not_picked":["hierophant:AuricBeam","hierophant:HammerAndAnvil"],"picked":"hierophant:Patience+1","floor":25},{"not_picked":["hierophant:PassingBell","hierophant:MorningPrayer","hierophant:Remorse"],"picked":"SKIP","floor":25},{"not_picked":["hierophant:FaithHealing","hierophant:AuricBeam","hierophant:HammerAndAnvil"],"picked":"SKIP","floor":27},{"not_picked":["hierophant:Shelter","hierophant:TollTheBells","hierophant:CoinFling"],"picked":"SKIP","floor":27},{"not_picked":["hierophant:Endure","hierophant:Generosity","hierophant:Rebuild+1"],"picked":"SKIP","floor":28},{"not_picked":["hierophant:HammerAndAnvil","hierophant:Zeal","hierophant:Mercenaries"],"picked":"SKIP","floor":29},{"not_picked":["hierophant:FaithHealing","hierophant:CursedGold","hierophant:Encroach"],"picked":"SKIP","floor":29},{"not_picked":["hierophant:Patience","hierophant:Smite","hierophant:PristineSoul"],"picked":"SKIP","floor":30},{"not_picked":["hierophant:FlamingChariot+1","hierophant:FieryStrike+1"],"picked":"hierophant:HammerAndAnvil","floor":31},{"not_picked":["hierophant:ConvertCurrency","hierophant:HammerAndAnvil","hierophant:Purify"],"picked":"SKIP","floor":35},{"not_picked":["hierophant:Remorse","hierophant:Zeal+1","hierophant:Sermon"],"picked":"SKIP","floor":35},{"not_picked":["hierophant:RepressedViolence","hierophant:HammerAndAnvil"],"picked":"hierophant:Racketeering+1","floor":36},{"not_picked":["hierophant:SecretStash","hierophant:Embezzle+1","hierophant:Doomsaying+1"],"picked":"SKIP","floor":36},{"not_picked":["hierophant:OrnateBuckler+1","hierophant:Sermon"],"picked":"hierophant:Flagellation+1","floor":37},{"not_picked":["hierophant:Bribe+1","hierophant:ThreeLashes","hierophant:AuricShield"],"picked":"SKIP","floor":37},{"not_picked":["hierophant:TollTheBells","hierophant:Cornucopia","hierophant:Doubloon"],"picked":"SKIP","floor":39},{"not_picked":["hierophant:DisplayOfPower","hierophant:Rebuild","hierophant:ConvertCurrency+1"],"picked":"SKIP","floor":39},{"not_picked":["hierophant:Doubloon","hierophant:MorningPrayer","hierophant:AuricBeam+1"],"picked":"SKIP","floor":40},{"not_picked":["hierophant:EyeForCoin+1","hierophant:AuricBeam+1"],"picked":"hierophant:SealAway+1","floor":41},{"not_picked":["hierophant:Dazzle","hierophant:FaithHealing","hierophant:SecretStash+1"],"picked":"SKIP","floor":41},{"not_picked":["hierophant:Smite+1","hierophant:PassingBell+1","hierophant:Anathema"],"picked":"SKIP","floor":46},{"not_picked":["hierophant:ThreeLashes","hierophant:Shelter+1","hierophant:Encroach"],"picked":"hierophant:Racketeering+1","floor":47},{"not_picked":["hierophant:DisplayOfPower+1","hierophant:RustyCrate+1","hierophant:ThreeLashes+1","hierophant:MorningPrayer"],"picked":"SKIP","floor":47},{"not_picked":["hierophant:Martyrdom+1","hierophant:Doubloon","hierophant:Charity+1","hierophant:OrnateBuckler+1"],"picked":"SKIP","floor":48},{"not_picked":["hierophant:Remorse+1","hierophant:Encroach+1","hierophant:Empathy","hierophant:Patience+1"],"picked":"SKIP","floor":48}],"player_experience":94728,"relics_obtained":[{"floor":5,"key":"Meat on the Bone"},{"floor":7,"key":"Lantern"},{"floor":9,"key":"Bronze Scales"},{"floor":21,"key":"Red Mask"},{"floor":22,"key":"Mummified Hand"},{"floor":26,"key":"Dream Catcher"},{"floor":28,"key":"Anchor"},{"floor":28,"key":"PreservedInsect"},{"floor":30,"key":"Sundial"},{"floor":40,"key":"Orichalcum"},{"floor":40,"key":"Happy Flower"},{"floor":43,"key":"Mango"},{"floor":46,"key":"Bag of Preparation"},{"floor":46,"key":"Question Card"}],"event_choices":[{"damage_healed":0,"gold_gain":100,"player_choice":"Gold","damage_taken":0,"max_hp_gain":0,"max_hp_loss":0,"event_name":"Wheel of Change","floor":2,"gold_loss":0},{"damage_healed":0,"gold_gain":0,"player_choice":"Fought Bandits","damage_taken":0,"max_hp_gain":0,"max_hp_loss":0,"event_name":"Masked Bandits","floor":21,"gold_loss":0},{"damage_healed":0,"gold_gain":0,"player_choice":"Ignored","damage_taken":0,"max_hp_gain":0,"max_hp_loss":0,"event_name":"NoteForYourself","floor":44,"gold_loss":0}],"is_beta":false,"boss_relics":[{"not_picked":["Empty Cage","Busted Crown"],"picked":"Black Star"},{"not_picked":["Snecko Eye","Cursed Key"],"picked":"Tiny House"}],"items_purged_floors":[4,45],"is_endless":false,"potions_floor_spawned":[3,7,8,16,21,24,25,28,36,37,46],"ascension_level":0}}