{"host":"chv1qanoipyt46jc","time":1610832369,"event":{"mods":["100% Spire Juice","2.2 Compatiblity","AchievementEnabler","BaseMod","BetterRewards","CapriCore","Card Filter","Evolution","Gold Saver","Grow up Mod","Minty Spire (QoL Compilation)","Rare Cards Sparkle","Relic Filter","Remove Card Discount Mod","Reorder Act Four","StSLib"],"gold_per_floor":[962,976,991,983,998,998,1013,1031,817,797,815,842,917,929,929,1034,1034,1047,1047,1057,1057,1076,1101,1101,1135,1135,1160,1160,1170,1156,1172,1172,1270,1270,1280,1293,1293,1308,1332,1367,1367,1398,1398,1425,1425,1445,1445,1439,1439,1439,1439,1439,1439,1468,1468],"floor_reached":56,"language":"ENG","playtime":2083,"items_purged":["Moonworks:Assault","Moonworks:Defend","Moonworks:Assault","Moonworks:Assault","Moonworks:Assault","Moonworks:Ambush","Moonworks:LongDistanceShot","Moonworks:ForcedRevival","Moonworks:DeployBits","Moonworks:Defend","Moonworks:Defend","Moonworks:Defend","Moonworks:CloudOfSeagulls","Moonworks:CloudOfSeagulls","Moonworks:CloudOfSeagulls","Moonworks:Flamethrower","Decay","Moonworks:NicePresent","Moonworks:CloudOfSeagulls+1"],"score":1776,"play_id":"56412937-3d56-47f0-9aa1-0263c47bd5ee","local_time":"20210116152609","is_ascension_mode":false,"campfire_choices":[{"data":"Moonworks:CloudOfSeagulls","floor":6,"key":"SMITH"},{"floor":15,"key":"RECALL"},{"data":"Moonworks:AnotherUltimateWeapon","floor":28,"key":"SMITH"},{"data":"Moonworks:Dash","floor":32,"key":"SMITH"},{"data":"Moonworks:JonathanRush","floor":45,"key":"SMITH"},{"data":"Moonworks:JonathanRush","floor":49,"key":"SMITH"},{"floor":53,"key":"REST"}],"circlet_count":0,"master_deck":["Moonworks:AnotherUltimateWeapon+1","Moonworks:Dash+1","Moonworks:Dash+1","Moonworks:JonathanRush+1","Moonworks:JonathanRush+1","Moonworks:JonathanRush+1","Moonworks:NicePresent+1","Moonworks:NicePresent+1","Moonworks:JonathanRush+1"],"relics":["Moonworks:SBBomb","Moonworks:Homemark","EVO:Axolotl","Medical Kit","TheAbacus","Orrery","Mummified Hand","Gremlin Horn","Bag of Preparation","Darkstone Periapt","Toxic Egg 2","Runic Dome","Ancient Tea Set","Centennial Puzzle","Singing Bowl","Unceasing Top","Juzu Bracelet","Sundial"],"acts_visited":["Exordium","TheCity","TheBeyond","TheEnding"],"potions_floor_usage":[],"damage_taken":[{"damage":6,"enemies":"Cultist","floor":1,"turns":3},{"damage":2,"enemies":"Small Slimes","floor":2,"turns":3},{"damage":4,"enemies":"Jaw Worm","floor":3,"turns":2},{"damage":21,"enemies":"Exordium Wildlife","floor":5,"turns":4},{"damage":0,"enemies":"Looter","floor":7,"turns":2},{"damage":4,"enemies":"Lots of Slimes","floor":8,"turns":2},{"damage":12,"enemies":"Exordium Thugs","floor":10,"turns":4},{"damage":8,"enemies":"3 Louse","floor":11,"turns":2},{"damage":30,"enemies":"Gremlin Nob","floor":12,"turns":4},{"damage":25,"enemies":"Gremlin Gang","floor":14,"turns":3},{"damage":49,"enemies":"The Guardian","floor":16,"turns":5},{"damage":24,"enemies":"Shell Parasite","floor":18,"turns":4},{"damage":18,"enemies":"2 Thieves","floor":20,"turns":4},{"damage":17,"enemies":"Centurion and Healer","floor":22,"turns":5},{"damage":20,"enemies":"Slavers","floor":23,"turns":4},{"damage":4,"enemies":"Gremlin Leader","floor":25,"turns":3},{"damage":48,"enemies":"Slavers","floor":27,"turns":4},{"damage":27,"enemies":"Snake Plant","floor":29,"turns":3},{"damage":0,"enemies":"3 Cultists","floor":31,"turns":2},{"damage":2,"enemies":"Automaton","floor":33,"turns":3},{"damage":0,"enemies":"3 Shapes","floor":35,"turns":2},{"damage":0,"enemies":"3 Darklings","floor":36,"turns":2},{"damage":0,"enemies":"Sphere and 2 Shapes","floor":38,"turns":1},{"damage":0,"enemies":"Reptomancer","floor":40,"turns":2},{"damage":0,"enemies":"Giant Head","floor":42,"turns":3},{"damage":0,"enemies":"Reptomancer","floor":44,"turns":2},{"damage":0,"enemies":"Transient","floor":46,"turns":5},{"damage":0,"enemies":"Time Eater","floor":50,"turns":2},{"damage":0,"enemies":"Shield and Spear","floor":54,"turns":1},{"damage":41,"enemies":"The Heart","floor":55,"turns":3}],"seed_played":"2941054020574820944","potions_obtained":[{"floor":2,"key":"Block Potion"},{"floor":5,"key":"BlessingOfTheForge"},{"floor":10,"key":"LiquidBronze"}],"is_trial":false,"path_per_floor":["M","M","M","$","M","R","M","M","T","M","M","E","?","M","R","B",null,"M","?","M","?","M","E","?","E","T","E","R","M","$","M","R","B",null,"M","M","?","M","T","E","?","E","T","E","R","M","?","$","R","B",null,"$","R","E","B",null],"character_chosen":"THE_STARBREAKER","items_purchased":["Medical Kit","TheAbacus","Moonworks:CloudOfSeagulls","Moonworks:CloudOfSeagulls","Orrery"],"campfire_rested":1,"item_purchase_floors":[0,0,0,0,0],"current_hp_per_floor":[46,59,70,80,69,79,89,95,105,103,105,85,84,69,79,40,240,226,236,228,238,231,221,231,237,247,209,219,202,212,222,232,240,410,420,430,446,456,466,476,486,498,508,520,530,542,552,562,572,582,592,602,612,624,593],"gold":1468,"neow_bonus":"","is_daily":false,"chose_seed":false,"campfire_upgraded":5,"win_rate":0.0,"timestamp":1610832369,"path_taken":["M","M","M","$","M","R","M","M","T","?","M","E","?","M","R","BOSS","M","?","M","?","M","E","?","E","T","E","R","M","$","M","R","BOSS","M","M","?","?","?","E","?","E","T","E","R","M","?","?","R","BOSS","$","R","E","BOSS"],"items_purchased_type":["Relic","Relic","Card","Card","Relic"],"build_version":"2020-12-22","purchased_purges":19,"victory":true,"max_hp_per_floor":[80,90,100,110,120,130,140,150,160,170,180,190,200,210,220,230,240,250,260,270,280,290,300,310,320,330,340,350,360,370,380,390,400,410,420,430,446,456,466,476,486,498,508,520,530,542,552,562,572,582,592,602,612,624,634],"card_choices":[{"not_picked":["Moonworks:ImOnFire","Moonworks:EvilSpyWorkPreparation"],"picked":"Moonworks:NicePresent","floor":0},{"not_picked":["Moonworks:WeAreWaruda","Moonworks:Heat300Percent"],"picked":"Moonworks:DeployBits","floor":0},{"not_picked":["Moonworks:ImmovableObject","Moonworks:LulusLuckyEgg"],"picked":"Moonworks:Flamethrower","floor":0},{"not_picked":["Moonworks:TreasureThief","Moonworks:Assault"],"picked":"Moonworks:LulusLuckyEgg","floor":0},{"not_picked":["Moonworks:ImOnFire","Moonworks:Poppoformation"],"picked":"Moonworks:ForcedRevival","floor":0},{"not_picked":["Moonworks:BigMagnum","Moonworks:UnluckyCharm","Moonworks:Dinner"],"picked":"SKIP","floor":1},{"not_picked":["Moonworks:TreasureThief","Moonworks:ImOnFire","Moonworks:Assault"],"picked":"SKIP","floor":2},{"not_picked":["Moonworks:ExtendedPhotonRifle","Moonworks:Accelerator"],"picked":"Moonworks:CloudOfSeagulls","floor":3},{"not_picked":["Moonworks:SakisCookie","Moonworks:EvilSpyWorkPreparation","Moonworks:ImOnFire"],"picked":"SKIP","floor":5},{"not_picked":["Moonworks:NicePresent","Moonworks:EvilSpyWorkPreparation","Moonworks:IndiscriminateFireSupport"],"picked":"SKIP","floor":7},{"not_picked":["Moonworks:FullSpeedAlicianrone","Moonworks:ForcedRevival","Moonworks:DeployBits"],"picked":"SKIP","floor":8},{"not_picked":["Moonworks:ImmovableObject","Moonworks:DeployBits","Moonworks:x16BigRocket"],"picked":"SKIP","floor":10},{"not_picked":["Moonworks:AccelHyper","Moonworks:BindingChains","Moonworks:BeyondHell"],"picked":"SKIP","floor":11},{"not_picked":["Moonworks:FullSpeedAlicianrone","Moonworks:IndiscriminateFireSupport"],"picked":"Moonworks:CloudOfSeagulls","floor":12},{"not_picked":["Moonworks:BigMagnum","Moonworks:LulusLuckyEgg","Moonworks:ShieldCounter"],"picked":"SKIP","floor":14},{"not_picked":["Moonworks:MeltingMemories","Moonworks:SubspaceTunnel"],"picked":"Moonworks:AnotherUltimateWeapon","floor":16},{"not_picked":["Moonworks:SakisCookie+1","Moonworks:NicePresent+1"],"picked":"Moonworks:Dash","floor":18},{"not_picked":["Moonworks:SakisCookie","Moonworks:AngelHand","Moonworks:Poppoformation"],"picked":"SKIP","floor":20},{"not_picked":["Moonworks:LulusLuckyEgg","Moonworks:Assault","Moonworks:EvilSpyWorkPreparation"],"picked":"SKIP","floor":22},{"not_picked":["Moonworks:MixPhenomenon+1","Moonworks:LuckyCharm+1"],"picked":"Moonworks:JonathanRush","floor":23},{"not_picked":["Moonworks:UnluckyCharm","Moonworks:LulusLuckyEgg"],"picked":"Moonworks:JonathanRush+1","floor":25},{"not_picked":["Moonworks:AwakeningOfTalent","Moonworks:BigMagnum+1","Moonworks:ImOnFire+1"],"picked":"SKIP","floor":27},{"not_picked":["Moonworks:LulusLuckyEgg+1","Moonworks:CloudOfSeagulls+1"],"picked":"Moonworks:JonathanRush","floor":29},{"not_picked":["Moonworks:ImmovableObject+1","Moonworks:SakisCookie+1","Moonworks:TacticalRetreat+1"],"picked":"SKIP","floor":31},{"not_picked":["Moonworks:CloudOfSeagulls","Moonworks:RagingMadness+1"],"picked":"Moonworks:NicePresent+1","floor":35},{"not_picked":["Moonworks:SakisCookie+1","Moonworks:ImOnFire+1"],"picked":"Moonworks:NicePresent+1","floor":36},{"not_picked":["Moonworks:DeployBits+1","Moonworks:Dash+1"],"picked":"Moonworks:JonathanRush+1","floor":38},{"not_picked":["Moonworks:Assault+1","Moonworks:ShieldCounter+1","Moonworks:CloudOfSeagulls+1"],"picked":"SKIP","floor":40},{"not_picked":["Moonworks:Assault+1","Moonworks:SakisCookie+1","Moonworks:ImOnFire+1"],"picked":"Singing Bowl","floor":42},{"not_picked":["Moonworks:TacticalRetreat+1","Moonworks:MixPhenomenon+1","Moonworks:SubspaceTunnel+1"],"picked":"Singing Bowl","floor":44},{"not_picked":["Moonworks:SakisCookie+1","Moonworks:UnpaidWork+1","Moonworks:LulusLuckyEgg+1"],"picked":"Singing Bowl","floor":46},{"not_picked":["Moonworks:BigMagnum+1","Moonworks:EvilSpyWorkPreparation+1","Moonworks:ImOnFire+1"],"picked":"Singing Bowl","floor":54}],"player_experience":314265,"relics_obtained":[{"floor":12,"key":"Mummified Hand"},{"floor":23,"key":"Gremlin Horn"},{"floor":25,"key":"Bag of Preparation"},{"floor":26,"key":"Darkstone Periapt"},{"floor":27,"key":"Toxic Egg 2"},{"floor":39,"key":"Ancient Tea Set"},{"floor":40,"key":"Centennial Puzzle"},{"floor":42,"key":"Singing Bowl"},{"floor":43,"key":"Unceasing Top"},{"floor":44,"key":"Juzu Bracelet"},{"floor":54,"key":"Sundial"}],"event_choices":[{"damage_healed":0,"gold_gain":75,"player_choice":"Gather Gold","damage_taken":11,"max_hp_gain":0,"max_hp_loss":0,"event_name":"World of Goop","floor":13,"gold_loss":0},{"damage_healed":0,"gold_gain":0,"player_choice":"Ignored","damage_taken":0,"max_hp_gain":0,"max_hp_loss":0,"event_name":"Cursed Tome","floor":19,"gold_loss":0},{"damage_healed":0,"gold_gain":0,"player_choice":"Read","damage_taken":0,"max_hp_gain":0,"max_hp_loss":0,"event_name":"The Library","floor":21,"gold_loss":0,"cards_obtained":["Moonworks:Dash"]},{"cards_removed":["Moonworks:LulusLuckyEgg"],"damage_healed":0,"gold_gain":0,"player_choice":"Elegance","damage_taken":0,"max_hp_gain":0,"max_hp_loss":0,"event_name":"Back to Basics","floor":24,"gold_loss":0},{"damage_healed":0,"gold_gain":0,"player_choice":"1 cards matched","damage_taken":0,"max_hp_gain":0,"max_hp_loss":0,"event_name":"Match and Keep!","floor":37,"gold_loss":0,"cards_obtained":["Decay"]},{"damage_healed":0,"gold_gain":0,"player_choice":"Forge","damage_taken":0,"max_hp_gain":0,"max_hp_loss":0,"event_name":"Accursed Blacksmith","floor":41,"gold_loss":0,"cards_upgraded":["Moonworks:Dash"]},{"damage_healed":0,"gold_gain":0,"player_choice":"Got Potions","damage_taken":0,"max_hp_gain":0,"max_hp_loss":0,"event_name":"Lab","floor":47,"gold_loss":0}],"is_beta":false,"boss_relics":[{"not_picked":["Pandora\u0027s Box","Tiny House"],"picked":"Moonworks:SBBomb"},{"not_picked":["Busted Crown","Runic Pyramid"],"picked":"Runic Dome"}],"items_purged_floors":[0,0,0,0,0,4,4,4,4,30,30,30,30,30,30,30,48,48,48],"is_endless":false,"potions_floor_spawned":[2,5,10,12,23,27,29,36,40,42],"ascension_level":0}}