{"host":"J","time":1610807839,"event":{"mods":["AchievementEnabler","BaseMod","Block Reminder","Highlight Path","Minty Spire (QoL Compilation)","Permanent Neow","Quick Restart","Relic Stats","UnlockEverythingMod"],"gold_per_floor":[119,136,149,167,181,181,191,191,191,191,216,234,249,274,274,351,351,369,419,334,347,347,380,380,380],"floor_reached":24,"language":"ENG","playtime":1938,"items_purged":[],"score":640,"play_id":"ee0e60a3-273f-4239-b59b-ab62ded80259","local_time":"20210116153719","is_ascension_mode":true,"campfire_choices":[{"data":"Noxious Fumes","floor":6.0,"key":"SMITH"},{"data":"Noxious Fumes","floor":8.0,"key":"SMITH"},{"data":"Finisher","floor":10.0,"key":"SMITH"},{"data":"Noxious Fumes","floor":15.0,"key":"SMITH"}],"circlet_count":0,"master_deck":["AscendersBane","Survivor","Neutralize","Noxious Fumes+1","Finisher+1","Noxious Fumes+1","Dagger Spray","Terror","Dash","Bane","Noxious Fumes+1","Corpse Explosion","Prepared","Die Die Die","Deflect","Cloak And Dagger","Backflip","Adrenaline","Caltrops","Burst","Dash","Slice","Blade Dance"],"relics":["Coffee Dripper","Tingsha","Odd Mushroom","Pandora\u0027s Box","Toy Ornithopter","CaptainsWheel"],"acts_visited":["Exordium","TheCity"],"potions_floor_usage":[23,23],"damage_taken":[{"damage":0.0,"enemies":"Cultist","floor":1.0,"turns":5.0},{"damage":0.0,"enemies":"2 Louse","floor":2.0,"turns":2.0},{"damage":0.0,"enemies":"Small Slimes","floor":3.0,"turns":4.0},{"damage":9.0,"enemies":"Exordium Wildlife","floor":4.0,"turns":5.0},{"damage":5.0,"enemies":"Large Slime","floor":5.0,"turns":6.0},{"damage":33.0,"enemies":"Gremlin Gang","floor":7.0,"turns":4.0},{"damage":12.0,"enemies":"3 Sentries","floor":11.0,"turns":5.0},{"damage":8.0,"enemies":"Blue Slaver","floor":12.0,"turns":4.0},{"damage":0.0,"enemies":"Large Slime","floor":13.0,"turns":5.0},{"damage":2.0,"enemies":"The Mushroom Lair","floor":14.0,"turns":3.0},{"damage":4.0,"enemies":"Hexaghost","floor":16.0,"turns":7.0},{"damage":20,"enemies":"Shell Parasite","floor":18,"turns":4},{"damage":15,"enemies":"Chosen","floor":21,"turns":5},{"damage":15,"enemies":"Slavers","floor":23,"turns":3},{"damage":15,"enemies":"Snecko","floor":24,"turns":4}],"seed_played":"-2498544838376570215","potions_obtained":[{"floor":1.0,"key":"PowerPotion"},{"floor":5.0,"key":"FairyPotion"},{"floor":11.0,"key":"Ancient Potion"},{"floor":13.0,"key":"PowerPotion"},{"floor":14.0,"key":"DuplicationPotion"},{"floor":16.0,"key":"Poison Potion"}],"is_trial":false,"path_per_floor":["M","M","M","M","M","R","M","R","T","R","E","M","M","?","R","B",null,"M","?","?","M","?","E","M"],"character_chosen":"THE_SILENT","items_purchased":[],"campfire_rested":0,"item_purchase_floors":[],"current_hp_per_floor":[59,59,59,50,45,45,12,12,12,12,19,11,11,9,9,5,51,31,31,31,16,16,11,0,0],"gold":380,"neow_bonus":"BOSS_RELIC","is_daily":false,"chose_seed":false,"campfire_upgraded":4,"win_rate":0.0,"timestamp":1610807839,"path_taken":["M","M","M","M","M","R","M","R","T","R","E","?","M","?","R","BOSS","M","?","?","M","?","E","M"],"items_purchased_type":[],"build_version":"2020-12-18","purchased_purges":0,"victory":false,"max_hp_per_floor":[66,66,66,66,66,66,66,66,66,66,66,66,66,66,66,66,66,66,66,66,66,66,66,66,66],"relic_stats":{"counters":[15,66],"Tingsha":[18],"Pandora\u0027s Box":["Prepared","Die Die Die","Deflect","Cloak And Dagger","Backflip","Adrenaline","Caltrops","Burst","Dash","Setup"],"obtain_stats":[{"CaptainsWheel":23,"Tingsha":11,"Pandora\u0027s Box":17,"Coffee Dripper":0,"Odd Mushroom":14,"Toy Ornithopter":20,"Ring of the Snake":0},{"CaptainsWheel":14,"Tingsha":7,"Pandora\u0027s Box":11,"Coffee Dripper":0,"Odd Mushroom":10,"Toy Ornithopter":12,"Ring of the Snake":0},{"CaptainsWheel":62,"Tingsha":31,"Pandora\u0027s Box":50,"Coffee Dripper":0,"Odd Mushroom":43,"Toy Ornithopter":54,"Ring of the Snake":0}],"Toy Ornithopter":10},"card_choices":[{"not_picked":["Dagger Spray","Outmaneuver"],"picked":"Noxious Fumes","floor":1.0},{"not_picked":["Flying Knee","Tactician"],"picked":"Finisher","floor":2.0},{"not_picked":["Deflect","Finisher"],"picked":"Noxious Fumes","floor":3.0},{"not_picked":["Acrobatics","Cloak And Dagger"],"picked":"Dagger Spray","floor":4.0},{"not_picked":["Escape Plan","Cloak And Dagger"],"picked":"Terror","floor":5.0},{"not_picked":["Acrobatics","Reflex","Flying Knee"],"picked":"SKIP","floor":7.0},{"not_picked":["Masterful Stab","Distraction"],"picked":"Dash","floor":11.0},{"not_picked":["Well Laid Plans","Blade Dance"],"picked":"Bane","floor":12.0},{"not_picked":["Blade Dance","Dodge and Roll","Masterful Stab"],"picked":"SKIP","floor":13.0},{"not_picked":["Underhanded Strike","Backflip"],"picked":"Noxious Fumes","floor":14.0},{"not_picked":["Grand Finale","Envenom"],"picked":"Corpse Explosion","floor":16.0},{"not_picked":["Skewer","Slice","Outmaneuver"],"picked":"SKIP","floor":18},{"not_picked":["Accuracy","Caltrops","Outmaneuver"],"picked":"SKIP","floor":21},{"not_picked":["Reflex","Endless Agony"],"picked":"Blade Dance","floor":23}],"player_experience":237222,"relics_obtained":[{"floor":11.0,"key":"Tingsha"},{"floor":14.0,"key":"Odd Mushroom"},{"floor":23,"key":"CaptainsWheel"}],"event_choices":[{"damage_healed":0.0,"max_hp_gain":0.0,"max_hp_loss":0.0,"gold_gain":0.0,"event_name":"Mushrooms","player_choice":"Fought Mushrooms","floor":14.0,"gold_loss":0.0,"damage_taken":0.0},{"damage_healed":0,"gold_gain":50,"player_choice":"Stole From Cult","damage_taken":0,"max_hp_gain":0,"max_hp_loss":0,"event_name":"Nest","floor":19,"gold_loss":0},{"damage_healed":0,"gold_gain":0,"player_choice":"Obtained Relic","damage_taken":0,"relics_obtained":["Toy Ornithopter"],"max_hp_gain":0,"max_hp_loss":0,"event_name":"Addict","floor":20,"gold_loss":85},{"damage_healed":0,"gold_gain":0,"cards_transformed":["Setup"],"player_choice":"Transformed","damage_taken":0,"max_hp_gain":0,"max_hp_loss":0,"event_name":"Transmorgrifier","floor":22,"gold_loss":0,"cards_obtained":["Slice"]}],"is_beta":true,"boss_relics":[{"not_picked":["SlaversCollar","Runic Pyramid"],"picked":"Pandora\u0027s Box"}],"items_purged_floors":[],"is_endless":false,"potions_floor_spawned":[1,5,11,13,14,16],"killed_by":"Snecko","ascension_level":20}}