{"host":"mydft8i2zzydgggw","time":1610841226,"event":{"mods":["AchievementEnabler","BaseMod","BetterRewards","Colored Map","Colored Powertips","DeckTracker","Keyboard Shortcuts","Minty Spire (QoL Compilation)","Rare Cards Sparkle","StSLib","SuperFastMode","everything is the same but u backflip on backflip"],"gold_per_floor":[114,114,127,52,52,52,81,81,81,81,97,132,148,160,160,255,305,316,30,47,60,60,60,60,60,60],"floor_reached":25,"language":"KOR","playtime":584,"items_purged":["Strike_B","Strike_B"],"score":327,"play_id":"467fa982-da15-43aa-9c24-eacaf27a41c0","local_time":"20210117085346","is_ascension_mode":true,"campfire_choices":[{"data":"Coolheaded","floor":6,"key":"SMITH"},{"data":"Leap","floor":8,"key":"SMITH"},{"floor":10,"key":"REST"},{"data":"Blizzard","floor":15,"key":"SMITH"},{"data":"Recycle","floor":23,"key":"SMITH"}],"circlet_count":0,"master_deck":["AscendersBane","Strike_B","Defend_B","Defend_B","Defend_B","Defend_B","Zap+1","Dualcast","Coolheaded+1","Leap+1","Skim+1","Blizzard+1","Cold Snap","Chill","Recycle+1","Double Energy+1","Necronomicurse","Ghostly","Ghostly","Ghostly","Ghostly","Ghostly"],"relics":["Cracked Core","Frozen Egg 2","Odd Mushroom","HornCleat","PreservedInsect","Tiny House","Lee\u0027s Waffle","Necronomicon"],"acts_visited":["Exordium","TheCity"],"potions_floor_usage":[12,16,20],"damage_taken":[{"damage":0,"enemies":"Small Slimes","floor":1,"turns":3},{"damage":2,"enemies":"Jaw Worm","floor":3,"turns":3},{"damage":24,"enemies":"The Mushroom Lair","floor":7,"turns":5},{"damage":0,"enemies":"Cultist","floor":11,"turns":4},{"damage":23,"enemies":"Gremlin Nob","floor":12,"turns":5},{"damage":0,"enemies":"Looter","floor":13,"turns":4},{"damage":0,"enemies":"Large Slime","floor":14,"turns":6},{"damage":25,"enemies":"Slime Boss","floor":16,"turns":9},{"damage":11,"enemies":"Shell Parasite","floor":18,"turns":9},{"damage":36,"enemies":"Chosen","floor":20,"turns":8},{"damage":19,"enemies":"Snake Plant","floor":21,"turns":6},{"damage":17,"enemies":"Gremlin Leader","floor":25,"turns":7}],"seed_played":"5850385086699542437","potions_obtained":[{"floor":11,"key":"Regen Potion"},{"floor":12,"key":"EssenceOfDarkness"},{"floor":17,"key":"DistilledChaos"},{"floor":21,"key":"FearPotion"}],"is_trial":false,"path_per_floor":["M","?","M","$","?","R","?","R","T","R","M","E","M","M","R","B",null,"M","$","M","M","?","R","?","E"],"character_chosen":"DEFECT","items_purchased":["Recycle","Lee\u0027s Waffle"],"campfire_rested":1,"item_purchase_floors":[19,19],"current_hp_per_floor":[68,68,66,66,63,63,39,39,39,61,61,52,52,52,52,27,68,57,87,51,32,16,16,16,0,0],"gold":60,"neow_bonus":"UPGRADE_CARD","is_daily":false,"chose_seed":false,"campfire_upgraded":4,"win_rate":0.0,"timestamp":1610841226,"path_taken":["M","?","M","$","?","R","?","R","T","R","M","E","M","?","R","BOSS","M","$","?","M","?","R","?","E"],"items_purchased_type":["Card","Relic"],"build_version":"2020-12-22","purchased_purges":2,"victory":false,"max_hp_per_floor":[75,75,75,75,75,75,75,75,75,75,75,75,75,75,75,75,80,80,87,87,87,87,87,43,43,43],"card_choices":[{"not_picked":["Chaos","Gash"],"picked":"Coolheaded","floor":1},{"not_picked":["Ball Lightning","Hologram","Hello World"],"picked":"SKIP","floor":3},{"not_picked":["Stack","Ball Lightning"],"picked":"Leap","floor":7},{"not_picked":["Sweeping Beam","Genetic Algorithm","Leap"],"picked":"SKIP","floor":11},{"not_picked":["Barrage","Steam"],"picked":"Skim","floor":12},{"not_picked":["Stack","Steam"],"picked":"Blizzard","floor":13},{"not_picked":["Turbo","Compile Driver"],"picked":"Cold Snap","floor":14},{"not_picked":["Reinforced Body","Leap"],"picked":"Chill","floor":17},{"not_picked":["Beam Cell","Compile Driver","Stack"],"picked":"SKIP","floor":18},{"not_picked":["Hologram+1","Leap","Tempest"],"picked":"SKIP","floor":20},{"not_picked":["Stack","Ball Lightning"],"picked":"Double Energy+1","floor":21}],"player_experience":176932,"relics_obtained":[{"floor":7,"key":"Odd Mushroom"},{"floor":9,"key":"HornCleat"},{"floor":12,"key":"PreservedInsect"},{"floor":22,"key":"Necronomicon"}],"event_choices":[{"cards_removed":["Strike_B"],"damage_healed":0,"gold_gain":0,"player_choice":"Forget","damage_taken":0,"max_hp_gain":0,"max_hp_loss":0,"event_name":"Living Wall","floor":2,"gold_loss":0},{"damage_healed":0,"gold_gain":0,"player_choice":"Success","damage_taken":3,"relics_obtained":["Frozen Egg 2"],"max_hp_gain":0,"max_hp_loss":0,"event_name":"Scrap Ooze","floor":5,"gold_loss":0},{"damage_healed":0,"gold_gain":0,"player_choice":"Fought Mushrooms","damage_taken":0,"max_hp_gain":0,"max_hp_loss":0,"event_name":"Mushrooms","floor":7,"gold_loss":0},{"damage_healed":0,"gold_gain":0,"player_choice":"Obtained Book","damage_taken":16,"max_hp_gain":0,"max_hp_loss":0,"event_name":"Cursed Tome","floor":22,"gold_loss":0},{"damage_healed":0,"gold_gain":0,"player_choice":"Became a Ghost","damage_taken":0,"max_hp_gain":0,"max_hp_loss":44,"event_name":"Ghosts","floor":24,"gold_loss":0,"cards_obtained":["Ghostly","Ghostly","Ghostly","Ghostly","Ghostly"]}],"is_beta":false,"boss_relics":[{"not_picked":["Coffee Dripper","Astrolabe"],"picked":"Tiny House"}],"items_purged_floors":[4,19],"is_endless":false,"potions_floor_spawned":[11,12,21],"killed_by":"Gremlin Leader","ascension_level":10}}