{"host":"95i1gxnztdrdyvhi","time":1610781438,"event":{"mods":["AchievementEnabler","Act Like it!","BaseMod","Downfall","Minty Spire (QoL Compilation)","Quick Restart","StSLib"],"gold_per_floor":[99,99,99,99,99,130,130,147,165,184,84,119,132,142,161,257,257,257,273,198,198,218,218,218,232,232,137,147,182,182,202,218,218,218,218],"floor_reached":33,"language":"ENG","playtime":2972,"items_purged":["champ:Defend","champ:Defend"],"score":304,"play_id":"deb159ac-5511-4f93-a5ae-04967ed79243","local_time":"20210116071718","is_ascension_mode":false,"campfire_choices":[{"data":"champ:Taunt","floor":1,"key":"SMITH"},{"data":"champ:PreciseThrust","floor":11,"key":"SMITH"},{"data":"champ:Backstep","floor":18,"key":"SMITH"},{"data":"champ:HeartStrike","floor":23,"key":"SMITH"},{"data":"champ:PreciseThrust","floor":26,"key":"SMITH"},{"data":"champ:Haymaker","floor":30,"key":"SMITH"}],"circlet_count":0,"master_deck":["champ:Strike","champ:Strike","champ:Strike","champ:Strike","champ:Defend","champ:Defend","champ:Execute","champ:Taunt+1","champ:GutPunch","champ:AdrenalArmor","champ:Haymaker+1","champ:PreciseThrust+1","champ:ShieldWall","champ:IgnorePain","champ:CrownThrow","champ:PreciseThrust+1","champ:HeartStrike+1","champ:Backstep+1","champ:CheapShot","champ:RageSigil","champ:Backstep+1","Necronomicurse","champ:FanOfKnives","champ:Shatter+1","champ:Backstep+1"],"relics":["champ:ChampionCrown","downfall:HeartsMalice","The Courier","Bottled Flame","downfall:HeartBlessingGreen","Bag of Marbles","Black Star","Necronomicon","champ:SpectersHand","sneckomod:BlankCard","Akabeko"],"acts_visited":["Exordium","TheCity"],"potions_floor_usage":[6,33,33],"damage_taken":[{"damage":0,"enemies":"Jaw Worm","floor":2,"turns":1},{"damage":0,"enemies":"Cultist","floor":3,"turns":1},{"damage":0,"enemies":"Small Slimes","floor":5,"turns":1},{"damage":82,"enemies":"3 Sentries","floor":6,"turns":11},{"damage":16,"enemies":"2 Fungi Beasts","floor":8,"turns":3},{"damage":44,"enemies":"Large Slime","floor":9,"turns":7},{"damage":10,"enemies":"Red Slaver","floor":10,"turns":3},{"damage":39,"enemies":"Lagavulin","floor":12,"turns":7},{"damage":15,"enemies":"3 Louse","floor":13,"turns":3},{"damage":2,"enemies":"Exordium Wildlife","floor":14,"turns":4},{"damage":3,"enemies":"Blue Slaver","floor":15,"turns":3},{"damage":44,"enemies":"SI_SHIV_ARCHETYPE","floor":16,"turns":9},{"damage":32,"enemies":"3 Byrds","floor":19,"turns":7},{"damage":25,"enemies":"downfall:FleeingMerchant","floor":20,"turns":5},{"damage":35,"enemies":"Chosen","floor":22,"turns":4},{"damage":20,"enemies":"Snecko","floor":25,"turns":3},{"damage":20,"enemies":"downfall:FleeingMerchant","floor":27,"turns":6},{"damage":35,"enemies":"Sentry and Sphere","floor":28,"turns":3},{"damage":55,"enemies":"Gremlin Leader","floor":29,"turns":8},{"damage":25,"enemies":"Cultist and Chosen","floor":31,"turns":6},{"damage":21,"enemies":"3 Cultists","floor":32,"turns":4},{"damage":80,"enemies":"DF_ARCHETYPE_CLAW","floor":33,"turns":10}],"seed_played":"-4877986705339331353","potions_obtained":[{"floor":4,"key":"Guardian:BlockOnCardUsePotion"},{"floor":4,"key":"FairyPotion"},{"floor":4,"key":"SteroidPotion"},{"floor":6,"key":"BlessingOfTheForge"},{"floor":25,"key":"champ:UltimateStancePotion"}],"is_trial":false,"path_per_floor":["R","M","M","?","M","E","T","M","M","M","R","E","M","M","M","B",null,"R","M","$","?","M","R","T","M","R","$","M","E","R","M","M","B"],"character_chosen":"THE_CHAMP","items_purchased":[],"campfire_rested":0,"item_purchase_floors":[],"current_hp_per_floor":[90,90,90,90,90,63,63,62,58,58,58,39,34,32,29,15,90,90,88,88,72,72,72,72,72,72,72,62,62,62,62,56,7,7,7],"gold":218,"neow_bonus":"THREE_ENEMY_KILL","is_daily":false,"chose_seed":false,"campfire_upgraded":6,"win_rate":0.0,"timestamp":1610781438,"path_taken":["R","M","M","?","M","E","T","M","M","M","R","E","M","?","M","BOSS","R","M","$","?","M","R","T","M","R","$","M","E","R","M","M","BOSS"],"items_purchased_type":[],"build_version":"2020-12-22","purchased_purges":2,"victory":false,"max_hp_per_floor":[90,90,90,90,90,90,90,90,90,90,90,90,90,90,90,90,90,90,90,90,90,90,90,90,90,90,90,90,90,90,90,90,90,90,90],"card_choices":[{"not_picked":["champ:EnGarde","champ:Haymaker"],"picked":"champ:GutPunch","floor":2},{"not_picked":["champ:FlashCut","champ:PerfectedStrike"],"picked":"champ:AdrenalArmor","floor":3},{"not_picked":["champ:BerserkersShout","champ:BringItOn"],"picked":"champ:Haymaker","floor":5},{"not_picked":["champ:DefensiveShout","champ:EnGarde"],"picked":"champ:PreciseThrust","floor":6},{"not_picked":["champ:CalledShot","champ:SetATrap"],"picked":"champ:ShieldWall","floor":8},{"not_picked":["champ:SetATrap","champ:SwordSigil"],"picked":"champ:IgnorePain","floor":9},{"not_picked":["champ:PreemptiveStrike","champ:DefensiveShout"],"picked":"champ:CrownThrow","floor":10},{"not_picked":["champ:EndlessRage","champ:FancyFootwork"],"picked":"champ:PreciseThrust","floor":12},{"not_picked":["champ:PerfectedStrike","champ:CrownThrow","champ:PreciseThrust"],"picked":"SKIP","floor":13},{"not_picked":["champ:EnragedBash","champ:DeathBlow"],"picked":"champ:HeartStrike","floor":14},{"not_picked":["champ:EndlessRage","champ:StanceDance"],"picked":"champ:Backstep","floor":15},{"not_picked":["champ:EnchantSword","champ:ShieldThrow"],"picked":"champ:CheapShot","floor":16},{"not_picked":["champ:Circumvent","champ:DefensiveShout"],"picked":"champ:RageSigil","floor":19},{"not_picked":["champ:PreemptiveStrike","champ:EnGarde"],"picked":"champ:Backstep+1","floor":20},{"not_picked":["champ:PerfectedStrike","champ:Encircle"],"picked":"champ:FanOfKnives","floor":22},{"not_picked":["champ:FanOfKnives","champ:BerserkersShout+1","champ:DefensiveShout"],"picked":"SKIP","floor":25},{"not_picked":["champ:PerfectedStrike","champ:UltimateStance","champ:FocusedBerserking"],"picked":"SKIP","floor":27},{"not_picked":["champ:BringItOn","champ:CalledShot+1"],"picked":"champ:Shatter+1","floor":28},{"not_picked":["champ:ShieldSigil","champ:BerserkerStyle+1","champ:TornadoPunch"],"picked":"SKIP","floor":29},{"not_picked":["champ:FanOfKnives","champ:CrownThrow"],"picked":"champ:Backstep+1","floor":31},{"not_picked":["champ:ShieldSigil","champ:HoldFirm","champ:BerserkersShout"],"picked":"SKIP","floor":32}],"player_experience":826301,"relics_obtained":[{"floor":6,"key":"The Courier"},{"floor":7,"key":"Bottled Flame"},{"floor":12,"key":"Bag of Marbles"},{"floor":21,"key":"Necronomicon"},{"floor":24,"key":"champ:SpectersHand"},{"floor":29,"key":"sneckomod:BlankCard"},{"floor":29,"key":"Akabeko"}],"event_choices":[{"damage_healed":0,"gold_gain":0,"player_choice":"Got Potions","damage_taken":0,"max_hp_gain":0,"max_hp_loss":0,"event_name":"Lab","floor":4,"gold_loss":0}],"is_beta":false,"boss_relics":[{"not_picked":["Empty Cage","Astrolabe"],"picked":"Black Star"}],"items_purged_floors":[20,27],"is_endless":false,"potions_floor_spawned":[6,8,12,14,22,25,31,32],"killed_by":"DF_ARCHETYPE_CLAW","ascension_level":0}}