{"host":"h4qgcirtxz6qax9j","time":1610809137,"event":{"mods":["AchievementEnabler","BaseMod","Colored Powertips","Minty Spire (QoL Compilation)","StSLib","SuperFastMode","The Animator"],"gold_per_floor":[118,133,146,177,193,193,159,177,177,177,197,217,171,183,183,183,183],"floor_reached":16,"language":"KOR","playtime":907,"items_purged":[],"score":100,"play_id":"3f32741e-e3aa-4141-b5f8-b05a0c6341c2","local_time":"20210116235857","is_ascension_mode":false,"campfire_choices":[{"data":"animator:IzunaHatsuse","floor":6,"key":"SMITH"},{"floor":10,"key":"REST"},{"data":"animator:Eris","floor":15,"key":"SMITH"}],"circlet_count":0,"master_deck":["animator:Strike_Konosuba","animator:Defend_Konosuba","animator:Strike","animator:Strike","animator:Strike","animator:Defend","animator:Defend","animator:Defend","animator:Kazuma","animator:Aqua","animator:RinTohsaka","animator:Eris+1","animator:IzunaHatsuse+1","animator:Geryuganshoop","animator:Megumin+4","animator:DolaCouronne"],"relics":["animator:LivingPicture","animator:TheMissingPiece","animator:PurgingStone","NeowsBlessing","Omamori"],"acts_visited":["Exordium"],"potions_floor_usage":[16,16],"damage_taken":[{"damage":0,"enemies":"Small Slimes","floor":1,"turns":1},{"damage":0,"enemies":"2 Louse","floor":2,"turns":1},{"damage":0,"enemies":"Cultist","floor":3,"turns":1},{"damage":19,"enemies":"Red Slaver","floor":4,"turns":7},{"damage":11,"enemies":"2 Fungi Beasts","floor":5,"turns":7},{"damage":18,"enemies":"Exordium Thugs","floor":7,"turns":10},{"damage":19,"enemies":"Large Slime","floor":8,"turns":13},{"damage":4,"enemies":"2 Fungi Beasts","floor":11,"turns":7},{"damage":16,"enemies":"Gremlin Gang","floor":12,"turns":5},{"damage":5,"enemies":"Red Slaver","floor":14,"turns":8},{"damage":87,"enemies":"Slime Boss","floor":16,"turns":15}],"seed_played":"-2020443000623466055","potions_obtained":[{"floor":1,"key":"Fruit Juice"},{"floor":4,"key":"FairyPotion"},{"floor":7,"key":"Swift Potion"}],"is_trial":false,"path_per_floor":["M","M","M","M","M","R","M","M","T","R","M","M","$","M","R","B"],"character_chosen":"THE_ANIMATOR","items_purchased":["animator:DolaCouronne"],"campfire_rested":1,"item_purchase_floors":[13],"current_hp_per_floor":[66,66,66,47,41,41,28,20,20,39,41,30,30,30,30,0,0],"gold":183,"neow_bonus":"THREE_ENEMY_KILL","is_daily":false,"chose_seed":false,"campfire_upgraded":2,"win_rate":0.0,"timestamp":1610809137,"path_taken":["M","M","M","M","M","R","M","M","T","R","M","M","$","M","R","BOSS"],"items_purchased_type":["Card"],"build_version":"2020-12-22","purchased_purges":0,"victory":false,"max_hp_per_floor":[66,66,66,66,66,66,66,66,66,66,67,67,67,67,67,72,72],"card_choices":[{"not_picked":["animator:EmiyaShirou","animator:Shigure","animator:Verdia"],"picked":"SKIP","floor":1},{"not_picked":["animator:Illya","animator:Shigure"],"picked":"animator:RinTohsaka","floor":2},{"not_picked":["animator:Genos","animator:Shion","animator:Pride"],"picked":"SKIP","floor":3},{"not_picked":["animator:Vanir","animator:Mitsurugi"],"picked":"animator:Eris","floor":4},{"not_picked":["animator:Mitsuba","animator:Shigure"],"picked":"animator:IzunaHatsuse","floor":5},{"not_picked":["animator:DolaCouronne","animator:GazelDwargon"],"picked":"animator:Geryuganshoop","floor":7},{"not_picked":["animator:Lancer","animator:YachiyoNanami","animator:Shion"],"picked":"SKIP","floor":8},{"not_picked":["animator:Aqua","animator:Mitsurugi"],"picked":"animator:Megumin","floor":11},{"not_picked":["animator:Alexander","animator:Kaijin","animator:Genos"],"picked":"SKIP","floor":12},{"not_picked":["animator:Geryuganshoop","animator:DolaStephanie"],"picked":"animator:Megumin","floor":14}],"player_experience":56416,"relics_obtained":[{"floor":9,"key":"Omamori"}],"event_choices":[],"is_beta":false,"boss_relics":[],"items_purged_floors":[],"is_endless":false,"potions_floor_spawned":[1,4,7,8],"killed_by":"Slime Boss","ascension_level":0}}