{"host":"4cgvt8brk2i8ma1b","time":1610816703,"event":{"mods":["Act Like it!","BaseMod","Better Third Choice","Conspire","Duelist Mod","Hallownest","Hubris","Infinite Spire","Jorbs\u0027s Wanderer Trilogy","Minty Spire (QoL Compilation)","Replay The Spire","StSLib","The Bug Knight","The Jungle","The Necromancer","The Poker Player","The Runesmith"],"gold_per_floor":[387,7,7,27,45,72,72,72,118,138,138,150,75,75,75,170,170,183,193,203,222,240,240,94,112,112,112,112,112,142,154,154,255,255,283,318,350,201,201,201,253,253,280,316,351,394,436,483,483,483],"floor_reached":51,"language":"ENG","playtime":2771,"items_purged":["Doubt"],"score":1163,"play_id":"2114807c-32cb-4b91-9391-08f347772ff9","local_time":"20210116110503","is_ascension_mode":true,"campfire_choices":[{"data":"theDuelist:ToonWorld","floor":7,"key":"SMITH"},{"data":"theDuelist:ToonSummonedSkull","floor":11,"key":"SMITH"},{"floor":15,"key":"REST"},{"floor":23,"key":"REST"},{"floor":27,"key":"REST"},{"data":"theDuelist:ToonBriefcase","floor":29,"key":"SMITH"},{"floor":32,"key":"REST"},{"data":"theDuelist:TrapHole","floor":40,"key":"SMITH"},{"floor":42,"key":"REST"},{"floor":49,"key":"REST"}],"circlet_count":0,"master_deck":["AscendersBane","theDuelist:MangaRyuRan","theDuelist:ToonAncientGear","theDuelist:ToonMermaid","theDuelist:ToonSummonedSkull+1","theDuelist:ToonWorld+1","theDuelist:ToonMagic","theDuelist:Blockman","theDuelist:ToonBriefcase+1","theDuelist:ToonBarrelDragon","theDuelist:ToonGoblin","theDuelist:ToonGeminiElf","theDuelist:BlueEyesToon","theDuelist:ShadowToon+1","theDuelist:TrapHole+1","theDuelist:ToonMask","theDuelist:HeartUnderdog","theDuelist:ToonMaskedSorcerer+1","theDuelist:Raigeki","theDuelist:ObeliskTormentor+1","Parasite"],"relics":["theDuelist:MillenniumPuzzle","theDuelist:CardPoolRelic","theDuelist:CardPoolBasicRelic","theDuelist:BoosterPackPoolRelic","theDuelist:CardPoolAddRelic","theDuelist:CardPoolMinusRelic","theDuelist:CardPoolSaveRelic","theDuelist:CardPoolOptionsRelic","theDuelist:MarkExxod","hubris:DisguiseKit","Bag of Marbles","Art of War","Painkiller Herb","theDuelist:MillenniumArmor","Juzu Bracelet","infinitespire:CursedDice","Pandora\u0027s Box","infinitespire:EvilPickle","Lantern","Pocketwatch","hubris:ToyBattleship"],"acts_visited":["Exordium","TheCity","TheBeyond"],"potions_floor_usage":[6,6,16,19,30,30,30,33,35,41,41,50,50],"damage_taken":[{"damage":2,"enemies":"Cultist","floor":1,"turns":4},{"damage":7,"enemies":"conspire:RoseBush","floor":4,"turns":4},{"damage":5,"enemies":"Small Slimes","floor":5,"turns":5},{"damage":14,"enemies":"Lagavulin","floor":6,"turns":6},{"damage":1,"enemies":"conspire:2 RoseBushes","floor":10,"turns":5},{"damage":13,"enemies":"Blue Slaver","floor":12,"turns":3},{"damage":37,"enemies":"Hexaghost","floor":16,"turns":5},{"damage":28,"enemies":"3 Byrds","floor":18,"turns":6},{"damage":7,"enemies":"Shell Parasite","floor":19,"turns":3},{"damage":2,"enemies":"Snecko","floor":20,"turns":2},{"damage":5,"enemies":"Snake Plant","floor":21,"turns":3},{"damage":14,"enemies":"Chosen and Byrds","floor":22,"turns":3},{"damage":5,"enemies":"Centurion and Healer","floor":25,"turns":2},{"damage":12,"enemies":"Slavers","floor":30,"turns":3},{"damage":28,"enemies":"Snecko","floor":31,"turns":5},{"damage":0,"enemies":"Pondfish","floor":33,"turns":6},{"damage":19,"enemies":"3 Darklings","floor":35,"turns":2},{"damage":15,"enemies":"3 Shapes","floor":36,"turns":2},{"damage":0,"enemies":"Spire Growth","floor":37,"turns":3},{"damage":34,"enemies":"2 Orb Walkers","floor":41,"turns":6},{"damage":0,"enemies":"Jaw Worm Horde","floor":44,"turns":2},{"damage":34,"enemies":"Writhing Mass","floor":45,"turns":2},{"damage":0,"enemies":"3 Darklings","floor":46,"turns":2},{"damage":0,"enemies":"4 Shapes","floor":47,"turns":2},{"damage":7,"enemies":"Writhing Mass","floor":48,"turns":3},{"damage":15,"enemies":"Awakened One","floor":50,"turns":7}],"seed_played":"-3717145202216500465","potions_obtained":[{"floor":4,"key":"Dexterity Potion"},{"floor":5,"key":"theDuelist:FireBottle"},{"floor":6,"key":"theDuelist:SummonFuryPotion"},{"floor":16,"key":"theDuelist:SummonFuryPotion"},{"floor":18,"key":"theDuelist:CoolBottle"},{"floor":21,"key":"theDuelist:MayhemPotion"},{"floor":25,"key":"theDuelist:CoolBottle"},{"floor":31,"key":"theDuelist:VampireVial"},{"floor":33,"key":"theDuelist:FlamingBottle"},{"floor":35,"key":"theDuelist:LavaBottle"},{"floor":37,"key":"Cursed Concoction"},{"floor":44,"key":"theDuelist:SolderPotionB"},{"floor":46,"key":"FearPotion"}],"is_trial":false,"path_per_floor":["M","$","?","M","M","E","R","?","T","M","R","M","$","?","R","B",null,"?","?","?","?","?","T","T","?","T","T","?","T","E","?","T","B",null,"?","?","?","T","?","T","?","T","T","?","?","?","?","?","T","B",null],"character_chosen":"THE_DUELIST","items_purchased":["theDuelist:Blockman","theDuelist:MarkExxod","theDuelist:ToonBriefcase","theDuelist:MillenniumArmor","Lantern"],"campfire_rested":6,"item_purchase_floors":[2,2,2,24,38],"current_hp_per_floor":[70,80,80,73,68,54,54,54,54,53,53,40,40,40,64,27,68,40,33,31,32,18,42,42,43,43,67,67,67,61,39,63,69,79,66,57,63,63,63,63,29,53,53,59,31,37,37,36,60,51],"gold":483,"neow_bonus":"TWO_FIFTY_GOLD","is_daily":false,"chose_seed":false,"campfire_upgraded":4,"win_rate":0.0,"timestamp":1610816703,"path_taken":["M","$","?","M","M","E","R","?","T","M","R","?","$","?","R","BOSS","?","?","?","?","?","T","T","?","T","T","?","T","E","?","T","BOSS","?","?","?","T","?","T","?","T","T","?","?","?","?","?","T","BOSS"],"items_purchased_type":["Card","Relic","Card","Relic","Relic"],"build_version":"2020-12-22","purchased_purges":1,"victory":true,"max_hp_per_floor":[72,82,82,82,82,82,82,82,82,82,82,82,82,82,82,82,82,82,82,82,82,82,82,82,82,82,82,82,82,82,82,82,82,82,82,82,82,82,82,82,82,82,82,82,82,82,82,82,82,82],"card_choices":[{"not_picked":["theDuelist:SpellShatteringArrow","theDuelist:ComicHand","theDuelist:GiantTrunade","theDuelist:AncientGearFist"],"picked":"theDuelist:ToonMagic","floor":1},{"not_picked":["theDuelist:SpellShatteringArrow","theDuelist:MangaRyuRan","theDuelist:RedEyesToon","theDuelist:ToonDarkMagician"],"picked":"theDuelist:ToonBarrelDragon","floor":4},{"not_picked":["theDuelist:BattleOx","theDuelist:DarklordSuperbia","theDuelist:GilfordLegend","theDuelist:Sangan","theDuelist:Fissure"],"picked":"SKIP","floor":6},{"not_picked":["theDuelist:RedEyesToon","theDuelist:ToonBarrelDragon","theDuelist:ToonGoblin","theDuelist:ToonDarkMagician"],"picked":"theDuelist:ToonGeminiElf","floor":10},{"not_picked":["theDuelist:BattleOx","theDuelist:BlackPendant","theDuelist:GilfordLegend","theDuelist:PreventRat","theDuelist:PotDichotomy"],"picked":"SKIP","floor":12},{"not_picked":["theDuelist:MangaRyuRan","theDuelist:RedEyesToon","theDuelist:ToonBarrelDragon","theDuelist:YellowBelliedOni"],"picked":"theDuelist:BlueEyesToon","floor":18},{"not_picked":["theDuelist:ToonBarrelDragon","theDuelist:ToonRollback","theDuelist:BlueEyesToon+1","theDuelist:ToonMaskedSorcerer"],"picked":"theDuelist:ShadowToon+1","floor":19},{"not_picked":["theDuelist:ToonBriefcase+1","theDuelist:ToonCannonSoldier+1","theDuelist:ToonKingdom"],"picked":"theDuelist:TrapHole","floor":20},{"not_picked":["theDuelist:AncientGearFist","theDuelist:ToonDarkMagician"],"picked":"theDuelist:ToonMask","floor":21},{"not_picked":["theDuelist:ToonKingdom+1","theDuelist:ToonWorld+1","theDuelist:ToonBriefcase+1","theDuelist:ToonCannonSoldier+1"],"picked":"theDuelist:TrapHole+1","floor":22},{"not_picked":["theDuelist:ToonBarrelDragon","theDuelist:ToonAncientGear+1","theDuelist:RedEyesToon+1","theDuelist:FlyingSaucer","theDuelist:ToonWorld"],"picked":"SKIP","floor":25},{"not_picked":["theDuelist:MangaRyuRan","theDuelist:ToonMermaid+1","theDuelist:FlyingSaucer","theDuelist:ToonAncientGear","theDuelist:RedEyesToon"],"picked":"SKIP","floor":30},{"not_picked":["theDuelist:ToonBriefcase","theDuelist:ToonKingdom","theDuelist:ToonWorld"],"picked":"theDuelist:TrapHole+1","floor":31},{"not_picked":["theDuelist:ToonDarkMagician","theDuelist:ToonDarkMagicianGirl+1","theDuelist:ToonGeminiElf+1","theDuelist:Mathematician+1"],"picked":"theDuelist:ToonMaskedSorcerer+1","floor":35},{"not_picked":["theDuelist:ToonMermaid+1","theDuelist:ToonBarrelDragon","theDuelist:CheerfulCoffin","theDuelist:ToonDarkMagicianGirl+1"],"picked":"theDuelist:TrapHole+1","floor":36},{"not_picked":["theDuelist:EarthquakeGiant","theDuelist:EvilswarmHeliotrope","theDuelist:GraniteLoyalist","theDuelist:MudGolem+1","theDuelist:RainbowOverdragon+1"],"picked":"SKIP","floor":37},{"not_picked":["theDuelist:FeatherShot+1","theDuelist:OrbMetronome","theDuelist:SlotMachine","theDuelist:WingedKuribohLv10+1"],"picked":"theDuelist:Raigeki","floor":44},{"not_picked":["theDuelist:RedEyesToon+1","theDuelist:ToonMermaid","theDuelist:FlyingSaucer+1","theDuelist:ToonAncientGear+1","theDuelist:MangaRyuRan+1"],"picked":"SKIP","floor":45},{"not_picked":["theDuelist:MillenniumShield+1","theDuelist:PotGenerosity+1","theDuelist:SmashingGround","theDuelist:SolemnStrike+1"],"picked":"theDuelist:ObeliskTormentor+1","floor":46},{"not_picked":["theDuelist:SpellShatteringArrow+1","theDuelist:CheerfulCoffin","theDuelist:ToonBarrelDragon+1"],"picked":"theDuelist:MangaRyuRan+1","floor":47},{"not_picked":["theDuelist:ComicHand+1","theDuelist:ToonSummonedSkull+1","theDuelist:ToonMaskedSorcerer+1"],"picked":"SKIP","floor":48}],"player_experience":515350,"relics_obtained":[{"floor":6,"key":"Bag of Marbles"},{"floor":9,"key":"Art of War"},{"floor":26,"key":"Juzu Bracelet"},{"floor":30,"key":"infinitespire:CursedDice"},{"floor":41,"key":"Pocketwatch"},{"floor":43,"key":"hubris:ToyBattleship"}],"event_choices":[{"damage_healed":0,"gold_gain":0,"cards_transformed":["theDuelist:Sparks"],"player_choice":"Transformed","damage_taken":0,"max_hp_gain":0,"max_hp_loss":0,"event_name":"Transmorgrifier","floor":8,"gold_loss":0,"cards_obtained":["theDuelist:ToonGoblin"]},{"damage_healed":0,"gold_gain":0,"player_choice":"Leave","damage_taken":0,"max_hp_gain":0,"max_hp_loss":0,"event_name":"conspire:Investor","floor":14,"gold_loss":0},{"damage_healed":0,"gold_gain":0,"player_choice":"Ignored","damage_taken":0,"max_hp_gain":0,"max_hp_loss":0,"event_name":"Vampires","floor":28,"gold_loss":0},{"damage_healed":0,"gold_gain":0,"player_choice":"0 cards matched","damage_taken":0,"max_hp_gain":0,"max_hp_loss":0,"event_name":"Match and Keep!","floor":39,"gold_loss":0,"cards_obtained":[]},{"damage_healed":0,"gold_gain":0,"player_choice":"Fight","damage_taken":0,"max_hp_gain":0,"max_hp_loss":0,"event_name":"Mysterious Sphere","floor":41,"gold_loss":0}],"is_beta":false,"boss_relics":[{"not_picked":["Calling Bell","conspire:SlowCooker"],"picked":"Painkiller Herb"},{"not_picked":["ChewingGum","ReplayTheSpireMod:SealedPack"],"picked":"Pandora\u0027s Box"}],"items_purged_floors":[13],"is_endless":false,"potions_floor_spawned":[4,5,6,16,18,21,25,31,33,35,37,44,46],"ascension_level":10}}