{"host":"n4fty02wqqi95laq","time":1610797132,"event":{"mods":["BaseMod","Highlight Path","Minty Spire (QoL Compilation)","Quick Restart","Rare Cards Sparkle","StSLib"],"gold_per_floor":[119,133,58,73,91,124,134,145,197,227,227,227,257,267,267,344,344,361,372,390,305,324,324,74,84,84,114,164,164,214,240,252,342,354,384,296,341,341,351,377,391,421,444,464,499,499,529,542,542,542,542,542,542,15,43,43],"floor_reached":57,"language":"ZHS","playtime":3495,"items_purged":["Shame","Strike_P","Strike_P","BowlingBash"],"score":3118,"play_id":"5c96f0cd-4543-4efd-9f45-297f3ca6d681","local_time":"20210116193852","is_ascension_mode":true,"campfire_choices":[{"data":"Eruption","floor":12.0,"key":"SMITH"},{"data":"Meditate","floor":15.0,"key":"SMITH"},{"data":"MentalFortress","floor":23.0,"key":"SMITH"},{"data":"Adaptation","floor":29.0,"key":"SMITH"},{"data":"Adaptation","floor":32.0,"key":"SMITH"},{"data":"Fasting2","floor":46.0,"key":"SMITH"},{"floor":49.0,"key":"RECALL"},{"data":"Prostrate","floor":53.0,"key":"SMITH"}],"circlet_count":0,"master_deck":["AscendersBane","Strike_P+1","Strike_P+1","Defend_P+1","Defend_P+1","Eruption+1","Vigilance+1","Indignation+1","JustLucky+1","Adaptation+1","Tantrum+1","Adaptation+1","FearNoEvil+1","Omniscience+1","Meditate+1","Pray+1","LessonLearned+1","Pray+1","MentalFortress+1","Evaluate+1","Establishment+1","WheelKick+1","MasterReality+1","Prostrate+1","Fasting2+1","Vault+1","Wallop+1"],"relics":["PureWater","Pantograph","Bird Faced Urn","White Beast Statue","Ancient Tea Set","Coffee Dripper","Pear","Blood Vial","The Courier","MawBank","SacredBark","CaptainsWheel","Toy Ornithopter","Meat on the Bone","Omamori","Boot","StrikeDummy","Vajra","Toolbox","Happy Flower","Bottled Flame"],"acts_visited":["Exordium","TheCity","TheBeyond","TheEnding"],"potions_floor_usage":[56],"damage_taken":[{"damage":4.0,"enemies":"Jaw Worm","floor":1.0,"turns":3.0},{"damage":0.0,"enemies":"Cultist","floor":2.0,"turns":2.0},{"damage":0.0,"enemies":"2 Louse","floor":4.0,"turns":1.0},{"damage":0.0,"enemies":"2 Fungi Beasts","floor":5.0,"turns":2.0},{"damage":20.0,"enemies":"Gremlin Nob","floor":6.0,"turns":3.0},{"damage":0.0,"enemies":"Red Slaver","floor":7.0,"turns":2.0},{"damage":0.0,"enemies":"Exordium Wildlife","floor":8.0,"turns":1.0},{"damage":0.0,"enemies":"Lagavulin","floor":10.0,"turns":4.0},{"damage":3.0,"enemies":"Gremlin Nob","floor":13.0,"turns":3.0},{"damage":16.0,"enemies":"Blue Slaver","floor":14.0,"turns":3.0},{"damage":16.0,"enemies":"The Guardian","floor":16.0,"turns":6.0},{"damage":0.0,"enemies":"Chosen","floor":18.0,"turns":2.0},{"damage":27.0,"enemies":"Shell Parasite","floor":19.0,"turns":4.0},{"damage":26.0,"enemies":"Snake Plant","floor":20.0,"turns":3.0},{"damage":14.0,"enemies":"Centurion and Healer","floor":22.0,"turns":6.0},{"damage":10.0,"enemies":"Snecko","floor":25.0,"turns":5.0},{"damage":13.0,"enemies":"Gremlin Leader","floor":27.0,"turns":5.0},{"damage":0.0,"enemies":"Book of Stabbing","floor":31.0,"turns":3.0},{"damage":17.0,"enemies":"Champ","floor":33.0,"turns":8.0},{"damage":17.0,"enemies":"3 Shapes","floor":35.0,"turns":6.0},{"damage":13.0,"enemies":"2 Orb Walkers","floor":37.0,"turns":3.0},{"damage":10.0,"enemies":"Orb Walker","floor":39.0,"turns":3.0},{"damage":0.0,"enemies":"Giant Head","floor":40.0,"turns":4.0},{"damage":10.0,"enemies":"4 Shapes","floor":41.0,"turns":6.0},{"damage":8.0,"enemies":"Reptomancer","floor":42.0,"turns":2.0},{"damage":10.0,"enemies":"Spire Growth","floor":44.0,"turns":4.0},{"damage":5.0,"enemies":"Giant Head","floor":45.0,"turns":4.0},{"damage":0.0,"enemies":"Nemesis","floor":47.0,"turns":3.0},{"damage":0.0,"enemies":"Maw","floor":48.0,"turns":5.0},{"damage":47.0,"enemies":"Donu and Deca","floor":50.0,"turns":8.0},{"damage":74.0,"enemies":"Awakened One","floor":51.0,"turns":5.0},{"damage":93.0,"enemies":"Shield and Spear","floor":55.0,"turns":12.0},{"damage":96,"enemies":"The Heart","floor":56,"turns":9}],"seed_played":"7881703237378370092","potions_obtained":[{"floor":2.0,"key":"Regen Potion"},{"floor":4.0,"key":"GamblersBrew"},{"floor":5.0,"key":"Energy Potion"},{"floor":8.0,"key":"Block Potion"},{"floor":13.0,"key":"PowerPotion"},{"floor":16.0,"key":"BottledMiracle"},{"floor":18.0,"key":"SpeedPotion"},{"floor":19.0,"key":"Ambrosia"},{"floor":20.0,"key":"Strength Potion"},{"floor":27.0,"key":"FearPotion"},{"floor":31.0,"key":"FearPotion"},{"floor":35.0,"key":"DuplicationPotion"},{"floor":37.0,"key":"CultistPotion"},{"floor":39.0,"key":"Dexterity Potion"},{"floor":41.0,"key":"GamblersBrew"},{"floor":42.0,"key":"EntropicBrew"},{"floor":45.0,"key":"Weak Potion"},{"floor":47.0,"key":"Fruit Juice"},{"floor":48.0,"key":"Weak Potion"},{"floor":55.0,"key":"SteroidPotion"}],"is_trial":false,"path_per_floor":["M","M","$","M","M","E","M","M","T","E","?","R","E","M","R","B",null,"M","M","M","?","M","R","$","M","T","E","?","R","?","E","R","B",null,"M","$","?","T","M","E","M","E","T","M","E","R","E","M","R","B","B",null,"R","$","E","B",null],"character_chosen":"WATCHER","items_purchased":["Establishment","CultistPotion","Toolbox","Happy Flower","Wallop"],"campfire_rested":0,"item_purchase_floors":[24,54,54,54,54],"current_hp_per_floor":[57,57,57,57,57,37,37,37,37,37,37,37,38,26,26,39,61,65,42,22,32,26,26,26,26,26,23,23,23,16,24,24,44,70,65,65,66,66,68,78,68,71,71,73,78,78,78,88,88,53,36,75,75,75,55,14],"gold":43,"neow_bonus":"TRANSFORM_TWO_CARDS","is_daily":false,"chose_seed":false,"campfire_upgraded":7,"win_rate":0.0,"timestamp":1610797132,"path_taken":["M","M","$","M","M","E","M","M","T","E","?","R","E","?","R","BOSS","M","M","M","?","M","R","$","M","T","E","?","R","?","E","R","BOSS","M","$","?","?","M","E","M","E","T","M","E","R","E","M","R","BOSS","BOSS","R","$","E","BOSS"],"items_purchased_type":["Card","Potion","Relic","Relic","Card"],"build_version":"2020-12-22","purchased_purges":4,"victory":true,"max_hp_per_floor":[68,68,68,68,68,68,68,68,68,68,68,68,68,68,68,68,68,68,68,68,78,78,78,78,78,78,78,78,78,78,78,78,78,78,78,78,78,78,78,78,78,78,78,78,78,78,78,88,88,88,88,88,88,88,88,88],"card_choices":[{"not_picked":["Collect","ThirdEye"],"picked":"Adaptation","floor":1.0},{"not_picked":["EmptyFist","Evaluate"],"picked":"BowlingBash","floor":2.0},{"not_picked":["Nirvana","FollowUp","Halt"],"picked":"SKIP","floor":4.0},{"not_picked":["WindmillStrike","Halt"],"picked":"Tantrum","floor":5.0},{"not_picked":["EmptyBody","DeceiveReality","Worship"],"picked":"SKIP","floor":6.0},{"not_picked":["Nirvana","Collect"],"picked":"Adaptation","floor":7.0},{"not_picked":["EmptyFist","Nirvana"],"picked":"FearNoEvil","floor":8.0},{"not_picked":["JustLucky","Prostrate"],"picked":"Omniscience","floor":10.0},{"not_picked":["ClearTheMind","CutThroughFate"],"picked":"Meditate","floor":13.0},{"not_picked":["Swivel","WindmillStrike"],"picked":"Pray","floor":14.0},{"not_picked":["Alpha","Scrawl"],"picked":"LessonLearned","floor":16.0},{"not_picked":["JustLucky","CutThroughFate"],"picked":"Pray","floor":18.0},{"not_picked":["EmptyBody","CutThroughFate","Meditate"],"picked":"SKIP","floor":19.0},{"not_picked":["FlurryOfBlows","PathToVictory"],"picked":"MentalFortress","floor":20.0},{"not_picked":["ClearTheMind","WaveOfTheHand"],"picked":"Evaluate","floor":22.0},{"not_picked":["Consecrate","Crescendo"],"picked":"WheelKick","floor":25.0},{"not_picked":["Crescendo","Sanctity","Blasphemy"],"picked":"SKIP","floor":27.0},{"not_picked":["Protect","SignatureMove","ThirdEye+1"],"picked":"SKIP","floor":31.0},{"not_picked":["SpiritShield","Establishment"],"picked":"MasterReality","floor":33.0},{"not_picked":["Evaluate","Perseverance","LikeWater+1"],"picked":"SKIP","floor":35.0},{"not_picked":["ThirdEye","WindmillStrike","JustLucky"],"picked":"SKIP","floor":39.0},{"not_picked":["Establishment","LikeWater+1","CrushJoints"],"picked":"SKIP","floor":40.0},{"not_picked":["PathToVictory","FlurryOfBlows","FollowUp"],"picked":"SKIP","floor":41.0},{"not_picked":["PathToVictory","FlurryOfBlows","FollowUp"],"picked":"SKIP","floor":41.0},{"not_picked":["Consecrate","FollowUp+1"],"picked":"Prostrate","floor":42.0},{"not_picked":["ForeignInfluence","ReachHeaven+1","PathToVictory"],"picked":"SKIP","floor":44.0},{"not_picked":["Crescendo","FearNoEvil"],"picked":"Fasting2","floor":45.0},{"not_picked":["JustLucky","Blasphemy"],"picked":"Vault","floor":47.0},{"not_picked":["Crescendo","SashWhip","Vengeance+1"],"picked":"SKIP","floor":48.0},{"not_picked":["SashWhip","Wallop","Protect+1"],"picked":"SKIP","floor":55.0},{"not_picked":["SashWhip","Wallop","Protect+1"],"picked":"SKIP","floor":55.0}],"player_experience":669806,"relics_obtained":[{"floor":6.0,"key":"Pantograph"},{"floor":10.0,"key":"Bird Faced Urn"},{"floor":13.0,"key":"Ancient Tea Set"},{"floor":26.0,"key":"Blood Vial"},{"floor":27.0,"key":"The Courier"},{"floor":31.0,"key":"MawBank"},{"floor":37.0,"key":"CaptainsWheel"},{"floor":38.0,"key":"Toy Ornithopter"},{"floor":40.0,"key":"Meat on the Bone"},{"floor":42.0,"key":"Omamori"},{"floor":43.0,"key":"Boot"},{"floor":45.0,"key":"StrikeDummy"},{"floor":47.0,"key":"Vajra"},{"floor":55.0,"key":"Bottled Flame"}],"event_choices":[{"damage_healed":0.0,"max_hp_gain":0.0,"max_hp_loss":0.0,"gold_gain":0.0,"event_name":"WeMeetAgain","player_choice":"Gave Potion","floor":11.0,"gold_loss":0.0,"damage_taken":0.0,"relics_obtained":["White Beast Statue"]},{"damage_healed":0.0,"max_hp_gain":0.0,"max_hp_loss":0.0,"gold_gain":0.0,"event_name":"Addict","player_choice":"Obtained Relic","floor":21.0,"gold_loss":85.0,"damage_taken":0.0,"relics_obtained":["Pear"]},{"damage_healed":0.0,"max_hp_gain":0.0,"max_hp_loss":0.0,"gold_gain":50.0,"event_name":"Nest","player_choice":"Stole From Cult","floor":28.0,"gold_loss":0.0,"damage_taken":0.0},{"damage_healed":0.0,"max_hp_gain":0.0,"max_hp_loss":0.0,"gold_gain":50.0,"event_name":"FaceTrader","player_choice":"Touch","floor":30.0,"gold_loss":0.0,"damage_taken":7.0},{"damage_healed":0.0,"max_hp_gain":0.0,"max_hp_loss":0.0,"gold_gain":0.0,"event_name":"Mysterious Sphere","player_choice":"Fight","floor":37.0,"gold_loss":0.0,"damage_taken":0.0}],"is_beta":false,"boss_relics":[{"not_picked":["Velvet Choker","Calling Bell"],"picked":"Coffee Dripper"},{"not_picked":["Cursed Key","Runic Pyramid"],"picked":"SacredBark"}],"items_purged_floors":[3,24,36,54],"is_endless":false,"potions_floor_spawned":[2,4,5,8,10,13,14,16,18,19,20,22,25,27,31,33,35,37,39,40,41,42,44,45,47,48,55],"ascension_level":20}}