{"host":"9tdk3zzhmpo6o3dg","time":1610811533,"event":{"mods":["AchievementEnabler","BaseMod","Downfall","Marisa£®ÏF”Í°°ƒß¿Ì…≥£©","Minty Spire (QoL Compilation)","Shop Mod","StSLib","The Cursed","The Marked","The Servant 0.9.4"],"gold_per_floor":[38,38,48,85,99,152,186,260,285,36,36,65,65,80,80,203,203,235,250,290,51,70,105,105,10,10,109,147,147,179,216,216,335,335,370,370,388,458,4,39,139,139,166,11,11,21,21,32,32,32],"floor_reached":51,"language":"ZHS","playtime":2753,"items_purged":["Strike_B"],"score":929,"play_id":"f2b720ee-1440-4d88-aa04-4d935653189c","local_time":"20210116233853","is_ascension_mode":true,"campfire_choices":[{"data":"Creative AI","floor":13,"key":"SMITH"},{"floor":15,"key":"REST"},{"data":"Seek","floor":29,"key":"SMITH"},{"floor":32,"key":"REST"},{"data":"Defragment","floor":42,"key":"SMITH"},{"data":"Machine Learning","floor":45,"key":"SMITH"},{"data":"Storm","floor":47,"key":"SMITH"},{"data":"White Noise","floor":49,"key":"SMITH"}],"circlet_count":0,"master_deck":["Defend_B","Zap+1","Dualcast","HandOfGreed","Ball Lightning","Reinforced Body","Chill","Loop","Creative AI+1","Defragment+1","White Noise+1","Recycle","Turbo","Seek+1","Turbo+1","Hologram","Machine Learning+1","White Noise+1","Hello World","Chill","Coolheaded","Hologram","Doubt","Redo+1","Seek","Capacitor+1","Multi-Cast","Auto Shields+1","Multi-Cast+1","Barrage","Storm+1","Self Repair","Echo Form","Writhe","Consume+1"],"relics":["Cracked Core","Anchor","Pantograph","Lantern","Meat on the Bone","Mummified Hand","PreservedInsect","Cursed Key","Nunchaku","InkBottle","Vajra","Astrolabe","CaptainsWheel","Runic Capacitor","Cables","Bottled Lightning","War Paint","Chemical X"],"acts_visited":["Exordium","TheCity","TheBeyond"],"potions_floor_usage":[6,7,12,23,23,28,30,46,50,50,50],"damage_taken":[{"damage":0,"enemies":"2 Louse","floor":1,"turns":3},{"damage":0,"enemies":"Cultist","floor":3,"turns":2},{"damage":0,"enemies":"Small Slimes","floor":4,"turns":5},{"damage":12,"enemies":"3 Louse","floor":5,"turns":4},{"damage":19,"enemies":"Gremlin Nob","floor":6,"turns":4},{"damage":7,"enemies":"Exordium Thugs","floor":7,"turns":3},{"damage":14,"enemies":"3 Sentries","floor":8,"turns":8},{"damage":7,"enemies":"Lagavulin","floor":12,"turns":4},{"damage":8,"enemies":"Looter","floor":14,"turns":3},{"damage":54,"enemies":"Slime Boss","floor":16,"turns":10},{"damage":19,"enemies":"2 Thieves","floor":18,"turns":4},{"damage":0,"enemies":"Chosen","floor":19,"turns":4},{"damage":23,"enemies":"Centurion and Healer","floor":20,"turns":8},{"damage":15,"enemies":"3 Cultists","floor":22,"turns":4},{"damage":34,"enemies":"Gremlin Leader","floor":23,"turns":6},{"damage":11,"enemies":"Snecko","floor":28,"turns":5},{"damage":0,"enemies":"Slavers","floor":30,"turns":3},{"damage":10,"enemies":"Sentry and Sphere","floor":31,"turns":4},{"damage":4,"enemies":"Collector","floor":33,"turns":6},{"damage":0,"enemies":"3 Shapes","floor":35,"turns":5},{"damage":2,"enemies":"Orb Walker","floor":37,"turns":3},{"damage":3,"enemies":"Mind Bloom Boss Battle","floor":38,"turns":6},{"damage":31,"enemies":"Reptomancer","floor":40,"turns":5},{"damage":5,"enemies":"Jaw Worm Horde","floor":46,"turns":4},{"damage":9,"enemies":"4 Shapes","floor":48,"turns":2},{"damage":10,"enemies":"Donu and Deca","floor":50,"turns":5}],"seed_played":"-9144061630995081382","potions_obtained":[{"floor":1,"key":"Slimebound:ThreeZeroPotion"},{"floor":4,"key":"PotionOfCapacity"},{"floor":5,"key":"Block Potion"},{"floor":6,"key":"Fire Potion"},{"floor":16,"key":"BlessingOfTheForge"},{"floor":20,"key":"Guardian:BlockOnCardUsePotion"},{"floor":23,"key":"Energy Potion"},{"floor":31,"key":"Ancient Potion"},{"floor":37,"key":"Regen Potion"},{"floor":38,"key":"EssenceOfSteel"},{"floor":46,"key":"Energy Potion"}],"is_trial":false,"path_per_floor":["M","?","M","M","M","E","M","E","T","$","T","E","R","M","R","B",null,"M","M","M","$","M","E","?","$","T","?","M","R","E","M","R","B",null,"M","?","M","?","$","E","?","R","T","$","R","M","R","M","R","B",null],"character_chosen":"DEFECT","items_purchased":["Meat on the Bone","Machine Learning","Coolheaded","Hologram","Runic Capacitor","Cables","Self Repair","Chemical X"],"campfire_rested":2,"item_purchase_floors":[10,21,25,25,39,39,39,44],"current_hp_per_floor":[75,75,75,75,63,44,37,23,23,23,23,28,28,32,54,33,75,56,56,45,45,42,20,20,20,20,20,21,21,33,35,57,71,75,75,75,73,72,72,48,48,48,48,48,48,69,69,67,67,65],"gold":32,"neow_bonus":"RANDOM_COLORLESS_2","is_daily":false,"chose_seed":false,"campfire_upgraded":6,"win_rate":0.0,"timestamp":1610811533,"path_taken":["M","?","M","M","M","E","M","E","T","$","?","E","R","?","R","BOSS","M","M","M","$","M","E","?","$","T","?","M","R","E","M","R","BOSS","M","?","M","?","$","E","?","R","T","$","R","M","R","M","R","BOSS"],"items_purchased_type":["Relic","Card","Card","Card","Relic","Relic","Card","Relic"],"build_version":"2020-12-22","purchased_purges":1,"victory":true,"max_hp_per_floor":[75,75,75,75,75,75,75,75,75,75,75,75,75,75,75,75,75,75,75,75,75,75,75,75,75,75,75,75,75,75,75,75,75,75,75,75,75,75,75,75,75,75,75,75,75,75,75,75,75,75],"card_choices":[{"not_picked":["The Bomb","Secret Weapon"],"picked":"HandOfGreed","floor":0},{"not_picked":["Rip and Tear","Rebound"],"picked":"Ball Lightning","floor":1},{"not_picked":["Steam","Scrape"],"picked":"Reinforced Body","floor":3},{"not_picked":["Ball Lightning","Go for the Eyes"],"picked":"Chill","floor":4},{"not_picked":["Gash","Barrage"],"picked":"Loop","floor":5},{"not_picked":["Go for the Eyes","FTL"],"picked":"Creative AI","floor":6},{"not_picked":["Rebound","Gash"],"picked":"Defragment","floor":7},{"not_picked":["Cold Snap","Go for the Eyes"],"picked":"White Noise","floor":8},{"not_picked":["Machine Learning","Rebound"],"picked":"Recycle","floor":12},{"not_picked":["Stack","Redo"],"picked":"Turbo","floor":14},{"not_picked":["Reboot","Core Surge"],"picked":"Seek","floor":16},{"not_picked":["Compile Driver","Beam Cell","Leap"],"picked":"SKIP","floor":18},{"not_picked":["Compile Driver","Streamline"],"picked":"Turbo+1","floor":19},{"not_picked":["Go for the Eyes","Rebound","Hologram"],"picked":"SKIP","floor":20},{"not_picked":["Go for the Eyes","Rebound"],"picked":"Hologram","floor":20},{"not_picked":["Compile Driver","Beam Cell"],"picked":"White Noise","floor":22},{"not_picked":["Echo Form","Streamline+1","Turbo+1"],"picked":"SKIP","floor":23},{"not_picked":["Stack","Steam"],"picked":"Redo+1","floor":28},{"not_picked":["White Noise","Lockon"],"picked":"Seek","floor":30},{"not_picked":["Leap","Go for the Eyes"],"picked":"Capacitor+1","floor":31},{"not_picked":["Amplify","Hyperbeam"],"picked":"Multi-Cast","floor":33},{"not_picked":["Go for the Eyes+1","Scrape+1"],"picked":"Barrage","floor":35},{"not_picked":["Compile Driver+1","Scrape"],"picked":"Storm","floor":37},{"not_picked":["Genetic Algorithm","Undo"],"picked":"Echo Form","floor":40},{"not_picked":["Fusion","Undo+1"],"picked":"Consume+1","floor":46},{"not_picked":["Go for the Eyes+1","Steam","Ball Lightning+1"],"picked":"SKIP","floor":48}],"player_experience":140095,"relics_obtained":[{"floor":6,"key":"Anchor"},{"floor":8,"key":"Pantograph"},{"floor":9,"key":"Lantern"},{"floor":11,"key":"Mummified Hand"},{"floor":12,"key":"PreservedInsect"},{"floor":23,"key":"Nunchaku"},{"floor":26,"key":"InkBottle"},{"floor":30,"key":"Vajra"},{"floor":38,"key":"CaptainsWheel"},{"floor":40,"key":"Bottled Lightning"},{"floor":43,"key":"War Paint"}],"event_choices":[{"cards_removed":["Strike_B"],"damage_healed":0,"gold_gain":0,"player_choice":"Offered Basic","damage_taken":0,"max_hp_gain":0,"max_hp_loss":0,"event_name":"Bonfire Elementals","floor":2,"gold_loss":0},{"damage_healed":0,"gold_gain":0,"cards_transformed":["Strike_B","Strike_B"],"player_choice":"Became Test Subject","damage_taken":0,"max_hp_gain":0,"max_hp_loss":0,"event_name":"Drug Dealer","floor":24,"gold_loss":0,"cards_obtained":["Hello World","Chill"]},{"damage_healed":0,"gold_gain":99,"player_choice":"Stole From Cult","damage_taken":0,"max_hp_gain":0,"max_hp_loss":0,"event_name":"Nest","floor":27,"gold_loss":0},{"cards_removed":["Rip and Tear"],"damage_healed":0,"gold_gain":0,"player_choice":"Removed Attack","damage_taken":0,"max_hp_gain":0,"max_hp_loss":0,"event_name":"Falling","floor":36,"gold_loss":0},{"damage_healed":0,"gold_gain":0,"player_choice":"Fight","damage_taken":0,"max_hp_gain":0,"max_hp_loss":0,"event_name":"MindBloom","floor":38,"gold_loss":0},{"damage_healed":0,"gold_gain":100,"player_choice":"Pray","damage_taken":0,"max_hp_gain":0,"max_hp_loss":0,"event_name":"Golden Shrine","floor":41,"gold_loss":0}],"is_beta":false,"boss_relics":[{"not_picked":["Runic Pyramid","Calling Bell"],"picked":"Cursed Key"},{"not_picked":["bronze:MakeshiftBattery","Snecko Eye"],"picked":"Astrolabe"}],"items_purged_floors":[21],"is_endless":false,"potions_floor_spawned":[1,4,5,6,16,20,23,31,37,38,46],"ascension_level":4}}