{"host":"4gr5irrdjh39ysed","time":1610817486,"event":{"mods":["AchievementEnabler","BaseMod","Colored Map","Downfall","Hermit","Minty Spire (QoL Compilation)","Random Character Button","StSLib","The Construct","The Cursed","The Disciple","The Hierophant","The Mystic","The Necromancer","The Runesmith"],"gold_per_floor":[367,79,92,105,105,134,145,179,216,243,255,279,291,361,373,484,496,521,533,556,584,611,652,664,694,706,217,127,143,163,63,63,166,166,178,0,0,0,0,0,26,39,39,39,54,54,64,76,76,76,76,76,76,102,102],"floor_reached":56,"language":"ENG","playtime":3274,"items_purged":["Defend_G","Defend_G"],"score":1704,"play_id":"c3a26549-75f6-400b-9d2e-9bcfa9746162","local_time":"20210116101806","is_ascension_mode":true,"campfire_choices":[{"floor":15,"key":"RECALL"},{"data":"Corpse Explosion","floor":24,"key":"SMITH"},{"data":"A Thousand Cuts","floor":32,"key":"SMITH"},{"floor":40,"key":"REST"},{"data":"Expertise","floor":44,"key":"SMITH"},{"data":"Phantasmal Killer","floor":49,"key":"SMITH"},{"floor":52,"key":"REST"}],"circlet_count":0,"master_deck":["AscendersBane","Strike_G+1","Strike_G+1","Strike_G+1","Strike_G+1","Strike_G+1","Defend_G+1","Survivor+1","Neutralize+1","Quick Slash+1","Bouncing Flask+1","Blade Dance+1","Noxious Fumes+1","Choke+1","Noxious Fumes+1","Dash+1","Caltrops+1","Wraith Form v2+1","Dagger Throw+1","Die Die Die+1","Poisoned Stab+1","Dramatic Entrance+1","Corpse Explosion+1","Backstab+1","Caltrops+1","Backflip+1","Poisoned Stab+1","Bouncing Flask+1","A Thousand Cuts+1","Bouncing Flask+1","Crippling Poison+1","Night Terror+1","Riddle With Holes+1","Tactician+1","Endless Agony+1","Adrenaline+1","Blade Dance+1","Transmutation+1","Metamorphosis+1","Expertise+1","Phantasmal Killer+1","Blade Dance+1"],"relics":["Ring of the Snake","Bag of Marbles","Bottled Flame","MawBank","Nunchaku","Oddly Smooth Stone","Omamori","Potion Belt","SlaversCollar","Lizard Tail","Pen Nib","Orrery","construct:WeddingRing","Red Mask","Mark of the Bloom","Boot","Singing Bowl","Anchor"],"acts_visited":["Exordium","TheCity","TheBeyond","TheEnding"],"potions_floor_usage":[8,20,42,42,50,55,55,55,55,55,55],"damage_taken":[{"damage":17,"enemies":"Jaw Worm","floor":1,"turns":4},{"damage":0,"enemies":"2 Louse","floor":3,"turns":2},{"damage":6,"enemies":"Cultist","floor":4,"turns":3},{"damage":30,"enemies":"Lagavulin","floor":6,"turns":5},{"damage":11,"enemies":"Looter","floor":7,"turns":4},{"damage":45,"enemies":"3 Sentries","floor":8,"turns":5},{"damage":22,"enemies":"Blue Slaver","floor":10,"turns":3},{"damage":21,"enemies":"Gremlin Gang","floor":12,"turns":4},{"damage":18,"enemies":"3 Sentries","floor":14,"turns":5},{"damage":64,"enemies":"The Guardian","floor":16,"turns":9},{"damage":34,"enemies":"Spheric Guardian","floor":18,"turns":5},{"damage":11,"enemies":"2 Thieves","floor":20,"turns":2},{"damage":28,"enemies":"Snecko","floor":21,"turns":4},{"damage":28,"enemies":"Centurion and Healer","floor":22,"turns":4},{"damage":38,"enemies":"Book of Stabbing","floor":23,"turns":4},{"damage":27,"enemies":"Snake Plant","floor":25,"turns":3},{"damage":35,"enemies":"Sentry and Sphere","floor":29,"turns":5},{"damage":24,"enemies":"Centurion and Healer","floor":30,"turns":4},{"damage":135,"enemies":"Champ","floor":33,"turns":9},{"damage":35,"enemies":"3 Darklings","floor":35,"turns":6},{"damage":63,"enemies":"Reptomancer","floor":41,"turns":4},{"damage":0,"enemies":"Orb Walker","floor":42,"turns":1},{"damage":8,"enemies":"Sphere and 2 Shapes","floor":45,"turns":3},{"damage":0,"enemies":"3 Darklings","floor":47,"turns":1},{"damage":83,"enemies":"Writhing Mass","floor":48,"turns":5},{"damage":103,"enemies":"Awakened One","floor":50,"turns":8},{"damage":52,"enemies":"Shield and Spear","floor":54,"turns":4},{"damage":163,"enemies":"The Heart","floor":55,"turns":6}],"seed_played":"8251192131633139047","potions_obtained":[{"floor":3,"key":"SpeedPotion"},{"floor":6,"key":"sneckomod:MuddlingPotion"},{"floor":8,"key":"DuplicationPotion"},{"floor":14,"key":"LiquidMemories"},{"floor":16,"key":"Guardian:BlockOnCardUsePotion"},{"floor":21,"key":"champ:CounterPotion"},{"floor":22,"key":"hexamod:SoulburnPotion"},{"floor":30,"key":"Energy Potion"},{"floor":33,"key":"Dexterity Potion"},{"floor":45,"key":"EntropicBrew"}],"is_trial":false,"path_per_floor":["M","$","M","M","?","E","M","E","T","M","?","M","?","?","R","B",null,"M","?","M","M","M","E","R","M","T","$","?","M","M","$","R","B",null,"M","?","?","?","$","R","E","M","T","R","M","$","M","M","R","B",null,"R","$","E","B",null],"character_chosen":"THE_SILENT","items_purchased":["Bouncing Flask","Bag of Marbles","Bouncing Flask","A Thousand Cuts","Pen Nib","Orrery"],"campfire_rested":2,"item_purchase_floors":[2,2,27,27,27,27],"current_hp_per_floor":[2046,2046,2046,2040,2040,2010,1999,1954,1954,1932,1932,1911,1904,1886,1886,1822,2003,1969,1969,1958,1930,1902,1864,1864,1837,1837,1837,1837,1802,1778,1778,1778,1643,1958,1923,1923,1918,1918,1918,1918,1855,1855,1855,1855,1847,1847,1847,1764,1764,1661,1661,1661,1661,1609,1446],"gold":102,"neow_bonus":"TWO_FIFTY_GOLD","is_daily":false,"chose_seed":false,"campfire_upgraded":4,"win_rate":0.0,"timestamp":1610817486,"path_taken":["M","$","M","M","?","E","M","E","T","M","?","?","?","?","R","BOSS","M","?","M","?","?","E","R","M","T","$","?","M","M","$","R","BOSS","M","?","?","?","$","R","E","M","T","R","M","?","M","M","R","BOSS","R","$","E","BOSS"],"items_purchased_type":["Card","Relic","Card","Card","Relic","Relic"],"build_version":"2020-12-22","purchased_purges":2,"victory":true,"max_hp_per_floor":[2063,2063,2063,2063,2063,2063,2063,2063,2063,2063,2063,2063,2063,2063,2063,2063,2063,2063,2063,2063,2063,2063,2063,2063,2063,2063,2063,2063,2063,2063,2063,2063,2063,2063,2063,2063,2063,2063,2063,2063,2063,2063,2063,2063,2063,2063,2065,2067,2067,2067,2067,2067,2067,2067,2067],"card_choices":[{"not_picked":["Dagger Spray","Dagger Throw"],"picked":"Quick Slash","floor":1},{"not_picked":["Tactician","Backflip"],"picked":"Blade Dance","floor":3},{"not_picked":["Prepared","Infinite Blades"],"picked":"Noxious Fumes","floor":4},{"not_picked":["Flying Knee","Dash"],"picked":"Choke","floor":6},{"not_picked":["Blur","Deadly Poison"],"picked":"Noxious Fumes","floor":7},{"not_picked":["Choke","PiercingWail"],"picked":"Dash","floor":8},{"not_picked":["Endless Agony","Riddle With Holes"],"picked":"Caltrops","floor":10},{"not_picked":["Quick Slash","Concentrate"],"picked":"Wraith Form v2","floor":12},{"not_picked":["Quick Slash","Tactician"],"picked":"Dagger Throw","floor":14},{"not_picked":["Venomology","Wraith Form v2"],"picked":"Die Die Die","floor":16},{"not_picked":["Flying Knee","Underhanded Strike"],"picked":"Poisoned Stab","floor":18},{"not_picked":["Quick Slash","Flying Knee"],"picked":"Backstab+1","floor":20},{"not_picked":["Expertise","Leg Sweep"],"picked":"Caltrops","floor":21},{"not_picked":["Outmaneuver","Dash"],"picked":"Backflip+1","floor":22},{"not_picked":["Outmaneuver+1","Well Laid Plans"],"picked":"Poisoned Stab","floor":23},{"not_picked":["Backstab","Accuracy","Sucker Punch"],"picked":"SKIP","floor":25},{"not_picked":["Poisoned Stab","All Out Attack"],"picked":"Bouncing Flask+1","floor":27},{"not_picked":["Bane","Flying Knee+1"],"picked":"Crippling Poison","floor":27},{"not_picked":["Escape Plan","Underhanded Strike"],"picked":"Night Terror","floor":27},{"not_picked":["Bane","Masterful Stab"],"picked":"Riddle With Holes+1","floor":27},{"not_picked":["Footwork","PiercingWail"],"picked":"Tactician","floor":27},{"not_picked":["Masterful Stab+1","Bouncing Flask+1"],"picked":"Endless Agony","floor":29},{"not_picked":["Sucker Punch","Heel Hook","Dodge and Roll"],"picked":"SKIP","floor":30},{"not_picked":["Venomology","Storm of Steel"],"picked":"Adrenaline","floor":33},{"not_picked":["Acrobatics","Backflip"],"picked":"Blade Dance","floor":35},{"not_picked":["Impatience","Panacea"],"picked":"Transmutation","floor":37},{"not_picked":["Bandage Up","Master of Strategy"],"picked":"Metamorphosis","floor":37},{"not_picked":["Poisoned Stab","PiercingWail+1","Blade Dance+1"],"picked":"SKIP","floor":41},{"not_picked":["Dash","Dodge and Roll"],"picked":"Expertise","floor":42},{"not_picked":["Backstab+1","Prepared+1"],"picked":"Phantasmal Killer","floor":45},{"not_picked":["Deadly Poison","Outmaneuver","Backflip"],"picked":"Singing Bowl","floor":47},{"not_picked":["Outmaneuver+1","PiercingWail","Cloak And Dagger"],"picked":"Singing Bowl","floor":48},{"not_picked":["PiercingWail+1","Dash+1"],"picked":"Blade Dance+1","floor":54}],"player_experience":203811,"relics_obtained":[{"floor":6,"key":"Bottled Flame"},{"floor":8,"key":"MawBank"},{"floor":9,"key":"Nunchaku"},{"floor":14,"key":"Potion Belt"},{"floor":23,"key":"Lizard Tail"},{"floor":41,"key":"Boot"},{"floor":43,"key":"Singing Bowl"},{"floor":54,"key":"Anchor"}],"event_choices":[{"cards_removed":["Defend_G"],"damage_healed":0,"gold_gain":0,"player_choice":"Forget","damage_taken":0,"max_hp_gain":0,"max_hp_loss":0,"event_name":"Living Wall","floor":5,"gold_loss":0},{"damage_healed":0,"gold_gain":0,"player_choice":"Gave Potion","damage_taken":0,"relics_obtained":["Oddly Smooth Stone"],"max_hp_gain":0,"max_hp_loss":0,"event_name":"WeMeetAgain","floor":11,"gold_loss":0},{"damage_healed":0,"gold_gain":0,"player_choice":"Success","damage_taken":7,"relics_obtained":["Omamori"],"max_hp_gain":0,"max_hp_loss":0,"event_name":"Scrap Ooze","floor":13,"gold_loss":0},{"damage_healed":0,"gold_gain":0,"player_choice":"Searched \u00271\u0027 times","damage_taken":0,"max_hp_gain":0,"max_hp_loss":0,"event_name":"Dead Adventurer","floor":14,"gold_loss":0},{"damage_healed":0,"gold_gain":0,"player_choice":"2 cards matched","damage_taken":0,"max_hp_gain":0,"max_hp_loss":0,"event_name":"Match and Keep!","floor":19,"gold_loss":0,"cards_obtained":["Dramatic Entrance","Corpse Explosion"]},{"cards_removed":["Defend_G"],"damage_healed":0,"gold_gain":0,"player_choice":"Upgrade and Remove","damage_taken":0,"max_hp_gain":0,"max_hp_loss":0,"event_name":"Designer","floor":28,"gold_loss":90,"cards_upgraded":["Strike_G"]},{"damage_healed":0,"gold_gain":0,"player_choice":"Paid","damage_taken":0,"relics_obtained":["Red Mask"],"max_hp_gain":0,"max_hp_loss":0,"event_name":"Tomb of Lord Red Mask","floor":36,"gold_loss":178},{"damage_healed":0,"gold_gain":0,"player_choice":"Memory 2","damage_taken":5,"max_hp_gain":0,"max_hp_loss":0,"event_name":"SensoryStone","floor":37,"gold_loss":0},{"damage_healed":0,"gold_gain":0,"player_choice":"Upgrade","damage_taken":0,"relics_obtained":["Mark of the Bloom"],"max_hp_gain":0,"max_hp_loss":0,"event_name":"MindBloom","floor":38,"gold_loss":0,"cards_upgraded":["Strike_G","Strike_G","Strike_G","Strike_G","Defend_G","Survivor","Neutralize","Quick Slash","Bouncing Flask","Blade Dance","Noxious Fumes","Choke","Noxious Fumes","Dash","Caltrops","Wraith Form v2","Dagger Throw","Die Die Die","Poisoned Stab","Dramatic Entrance","Caltrops","Poisoned Stab","Bouncing Flask","Crippling Poison","Night Terror","Tactician","Endless Agony","Adrenaline","Blade Dance","Transmutation","Metamorphosis"]}],"is_beta":false,"boss_relics":[{"not_picked":["Velvet Choker","Runic Pyramid"],"picked":"SlaversCollar"},{"not_picked":["Sozu","SacredBark"],"picked":"construct:WeddingRing"}],"items_purged_floors":[2,31],"is_endless":false,"potions_floor_spawned":[3,6,8,14,16,21,22,30,33,35,41,45],"ascension_level":10}}