{"host":"7rmsgc3rayi00cdt","time":1610826162,"event":{"mods":["BaseMod","Minty Spire (QoL Compilation)"],"gold_per_floor":[116,116,266,282,282,310,310,345,370,382,394,424,449,491,503,515,515],"floor_reached":16,"language":"ENG","playtime":355,"items_purged":[],"score":200,"play_id":"7c65d479-f8a4-4369-ba30-679062a7e6b0","local_time":"20210116194242","is_ascension_mode":true,"campfire_choices":[{"floor":7,"key":"REST"},{"floor":11,"key":"REST"},{"floor":15,"key":"REST"}],"circlet_count":0,"master_deck":["AscendersBane","Strike_B","Strike_B","Strike_B","Strike_B","Defend_B","Defend_B","Defend_B","Defend_B","Zap","Dualcast","Doubt","Ball Lightning","Pain","Hologram","Auto Shields"],"relics":["Cracked Core","WarpedTongs","Nunchaku","Ornamental Fan","MawBank","HornCleat"],"acts_visited":["Exordium"],"potions_floor_usage":[6],"damage_taken":[{"damage":0,"enemies":"2 Louse","floor":1,"turns":1},{"damage":9,"enemies":"Jaw Worm","floor":4,"turns":3},{"damage":37,"enemies":"Gremlin Nob","floor":6,"turns":5},{"damage":24,"enemies":"Lagavulin","floor":8,"turns":5},{"damage":5,"enemies":"Small Slimes","floor":12,"turns":3},{"damage":4,"enemies":"Exordium Thugs","floor":13,"turns":4},{"damage":61,"enemies":"Hexaghost","floor":16,"turns":11}],"seed_played":"-1301696448843227741","potions_obtained":[{"floor":1,"key":"Weak Potion"},{"floor":13,"key":"SteroidPotion"}],"is_trial":false,"path_per_floor":["M","?","?","M","?","E","R","E","T","$","R","M","M","?","R","B"],"character_chosen":"DEFECT","items_purchased":[],"campfire_rested":3,"item_purchase_floors":[],"current_hp_per_floor":[71,71,71,62,62,25,48,24,24,24,47,42,38,38,61,0,0],"gold":515,"neow_bonus":"TEN_PERCENT_HP_BONUS","is_daily":false,"chose_seed":false,"campfire_upgraded":0,"win_rate":0.0,"timestamp":1610826162,"path_taken":["M","?","?","M","?","E","R","E","T","$","R","M","?","?","R","BOSS"],"items_purchased_type":[],"build_version":"2020-12-22","purchased_purges":0,"victory":false,"max_hp_per_floor":[78,78,78,78,78,78,78,78,78,78,78,78,78,78,78,78,78],"card_choices":[{"not_picked":["Defragment","Compile Driver","Fusion"],"picked":"SKIP","floor":1},{"not_picked":["Compile Driver","Streamline"],"picked":"Ball Lightning","floor":4},{"not_picked":["Compile Driver","Rebound"],"picked":"Hologram","floor":6},{"not_picked":["Sweeping Beam","Meteor Strike","Steam"],"picked":"SKIP","floor":8},{"not_picked":["Cold Snap","Chaos","Force Field"],"picked":"SKIP","floor":12},{"not_picked":["Steam Power","Capacitor"],"picked":"Auto Shields","floor":13}],"player_experience":772163,"relics_obtained":[{"floor":6,"key":"Nunchaku"},{"floor":8,"key":"Ornamental Fan"},{"floor":9,"key":"MawBank"}],"event_choices":[{"damage_healed":0,"gold_gain":0,"player_choice":"Leave","damage_taken":0,"max_hp_gain":0,"max_hp_loss":0,"event_name":"The Cleric","floor":2,"gold_loss":0},{"damage_healed":0,"gold_gain":150,"player_choice":"AGREE","damage_taken":0,"max_hp_gain":0,"max_hp_loss":0,"event_name":"Liars Game","floor":3,"gold_loss":0,"cards_obtained":["Doubt"]},{"damage_healed":0,"gold_gain":0,"player_choice":"Rummage","damage_taken":0,"relics_obtained":["WarpedTongs"],"max_hp_gain":0,"max_hp_loss":0,"event_name":"Accursed Blacksmith","floor":5,"gold_loss":0,"cards_obtained":["Pain"]},{"damage_healed":0,"gold_gain":30,"player_choice":"Searched \u00272\u0027 times","damage_taken":0,"relics_obtained":["HornCleat"],"max_hp_gain":0,"max_hp_loss":0,"event_name":"Dead Adventurer","floor":14,"gold_loss":0}],"is_beta":false,"boss_relics":[],"items_purged_floors":[],"is_endless":false,"potions_floor_spawned":[1,13],"killed_by":"Hexaghost","ascension_level":17}}