{"host":"3z9xbwjeimmg738z","time":1610828231,"event":{"mods":["2.2 Compatiblity","Act Like it!","AlwaysNeverKeys","BaseMod","Colored Powertips","Defuse TimeMaze Blight","Downfall","GifTheSpireLib","Minty Spire (QoL Compilation)","Rare Cards Sparkle","StSLib"],"gold_per_floor":[99,110,127,127,145,145,195,222,242,242,259,279,279,15,26,26,26],"floor_reached":16,"language":"ENG","playtime":781,"items_purged":["bronze:Strike"],"score":104,"play_id":"fa8dc211-f433-46bc-9c5d-bf972a873b6a","local_time":"20210116121711","is_ascension_mode":false,"campfire_choices":[{"data":"bronze:Break","floor":1,"key":"SMITH"}],"circlet_count":0,"master_deck":["bronze:Strike+1","bronze:Strike","bronze:Strike","bronze:Defend","bronze:Defend+1","bronze:Defend+1","bronze:Defend+1","bronze:Replicate","bronze:Goto+1","bronze:Break+1","bronze:ItsAFeature","bronze:Shield","bronze:Break","bronze:Turbo","bronze:WildBeam","bronze:Overheat"],"relics":["bronze:BronzeCore","Omamori","War Paint","downfall:BrokenWingStatue","Membership Card"],"acts_visited":["Exordium"],"potions_floor_usage":[15,16,16],"damage_taken":[{"damage":0,"enemies":"Small Slimes","floor":2,"turns":3},{"damage":0,"enemies":"Jaw Worm","floor":3,"turns":3},{"damage":0,"enemies":"2 Louse","floor":5,"turns":2},{"damage":16,"enemies":"3 Sentries","floor":8,"turns":8},{"damage":2,"enemies":"2 Fungi Beasts","floor":9,"turns":3},{"damage":7,"enemies":"Blue Slaver","floor":11,"turns":4},{"damage":0,"enemies":"Large Slime","floor":12,"turns":5},{"damage":6,"enemies":"downfall:FleeingMerchant","floor":14,"turns":4},{"damage":0,"enemies":"3 Louse","floor":15,"turns":3},{"damage":58,"enemies":"WA_ARCHETYPE_RETAIN","floor":16,"turns":6}],"seed_played":"308328694838202891","potions_obtained":[{"floor":8,"key":"Energy Potion"},{"floor":11,"key":"DuplicationPotion"},{"floor":12,"key":"PowerPotion"},{"floor":15,"key":"Fruit Juice"}],"is_trial":false,"path_per_floor":["R","M","M","?","M","?","T","E","M","?","M","M","?","$","M","B"],"character_chosen":"THE_AUTOMATON","items_purchased":["Membership Card","bronze:Turbo","bronze:WildBeam","bronze:Overheat"],"campfire_rested":0,"item_purchase_floors":[14,14,14,14],"current_hp_per_floor":[70,70,70,70,70,70,70,54,52,52,45,45,45,39,44,0,0],"gold":26,"neow_bonus":"ONE_RANDOM_RARE_CARD","is_daily":false,"chose_seed":false,"campfire_upgraded":1,"win_rate":0.0,"timestamp":1610828231,"path_taken":["R","M","M","?","M","?","T","E","M","?","M","M","?","$","M","BOSS"],"items_purchased_type":["Relic","Card","Card","Card"],"build_version":"2020-12-22","purchased_purges":1,"victory":false,"max_hp_per_floor":[70,70,70,70,70,70,70,70,70,70,70,70,70,70,75,75,75],"card_choices":[{"not_picked":["bronze:Invalidate","bronze:DelayedSlice","bronze:Flail"],"picked":"SKIP","floor":2},{"not_picked":["bronze:Invalidate","bronze:DelayedSlice","bronze:Flail"],"picked":"SKIP","floor":2},{"not_picked":["bronze:Deprecate","bronze:WildBeam"],"picked":"bronze:ItsAFeature","floor":3},{"not_picked":["bronze:DelayedGuard","bronze:BuggyMess"],"picked":"bronze:Shield","floor":5},{"not_picked":["bronze:FollowUp","bronze:FineTuning","bronze:Constructor"],"picked":"SKIP","floor":8},{"not_picked":["bronze:BitShift","bronze:DelayedGuard","bronze:Safeguard"],"picked":"SKIP","floor":9},{"not_picked":["bronze:Optimize","bronze:Frontload","bronze:Branch"],"picked":"SKIP","floor":11},{"not_picked":["bronze:Shield","bronze:Shell"],"picked":"bronze:Break","floor":12},{"not_picked":["bronze:DelayedSlice","bronze:Frontload","bronze:Optimize"],"picked":"SKIP","floor":14},{"not_picked":["bronze:Overheat","bronze:DelayedSlice","bronze:Separator"],"picked":"SKIP","floor":15}],"player_experience":161387,"relics_obtained":[{"floor":7,"key":"Omamori"},{"floor":8,"key":"War Paint"}],"event_choices":[{"cards_removed":["downfall:Malfunctioning"],"damage_healed":0,"gold_gain":0,"player_choice":"Forget","damage_taken":0,"max_hp_gain":0,"max_hp_loss":0,"event_name":"Living Wall","floor":6,"gold_loss":0}],"is_beta":false,"boss_relics":[],"items_purged_floors":[14],"is_endless":false,"potions_floor_spawned":[8,11,12,15],"killed_by":"WA_ARCHETYPE_RETAIN","ascension_level":0}}