{"host":"8rwnpls8n88jrgbg","time":1610764429,"event":{"mods":["AchievementEnabler","BaseMod","Colored Map","Colored Powertips","DeckTracker","Keyboard Shortcuts","Minty Spire (QoL Compilation)","Relic Stats","StSLib","SuperFastMode"],"gold_per_floor":[116,126,142,142,160,160,310,34,111,138,138,149,149,207,207,281,281,294,219,219,239,100,132,144,144,169,185,217,217,235,253,253,332,332,349,30,30,47,64,94,94,124,151,151,184,184,184,210,210,210,210,210,210,5,5,5],"floor_reached":55,"language":"KOR","playtime":4446,"items_purged":["Doubt","Defend_G","Predator","Bite+1"],"score":2321,"play_id":"ba5ed970-811f-4ff4-906a-cfc7fcef0d13","local_time":"20210116113349","is_ascension_mode":true,"campfire_choices":[{"data":"Blade Dance","floor":6.0,"key":"SMITH"},{"data":"Apotheosis","floor":11.0,"key":"SMITH"},{"data":"Acrobatics","floor":13.0,"key":"SMITH"},{"floor":15.0,"key":"REST"},{"floor":25.0,"key":"REST"},{"floor":32.0,"key":"RECALL"},{"data":"Footwork","floor":41.0,"key":"SMITH"},{"floor":44.0,"key":"REST"},{"floor":49.0,"key":"REST"},{"floor":53.0,"key":"REST"}],"circlet_count":0,"master_deck":["AscendersBane","Survivor","Neutralize","Blade Dance+1","Terror","Acrobatics+1","Apotheosis+1","Blade Dance+1","Blur+1","Dagger Throw+1","Endless Agony+1","Burst+1","CurseOfTheBell","Backflip+1","Bite+1","Bite+1","Bite+1","Tactician+1","Cloak And Dagger+1","Leg Sweep+1","Footwork+1","Backflip+1","PiercingWail+1","Blade Dance+1","Adrenaline+1","Acrobatics+1","Expertise+1","Corpse Explosion+1","Dash+1","Tactician+1","Cloak And Dagger+1","Adrenaline+1","Parasite","Prepared+1","Tactician+1","Finisher+1","Madness+1","Madness+1","Well Laid Plans+1","PiercingWail+1","Calculated Gamble+1"],"relics":["Ring of the Snake","Mango","Toxic Egg 2","Dream Catcher","Molten Egg 2","Calling Bell","Smiling Mask","Shuriken","Calipers","Happy Flower","Lantern","Pandora\u0027s Box","Medical Kit","PreservedInsect","White Beast Statue","Bronze Scales","Snake Skull","Toy Ornithopter"],"acts_visited":["Exordium","TheCity","TheBeyond","TheEnding"],"potions_floor_usage":[55],"damage_taken":[{"damage":0.0,"enemies":"2 Louse","floor":1.0,"turns":4.0},{"damage":7.0,"enemies":"Jaw Worm","floor":2.0,"turns":6.0},{"damage":0.0,"enemies":"Cultist","floor":3.0,"turns":3.0},{"damage":15.0,"enemies":"Large Slime","floor":5.0,"turns":9.0},{"damage":3.0,"enemies":"Gremlin Nob","floor":10.0,"turns":3.0},{"damage":0.0,"enemies":"2 Fungi Beasts","floor":12.0,"turns":2.0},{"damage":26.0,"enemies":"Lagavulin Event","floor":14.0,"turns":7.0},{"damage":0.0,"enemies":"Slime Boss","floor":16.0,"turns":6.0},{"damage":8.0,"enemies":"3 Byrds","floor":18.0,"turns":5.0},{"damage":22.0,"enemies":"2 Thieves","floor":21.0,"turns":4.0},{"damage":13.0,"enemies":"Book of Stabbing","floor":23.0,"turns":3.0},{"damage":6.0,"enemies":"Snake Plant","floor":24.0,"turns":3.0},{"damage":40.0,"enemies":"Sentry and Sphere","floor":27.0,"turns":8.0},{"damage":0.0,"enemies":"Gremlin Leader","floor":28.0,"turns":3.0},{"damage":0.0,"enemies":"Centurion and Healer","floor":30.0,"turns":8.0},{"damage":0.0,"enemies":"Cultist and Chosen","floor":31.0,"turns":5.0},{"damage":43.0,"enemies":"Champ","floor":33.0,"turns":11.0},{"damage":6.0,"enemies":"3 Darklings","floor":35.0,"turns":4.0},{"damage":0.0,"enemies":"3 Shapes","floor":38.0,"turns":1.0},{"damage":0.0,"enemies":"Writhing Mass","floor":39.0,"turns":6.0},{"damage":0.0,"enemies":"Nemesis","floor":40.0,"turns":3.0},{"damage":27.0,"enemies":"Reptomancer","floor":42.0,"turns":5.0},{"damage":0.0,"enemies":"Giant Head","floor":45.0,"turns":2.0},{"damage":9.0,"enemies":"Reptomancer","floor":48.0,"turns":3.0},{"damage":37.0,"enemies":"Donu and Deca","floor":50.0,"turns":4.0},{"damage":44.0,"enemies":"Time Eater","floor":51.0,"turns":10.0},{"damage":75,"enemies":"Shield and Spear","floor":55,"turns":3}],"seed_played":"-2345043392479305132","potions_obtained":[{"floor":2.0,"key":"Strength Potion"},{"floor":5.0,"key":"SpeedPotion"},{"floor":10.0,"key":"Poison Potion"},{"floor":12.0,"key":"Explosive Potion"},{"floor":16.0,"key":"PowerPotion"},{"floor":21.0,"key":"BlessingOfTheForge"},{"floor":27.0,"key":"SteroidPotion"},{"floor":28.0,"key":"Explosive Potion"},{"floor":35.0,"key":"Ancient Potion"},{"floor":37.0,"key":"SteroidPotion"},{"floor":38.0,"key":"GhostInAJar"},{"floor":48.0,"key":"FairyPotion"}],"is_trial":false,"path_per_floor":["M","M","M","$","M","R","?","$","T","E","R","M","R","?","R","B",null,"M","?","?","M","$","E","M","R","T","M","E","?","M","M","R","B",null,"M","$","?","M","M","E","R","E","T","R","E","?","?","E","R","B","B",null,"R","$","E"],"character_chosen":"THE_SILENT","items_purchased":["Apotheosis","Tactician+1","Cloak And Dagger+1","Tactician+1","Medical Kit","Cloak And Dagger+1","Regen Potion","Calculated Gamble+1"],"campfire_rested":5,"item_purchase_floors":[8,22,22,36,36,36,54,54],"current_hp_per_floor":[73,66,66,66,51,51,51,51,51,48,48,48,48,22,44,44,67,59,59,51,38,38,28,31,46,46,26,35,35,51,51,51,11,41,38,38,38,44,50,51,51,30,30,45,51,51,42,39,51,20,28,45,51,51,0,0],"gold":5,"neow_bonus":"ONE_RARE_RELIC","is_daily":false,"chose_seed":false,"campfire_upgraded":4,"win_rate":0.0,"timestamp":1610764429,"path_taken":["M","M","M","$","M","R","?","$","T","E","R","M","R","?","R","BOSS","M","?","?","M","?","E","M","R","T","?","E","?","M","M","R","BOSS","M","$","?","M","?","E","R","E","T","R","E","?","?","E","R","BOSS","BOSS","R","$","E"],"items_purchased_type":["Card","Card","Card","Card","Relic","Card","Potion","Card"],"build_version":"2020-12-22","purchased_purges":4,"victory":false,"max_hp_per_floor":[74,74,74,74,74,74,74,74,74,74,74,74,74,74,74,74,74,74,74,51,51,51,51,51,51,51,51,51,51,51,51,51,51,51,51,51,51,51,51,51,51,51,51,51,51,51,51,51,51,51,51,51,51,51,51,51],"relic_stats":{"Happy Flower":[26],"counters":[27,131],"PreservedInsect":327,"Snake Skull":[4],"Smiling Mask":225,"Medical Kit":[0],"Dream Catcher":5,"Shuriken":[106],"Bronze Scales":[61],"Pandora\u0027s Box":["Acrobatics","Expertise","Corpse Explosion","Dash"],"obtain_stats":[{"Lantern":28,"Calipers":17,"Happy Flower":23,"Mango":0,"PreservedInsect":40,"Snake Skull":45,"Smiling Mask":17,"Medical Kit":36,"White Beast Statue":42,"Calling Bell":17,"Dream Catcher":10,"Shuriken":17,"Bronze Scales":43,"Molten Egg 2":14,"Pandora\u0027s Box":34,"Toxic Egg 2":9,"Toy Ornithopter":48,"Ring of the Snake":0},{"Lantern":14,"Calipers":8,"Happy Flower":11,"Mango":0,"PreservedInsect":21,"Snake Skull":23,"Smiling Mask":8,"Medical Kit":18,"White Beast Statue":22,"Calling Bell":8,"Dream Catcher":5,"Shuriken":8,"Bronze Scales":22,"Molten Egg 2":7,"Pandora\u0027s Box":17,"Toxic Egg 2":4,"Toy Ornithopter":24,"Ring of the Snake":0},{"Lantern":66,"Calipers":40,"Happy Flower":52,"Mango":0,"PreservedInsect":104,"Snake Skull":111,"Smiling Mask":40,"Medical Kit":94,"White Beast Statue":109,"Calling Bell":40,"Dream Catcher":25,"Shuriken":40,"Bronze Scales":109,"Molten Egg 2":34,"Pandora\u0027s Box":90,"Toxic Egg 2":22,"Toy Ornithopter":114,"Ring of the Snake":0}],"Toy Ornithopter":10,"Ring of the Snake":[56]},"card_choices":[{"not_picked":["Underhanded Strike","Poisoned Stab"],"picked":"Blade Dance","floor":1.0},{"not_picked":["Backflip","Escape Plan"],"picked":"Predator","floor":2.0},{"not_picked":["Sucker Punch","Noxious Fumes"],"picked":"Terror","floor":3.0},{"not_picked":["Outmaneuver","Prepared"],"picked":"Acrobatics","floor":5.0},{"not_picked":["Footwork","Caltrops"],"picked":"Blade Dance+1","floor":10.0},{"not_picked":["Flechettes","Reflex+1"],"picked":"Blur+1","floor":12.0},{"not_picked":["Well Laid Plans","Poisoned Stab+1"],"picked":"Dagger Throw+1","floor":14.0},{"not_picked":["Bane+1","Poisoned Stab+1"],"picked":"Endless Agony+1","floor":15.0},{"not_picked":["Night Terror+1","Envenom"],"picked":"Burst+1","floor":16.0},{"not_picked":["Bane+1","Masterful Stab+1"],"picked":"Backflip+1","floor":18.0},{"not_picked":["Predator+1","Slice+1","Terror+1"],"picked":"SKIP","floor":21.0},{"not_picked":["Wraith Form v2","Eviscerate+1","Outmaneuver+1"],"picked":"SKIP","floor":23.0},{"not_picked":["Crippling Poison+1","Flying Knee+1"],"picked":"Leg Sweep+1","floor":24.0},{"not_picked":["Endless Agony+1","Slice+1"],"picked":"Footwork","floor":25.0},{"not_picked":["Sucker Punch+1","Calculated Gamble+1"],"picked":"Backflip+1","floor":27.0},{"not_picked":["Skewer+1","Footwork"],"picked":"PiercingWail+1","floor":28.0},{"not_picked":["Flying Knee+1","Slice+1"],"picked":"Blade Dance+1","floor":30.0},{"not_picked":["Predator+1","Infinite Blades","Dagger Throw+1"],"picked":"SKIP","floor":31.0},{"not_picked":["Burst+1","Storm of Steel+1"],"picked":"Adrenaline+1","floor":33.0},{"not_picked":["Slice+1","Dodge and Roll+1","Flying Knee+1"],"picked":"SKIP","floor":35.0},{"not_picked":["Escape Plan+1","Deflect+1"],"picked":"Adrenaline+1","floor":38.0},{"not_picked":["Quick Slash+1","Dagger Throw+1"],"picked":"Prepared+1","floor":39.0},{"not_picked":["Backflip+1","Reflex+1"],"picked":"Tactician+1","floor":40.0},{"not_picked":["Expertise+1","Dagger Spray+1","Backstab+1"],"picked":"SKIP","floor":42.0},{"not_picked":["Dagger Spray+1","Dagger Throw+1"],"picked":"Finisher+1","floor":44.0},{"not_picked":["Finisher+1","Deadly Poison+1","Slice+1"],"picked":"SKIP","floor":45.0},{"not_picked":["Flying Knee+1","Blade Dance+1"],"picked":"Well Laid Plans+1","floor":48.0},{"not_picked":["Deadly Poison+1","Riddle With Holes+1"],"picked":"PiercingWail+1","floor":53.0}],"player_experience":1503301,"relics_obtained":[{"floor":9.0,"key":"Toxic Egg 2"},{"floor":10.0,"key":"Dream Catcher"},{"floor":14.0,"key":"Molten Egg 2"},{"floor":17.0,"key":"Smiling Mask"},{"floor":17.0,"key":"Shuriken"},{"floor":17.0,"key":"Calipers"},{"floor":23.0,"key":"Happy Flower"},{"floor":28.0,"key":"Lantern"},{"floor":40.0,"key":"PreservedInsect"},{"floor":42.0,"key":"White Beast Statue"},{"floor":43.0,"key":"Bronze Scales"},{"floor":45.0,"key":"Snake Skull"},{"floor":48.0,"key":"Toy Ornithopter"}],"event_choices":[{"damage_healed":0.0,"max_hp_gain":0.0,"max_hp_loss":0.0,"gold_gain":150.0,"event_name":"Liars Game","player_choice":"AGREE","floor":7.0,"gold_loss":0.0,"damage_taken":0.0,"cards_obtained":["Doubt"]},{"damage_healed":0.0,"max_hp_gain":0.0,"max_hp_loss":0.0,"gold_gain":30.0,"event_name":"Dead Adventurer","player_choice":"Searched \u00272\u0027 times","floor":14.0,"gold_loss":0.0,"damage_taken":0.0},{"cards_removed":["Strike_G"],"damage_healed":0.0,"max_hp_gain":0.0,"max_hp_loss":0.0,"gold_gain":0.0,"event_name":"Beggar","player_choice":"Gave Gold","floor":19.0,"gold_loss":75.0,"damage_taken":0.0},{"damage_healed":0.0,"max_hp_gain":0.0,"max_hp_loss":23.0,"gold_gain":0.0,"event_name":"Vampires","player_choice":"Became a vampire","floor":20.0,"gold_loss":0.0,"damage_taken":0.0,"cards_obtained":["Bite","Bite","Bite","Bite","Bite"]},{"cards_removed":["Bite"],"damage_healed":0.0,"max_hp_gain":0.0,"max_hp_loss":0.0,"gold_gain":0.0,"event_name":"Back to Basics","player_choice":"Elegance","floor":29.0,"gold_loss":0.0,"damage_taken":0.0},{"damage_healed":0.0,"max_hp_gain":0.0,"max_hp_loss":0.0,"gold_gain":0.0,"event_name":"Lab","player_choice":"Got Potions","floor":37.0,"gold_loss":0.0,"damage_taken":0.0},{"damage_healed":0.0,"max_hp_gain":0.0,"max_hp_loss":0.0,"gold_gain":0.0,"event_name":"Tomb of Lord Red Mask","player_choice":"Ignored","floor":46.0,"gold_loss":0.0,"damage_taken":0.0},{"damage_healed":0.0,"max_hp_gain":0.0,"max_hp_loss":0.0,"gold_gain":0.0,"event_name":"Winding Halls","player_choice":"Embrace Madness","floor":47.0,"gold_loss":0.0,"damage_taken":9.0,"cards_obtained":["Madness","Madness"]}],"is_beta":false,"boss_relics":[{"not_picked":["SlaversCollar","Runic Pyramid"],"picked":"Calling Bell"},{"not_picked":["Black Star","Ring of the Serpent"],"picked":"Pandora\u0027s Box"}],"items_purged_floors":[8,22,36,54],"is_endless":false,"potions_floor_spawned":[2,5,10,12,16,21,27,28,35,38,45,48],"killed_by":"Shield and Spear","ascension_level":20}}