{"host":"7k2a2omxz3voj5ax","time":1610810853,"event":{"mods":["BaseMod","Marisa£¨ìFÓê¡¡Ä§ÀíÉ³£©","Minty Spire (QoL Compilation)","Quick Restart","Spicy Shops","StSLib","Starting Relic: Pandora\u0027s Box","¡¾ÒÅÎï¿¨ÅÆ¡¿REMEMod","óô»ðÖ¸ÄÏ"],"gold_per_floor":[112,122,122,135,152,186,205,205,205,230,242,254,285,329,9,92,104,136,148,160,183,245,290,302,334,373,260,260,31,45,1899,1507,1586,1586,1602,1616,1463,1481,1244,1270,1170,1312,1312,1397,1397,1464,1556,1641,1641,1704,1764,1764,1499,97,167,266],"floor_reached":57,"language":"ZHS","playtime":3615,"items_purged":["Deadly Poison","Deadly Poison","Bane+1","Cloak And Dagger","Predator","Survivor","Dash","Neutralize","Shame"],"score":3519,"play_id":"8aba9fa2-5d32-40e3-9fe4-751da1a77dc6","local_time":"20210117002733","is_ascension_mode":true,"campfire_choices":[{"data":"Reflex","floor":8.0,"key":"SMITH"},{"data":"Acrobatics","floor":11.0,"key":"SMITH"},{"data":"Omniscience","floor":24.0,"key":"SMITH"},{"data":"Blade Dance","floor":28.0,"key":"SMITH"},{"floor":49.0,"key":"RECALL"}],"circlet_count":0,"master_deck":["AscendersBane","Prepared+1","Concentrate+1","Phantasmal Killer+1","Calculated Gamble+1","SatelliteIllusion","Blade Dance+1","Acrobatics+1","Reflex+1","Omniscience+1","Clumsy","PowerUp","Barricade","Reflex","6A+1","REME_FirmDetermination","REME_GreenPollution","REME_GreenPollution"],"relics":["REME_ComplimentaryCards","Astrolabe","Tough Bandages","Blood Vial","MawBank","InkBottle","PrismaticShard","WristBlade","CultistMask","Boot","Strawberry","Membership Card","Singing Bowl","Lantern","Bag of Preparation","Art of War","The Courier","War Paint","Du-Vu Doll","Meat on the Bone","Orrery","TheAbacus","Toy Ornithopter","Bottled Lightning","REME_ArchaeologicalTools","Gremlin Horn","The Specimen","CatCart","Letter Opener","Kunai","Medical Kit","Nunchaku","Sundial","Vajra","Unceasing Top","Ornamental Fan","HornCleat","Blue Candle","Shuriken","Torii","Gambling Chip","Ginger","Lizard Tail"],"acts_visited":["Exordium","TheCity","TheBeyond","TheEnding"],"potions_floor_usage":[56,56],"damage_taken":[{"damage":10.0,"enemies":"Small Slimes","floor":1.0,"turns":4.0},{"damage":6.0,"enemies":"Cultist","floor":2.0,"turns":3.0},{"damage":0.0,"enemies":"Jaw Worm","floor":4.0,"turns":3.0},{"damage":6.0,"enemies":"3 Louse","floor":5.0,"turns":3.0},{"damage":0.0,"enemies":"Gremlin Nob","floor":6.0,"turns":3.0},{"damage":0.0,"enemies":"Exordium Thugs","floor":7.0,"turns":3.0},{"damage":0.0,"enemies":"Exordium Wildlife","floor":10.0,"turns":3.0},{"damage":0.0,"enemies":"3 Louse","floor":13.0,"turns":3.0},{"damage":14.0,"enemies":"3 Sentries","floor":14.0,"turns":6.0},{"damage":1.0,"enemies":"Hexaghost","floor":16.0,"turns":7.0},{"damage":0.0,"enemies":"3 Byrds","floor":18.0,"turns":3.0},{"damage":7.0,"enemies":"2 Thieves","floor":21.0,"turns":2.0},{"damage":19.0,"enemies":"Slavers","floor":23.0,"turns":6.0},{"damage":0.0,"enemies":"Sentry and Sphere","floor":25.0,"turns":3.0},{"damage":0.0,"enemies":"Snecko","floor":30.0,"turns":2.0},{"damage":0.0,"enemies":"Collector","floor":33.0,"turns":2.0},{"damage":0.0,"enemies":"3 Shapes","floor":35.0,"turns":2.0},{"damage":0.0,"enemies":"3 Darklings","floor":36.0,"turns":2.0},{"damage":0.0,"enemies":"Sphere and 2 Shapes","floor":38.0,"turns":2.0},{"damage":0.0,"enemies":"Reptomancer","floor":40.0,"turns":1.0},{"damage":0.0,"enemies":"Transient","floor":42.0,"turns":6.0},{"damage":0.0,"enemies":"Nemesis","floor":44.0,"turns":1.0},{"damage":0.0,"enemies":"Jaw Worm Horde","floor":46.0,"turns":1.0},{"damage":0.0,"enemies":"Orin","floor":47.0,"turns":2.0},{"damage":0.0,"enemies":"Giant Head","floor":48.0,"turns":1.0},{"damage":0.0,"enemies":"Donu and Deca","floor":50.0,"turns":2.0},{"damage":0.0,"enemies":"Awakened One","floor":51.0,"turns":3.0},{"damage":0.0,"enemies":"Shield and Spear","floor":55.0,"turns":1.0},{"damage":0,"enemies":"The Heart","floor":56,"turns":4}],"seed_played":"-8605349792081642369","potions_obtained":[{"floor":1.0,"key":"ColorlessPotion"},{"floor":2.0,"key":"SmokeBomb"},{"floor":6.0,"key":"SpeedPotion"},{"floor":10.0,"key":"DuplicationPotion"},{"floor":48.0,"key":"Dexterity Potion"},{"floor":55.0,"key":"DuplicationPotion"}],"is_trial":false,"path_per_floor":["M","M","?","M","M","E","M","R","T","M","R","T","M","E","R","B",null,"M","?","?","M","?","E","R","M","T","$","R","$","M","$","R","B",null,"M","M","$","M","$","E","R","M","T","E","?","M","?","E","R","B","B",null,"R","$","E","B",null],"character_chosen":"THE_SILENT","items_purchased":["PrismaticShard","Membership Card","Singing Bowl","Swift Potion","Lantern","Bag of Preparation","Art of War","The Courier","War Paint","Du-Vu Doll","Meat on the Bone","Orrery","TheAbacus","Toy Ornithopter","Bottled Lightning","REME_GreenPollution","Kunai","REME_GreenPollution","Medical Kit","Nunchaku","Sundial","Vajra","Unceasing Top","Ornamental Fan","HornCleat","Blue Candle","Shuriken","Torii","Gambling Chip","Ginger"],"campfire_rested":0,"item_purchase_floors":[15,29,29,31,31,31,31,32,32,32,32,37,39,39,39,53,54,54,54,54,54,54,54,54,54,54,54,54,54,54],"current_hp_per_floor":[49,43,43,43,37,37,39,39,39,41,41,41,43,31,31,32,58,60,42,42,37,37,20,20,22,29,29,29,29,33,33,33,49,74,78,80,86,90,90,94,94,96,96,96,92,96,100,106,106,106,106,106,106,106,108,108],"gold":266,"neow_bonus":"BOSS_RELIC","is_daily":false,"chose_seed":false,"campfire_upgraded":4,"win_rate":0.0,"timestamp":1610810853,"path_taken":["M","M","?","M","?","E","M","R","T","M","R","?","?","E","R","BOSS","M","?","?","?","?","E","R","M","T","?","R","$","M","$","R","BOSS","M","M","$","M","$","E","R","M","T","E","?","M","?","E","R","BOSS","BOSS","R","$","E","BOSS"],"items_purchased_type":["Relic","Relic","Relic","Potion","Relic","Relic","Relic","Relic","Relic","Relic","Relic","Relic","Relic","Relic","Relic","Card","Relic","Card","Relic","Relic","Relic","Relic","Relic","Relic","Relic","Relic","Relic","Relic","Relic","Relic"],"build_version":"2020-12-22","purchased_purges":9,"victory":true,"max_hp_per_floor":[66,66,66,66,66,66,66,66,66,66,66,66,66,66,66,66,66,66,71,71,71,71,71,71,71,78,78,78,78,80,80,80,82,82,84,84,90,92,92,94,94,96,96,96,102,104,106,106,106,106,106,106,106,106,108,108],"card_choices":[{"not_picked":["Slice","Deflect","Choke"],"picked":"SKIP","floor":1.0},{"not_picked":["Outmaneuver","Skewer"],"picked":"Blade Dance","floor":2.0},{"not_picked":["Concentrate","Blur"],"picked":"Acrobatics","floor":4.0},{"not_picked":["Deadly Poison","Dagger Throw"],"picked":"Reflex","floor":5.0},{"not_picked":["Underhanded Strike","Finisher","Flying Knee"],"picked":"SKIP","floor":6.0},{"not_picked":["Underhanded Strike","Finisher","Flying Knee"],"picked":"SKIP","floor":6.0},{"not_picked":["Dash","Flechettes","Infinite Blades"],"picked":"SKIP","floor":7.0},{"not_picked":["Bane","Dagger Throw","PiercingWail"],"picked":"SKIP","floor":10.0},{"not_picked":["Crippling Poison","Backflip","REME_GrazeFinale"],"picked":"SKIP","floor":13.0},{"not_picked":["Backstab","Concentrate","Well Laid Plans"],"picked":"SKIP","floor":14.0},{"not_picked":["REME_GrazeFinale","Reaper"],"picked":"Omniscience","floor":16.0},{"not_picked":["Protect","UnstableBomb","Crippling Poison"],"picked":"SKIP","floor":18.0},{"not_picked":["GalacticHalo","Uppercut","Havoc"],"picked":"SKIP","floor":21.0},{"not_picked":["Backflip","Undo","Flying Knee"],"picked":"SKIP","floor":23.0},{"not_picked":["Storm","NonDirectionalLaser+1","Double Energy"],"picked":"SKIP","floor":25.0},{"not_picked":["Flex","Compile Driver","FlyingSleeves"],"picked":"Singing Bowl","floor":30.0},{"not_picked":["Wraith Form v2","ManaRampage","REME_Shoggoth"],"picked":"Singing Bowl","floor":33.0},{"not_picked":["Deflect","EmptyMind","Crescendo+1"],"picked":"Singing Bowl","floor":35.0},{"not_picked":["Anger","6A"],"picked":"PowerUp","floor":36.0},{"not_picked":["Melter","Flex+1","Tools of the Trade"],"picked":"Singing Bowl","floor":37.0},{"not_picked":["Body Slam","Prostrate"],"picked":"Barricade","floor":37.0},{"not_picked":["Headbutt","Flex","Disarm+1"],"picked":"Singing Bowl","floor":37.0},{"not_picked":["MillisecondPulsars","EmptyBody"],"picked":"Reflex","floor":37.0},{"not_picked":["Thinking Ahead","Deadly Poison","Mind Blast+1"],"picked":"Singing Bowl","floor":37.0},{"not_picked":["GalacticHalo","ThirdEye","Wild Strike"],"picked":"Singing Bowl","floor":38.0},{"not_picked":["Secret Technique","Good Instincts","PulseMagic"],"picked":"Singing Bowl","floor":40.0},{"not_picked":["Dagger Throw","Bane","Dodge and Roll"],"picked":"Singing Bowl","floor":42.0},{"not_picked":["Concentrate","REME_MusicOfDeath"],"picked":"6A+1","floor":44.0},{"not_picked":["The Bomb","REME_TwoStrings","REME_AllRoundStrike"],"picked":"Singing Bowl","floor":45.0},{"not_picked":["Dark Shackles","REME_EyeOfCthun","Jack Of All Trades"],"picked":"Singing Bowl","floor":45.0},{"not_picked":["Secret Technique","Violence","REME_PuzzleBox"],"picked":"Singing Bowl","floor":45.0},{"not_picked":["REME_Compress","Evolve","Cold Snap+1"],"picked":"Singing Bowl","floor":46.0},{"not_picked":["GravityBeat","FlyingSleeves","PiercingWail"],"picked":"Singing Bowl","floor":47.0},{"not_picked":["Core Surge","Slice"],"picked":"REME_FirmDetermination","floor":48.0},{"not_picked":["EnergyRecoil","Pommel Strike+1","REME_SingleHolding"],"picked":"Singing Bowl","floor":55.0}],"player_experience":454863,"relics_obtained":[{"floor":6.0,"key":"Blood Vial"},{"floor":9.0,"key":"MawBank"},{"floor":14.0,"key":"InkBottle"},{"floor":23.0,"key":"Boot"},{"floor":26.0,"key":"Strawberry"},{"floor":40.0,"key":"REME_ArchaeologicalTools"},{"floor":43.0,"key":"Gremlin Horn"},{"floor":44.0,"key":"The Specimen"},{"floor":47.0,"key":"CatCart"},{"floor":48.0,"key":"Letter Opener"},{"floor":55.0,"key":"Lizard Tail"}],"event_choices":[{"damage_healed":0.0,"max_hp_gain":0.0,"max_hp_loss":0.0,"gold_gain":0.0,"event_name":"WeMeetAgain","player_choice":"Gave Potion","floor":3.0,"gold_loss":0.0,"damage_taken":0.0,"relics_obtained":["Tough Bandages"]},{"damage_healed":0.0,"max_hp_gain":5.0,"max_hp_loss":0.0,"gold_gain":0.0,"event_name":"Forgotten Altar","player_choice":"Shed Blood","floor":19.0,"gold_loss":0.0,"damage_taken":23.0},{"damage_healed":0.0,"max_hp_gain":0.0,"max_hp_loss":0.0,"gold_gain":0.0,"event_name":"FaceTrader","player_choice":"Trade","floor":20.0,"gold_loss":0.0,"damage_taken":0.0,"relics_obtained":["CultistMask"]},{"damage_healed":0.0,"max_hp_gain":0.0,"max_hp_loss":0.0,"gold_gain":50.0,"event_name":"Nest","player_choice":"Stole From Cult","floor":22.0,"gold_loss":0.0,"damage_taken":0.0},{"damage_healed":0.0,"max_hp_gain":0.0,"max_hp_loss":0.0,"gold_gain":0.0,"event_name":"SensoryStone","player_choice":"Memory 3","floor":45.0,"gold_loss":0.0,"damage_taken":10.0},{"damage_healed":0.0,"max_hp_gain":0.0,"max_hp_loss":0.0,"gold_gain":0.0,"event_name":"OrinTheCat","player_choice":"Fight","floor":47.0,"gold_loss":0.0,"damage_taken":0.0}],"is_beta":false,"boss_relics":[{"not_picked":["Black Star","REME_DemonsWealth"],"picked":"WristBlade"},{"not_picked":["Velvet Choker","Snecko Eye","Fusion Hammer"]}],"items_purged_floors":[15,15,27,31,37,41,53,53,54],"is_endless":false,"potions_floor_spawned":[1,2,6,10,23,30,36,38,44,47,48,55],"ascension_level":20}}