{"host":"kwv5rcxiitoh7ssi","time":1610822322,"event":{"mods":["2.2 Compatiblity","A Magickal Journey","AchievementEnabler","Act Like it!","Aspiration","Astrologer","BaseMod","Better Altar","Better Match","Better Note","Better Sensory Stone","Better Skull","Better Third Choice","BetterRewards","Colored Map","Colored Powertips","Conspire","Dark Map","Elementarium","Energized Spire","GifTheSpireLib","Gold Saver","GungeonMod","Hubris","Infinite Spire","Marisa（霧雨　魔理沙）","Menagerie","Minty Spire (QoL Compilation)","Pale of the Ancients","Relic Stats","Replay The Spire","Somnambulant","Spicy Shops","Spikes Relics","StSLib","Stuff the Spire","The Animator","The Cursed","The Mystic","The Necromancer","The Runesmith","The Spell Scribe","Thieving Mod","Uncapped","UnlockEverythingMod","vexMod","【遗物卡牌】REMEMod"],"gold_per_floor":[384,265,265,275,285,285,51,67,67,67,84,163,178,209,280,376,376,395,395,409,22,40,40,74,74,74,91,141,141,66,66,66],"floor_reached":31,"language":"ENG","playtime":3139,"items_purged":[],"score":255,"play_id":"63301d2c-c568-470e-b547-fe8e7e608159","local_time":"20210116133842","is_ascension_mode":false,"campfire_choices":[{"floor":6,"key":"REST"},{"floor":23,"key":"REST"},{"floor":25,"key":"REST"}],"circlet_count":0,"master_deck":["Runesmith:Strike_RS","Runesmith:Strike_RS","Runesmith:Defend_RS","Runesmith:Defend_RS","Runesmith:Defend_RS","Runesmith:CraftFirestone","Runesmith:Fortify","Runesmith:HammerThrow+1","Runesmith:Prism","Runesmith:Firestorm","Runesmith:Reinforce","Runesmith:DoubleUp","aspiration:UnbridledHammer","Runesmith:CraftProtectio","Runesmith:Prism","Runesmith:ReplicatingBarrier","Runesmith:NegativeSpace+1","Runesmith:CraftIncendium+1","Runesmith:EarthShield+1","Runesmith:Malloc","infinitespire:Execution","Runesmith:UnlimitedPower","Runesmith:HammerAndChisel","Runesmith:Permafrost","Runesmith:CraftReservo+1","Runesmith:Prism","Runesmith:RuneHurl","Elementarium:GildedDefend","animator:Curse_Nutcracker","ReplayTheSpireMod:Faulty Equipment","ReplayTheSpireMod:Chaos Vortex","Enlightenment+1","Runesmith:FissionHammer+1"],"relics":["Runesmith:BrokenRuby","REME_ComplimentaryCards","NeowsBlessing","StuffTheSpire:Nightcore","CultistMask","Orichalcum","StuffTheSpire:ForceGauntlet","StuffTheSpire:Rhapsscallions","StrikeDummy","Astrolabe","DemoMod:Metronome","Blue Doll","Bottled Tornado","aspiration:FrozenJewel"],"acts_visited":["Exordium","Exordium"],"potions_floor_usage":[16,16,16,27],"damage_taken":[{"damage":0,"enemies":"Cultist","floor":1,"turns":1},{"damage":0,"enemies":"Jaw Worm","floor":4,"turns":1},{"damage":0,"enemies":"2 Louse","floor":5,"turns":1},{"damage":0,"enemies":"Blue Slaver","floor":8,"turns":2},{"damage":12,"enemies":"Large Slime","floor":11,"turns":7},{"damage":0,"enemies":"3 Louse","floor":13,"turns":3},{"damage":5,"enemies":"Lagavulin","floor":14,"turns":5},{"damage":15,"enemies":"The Guardian","floor":16,"turns":9},{"damage":2,"enemies":"Elementarium:VoidCorruption","floor":18,"turns":6},{"damage":0,"enemies":"Elementarium:MUD_AND_TAR_GOLEMS","floor":20,"turns":5},{"damage":33,"enemies":"Elementarium:CYCLONE_AND_LIVING_STORMCLOUD","floor":22,"turns":7},{"damage":46,"enemies":"Elementarium:WarGolem","floor":24,"turns":7},{"damage":20,"enemies":"Elementarium:CYCLONE_AND_ORB_OF_FIRE","floor":27,"turns":10},{"damage":15,"enemies":"Elementarium:RubyGolem","floor":31,"turns":1}],"seed_played":"4394581083727912950","potions_obtained":[{"floor":1,"key":"Regen Potion"},{"floor":13,"key":"EssenceOfSteel"},{"floor":14,"key":"Adrenaline Potion"},{"floor":20,"key":"infinitespire:BlackPotion"},{"floor":24,"key":"Energy Potion"}],"is_trial":false,"path_per_floor":["M","$","?","M","M","R","$","M","T","?","M","T","M","E","R_BF","B",null,"M","AVR","M","$","M","R","E","R","T","M","?","?","?","M"],"character_chosen":"RUNESMITH_CLASS","items_purchased":["StuffTheSpire:Nightcore","Runesmith:Reinforce","Orichalcum","Runesmith:Permafrost","Blue Doll"],"campfire_rested":3,"item_purchase_floors":[2,7,7,21,21],"current_hp_per_floor":[70,70,70,70,70,70,70,70,70,70,58,61,61,56,56,56,73,71,71,71,71,38,59,13,34,34,14,14,14,14,0,0],"gold":66,"neow_bonus":"THREE_ENEMY_KILL","is_daily":false,"chose_seed":false,"campfire_upgraded":0,"win_rate":0.0,"timestamp":1610822322,"path_taken":["M","?","?","?","M","R","$","M","T","?","M","?","M","E","R_BF","BOSS","M","AVR","M","$","M","R","E","R","T","M","?","?","?","?"],"items_purchased_type":["Relic","Card","Relic","Card","Relic"],"build_version":"2020-12-22","purchased_purges":0,"victory":false,"max_hp_per_floor":[70,70,70,70,70,70,70,70,70,70,70,73,73,73,73,73,73,73,73,73,73,73,73,73,73,73,73,73,73,73,73,73],"relic_stats":{"counters":[14,65],"Astrolabe":["Runesmith:NegativeSpace","Runesmith:CraftIncendium","Runesmith:EarthShield"],"Orichalcum":[132],"obtain_stats":[{"Runesmith:BrokenRuby":0,"NeowsBlessing":0,"StuffTheSpire:Rhapsscallions":12,"StuffTheSpire:ForceGauntlet":9,"Astrolabe":17,"Blue Doll":21,"DemoMod:GlassGuonStoneRelic":1,"Orichalcum":7,"Bottled Tornado":24,"aspiration:FrozenJewel":26,"DemoMod:Metronome":19,"CultistMask":3,"StuffTheSpire:Nightcore":2,"StrikeDummy":14,"REME_ComplimentaryCards":0},{"Runesmith:BrokenRuby":0,"NeowsBlessing":0,"StuffTheSpire:Rhapsscallions":5,"StuffTheSpire:ForceGauntlet":4,"Astrolabe":8,"Blue Doll":10,"DemoMod:GlassGuonStoneRelic":1,"Orichalcum":3,"Bottled Tornado":12,"aspiration:FrozenJewel":12,"DemoMod:Metronome":9,"CultistMask":1,"StuffTheSpire:Nightcore":1,"StrikeDummy":7,"REME_ComplimentaryCards":0},{"Runesmith:BrokenRuby":0,"NeowsBlessing":0,"StuffTheSpire:Rhapsscallions":12,"StuffTheSpire:ForceGauntlet":5,"Astrolabe":29,"Blue Doll":40,"DemoMod:GlassGuonStoneRelic":1,"Orichalcum":3,"Bottled Tornado":54,"aspiration:FrozenJewel":54,"DemoMod:Metronome":35,"CultistMask":1,"StuffTheSpire:Nightcore":1,"StrikeDummy":20,"REME_ComplimentaryCards":0}]},"card_choices":[{"not_picked":["Runesmith:MakeshiftArmor","Runesmith:CraftReservo"],"picked":"Runesmith:HammerThrow","floor":1},{"not_picked":["Runesmith:RuneHurl","Runesmith:HeatExchange"],"picked":"Runesmith:Prism","floor":4},{"not_picked":["Runesmith:MakeshiftArmor","Runesmith:HammerThrow"],"picked":"Runesmith:Firestorm","floor":5},{"not_picked":["Runesmith:Superposition","Runesmith:HammerThrow"],"picked":"Runesmith:DoubleUp","floor":8},{"not_picked":["Runesmith:HeatedChisel","Runesmith:ChaoticBlast"],"picked":"aspiration:UnbridledHammer","floor":11},{"not_picked":["Runesmith:CraftVitae","Runesmith:Malloc"],"picked":"Runesmith:CraftProtectio","floor":13},{"not_picked":["Runesmith:ElementalConversion","Runesmith:StaticCage"],"picked":"Runesmith:Prism","floor":14},{"not_picked":["Runesmith:CraftMedicinae","Runesmith:LightningRod"],"picked":"Runesmith:ReplicatingBarrier","floor":16},{"not_picked":["Runesmith:EnergizedChisel","Runesmith:CraftProtectio"],"picked":"Runesmith:Malloc","floor":18},{"not_picked":["Runesmith:Superposition","Runesmith:HammerThrow+1"],"picked":"Runesmith:HammerAndChisel","floor":20},{"not_picked":["Runesmith:HammerTime","Runesmith:OneForEveryone"],"picked":"Runesmith:CraftReservo+1","floor":22},{"not_picked":["Runesmith:CraftObretio","Runesmith:OneForEveryone+1"],"picked":"Runesmith:Prism","floor":24},{"not_picked":["Runesmith:Attraction","Runesmith:Accelerate"],"picked":"Runesmith:RuneHurl","floor":27},{"not_picked":["Replay:Fractal Strike","infinitespire:SevenWalls"],"picked":"ReplayTheSpireMod:Chaos Vortex","floor":29},{"not_picked":["StuffTheSpire:FreeRealEstate+1","Sharp Hide+1"],"picked":"Enlightenment+1","floor":30},{"not_picked":["Runesmith:LastStand+1","Runesmith:DuctTape+1"],"picked":"Runesmith:FissionHammer+1","floor":30}],"player_experience":138449,"relics_obtained":[{"floor":9,"key":"StuffTheSpire:ForceGauntlet"},{"floor":12,"key":"StuffTheSpire:Rhapsscallions"},{"floor":14,"key":"StrikeDummy"},{"floor":24,"key":"Bottled Tornado"},{"floor":26,"key":"aspiration:FrozenJewel"}],"event_choices":[{"damage_healed":0,"gold_gain":0,"player_choice":"Trade","damage_taken":0,"relics_obtained":["CultistMask"],"max_hp_gain":0,"max_hp_loss":0,"event_name":"FaceTrader","floor":3,"gold_loss":0},{"damage_healed":0,"gold_gain":50,"player_choice":"Defend","damage_taken":0,"max_hp_gain":0,"max_hp_loss":0,"event_name":"Elementarium:OnrushingOffering","floor":28,"gold_loss":0,"cards_obtained":["Elementarium:GildedDefend"]},{"damage_healed":0,"gold_gain":0,"player_choice":"2","damage_taken":0,"max_hp_gain":0,"max_hp_loss":0,"event_name":"betterMatch:BetterMatch","floor":30,"gold_loss":0,"cards_obtained":["betterMatch:ColorlessUncommonCard","betterMatch:RareCard"]}],"is_beta":false,"boss_relics":[{"not_picked":["energizedSpire:SpiderWeb","conspire:RunicOctahedron"],"picked":"Astrolabe"}],"items_purged_floors":[],"is_endless":false,"potions_floor_spawned":[1,13,14,20,24],"killed_by":"Elementarium:RubyGolem","ascension_level":0}}