{"host":"nn0yetzbeklxe8e9","time":1610797059,"event":{"mods":["AchievementEnabler","Act Like it!","Aspiration","BaseMod","Better Match","BetterRewards","Colored Powertips","Curses Come First","Friendly Minions","Infinite Spire","Minty Spire (QoL Compilation)","Permanent Neow","Quick Restart","READ ME - Snecko Mod","Rare Cards Sparkle","Replay The Spire","StSLib","The Jungle","Waifu the Spire"],"gold_per_floor":[111,131,150,163,163,163,113,113,113,127,161,5,5,16,16,16,16],"floor_reached":16,"language":"ENG","playtime":1548,"items_purged":[],"score":102,"play_id":"f9b70cc1-56e5-406f-8aa4-46ec8eaf4954","local_time":"20210116063739","is_ascension_mode":false,"campfire_choices":[{"data":"Hemogenesis","floor":6,"key":"SMITH"},{"data":"ReplayTheSpireMod:LeadingStrike","floor":8,"key":"SMITH"},{"floor":15,"key":"REST"}],"circlet_count":0,"master_deck":["Strike_R","Strike_R","Strike_R","Strike_R+1","Defend_R","Defend_R+1","Defend_R","Defend_R","Bash","Hemogenesis+1","Carnage","ReplayTheSpireMod:LeadingStrike+1","Berserk","Defy Death","ReplayTheSpireMod:Muscle Training"],"relics":["Burning Blood","infinitespire:PuzzleCube","Replay:Wax Seal","Simple Rune"],"acts_visited":["Exordium"],"potions_floor_usage":[10,11],"damage_taken":[{"damage":36,"enemies":"infinitespire:Voidling","floor":1,"turns":6},{"damage":5,"enemies":"Cultist","floor":2,"turns":4},{"damage":13,"enemies":"Jaw Worm","floor":3,"turns":4},{"damage":12,"enemies":"3 Louse","floor":4,"turns":4},{"damage":11,"enemies":"Exordium Wildlife","floor":10,"turns":3},{"damage":47,"enemies":"3 Sentries","floor":11,"turns":10},{"damage":11,"enemies":"Lots of Slimes","floor":14,"turns":6},{"damage":60,"enemies":"The Guardian","floor":16,"turns":9}],"seed_played":"2069475344438051590","potions_obtained":[{"floor":1,"key":"PowerPotion"},{"floor":10,"key":"Swift Potion"}],"is_trial":false,"path_per_floor":["M","M","M","M","?","R","?","R","T","M","E","$","$","M","R","B"],"character_chosen":"IRONCLAD","items_purchased":["Simple Rune"],"campfire_rested":1,"item_purchase_floors":[12],"current_hp_per_floor":[67,68,66,60,60,60,60,60,60,55,22,22,22,25,49,0,0],"gold":16,"neow_bonus":"ONE_RANDOM_RARE_CARD","is_daily":false,"chose_seed":false,"campfire_upgraded":2,"win_rate":0.0,"timestamp":1610797059,"path_taken":["M","?","M","?","?","R","?","R","T","M","E","?","$","M","R","BOSS"],"items_purchased_type":["Relic"],"build_version":"2020-12-22","purchased_purges":0,"victory":false,"max_hp_per_floor":[80,80,80,80,80,80,80,80,80,80,80,80,80,80,80,80,80],"card_choices":[{"not_picked":["Clothesline","Pommel Strike","Clash"],"picked":"SKIP","floor":1},{"not_picked":["Havoc","Pommel Strike","Iron Wave"],"picked":"SKIP","floor":2},{"not_picked":["Cleave","Replay:Undeath\u0027s Touch"],"picked":"Carnage","floor":3},{"not_picked":["Clothesline","Burning Pact"],"picked":"ReplayTheSpireMod:LeadingStrike","floor":4},{"not_picked":["Havoc","Body Slam"],"picked":"Berserk","floor":10},{"not_picked":["Heavy Blade","Body Slam"],"picked":"Defy Death","floor":11},{"not_picked":["Sentinel","ReplayTheSpireMod:Corrosion Curse"],"picked":"ReplayTheSpireMod:Muscle Training","floor":14}],"player_experience":138206,"relics_obtained":[{"floor":9,"key":"infinitespire:PuzzleCube"},{"floor":11,"key":"Replay:Wax Seal"}],"event_choices":[{"cards_removed":["Strike_R"],"damage_healed":0,"gold_gain":0,"player_choice":"Card Removal","damage_taken":0,"max_hp_gain":0,"max_hp_loss":0,"event_name":"The Cleric","floor":7,"gold_loss":50}],"is_beta":false,"boss_relics":[],"items_purged_floors":[],"is_endless":true,"potions_floor_spawned":[1,10],"killed_by":"The Guardian","ascension_level":0}}