{"host":"mtf67k38etmysnj8","time":1610771004,"event":{"mods":["BaseMod","BetterRewards","Colored Map","Duelist Mod","Hubris","Infinite Spire","Marisa????????","Minty Spire (QoL Compilation)","READ ME - Snecko Mod","Replay The Spire","StSLib","The Animator","The Construct","The Necromancer","The Poker Player","vexMod"],"gold_per_floor":[110,122,122,122,135,135,135],"floor_reached":6,"language":"ENG","playtime":552,"items_purged":[],"score":36,"play_id":"13745c35-cc5c-4f12-8c5b-9937107b0e25","local_time":"20210115222324","daily_mods":["Heirloom","Flight"],"is_ascension_mode":false,"campfire_choices":[],"circlet_count":0,"master_deck":["animator:Strike_FullmetalAlchemist","animator:Defend_FullmetalAlchemist","animator:Strike","animator:Strike","animator:Defend","animator:Defend","animator:Defend","animator:ElricEdward","animator:ElricAlphonse","animator:Evileye","animator:Souei","PokerPlayerMod:Fold"],"relics":["animator:LivingPicture","animator:TheMissingPiece","animator:PurgingStone","Calipers"],"acts_visited":["Exordium"],"potions_floor_usage":[],"damage_taken":[{"damage":10,"enemies":"infinitespire:Voidling","floor":1,"turns":4},{"damage":6,"enemies":"Jaw Worm","floor":2,"turns":6},{"damage":4,"enemies":"Small Slimes","floor":5,"turns":4},{"damage":57,"enemies":"Gremlin Nob","floor":6,"turns":5}],"seed_played":"8797623615973400298","potions_obtained":[{"floor":1,"key":"Elixir"},{"floor":5,"key":"Adrenaline Potion"}],"is_trial":true,"path_per_floor":["M","M","$","?","M","E"],"character_chosen":"THE_ANIMATOR","items_purchased":[],"campfire_rested":0,"item_purchase_floors":[],"current_hp_per_floor":[56,50,50,50,46,0,0],"gold":135,"neow_bonus":"","is_daily":false,"chose_seed":false,"campfire_upgraded":0,"win_rate":0.0,"timestamp":1610771004,"path_taken":["M","?","$","?","?","E"],"items_purchased_type":[],"build_version":"2020-12-22","purchased_purges":0,"victory":false,"max_hp_per_floor":[66,66,66,66,66,66,66],"card_choices":[{"not_picked":["animator:Mikaela","animator:PandorasActor"],"picked":"animator:Evileye","floor":1},{"not_picked":["PokerPlayerMod:Harden","animator:DolaRiku"],"picked":"animator:Souei","floor":2},{"not_picked":["animator:Azekura","animator:DolaRiku"],"picked":"PokerPlayerMod:Fold","floor":5}],"player_experience":27260,"relics_obtained":[],"event_choices":[{"cards_removed":["animator:Strike"],"damage_healed":0,"gold_gain":0,"player_choice":"Offered Basic","damage_taken":0,"max_hp_gain":0,"max_hp_loss":0,"event_name":"Bonfire Elementals","floor":4,"gold_loss":0}],"is_beta":false,"boss_relics":[],"items_purged_floors":[],"is_endless":false,"potions_floor_spawned":[1,5],"killed_by":"Gremlin Nob","ascension_level":0}}