{"host":"4axoa1rfjgnprp9l","time":1610786355,"event":{"mods":["2.2 Compatiblity","AchievementEnabler","BaseMod","Colored Map","DeckTracker","Highlight Path","Minty Spire (QoL Compilation)","Permanent Neow","StSLib","SuperFastMode"],"gold_per_floor":[109,123,139,149,149,149,182,198,198,209,284,59,87,14,14,115,115,133,133,133,153,163,196,196,221,290,320,320,320,351,366,366,470,470,483,383,383,383,383,383,401,401,401,24,24,40,60,91,103,115],"floor_reached":51,"language":"KOR","playtime":9152,"items_purged":["Defend_P","Defend_P"],"score":976,"play_id":"a2a4008c-c16f-418e-8eca-7c8ec20306f4","local_time":"20210116173915","is_ascension_mode":true,"campfire_choices":[{"data":"Eruption","floor":6.0,"key":"SMITH"},{"data":"Scrawl","floor":15.0,"key":"SMITH"},{"data":"CrushJoints","floor":24.0,"key":"SMITH"},{"floor":29.0,"key":"REST"},{"data":"Ragnarok","floor":32.0,"key":"SMITH"},{"data":"Scrawl","floor":40,"key":"SMITH"},{"data":"ClearTheMind","floor":42,"key":"SMITH"},{"data":"Indignation","floor":45,"key":"SMITH"},{"data":"Protect","floor":49,"key":"SMITH"}],"circlet_count":0,"master_deck":["Strike_P+1","Defend_P","Eruption+1","Vigilance","Master of Strategy","FollowUp+1","CrushJoints+1","Indignation+1","BattleHymn","Protect+1","Scrawl+1","Scrawl+1","MentalFortress+1","Scrawl+1","Meditate+1","Ragnarok+1","Crescendo+1","ClearTheMind+1","EmptyFist+1"],"relics":["PureWater","Art of War","Nunchaku","Lee\u0027s Waffle","Whetstone","Empty Cage","Mercury Hourglass","Orichalcum","Pantograph","Gremlin Horn","Enchiridion","Damaru","VioletLotus","Shuriken","Anchor","Strange Spoon","MawBank"],"acts_visited":["TheCity","TheBeyond"],"potions_floor_usage":[50,50,50],"damage_taken":[{"damage":11.0,"enemies":"2 Louse","floor":1.0,"turns":2.0},{"damage":0.0,"enemies":"Jaw Worm","floor":2.0,"turns":1.0},{"damage":0.0,"enemies":"Small Slimes","floor":3.0,"turns":2.0},{"damage":0.0,"enemies":"Exordium Thugs","floor":4.0,"turns":2.0},{"damage":10.0,"enemies":"Lagavulin","floor":7.0,"turns":7.0},{"damage":0.0,"enemies":"Gremlin Gang","floor":8.0,"turns":2.0},{"damage":1.0,"enemies":"Blue Slaver","floor":10.0,"turns":3.0},{"damage":22.0,"enemies":"3 Sentries","floor":13.0,"turns":6.0},{"damage":38.0,"enemies":"The Guardian","floor":16.0,"turns":6.0},{"damage":0.0,"enemies":"Spheric Guardian","floor":18.0,"turns":2.0},{"damage":18.0,"enemies":"3 Byrds","floor":21.0,"turns":4.0},{"damage":0.0,"enemies":"Shelled Parasite and Fungi","floor":22.0,"turns":3.0},{"damage":0.0,"enemies":"Book of Stabbing","floor":23.0,"turns":2.0},{"damage":16.0,"enemies":"Gremlin Leader","floor":25.0,"turns":4.0},{"damage":11.0,"enemies":"Book of Stabbing","floor":27.0,"turns":3.0},{"damage":17.0,"enemies":"Gremlin Leader","floor":30.0,"turns":2.0},{"damage":7.0,"enemies":"Snake Plant","floor":31.0,"turns":2.0},{"damage":27.0,"enemies":"Champ","floor":33.0,"turns":4.0},{"damage":14.0,"enemies":"3 Shapes","floor":35.0,"turns":2.0},{"damage":10,"enemies":"Orb Walker","floor":41,"turns":2},{"damage":0,"enemies":"Writhing Mass","floor":46,"turns":1},{"damage":0,"enemies":"Jaw Worm Horde","floor":47,"turns":2},{"damage":0,"enemies":"Reptomancer","floor":48,"turns":1},{"damage":0,"enemies":"Awakened One","floor":50,"turns":4}],"seed_played":"4719244828379823509","potions_obtained":[{"floor":1.0,"key":"Explosive Potion"},{"floor":4.0,"key":"Weak Potion"},{"floor":7.0,"key":"GamblersBrew"},{"floor":13.0,"key":"Fire Potion"},{"floor":16.0,"key":"EntropicBrew"},{"floor":21.0,"key":"Weak Potion"},{"floor":25.0,"key":"Weak Potion"},{"floor":31.0,"key":"FearPotion"},{"floor":33.0,"key":"CultistPotion"},{"floor":35.0,"key":"LiquidMemories"}],"is_trial":false,"path_per_floor":["M","M","M","M","?","R","E","M","T","M","?","$","E","$","R","B",null,"M","?","?","M","M","E","R","E","T","E","?","R","E","M","R","B",null,"M","$","?","?","?","R","M","R","T","$","R","M","M","E","R","B",null],"character_chosen":"WATCHER","items_purchased":["Lee\u0027s Waffle","Scrawl","Anchor","Strange Spoon","DuplicationPotion"],"campfire_rested":1,"item_purchase_floors":[12,14,44,44,44],"current_hp_per_floor":[40,40,40,40,33,33,23,23,23,22,11,79,57,57,57,19,79,79,79,79,61,61,61,61,45,45,34,18,41,24,17,17,15,79,65,65,65,55,55,55,45,45,45,45,45,45,45,45,45,70],"gold":127,"neow_bonus":"RANDOM_COLORLESS_2","is_daily":false,"chose_seed":false,"campfire_upgraded":8,"win_rate":0.0,"timestamp":1610786355,"path_taken":["M","M","M","M","?","R","E","M","T","M","?","$","E","$","R","BOSS","M","?","?","?","?","E","R","E","T","E","?","R","E","M","R","BOSS","M","$","?","?","?","R","M","R","T","$","R","?","M","E","R","BOSS"],"items_purchased_type":["Relic","Card","Relic","Relic","Potion"],"build_version":"2020-12-22","purchased_purges":2,"victory":true,"max_hp_per_floor":[72,72,72,72,72,72,72,72,72,72,72,79,79,79,79,79,79,79,79,79,79,79,79,79,79,79,79,79,79,79,79,79,79,79,79,79,79,79,79,79,79,79,79,79,79,79,79,79,79,79],"card_choices":[{"not_picked":["Magnetism","Metamorphosis"],"picked":"Master of Strategy","floor":0.0},{"not_picked":["Sanctity","Perseverance"],"picked":"FollowUp","floor":1.0},{"not_picked":["EmptyBody","SashWhip"],"picked":"CrushJoints","floor":2.0},{"not_picked":["SashWhip","Prostrate","JustLucky"],"picked":"SKIP","floor":3.0},{"not_picked":["Sanctity","EmptyFist"],"picked":"Indignation","floor":4.0},{"not_picked":["Perseverance","Crescendo"],"picked":"BattleHymn","floor":7.0},{"not_picked":["Sanctity","Halt"],"picked":"Protect","floor":8.0},{"not_picked":["CarveReality","Wallop","SashWhip"],"picked":"SKIP","floor":10.0},{"not_picked":["Sanctity","Consecrate","BattleHymn"],"picked":"SKIP","floor":13.0},{"not_picked":["MasterReality","Establishment"],"picked":"Scrawl","floor":16.0},{"not_picked":["LikeWater","FollowUp"],"picked":"MentalFortress+1","floor":18.0},{"not_picked":["Wireheading+1","CutThroughFate","EmptyBody"],"picked":"SKIP","floor":21.0},{"not_picked":["DeceiveReality","Vengeance"],"picked":"Meditate+1","floor":22.0},{"not_picked":["Evaluate","EmptyBody","Protect+1"],"picked":"SKIP","floor":23.0},{"not_picked":["CarveReality","ForeignInfluence"],"picked":"Ragnarok","floor":25.0},{"not_picked":["ClearTheMind","BowlingBash","Protect"],"picked":"SKIP","floor":27.0},{"not_picked":["Crescendo+1","JustLucky","InnerPeace"],"picked":"SKIP","floor":30.0},{"not_picked":["JustLucky","InnerPeace"],"picked":"Crescendo+1","floor":30.0},{"not_picked":["Worship","FlurryOfBlows","CrushJoints"],"picked":"SKIP","floor":31.0},{"not_picked":["MentalFortress","Sanctity+1","InnerPeace"],"picked":"SKIP","floor":35.0},{"not_picked":["Purity","Finesse"],"picked":"Panache","floor":38},{"not_picked":["WindmillStrike+1","SignatureMove+1"],"picked":"ClearTheMind","floor":41},{"not_picked":["JustLucky+1","CutThroughFate+1","PathToVictory+1"],"picked":"SKIP","floor":46},{"not_picked":["Worship","Indignation+1","WreathOfFlame+1"],"picked":"SKIP","floor":47},{"not_picked":["Meditate+1","PathToVictory+1"],"picked":"EmptyFist+1","floor":48}],"player_experience":850024,"relics_obtained":[{"floor":7.0,"key":"Art of War"},{"floor":9.0,"key":"Nunchaku"},{"floor":13.0,"key":"Whetstone"},{"floor":23.0,"key":"Mercury Hourglass"},{"floor":25.0,"key":"Orichalcum"},{"floor":26.0,"key":"Pantograph"},{"floor":27.0,"key":"Gremlin Horn"},{"floor":28.0,"key":"Enchiridion"},{"floor":30.0,"key":"Damaru"},{"floor":43,"key":"Shuriken"},{"floor":48,"key":"MawBank"}],"event_choices":[{"cards_removed":["Strike_P"],"damage_healed":0.0,"max_hp_gain":0.0,"max_hp_loss":0.0,"gold_gain":0.0,"event_name":"Golden Wing","player_choice":"Card Removal","floor":5.0,"gold_loss":0.0,"damage_taken":7.0},{"damage_healed":0.0,"max_hp_gain":0.0,"max_hp_loss":0.0,"gold_gain":75.0,"event_name":"World of Goop","player_choice":"Gather Gold","floor":11.0,"gold_loss":0.0,"damage_taken":11.0},{"cards_removed":["Strike_P"],"damage_healed":0.0,"max_hp_gain":0.0,"max_hp_loss":0.0,"gold_gain":0.0,"event_name":"Back to Basics","player_choice":"Elegance","floor":19.0,"gold_loss":0.0,"damage_taken":0.0},{"damage_healed":0.0,"max_hp_gain":0.0,"max_hp_loss":0.0,"gold_gain":0.0,"event_name":"Duplicator","player_choice":"Copied","floor":20.0,"gold_loss":0.0,"damage_taken":0.0,"cards_obtained":["Scrawl"]},{"damage_healed":0.0,"max_hp_gain":0.0,"max_hp_loss":0.0,"gold_gain":0.0,"event_name":"Cursed Tome","player_choice":"Obtained Book","floor":28.0,"gold_loss":0.0,"damage_taken":16.0},{"damage_healed":0,"gold_gain":0,"player_choice":"Ignored","damage_taken":0,"max_hp_gain":0,"max_hp_loss":0,"event_name":"Tomb of Lord Red Mask","floor":37,"gold_loss":0},{"damage_healed":0,"gold_gain":0,"player_choice":"Memory 3","damage_taken":10,"max_hp_gain":0,"max_hp_loss":0,"event_name":"SensoryStone","floor":38,"gold_loss":0},{"cards_removed":["Panache"],"damage_healed":0,"gold_gain":0,"player_choice":"Removed Power","damage_taken":0,"max_hp_gain":0,"max_hp_loss":0,"event_name":"Falling","floor":39,"gold_loss":0}],"is_beta":false,"boss_relics":[{"not_picked":["Busted Crown","Snecko Eye"],"picked":"Empty Cage"},{"not_picked":["Velvet Choker","Calling Bell"],"picked":"VioletLotus"}],"items_purged_floors":[12,36],"is_endless":false,"potions_floor_spawned":[1,4,7,13,16,21,25,31,33,35,41],"ascension_level":4}}