{"host":"mrc3cf8wjlkkqes7","time":1610790891,"event":{"mods":["BaseMod","Hermit","Infinite Spire","Minty Spire (QoL Compilation)","Replay The Spire","StSLib","The Cursed","The Servant 0.9.4"],"gold_per_floor":[116,128,139,17,192,222,222,255,255,280,299,374,394,394,394,498,498,515,525,525,295,295,335,367,414,472,484,496,518,555,578,590,706,718,746,778,807,819,842,887,349,349,398,398,398,416,429,429,429,429],"floor_reached":51,"language":"ENG","playtime":3919,"items_purged":["Strike_B","Meteor Strike","Coolheaded","Doom and Gloom"],"score":907,"play_id":"eabf0e24-9d1d-480f-af4e-f3ba41c7012a","local_time":"20210116035451","is_ascension_mode":true,"campfire_choices":[{"floor":7,"key":"REST"},{"floor":15,"key":"REST"},{"floor":28,"key":"REST"},{"floor":32,"key":"REST"},{"data":"Fission","floor":44,"key":"SMITH"},{"floor":49,"key":"REST"}],"circlet_count":0,"master_deck":["Zap+1","Dualcast","Lockon","Cold Snap","White Noise","Redo","Defragment","FIFO Queue","Coolheaded","Reinforced Body","Fission+1","Barrage","ReplayRNGCard","Glacier","Streamline","Leap","Blizzard","infinitespire:FutureSight","Lockon","Chaos+1","Beam Cell","Chaos+1","Compile Driver+1","Hologram","Echo Form","Loop","Static Discharge","Beam Cell","Redo+1","Consume"],"relics":["Cracked Core","Orichalcum","Lizard Tail","ReplayTheSpireMod:Shallot","Replay:Rubber Ducky","Odd Mushroom","infinitespire:WardingShard","Pandora\u0027s Box","DataDisk","MawBank","InkBottle","Red Mask","ReplayTheSpireMod:TigerMarble","Symbiotic Virus","SlaversCollar","infinitespire:Lychee Nut","ReplayTheSpireMod:Lightbulb","Juzu Bracelet","Toy Ornithopter","HornCleat"],"acts_visited":["Exordium","TheCity","TheBeyond"],"potions_floor_usage":[6,6,8,16,16,23,23,30,33,33,40,47,50,50,50],"damage_taken":[{"damage":5,"enemies":"infinitespire:Voidling","floor":1,"turns":3},{"damage":0,"enemies":"Cultist","floor":2,"turns":3},{"damage":0,"enemies":"Jaw Worm","floor":3,"turns":3},{"damage":26,"enemies":"Lagavulin","floor":6,"turns":7},{"damage":18,"enemies":"Replay:BlueRogue","floor":8,"turns":7},{"damage":19,"enemies":"Lagavulin","floor":10,"turns":7},{"damage":2,"enemies":"3 Louse","floor":11,"turns":4},{"damage":8,"enemies":"The Mushroom Lair","floor":13,"turns":6},{"damage":8,"enemies":"Hexaghost","floor":16,"turns":13},{"damage":0,"enemies":"Spheric Guardian","floor":18,"turns":5},{"damage":12,"enemies":"Chosen","floor":19,"turns":7},{"damage":4,"enemies":"Replay:Snechameleon","floor":23,"turns":9},{"damage":6,"enemies":"3 Cultists","floor":24,"turns":6},{"damage":29,"enemies":"Masked Bandits","floor":25,"turns":6},{"damage":0,"enemies":"Shelled Parasite and Fungi","floor":29,"turns":6},{"damage":27,"enemies":"Slavers","floor":30,"turns":5},{"damage":0,"enemies":"Snake Plant","floor":31,"turns":5},{"damage":13,"enemies":"Champ","floor":33,"turns":10},{"damage":0,"enemies":"3 Shapes","floor":35,"turns":8},{"damage":0,"enemies":"Orb Walker","floor":36,"turns":4},{"damage":13,"enemies":"Jaw Worm Horde","floor":37,"turns":4},{"damage":0,"enemies":"Sphere and 2 Shapes","floor":39,"turns":6},{"damage":36,"enemies":"Nemesis","floor":40,"turns":13},{"damage":0,"enemies":"4 Shapes","floor":46,"turns":9},{"damage":0,"enemies":"Maw","floor":47,"turns":7},{"damage":24,"enemies":"infinitespire:MassOfShapes","floor":50,"turns":15}],"seed_played":"-1730969854221289299","potions_obtained":[{"floor":1,"key":"PowerPotion"},{"floor":3,"key":"Weak Potion"},{"floor":6,"key":"FocusPotion"},{"floor":11,"key":"PowerPotion"},{"floor":13,"key":"SkillPotion"},{"floor":18,"key":"PowerPotion"},{"floor":19,"key":"BlessingOfTheForge"},{"floor":24,"key":"LiquidBronze"},{"floor":29,"key":"FearPotion"},{"floor":30,"key":"infinitespire:BlackPotion"},{"floor":36,"key":"DistilledChaos"},{"floor":37,"key":"ColorlessPotion"},{"floor":47,"key":"Milkshake"}],"is_trial":false,"path_per_floor":["M","M","M","$","?","E","R","E","T","E","M","?","?","T","R","B",null,"M","M","?","$","AVR","E","M","?","T","?","R","M","E","M","R","B",null,"M","M","M","?","M","E","$","?","T","R","AVR","M","M","?","R","B",null],"character_chosen":"DEFECT","items_purchased":["Redo","Doom and Gloom","DataDisk","ReplayTheSpireMod:Lightbulb","Juzu Bracelet","Energy Potion","Go for the Eyes"],"campfire_rested":5,"item_purchase_floors":[4,21,21,41,41,41,41],"current_hp_per_floor":[75,75,75,75,75,49,71,53,53,34,32,21,13,13,35,27,75,75,63,63,63,63,59,53,24,24,24,46,46,19,19,41,28,75,75,75,62,62,62,26,26,26,26,26,26,32,43,43,56,43],"gold":429,"neow_bonus":"UPGRADE_CARD","is_daily":false,"chose_seed":false,"campfire_upgraded":1,"win_rate":0.0,"timestamp":1610790891,"path_taken":["M","?","M","$","?","E","R","E","T","E","M","?","?","?","R","BOSS","M","M","?","?","AVR","E","M","?","T","?","R","M","E","M","R","BOSS","M","M","M","?","M","E","$","?","T","R","AVR","M","M","?","R","BOSS"],"items_purchased_type":["Card","Card","Relic","Relic","Relic","Potion","Card"],"build_version":"2020-12-22","purchased_purges":4,"victory":true,"max_hp_per_floor":[75,75,75,75,75,75,75,75,75,75,75,75,75,75,75,75,75,75,75,75,75,75,75,75,75,75,75,75,75,75,75,75,75,75,75,75,75,75,75,56,56,56,56,56,56,56,56,56,56,56],"card_choices":[{"not_picked":["Streamline","Scrape"],"picked":"Lockon","floor":1},{"not_picked":["Lockon","Hello World"],"picked":"Cold Snap","floor":2},{"not_picked":["Compile Driver","ReplayGash"],"picked":"White Noise","floor":3},{"not_picked":["FTL","Undo"],"picked":"Defragment","floor":6},{"not_picked":["Streamline","ReplayTheSpireMod:System Scan"],"picked":"Coolheaded","floor":8},{"not_picked":["ReplaySort","Steam"],"picked":"FIFO Queue","floor":10},{"not_picked":["Blizzard","Capacitor"],"picked":"Coolheaded","floor":11},{"not_picked":["Steam","Sweeping Beam"],"picked":"Reinforced Body","floor":13},{"not_picked":["Mirror Shield","Thunder Strike"],"picked":"Fission","floor":16},{"not_picked":["Skim+1","Panic Button","Leap"],"picked":"SKIP","floor":18},{"not_picked":["Hologram","Lockon+1"],"picked":"Blizzard","floor":19},{"not_picked":["Coolheaded+1","BasicCrystalCard"],"picked":"Lockon","floor":23},{"not_picked":["Crystallizer+1","Glacier"],"picked":"Chaos+1","floor":24},{"not_picked":["Barrage","Rip and Tear"],"picked":"Beam Cell","floor":25},{"not_picked":["Cold Snap","ReplayRNGCard"],"picked":"Chaos+1","floor":29},{"not_picked":["BasicCrystalCard","Streamline"],"picked":"Compile Driver+1","floor":30},{"not_picked":["Turbo","Sweeping Beam+1"],"picked":"Hologram","floor":31},{"not_picked":["Machine Learning","Seek"],"picked":"Echo Form","floor":33},{"not_picked":["Chill+1","Leap"],"picked":"Loop","floor":35},{"not_picked":["Reinforced Body+1","Beam Cell"],"picked":"Static Discharge","floor":36},{"not_picked":["Rebound","BootSequence"],"picked":"Beam Cell","floor":37},{"not_picked":["Coolheaded","Streamline"],"picked":"Redo+1","floor":39},{"not_picked":["Stack+1","BasicCrystalCard","Glacier"],"picked":"SKIP","floor":40},{"not_picked":["Sweeping Beam+1","Sunder","Barrage+1"],"picked":"SKIP","floor":46},{"not_picked":["Cold Snap+1","Aggregate"],"picked":"Consume","floor":47}],"player_experience":215339,"relics_obtained":[{"floor":6,"key":"Orichalcum"},{"floor":8,"key":"Lizard Tail"},{"floor":9,"key":"ReplayTheSpireMod:Shallot"},{"floor":10,"key":"Replay:Rubber Ducky"},{"floor":13,"key":"Odd Mushroom"},{"floor":14,"key":"infinitespire:WardingShard"},{"floor":23,"key":"InkBottle"},{"floor":25,"key":"Red Mask"},{"floor":26,"key":"ReplayTheSpireMod:TigerMarble"},{"floor":30,"key":"Symbiotic Virus"},{"floor":40,"key":"infinitespire:Lychee Nut"},{"floor":43,"key":"Toy Ornithopter"}],"event_choices":[{"damage_healed":0,"gold_gain":175,"player_choice":"AGREE","damage_taken":0,"max_hp_gain":0,"max_hp_loss":0,"event_name":"Liars Game","floor":5,"gold_loss":0,"cards_obtained":["Doubt"]},{"damage_healed":0,"gold_gain":75,"player_choice":"Gather Gold","damage_taken":11,"max_hp_gain":0,"max_hp_loss":0,"event_name":"World of Goop","floor":12,"gold_loss":0},{"damage_healed":0,"gold_gain":0,"player_choice":"Fought Mushrooms","damage_taken":0,"max_hp_gain":0,"max_hp_loss":0,"event_name":"Mushrooms","floor":13,"gold_loss":0},{"cards_removed":["Doubt"],"damage_healed":0,"gold_gain":0,"player_choice":"Purged","damage_taken":0,"max_hp_gain":0,"max_hp_loss":0,"event_name":"Purifier","floor":20,"gold_loss":0},{"damage_healed":0,"gold_gain":0,"player_choice":"Fought Bandits","damage_taken":0,"max_hp_gain":0,"max_hp_loss":0,"event_name":"Masked Bandits","floor":25,"gold_loss":0},{"cards_removed":["Skim"],"damage_healed":0,"gold_gain":0,"player_choice":"Elegance","damage_taken":0,"max_hp_gain":0,"max_hp_loss":0,"event_name":"Back to Basics","floor":27,"gold_loss":0},{"damage_healed":0,"gold_gain":0,"player_choice":"Ignored","damage_taken":0,"max_hp_gain":0,"max_hp_loss":0,"event_name":"SecretPortal","floor":38,"gold_loss":0},{"cards_removed":["Go for the Eyes"],"damage_healed":0,"gold_gain":0,"player_choice":"Removed Attack","damage_taken":0,"max_hp_gain":0,"max_hp_loss":0,"event_name":"Falling","floor":42,"gold_loss":0}],"is_beta":false,"boss_relics":[{"not_picked":["Velvet Choker","Replay:Drink Me"],"picked":"Pandora\u0027s Box"},{"not_picked":["Empty Cage","Kintsugi"],"picked":"SlaversCollar"}],"items_purged_floors":[4,22,41,45],"is_endless":false,"potions_floor_spawned":[1,3,6,11,13,18,19,24,29,30,36,37,47],"ascension_level":4}}