{"host":"3z9xbwjeimmg738z","time":1610768418,"event":{"mods":["2.2 Compatiblity","Act Like it!","BaseMod","Colored Powertips","Defuse TimeMaze Blight","Downfall","GifTheSpireLib","Minty Spire (QoL Compilation)","Rare Cards Sparkle","StSLib"],"gold_per_floor":[99,112,112,22,172,199,226,26,26,57,57,73,73,98,109,109,109],"floor_reached":16,"language":"ENG","playtime":4150,"items_purged":["Regret"],"score":121,"play_id":"22975298-e7ac-4404-8df1-0d66939553f4","local_time":"20210115194018","is_ascension_mode":false,"campfire_choices":[{"floor":1,"key":"RECALL"},{"data":"bronze:Return","floor":8,"key":"SMITH"},{"data":"bronze:Philosophize","floor":11,"key":"SMITH"},{"data":"bronze:Replicate","floor":13,"key":"SMITH"}],"circlet_count":0,"master_deck":["bronze:Strike","bronze:Strike","bronze:Strike","bronze:Strike","bronze:Defend","bronze:Defend","bronze:Defend","bronze:Defend","bronze:Replicate+1","bronze:Goto","bronze:Return+1","downfall:Icky","bronze:Philosophize+1","bronze:Iterate"],"relics":["bronze:BronzeCore","Blood Vial","Dream Catcher","downfall:HeartBlessingRed","downfall:HeartBlessingBlue","Pantograph","Art of War"],"acts_visited":["Exordium"],"potions_floor_usage":[16],"damage_taken":[{"damage":0,"enemies":"2 Louse","floor":2,"turns":3},{"damage":6,"enemies":"downfall:FleeingMerchant","floor":4,"turns":4},{"damage":36,"enemies":"Lagavulin","floor":10,"turns":10},{"damage":7,"enemies":"Small Slimes","floor":12,"turns":4},{"damage":17,"enemies":"Jaw Worm","floor":15,"turns":4},{"damage":70,"enemies":"IC_STATUS_ARCHETYPE","floor":16,"turns":8}],"seed_played":"-8311179954955831135","potions_obtained":[{"floor":15,"key":"bronze:CleanCodePotion"}],"is_trial":false,"path_per_floor":["R","M","?","$","?","T","T","R","?","E","R","M","R","T","M","B"],"character_chosen":"THE_AUTOMATON","items_purchased":[],"campfire_rested":0,"item_purchase_floors":[],"current_hp_per_floor":[77,77,77,71,71,71,71,81,81,47,47,42,42,42,27,0,0],"gold":109,"neow_bonus":"TEN_PERCENT_HP_BONUS","is_daily":false,"chose_seed":false,"campfire_upgraded":3,"win_rate":0.0,"timestamp":1610768418,"path_taken":["R","M","?","$","?","?","T","R","?","E","R","?","R","?","M","BOSS"],"items_purchased_type":[],"build_version":"2020-12-22","purchased_purges":1,"victory":false,"max_hp_per_floor":[77,77,77,77,77,77,77,87,87,87,87,87,87,87,87,87,87],"card_choices":[{"not_picked":["bronze:WhirlingStrike","bronze:Iterate"],"picked":"bronze:Return","floor":2},{"not_picked":["bronze:DelayedGuard","bronze:CutThrough","bronze:Fortify"],"picked":"SKIP","floor":4},{"not_picked":["bronze:WildBeam","bronze:Backtrace"],"picked":"bronze:Philosophize","floor":10},{"not_picked":["bronze:Shell","bronze:Allocate","bronze:DigitalCarnage"],"picked":"SKIP","floor":12},{"not_picked":["bronze:Branch","bronze:AlphaBuild"],"picked":"bronze:Iterate","floor":15}],"player_experience":154245,"relics_obtained":[{"floor":7,"key":"Dream Catcher"},{"floor":10,"key":"Pantograph"},{"floor":14,"key":"Art of War"}],"event_choices":[{"damage_healed":0,"gold_gain":0,"player_choice":"Box","damage_taken":0,"relics_obtained":["Blood Vial"],"max_hp_gain":0,"max_hp_loss":0,"event_name":"Big Fish","floor":3,"gold_loss":0,"cards_obtained":["Regret"]}],"is_beta":false,"boss_relics":[],"items_purged_floors":[4],"is_endless":false,"potions_floor_spawned":[15],"killed_by":"IC_STATUS_ARCHETYPE","ascension_level":0}}