{"host":"7tqog9fnhs0gxmti","time":1610801383,"event":{"mods":["AchievementEnabler","Act Like it!","BaseMod","Colored Map","Colored Powertips","Hermit","Highlight Path","Minty Spire (QoL Compilation)","StSLib","The Senshi","everything is the same but u backflip on backflip"],"gold_per_floor":[114,131,131,149,167,201,201,219,246,259,259,259,111,128,128,229,229,245,265,279,314,137,137,170,95,143,143,158,33,33,44,44,142,142,154,154,167,389,399,431,431,431,431],"floor_reached":42,"language":"ENG","playtime":2552,"items_purged":["theSenshi:SailorKick","theSenshi:SailorBlock","theSenshi:SailorKick"],"score":500,"play_id":"f0f15167-e644-4434-8763-93def2dff943","local_time":"20210116204943","is_ascension_mode":false,"campfire_choices":[{"data":"theSenshi:MoonTiaraMagic","floor":7.0,"key":"SMITH"},{"data":"theSenshi:StudyParty","floor":12.0,"key":"SMITH"},{"floor":15.0,"key":"REST"},{"data":"theSenshi:MoonCrisisMakeUp","floor":23.0,"key":"SMITH"},{"floor":27,"key":"REST"},{"data":"theSenshi:SailorV","floor":30,"key":"SMITH"},{"data":"theSenshi:TuxedoMaskAssists","floor":32,"key":"SMITH"},{"data":"theSenshi:SilverMoonCrystalPowerKiss","floor":41,"key":"SMITH"}],"circlet_count":0,"master_deck":["theSenshi:SailorKick","theSenshi:SailorKick","theSenshi:SailorBlock","theSenshi:SailorBlock","theSenshi:SailorBlock","theSenshi:RoseThrow","theSenshi:MoonPrismPowerMakeUp+1","theSenshi:SteeledNerves","theSenshi:MoonKick","theSenshi:MoonPrincessHalation","theSenshi:MoonTiaraMagic+1","theSenshi:SailorMarsAssists","theSenshi:MoonPunch","theSenshi:StudyParty+1","theSenshi:TuxedoMaskAssists+1","theSenshi:MoonHealingEscalation","theSenshi:MoonCrisisMakeUp+1","theSenshi:SailorMercuryAssists+1","theSenshi:SailorV+1","theSenshi:UranusStrength+1","theSenshi:SailorStarFighterAssists","theSenshi:TallSilhouette","theSenshi:SilverMoonCrystalPowerKiss+1"],"relics":["theSenshi:TransformationBroochRelic","NeowsBlessing","theSenshi:HolyGrailRelic","Omamori","Ancient Tea Set","Cursed Key","Red Mask","Potion Belt","Juzu Bracelet","Black Star","Molten Egg 2","Anchor"],"acts_visited":["Exordium","TheCity","TheBeyond"],"potions_floor_usage":[33,33,40,40,42],"damage_taken":[{"damage":0.0,"enemies":"Jaw Worm","floor":1.0,"turns":1.0},{"damage":0.0,"enemies":"Cultist","floor":2.0,"turns":1.0},{"damage":0.0,"enemies":"2 Louse","floor":4.0,"turns":1.0},{"damage":15.0,"enemies":"Exordium Wildlife","floor":5.0,"turns":6.0},{"damage":16.0,"enemies":"Gremlin Nob","floor":6.0,"turns":4.0},{"damage":18.0,"enemies":"Exordium Thugs","floor":8.0,"turns":3.0},{"damage":0.0,"enemies":"Lots of Slimes","floor":10.0,"turns":1.0},{"damage":7.0,"enemies":"Looter","floor":14.0,"turns":2.0},{"damage":33.0,"enemies":"The Guardian","floor":16.0,"turns":13.0},{"damage":13.0,"enemies":"Shell Parasite","floor":18.0,"turns":5.0},{"damage":17.0,"enemies":"Spheric Guardian","floor":19.0,"turns":4.0},{"damage":0.0,"enemies":"Chosen and Byrds","floor":20.0,"turns":5.0},{"damage":45.0,"enemies":"Masked Bandits","floor":21.0,"turns":6.0},{"damage":0.0,"enemies":"Gremlin Leader","floor":24.0,"turns":5.0},{"damage":0,"enemies":"Cultist and Chosen","floor":28,"turns":5},{"damage":8,"enemies":"Snecko","floor":31,"turns":6},{"damage":22,"enemies":"Champ","floor":33,"turns":14},{"damage":13,"enemies":"3 Shapes","floor":35,"turns":7},{"damage":10,"enemies":"Orb Walker","floor":37,"turns":4},{"damage":0,"enemies":"3 Darklings","floor":39,"turns":6},{"damage":45,"enemies":"Giant Head","floor":40,"turns":9},{"damage":49,"enemies":"Reptomancer","floor":42,"turns":3}],"seed_played":"2264250247075114906","potions_obtained":[{"floor":2.0,"key":"Explosive Potion"},{"floor":5.0,"key":"PowerPotion"},{"floor":10.0,"key":"LiquidMemories"},{"floor":14.0,"key":"Strength Potion"},{"floor":18.0,"key":"Block Potion"},{"floor":21.0,"key":"Strength Potion"},{"floor":28,"key":"DistilledChaos"},{"floor":33,"key":"Fire Potion"},{"floor":35,"key":"AttackPotion"},{"floor":39,"key":"SteroidPotion"}],"is_trial":false,"path_per_floor":["M","M","?","M","M","E","R","M","T","M","?","R","$","M","R","B",null,"M","M","M","?","$","R","E","$","T","R","M","$","R","M","R","B",null,"M","?","M","?","M","E","R","E"],"character_chosen":"THE_SENSHI","items_purchased":["theSenshi:TuxedoMaskAssists","theSenshi:SailorV","theSenshi:SailorStarFighterAssists"],"campfire_rested":2,"item_purchase_floors":[13,22,25],"current_hp_per_floor":[75,75,75,75,60,44,44,26,26,26,23,23,23,16,38,25,75,72,58,63,23,23,23,23,23,23,45,50,50,50,47,47,40,75,70,70,65,65,70,26,26,0,0],"gold":431,"neow_bonus":"THREE_ENEMY_KILL","is_daily":false,"chose_seed":false,"campfire_upgraded":6,"win_rate":0.0,"timestamp":1610801383,"path_taken":["M","M","?","?","M","E","R","M","T","M","?","R","?","?","R","BOSS","M","M","?","?","$","R","E","$","T","R","M","$","R","M","R","BOSS","M","?","M","?","M","E","R","E"],"items_purchased_type":["Card","Card","Card"],"build_version":"2020-12-22","purchased_purges":3,"victory":false,"max_hp_per_floor":[75,75,75,75,75,75,75,75,75,75,75,75,75,75,75,75,75,75,75,75,75,75,75,75,75,75,75,75,75,75,75,75,75,75,75,71,71,71,71,71,71,71,71],"card_choices":[{"not_picked":["theSenshi:Sidestep","theSenshi:EncouragingSpeech"],"picked":"theSenshi:SteeledNerves","floor":1.0},{"not_picked":["theSenshi:SailorPlanetPower","theSenshi:MoonPunch"],"picked":"theSenshi:MoonKick","floor":2.0},{"not_picked":["theSenshi:MoonlightKnight","theSenshi:OdangoHead"],"picked":"theSenshi:MoonPrincessHalation","floor":4.0},{"not_picked":["theSenshi:UranusStrength","theSenshi:SailorPlanetAttack"],"picked":"theSenshi:MoonTiaraMagic","floor":5.0},{"not_picked":["theSenshi:SupersonicWaves","theSenshi:SailorUranusAssists"],"picked":"theSenshi:SailorMarsAssists","floor":6.0},{"not_picked":["theSenshi:SteeledNerves","theSenshi:SailorMarsAssists"],"picked":"theSenshi:MoonPunch","floor":8.0},{"not_picked":["theSenshi:LunaWiseMentor","theSenshi:MoonPrincessHalation"],"picked":"theSenshi:StudyParty","floor":10.0},{"not_picked":["theSenshi:TuxedoSmokingBomber","theSenshi:MoonCosmicPowerMakeUp"],"picked":"theSenshi:MoonHealingEscalation","floor":14.0},{"not_picked":["theSenshi:KlutzyLuck+1","theSenshi:MoonTiaraMagic","theSenshi:MoonsReflection"],"picked":"SKIP","floor":18.0},{"not_picked":["theSenshi:MoonTwilightFlash","theSenshi:MoonTiaraMagic"],"picked":"theSenshi:MoonCrisisMakeUp","floor":19.0},{"not_picked":["theSenshi:Sidestep","theSenshi:MoonKick","theSenshi:MoonPrincessHalation"],"picked":"SKIP","floor":20.0},{"not_picked":["theSenshi:MoonTwilightFlash","theSenshi:MoonPunch"],"picked":"theSenshi:SailorMercuryAssists+1","floor":21.0},{"not_picked":["theSenshi:MoonKick","theSenshi:SailorMarsAssists"],"picked":"theSenshi:UranusStrength+1","floor":24.0},{"not_picked":["theSenshi:YouCanTalk","theSenshi:MoonsReflection"],"picked":"theSenshi:TallSilhouette","floor":28},{"not_picked":["theSenshi:LunaWiseMentor","theSenshi:InTheNickOfTime","theSenshi:ChibiMoonsLove"],"picked":"SKIP","floor":31},{"not_picked":["theSenshi:GlimpseOfThePast","theSenshi:SailorCosmosAssists"],"picked":"theSenshi:SilverMoonCrystalPowerKiss","floor":33},{"not_picked":["theSenshi:LateForSchool","theSenshi:SailorMercuryAssists+1","theSenshi:TuxedoSmokingBomber"],"picked":"SKIP","floor":35},{"not_picked":["theSenshi:SailorMarsAssists+1","theSenshi:LunasBite","theSenshi:MoonKick"],"picked":"SKIP","floor":37},{"not_picked":["theSenshi:SailorVenusAssists","theSenshi:MoonPrincessHalation+1","theSenshi:MoonTwilightFlash+1"],"picked":"SKIP","floor":39},{"not_picked":["theSenshi:MoonSpiralHeartAttack+1","theSenshi:MoonsReflection+1","theSenshi:SupersonicWaves+1"],"picked":"SKIP","floor":40}],"player_experience":744048,"relics_obtained":[{"floor":6.0,"key":"theSenshi:HolyGrailRelic"},{"floor":9.0,"key":"Omamori"},{"floor":21.0,"key":"Red Mask"},{"floor":24.0,"key":"Potion Belt"},{"floor":26,"key":"Juzu Bracelet"},{"floor":40,"key":"Molten Egg 2"},{"floor":40,"key":"Anchor"}],"event_choices":[{"damage_healed":0.0,"max_hp_gain":0.0,"max_hp_loss":0.0,"gold_gain":0.0,"event_name":"Upgrade Shrine","player_choice":"Upgraded","floor":3.0,"gold_loss":0.0,"damage_taken":0.0,"cards_upgraded":["theSenshi:MoonPrismPowerMakeUp"]},{"damage_healed":0.0,"max_hp_gain":0.0,"max_hp_loss":0.0,"gold_gain":0.0,"event_name":"Scrap Ooze","player_choice":"Success","floor":11.0,"gold_loss":0.0,"damage_taken":3.0,"relics_obtained":["Ancient Tea Set"]},{"damage_healed":0.0,"max_hp_gain":0.0,"max_hp_loss":0.0,"gold_gain":0.0,"event_name":"Masked Bandits","player_choice":"Fought Bandits","floor":21.0,"gold_loss":0.0,"damage_taken":0.0},{"damage_healed":0,"gold_gain":0,"player_choice":"Max HP","damage_taken":0,"max_hp_gain":0,"max_hp_loss":4,"event_name":"Winding Halls","floor":36,"gold_loss":0},{"damage_healed":0,"gold_gain":222,"player_choice":"Wore Mask","damage_taken":0,"max_hp_gain":0,"max_hp_loss":0,"event_name":"Tomb of Lord Red Mask","floor":38,"gold_loss":0}],"is_beta":false,"boss_relics":[{"not_picked":["Empty Cage","Pandora\u0027s Box"],"picked":"Cursed Key"},{"not_picked":["Coffee Dripper","SacredBark"],"picked":"Black Star"}],"items_purged_floors":[13,22,29],"is_endless":false,"potions_floor_spawned":[2,5,10,14,18,21,28,33,35,39],"killed_by":"Reptomancer","ascension_level":0}}