{"host":"bw00wb7p5bw58om7","time":1610813706,"event":{"mods":["Act Like it!","BaseMod","Better Third Choice","CapriCore","Chen","Downfall","Gensokyo","Koishi","KomeijiMod","Marisa????????","Minty Spire (QoL Compilation)","Onozuka Komachi Mod","Permanent Neow","Prisma Mod","Reimu??????","Remilia??????","StSLib","The Administrix","The Immortal","The Senshi","The Servant 0.9.4","Yakumo Yukari mod"],"gold_per_floor":[109,125,125,142,142,89,124,162,162,222,263,263,72,132,132,262,312,349,349,359,402,445,445,470,470],"floor_reached":24,"language":"ENG","playtime":1416,"items_purged":[],"score":235,"play_id":"daba5444-5c20-4d09-a7f9-e170336024b8","local_time":"20210116161506","is_ascension_mode":false,"campfire_choices":[{"data":"PrismaMod:MiyuUncommonDefend","floor":12,"key":"SMITH"},{"data":"PrismaMod:MiyuUncommonDexBuff","floor":15,"key":"SMITH"},{"data":"PrismaMod:MiyuCheapChannelAttack","floor":23,"key":"SMITH"}],"circlet_count":0,"master_deck":["PrismaMod:MiyuCommonDefend+1","PrismaMod:MiyuCommonDefend","PrismaMod:MiyuCommonDefend","PrismaMod:MiyuCommonDefend","PrismaMod:MiyuCommonDefend","PrismaMod:MiyuCommonAttack","PrismaMod:MiyuCommonAttack","PrismaMod:MiyuCommonAttack","PrismaMod:MiyuCommonAttack","PrismaMod:MiyuCommonAttack","PrismaMod:MiyuCheapChannelAttack+1","PrismaMod:MiyuCheapChannelDefend","PrismaMod:MiyuUberAOEAttack","PrismaMod:MiyuCarnivalAttack","PrismaMod:MiyuEvokeBuffStr","PrismaMod:MiyuUncommonDexBuff+1","PrismaMod:MiyuUncommonDefend+1","PrismaMod:MiyuUncommonPlate+1","PrismaMod:MiyuCheapDefend2","PrismaMod:MiyuUberAOEAttack","PrismaMod:MiyuDevil","PrismaMod:MiyuCheapStrBuff+1","PrismaMod:MiyuEvokeBuffDex","PrismaMod:MiyuMaid","PrismaMod:MiyuUncommonStrBuff","PrismaMod:MiyuChannelDefendEvoke","PrismaMod:MiyuUberAttack","PrismaMod:MiyuCheapDexBuff+1","PrismaMod:MiyuChristmas+1","PrismaMod:MiyuEvokeAll","PrismaMod:MiyuAttackChannelVul"],"relics":["PrismaMod:PrismaSapphire","RuthlessExorcism:ReiMu","Pear","War Paint","Ornamental Fan","Toy Ornithopter","Tiny House","Gensokyo:ConquerorOfFear","Frozen Eye"],"acts_visited":["Gensokyo:Gensokyo","Gensokyo:Gensokyoer"],"potions_floor_usage":[],"damage_taken":[{"damage":4,"enemies":"Gensokyo:3_Fairies","floor":1,"turns":4},{"damage":1,"enemies":"Gensokyo:Gryphon","floor":2,"turns":5},{"damage":0,"enemies":"Gensokyo:2_Kodama","floor":4,"turns":3},{"damage":0,"enemies":"Gensokyo:2_Rabbits","floor":7,"turns":4},{"damage":0,"enemies":"Gensokyo:5_Fairies","floor":8,"turns":3},{"damage":8,"enemies":"Gensokyo:Aya","floor":10,"turns":5},{"damage":0,"enemies":"Gensokyo:3_Kodama","floor":11,"turns":6},{"damage":2,"enemies":"Gensokyo:Cirno","floor":14,"turns":5},{"damage":24,"enemies":"Gensokyo:Kokoro","floor":16,"turns":14},{"damage":0,"enemies":"Gensokyo:CosmicMonolith","floor":18,"turns":7},{"damage":0,"enemies":"Gensokyo:Chomper","floor":20,"turns":7},{"damage":4,"enemies":"Gensokyo:Slime_Group","floor":21,"turns":7},{"damage":48,"enemies":"Gensokyo:Wraith","floor":22,"turns":6},{"damage":48,"enemies":"Gensokyo:Koishi","floor":24,"turns":8}],"seed_played":"-4650881208042978036","potions_obtained":[{"floor":2,"key":"Block Potion"},{"floor":7,"key":"BlessingOfTheForge"},{"floor":8,"key":"hexamod:SoulburnPotion"},{"floor":14,"key":"Guardian:BlockOnCardUsePotion"},{"floor":17,"key":"BlessingOfTheForge"}],"is_trial":false,"path_per_floor":["M","M","?","M","?","$","M","M","T","E","M","R","$","E","R","B",null,"M","?","M","M","M","R","E"],"character_chosen":"MIYU","items_purchased":["PrismaMod:MiyuUncommonDexBuff","PrismaMod:MiyuDevil","PrismaMod:MiyuCheapStrBuff","PrismaMod:MiyuEvokeBuffDex","PrismaMod:MiyuMaid"],"campfire_rested":0,"item_purchase_floors":[6,13,13,13,13],"current_hp_per_floor":[71,70,70,70,65,65,65,65,65,57,57,57,57,55,55,31,90,90,90,90,90,42,42,0,0],"gold":470,"neow_bonus":"RANDOM_COMMON_RELIC","is_daily":false,"chose_seed":false,"campfire_upgraded":3,"win_rate":0.0,"timestamp":1610813706,"path_taken":["M","M","?","M","?","?","?","M","T","E","M","R","$","E","R","BOSS","M","?","M","M","M","R","E"],"items_purchased_type":["Card","Card","Card","Card","Card"],"build_version":"2020-12-22","purchased_purges":0,"victory":false,"max_hp_per_floor":[75,75,75,75,85,85,85,85,85,85,85,85,85,85,85,85,90,90,90,90,90,90,90,90,90],"card_choices":[{"not_picked":["PrismaMod:MiyuDevil","PrismaMod:MiyuDefenseExplosion"],"picked":"PrismaMod:MiyuUberAOEAttack","floor":1},{"not_picked":["PrismaMod:MiyuCheapAttack1","PrismaMod:MiyuCheapChannelVul"],"picked":"PrismaMod:MiyuCarnivalAttack","floor":2},{"not_picked":["PrismaMod:MiyuCheapPlate","PrismaMod:MiyuUncommonPlate"],"picked":"PrismaMod:MiyuEvokeBuffStr","floor":4},{"not_picked":["PrismaMod:MiyuAttackChannelVul","PrismaMod:MiyuEvokeCheapAttack"],"picked":"PrismaMod:MiyuUncommonDefend","floor":7},{"not_picked":["PrismaMod:MiyuCarnivalAttack","PrismaMod:MiyuCheapChannelHeal"],"picked":"PrismaMod:MiyuUncommonPlate","floor":8},{"not_picked":["PrismaMod:MiyuMaid","PrismaMod:MiyuUberAttack"],"picked":"PrismaMod:MiyuCheapDefend2","floor":10},{"not_picked":["PrismaMod:MiyuOrbIncreasePerm","PrismaMod:MiyuCommonAOEAttack"],"picked":"PrismaMod:MiyuUberAOEAttack","floor":11},{"not_picked":["PrismaMod:MiyuCommonAOEAttack","PrismaMod:MiyuUberAOEAttack"],"picked":"PrismaMod:MiyuUncommonStrBuff","floor":14},{"not_picked":["PrismaMod:MiyuChannelAttackEvoke","PrismaMod:MiyuCheapDefend2"],"picked":"PrismaMod:MiyuChannelDefendEvoke","floor":16},{"not_picked":["PrismaMod:MiyuCheapChannelWeak","PrismaMod:MiyuCheapAttack1"],"picked":"PrismaMod:MiyuUberAttack","floor":17},{"not_picked":["PrismaMod:MiyuEvokeBuffDex+1","PrismaMod:MiyuCheapChannelHeal"],"picked":"PrismaMod:MiyuCheapDexBuff+1","floor":18},{"not_picked":["PrismaMod:MiyuCheapStrBuff","PrismaMod:MiyuUberAOEAttack"],"picked":"PrismaMod:MiyuChristmas+1","floor":20},{"not_picked":["PrismaMod:MiyuCheapChannelVul","PrismaMod:MiyuCarnivalDefend"],"picked":"PrismaMod:MiyuEvokeAll","floor":21},{"not_picked":["PrismaMod:MiyuCheapStrBuff","PrismaMod:MiyuCheapDexBuff"],"picked":"PrismaMod:MiyuAttackChannelVul","floor":22}],"player_experience":253298,"relics_obtained":[{"floor":9,"key":"War Paint"},{"floor":10,"key":"Ornamental Fan"},{"floor":14,"key":"Toy Ornithopter"},{"floor":20,"key":"Gensokyo:ConquerorOfFear"}],"event_choices":[],"is_beta":false,"boss_relics":[{"not_picked":["Velvet Choker","SacredBark"],"picked":"Tiny House"}],"items_purged_floors":[],"is_endless":false,"potions_floor_spawned":[2,7,8,14,20],"killed_by":"Gensokyo:Koishi","ascension_level":0}}