{"host":"4id8injl4bo2b6ih","time":1610826140,"event":{"mods":["Act Like it!","BaseMod","Better Third Choice","Colored Map","Downfall","Friendly Minions","Hermit","Highlight Path","Ironclad Rager","Minty Spire (QoL Compilation)","Relic Stats","Robot Space Explorer","Shop Mod","Spicy Shops","StSLib"],"gold_per_floor":[99,114,133,149,164,190,214,114,3,3,14,40,40,60,76,175,175,175,188,206,242,254,274,274,286,286,286,286],"floor_reached":27,"language":"ENG","playtime":1837,"items_purged":[],"score":348,"play_id":"baa0ca12-d3e2-4aa8-8d0b-3e274b79544f","local_time":"20210116204220","is_ascension_mode":true,"campfire_choices":[{"floor":1.0,"key":"RECALL"},{"floor":8,"key":"REST"},{"floor":13,"key":"REST"}],"circlet_count":0,"master_deck":["sneckomod:Strike","sneckomod:Strike","sneckomod:Strike","sneckomod:Defend","sneckomod:Defend","sneckomod:Defend","sneckomod:TailWhip+1","sneckomod:SnekBite","sneckomod:Unknown","sneckomod:Unknown2Cost","sneckomod:SnakeSap","sneckomod:UnknownUncommonSkill","sneckomod:UnendingSupply","sneckomod:UnknownStrength","Bandage Up","ForeignInfluence","sneckomod:ImprovisedGuard","Guardian:Gem_Green","sneckomod:ImprovisedAttack","sneckomod:ImprovisedGuard","sneckomod:SoulCleanse","sneckomod:MorePower","champ:GladiatorStyle","sneckomod:UnknownBoss+1","sneckomod:Unknown0Cost","sneckomod:UnknownClassTHE_CHAMP_GRAY+1","sneckomod:UnknownDexterity+1","sneckomod:UnknownWeak+1","sneckomod:UnknownDexterity","sneckomod:SoulRoll+1","sneckomod:UnknownBoss+1","sneckomod:UnknownExhaust+1","sneckomod:UnknownUncommonPower","downfall:Haunted","sneckomod:UnknownDexterity"],"relics":["sneckomod:SneckoSoul","MealTicket","Art of War","downfall:HeartBlessingRed","Bronze Scales","Cursed Key","Unceasing Top"],"acts_visited":["Exordium","TheCity"],"potions_floor_usage":[6,12,21,23,27,27],"damage_taken":[{"damage":0.0,"enemies":"Cultist","floor":2.0,"turns":3.0},{"damage":7.0,"enemies":"Jaw Worm","floor":3.0,"turns":2.0},{"damage":3.0,"enemies":"2 Louse","floor":4.0,"turns":2.0},{"damage":16,"enemies":"Red Slaver","floor":5,"turns":3},{"damage":36,"enemies":"Gremlin Nob","floor":6,"turns":6},{"damage":5,"enemies":"downfall:FleeingMerchant","floor":9,"turns":4},{"damage":16,"enemies":"Blue Slaver","floor":11,"turns":3},{"damage":37,"enemies":"3 Sentries","floor":12,"turns":8},{"damage":10,"enemies":"2 Fungi Beasts","floor":14,"turns":4},{"damage":5,"enemies":"Exordium Thugs","floor":15,"turns":4},{"damage":36,"enemies":"WA_ARCHETYPE_RETAIN","floor":16,"turns":9},{"damage":6,"enemies":"Shell Parasite","floor":19,"turns":4},{"damage":0,"enemies":"Chosen","floor":20,"turns":4},{"damage":0,"enemies":"Centurion and Healer","floor":21,"turns":8},{"damage":35,"enemies":"Sentry and Sphere","floor":22,"turns":6},{"damage":15,"enemies":"Chosen and Byrds","floor":23,"turns":6},{"damage":12,"enemies":"Snake Plant","floor":25,"turns":2},{"damage":23,"enemies":"Slavers","floor":27,"turns":1}],"seed_played":"-8459175221256699527","potions_obtained":[{"floor":2.0,"key":"Block Potion"},{"floor":3.0,"key":"SkillPotion"},{"floor":4.0,"key":"Fire Potion"},{"floor":6,"key":"LiquidBronze"},{"floor":16,"key":"Block Potion"},{"floor":22,"key":"sneckomod:MuddlingPotion"}],"is_trial":false,"path_per_floor":["R","M","M","M","M","E","T","R","$","R","M","E","R","M","M","B",null,"R","M","M","M","M","M","T","M","?","E"],"character_chosen":"THE_SNECKO","items_purchased":["Bandage Up"],"campfire_rested":2,"item_purchase_floors":[9],"current_hp_per_floor":[81,81,74,71,65,29,29,56,66,66,54,21,48,46,45,13,71,71,65,69,73,42,31,31,19,19,0,0],"gold":286,"neow_bonus":"UPGRADE_CARD","is_daily":false,"chose_seed":false,"campfire_upgraded":0,"win_rate":0.0,"timestamp":1610826140,"path_taken":["R","M","M","M","?","E","T","R","$","R","M","E","R","M","M","BOSS","R","M","M","M","M","M","T","M","?","E"],"items_purchased_type":["Card"],"build_version":"2020-12-22","purchased_purges":0,"victory":false,"max_hp_per_floor":[90,90,90,90,90,90,90,90,90,90,90,90,90,90,90,90,90,90,90,90,90,90,90,90,90,90,90,90],"relic_stats":{"counters":[18,79],"Bronze Scales":[95],"MealTicket":15,"Art of War":[9],"Cursed Key":1,"obtain_stats":[{"downfall:HeartBlessingRed":8,"Bronze Scales":12,"MealTicket":6,"Art of War":7,"sneckomod:SneckoSoul":0,"Cursed Key":17,"Unceasing Top":24},{"downfall:HeartBlessingRed":5,"Bronze Scales":8,"MealTicket":5,"Art of War":5,"sneckomod:SneckoSoul":0,"Cursed Key":11,"Unceasing Top":16},{"downfall:HeartBlessingRed":16,"Bronze Scales":31,"MealTicket":16,"Art of War":16,"sneckomod:SneckoSoul":0,"Cursed Key":48,"Unceasing Top":76}],"Unceasing Top":[3]},"card_choices":[{"not_picked":["sneckomod:SnekBeam","sneckomod:UnknownCommonAttack"],"picked":"sneckomod:Unknown2Cost","floor":2.0},{"not_picked":["sneckomod:TrashToTreasure","sneckomod:UnknownClassPURPLE"],"picked":"sneckomod:SnakeSap","floor":3.0},{"not_picked":["sneckomod:UnknownClassSLIMEBOUND","sneckomod:DefensiveFlair"],"picked":"sneckomod:UnknownUncommonSkill","floor":4.0},{"not_picked":["sneckomod:RainOfDice","sneckomod:UnknownCommonAttack"],"picked":"sneckomod:UnknownClassTHE_CHAMP_GRAY","floor":5},{"not_picked":["sneckomod:UnknownX","sneckomod:UnknownBlock"],"picked":"sneckomod:UnendingSupply","floor":6},{"not_picked":["sneckomod:QuickBite","sneckomod:UnknownClassRED"],"picked":"sneckomod:UnknownStrength","floor":9},{"not_picked":["sneckomod:SoulCleanse","sneckomod:MixItUp"],"picked":"sneckomod:ImprovisedGuard","floor":11},{"not_picked":["Guardian:Gem_Lightblue","Guardian:Gem_Red"],"picked":"Guardian:Gem_Green","floor":12},{"not_picked":["sneckomod:MixItUp","sneckomod:Unknown1Cost"],"picked":"sneckomod:ImprovisedAttack","floor":12},{"not_picked":["sneckomod:UnknownClassROBOT_ORANGE_COLOR","sneckomod:UnknownCommonSkill"],"picked":"sneckomod:ImprovisedGuard","floor":14},{"not_picked":["sneckomod:Unknown0Cost","sneckomod:UnknownUncommonAttack"],"picked":"sneckomod:SoulCleanse","floor":15},{"not_picked":["sneckomod:Unknown3Cost","sneckomod:Cheat"],"picked":"sneckomod:MorePower","floor":16},{"not_picked":["sneckomod:UnknownStrike+1","sneckomod:Unknown+1"],"picked":"sneckomod:UnknownBoss+1","floor":19},{"not_picked":["sneckomod:UnknownClassGUARDIAN+1","sneckomod:DiceCrush+1"],"picked":"sneckomod:Unknown0Cost","floor":19},{"not_picked":["sneckomod:UnknownClassPURPLE+1","sneckomod:Unknown3Cost+1"],"picked":"sneckomod:UnknownClassTHE_CHAMP_GRAY+1","floor":20},{"not_picked":["sneckomod:QuickBite","sneckomod:UnknownCommonAttack"],"picked":"sneckomod:UnknownDexterity+1","floor":20},{"not_picked":["sneckomod:Unknown2Cost+1","sneckomod:UnknownDraw+1"],"picked":"sneckomod:UnknownWeak+1","floor":21},{"not_picked":["sneckomod:UnknownClassROBOT_ORANGE_COLOR","sneckomod:UnknownStrength"],"picked":"sneckomod:UnknownDexterity","floor":21},{"not_picked":["sneckomod:Unknown1Cost","sneckomod:UnknownClassGREEN"],"picked":"sneckomod:SoulRoll+1","floor":22},{"not_picked":["sneckomod:UnknownClassGREEN+1","sneckomod:UnknownClassRED+1"],"picked":"sneckomod:UnknownBoss+1","floor":22},{"not_picked":["sneckomod:UnknownClassSLIMEBOUND+1","sneckomod:UnknownClassHEXA_GHOST_PURPLE+1"],"picked":"sneckomod:UnknownExhaust+1","floor":23},{"not_picked":["sneckomod:Cheat","sneckomod:SnakeSap"],"picked":"sneckomod:UnknownUncommonPower","floor":23},{"not_picked":["sneckomod:QuickMove","sneckomod:Unknown1Cost+1"],"picked":"sneckomod:UnknownDexterity","floor":25}],"player_experience":443477,"relics_obtained":[{"floor":6,"key":"MealTicket"},{"floor":7,"key":"Art of War"},{"floor":12,"key":"Bronze Scales"},{"floor":24,"key":"Unceasing Top"}],"event_choices":[],"is_beta":false,"boss_relics":[{"not_picked":["Pandora\u0027s Box","sneckomod:SneckoBoss"],"picked":"Cursed Key"}],"items_purged_floors":[],"is_endless":false,"potions_floor_spawned":[2,3,4,6,16,22],"killed_by":"Slavers","ascension_level":8}}