{"host":"gg","time":1610785939,"event":{"mods":["BaseMod","Colored Map","Googly Eyes","Minty Spire (QoL Compilation)","Permanent Neow","Relic Stats","The IronCluck"],"gold_per_floor":[114,114,129,179,189,222,59,85,134,148,148,148,164,179,179,179,179],"floor_reached":16,"language":"ENG","playtime":786,"items_purged":["Defend_P"],"score":204,"play_id":"9446e9ce-ed40-4206-a2b3-882107e4ea1e","local_time":"20210116003219","is_ascension_mode":true,"campfire_choices":[{"data":"Eruption","floor":12,"key":"SMITH"},{"data":"SignatureMove","floor":15,"key":"SMITH"}],"circlet_count":0,"master_deck":["AscendersBane","Strike_P","Strike_P","Strike_P","Strike_P","Defend_P","Defend_P","Defend_P","Eruption+1","Vigilance","SignatureMove+1","Tantrum","FlurryOfBlows","Ragnarok","WaveOfTheHand","SashWhip","Adaptation","WheelKick","CutThroughFate"],"relics":["Velvet Choker","Potion Belt","InkBottle","Odd Mushroom","Lantern"],"acts_visited":["Exordium"],"potions_floor_usage":[3,8,10,16],"damage_taken":[{"damage":2,"enemies":"Small Slimes","floor":1,"turns":5},{"damage":7,"enemies":"Jaw Worm","floor":3,"turns":3},{"damage":0,"enemies":"Cultist","floor":5,"turns":2},{"damage":16,"enemies":"Gremlin Nob","floor":6,"turns":3},{"damage":26,"enemies":"The Mushroom Lair","floor":8,"turns":3},{"damage":1,"enemies":"3 Louse","floor":10,"turns":2},{"damage":9,"enemies":"Exordium Wildlife","floor":13,"turns":3},{"damage":0,"enemies":"Blue Slaver","floor":14,"turns":1},{"damage":17,"enemies":"Hexaghost","floor":16,"turns":9}],"seed_played":"2298664168863296381","potions_obtained":[{"floor":1,"key":"GamblersBrew"},{"floor":3,"key":"SpeedPotion"},{"floor":6,"key":"SteroidPotion"},{"floor":13,"key":"Weak Potion"},{"floor":14,"key":"LiquidBronze"}],"is_trial":false,"path_per_floor":["M","?","M","?","M","E","$","?","T","M","?","R","M","M","R","B"],"character_chosen":"WATCHER","items_purchased":["WaveOfTheHand"],"campfire_rested":0,"item_purchase_floors":[7],"current_hp_per_floor":[59,54,47,47,47,31,31,5,5,4,26,26,17,17,17,0,0],"gold":179,"neow_bonus":"BOSS_RELIC","is_daily":false,"chose_seed":false,"campfire_upgraded":2,"win_rate":0.0,"timestamp":1610785939,"path_taken":["M","?","M","?","?","E","$","?","T","M","?","R","?","M","R","BOSS"],"items_purchased_type":["Card"],"build_version":"2020-12-18","purchased_purges":1,"victory":false,"max_hp_per_floor":[68,68,68,68,68,68,68,68,68,68,68,68,68,68,68,68,68],"relic_stats":{"counters":[9,31],"obtain_stats":[{"Potion Belt":2,"Lantern":9,"Velvet Choker":0,"PureWater":0,"Odd Mushroom":8,"InkBottle":6},{"Potion Belt":1,"Lantern":5,"Velvet Choker":0,"PureWater":0,"Odd Mushroom":5,"InkBottle":4},{"Potion Belt":5,"Lantern":16,"Velvet Choker":0,"PureWater":0,"Odd Mushroom":16,"InkBottle":13}],"InkBottle":[6]},"card_choices":[{"not_picked":["Crescendo","CrushJoints"],"picked":"SignatureMove","floor":1},{"not_picked":["FollowUp","Weave"],"picked":"Tantrum","floor":3},{"not_picked":["Halt","Protect"],"picked":"FlurryOfBlows","floor":5},{"not_picked":["Omniscience","ReachHeaven"],"picked":"Ragnarok","floor":6},{"not_picked":["Consecrate","EmptyMind"],"picked":"SashWhip","floor":8},{"not_picked":["EmptyBody","Study"],"picked":"Adaptation","floor":10},{"not_picked":["SashWhip","Weave"],"picked":"WheelKick","floor":13},{"not_picked":["JustLucky","Sanctity"],"picked":"CutThroughFate","floor":14}],"player_experience":1204241,"relics_obtained":[{"floor":6,"key":"InkBottle"},{"floor":8,"key":"Odd Mushroom"},{"floor":9,"key":"Lantern"}],"event_choices":[{"damage_healed":0,"gold_gain":0,"player_choice":"Success","damage_taken":5,"relics_obtained":["Potion Belt"],"max_hp_gain":0,"max_hp_loss":0,"event_name":"Scrap Ooze","floor":2,"gold_loss":0},{"damage_healed":0,"gold_gain":50,"player_choice":"Pray","damage_taken":0,"max_hp_gain":0,"max_hp_loss":0,"event_name":"Golden Shrine","floor":4,"gold_loss":0},{"damage_healed":0,"gold_gain":0,"player_choice":"Fought Mushrooms","damage_taken":0,"max_hp_gain":0,"max_hp_loss":0,"event_name":"Mushrooms","floor":8,"gold_loss":0},{"damage_healed":22,"gold_gain":0,"player_choice":"Banana","damage_taken":0,"max_hp_gain":0,"max_hp_loss":0,"event_name":"Big Fish","floor":11,"gold_loss":0}],"is_beta":true,"boss_relics":[],"items_purged_floors":[7],"is_endless":false,"potions_floor_spawned":[1,3,6,13,14],"killed_by":"Hexaghost","ascension_level":20}}