{"host":"2c1pg2m9wpz3w4c0","time":1610837233,"event":{"mods":["AchievementEnabler","Act Like it!","Aspiration","BaseMod","Better Note","BetterRewards","Curses Come First","Disable Question Mark Monsters","Halation","Hubris","Infinite Spire","Lotus Mark","Marisa????????","Minty Spire (QoL Compilation)","Replay The Spire","StSLib","SuperFastMode","The Clintock","The Jungle","The Marked","The Runesmith","Transform Curses"],"gold_per_floor":[115,115,290,290,304,304,319,319,367,391,414,50,98,16,16,194,194,218,281,281,281,295,295,335,335,358,383,383,94,117,132,132,278,278,297,310,360,360,438,461,482,523,523,523],"floor_reached":43,"language":"ENG","playtime":2092,"items_purged":[],"score":603,"play_id":"05692d1d-3578-4c4f-9024-9c1761784b5e","local_time":"20210116154713","is_ascension_mode":false,"campfire_choices":[{"floor":6.0,"key":"REST"},{"data":"Apotheosis","floor":8.0,"key":"SMITH"},{"floor":15.0,"key":"REST"},{"data":"Footwork","floor":23.0,"key":"SMITH"},{"data":"Adrenaline","floor":25.0,"key":"SMITH"},{"data":"Bandage Up","floor":28.0,"key":"SMITH"},{"data":"HandOfGreed","floor":32,"key":"SMITH"}],"circlet_count":0,"master_deck":["Strike_G","Strike_G","Strike_G","Strike_G","Strike_G+1","Defend_G","Defend_G","Defend_G","Defend_G+1","Defend_G","Survivor","Neutralize","Deflect","Dagger Throw","Apotheosis+1","Deflect","Quick Slash","Sucker Punch","Acrobatics","Flying Knee","HandOfGreed+1","Prepared","Outmaneuver","ReplayTheSpireMod:Shiv Toss","Adrenaline+1","Dash","hubris:SlightOfHand+1","Bandage Up+1","Footwork+1","Neutralize","Cloak And Dagger","lotusMarks:Mark+1","ReplayTheSpireMod:Restless Dread","Dodge and Roll+1","Footwork","Underhanded Strike","hubris:TrickCloak","Storm of Steel","Infinite Blades+1","Dagger Spray","Blade Dance+1","Regret","Dagger Throw","Parasite","Deflect","lotusMarks:Mark+1","PiercingWail","hubris:Wrath"],"relics":["Ring of the Snake","hubris:TenFootPole","aspiration:DSix","Golden Idol","aspiration:HiddenCompartment","Runesmith:AutoHammer","Cursed Key","Simple Rune","halation:BottledLove","halation:HeavySnake","hubris:Towel","aspiration:StickyExplosives_weak"],"acts_visited":["Exordium","theJungle:Jungle","TheBeyond"],"potions_floor_usage":[33,33,35,37,40,40,42],"damage_taken":[{"damage":2.0,"enemies":"Jaw Worm","floor":1.0,"turns":4.0},{"damage":1.0,"enemies":"2 Louse","floor":5.0,"turns":3.0},{"damage":0.0,"enemies":"Cultist","floor":7.0,"turns":3.0},{"damage":0.0,"enemies":"Red Slaver","floor":10.0,"turns":3.0},{"damage":0.0,"enemies":"Exordium Thugs","floor":11.0,"turns":6.0},{"damage":3.0,"enemies":"Large Slime","floor":13.0,"turns":6.0},{"damage":5.0,"enemies":"Slime Boss","floor":16.0,"turns":11.0},{"damage":0.0,"enemies":"theJungle:GiantWrat","floor":18.0,"turns":4.0},{"damage":0.0,"enemies":"theJungle:5_Spyders","floor":19.0,"turns":5.0},{"damage":13.0,"enemies":"theJungle:Lyon","floor":22.0,"turns":6.0},{"damage":0.0,"enemies":"theJungle:2_Snecko_Cultists","floor":24.0,"turns":4.0},{"damage":4.0,"enemies":"theJungle:JungleHuntersEncounter","floor":27.0,"turns":6.0},{"damage":3.0,"enemies":"theJungle:SlimyTreeVines","floor":30.0,"turns":10.0},{"damage":7,"enemies":"theJungle:Snecko_Cultist_And_Trap","floor":31,"turns":7},{"damage":7,"enemies":"theJungle:QueenSpyder","floor":33,"turns":13},{"damage":7,"enemies":"3 Darklings","floor":35,"turns":10},{"damage":3,"enemies":"Orb Walker","floor":36,"turns":4},{"damage":10,"enemies":"4 Shapes","floor":37,"turns":11},{"damage":7,"enemies":"Writhing Mass","floor":40,"turns":11},{"damage":38,"enemies":"3 Darklings","floor":41,"turns":8},{"damage":27,"enemies":"4 Shapes","floor":42,"turns":10}],"seed_played":"-5612458397987574738","potions_obtained":[{"floor":5.0,"key":"Energy Potion"},{"floor":13.0,"key":"Milkshake"},{"floor":19.0,"key":"Energy Potion"},{"floor":22.0,"key":"Adrenaline Potion"},{"floor":31,"key":"AttackPotion"},{"floor":36,"key":"AttackPotion"},{"floor":39,"key":"Ancient Potion"},{"floor":39,"key":"SteroidPotion"},{"floor":39,"key":"LifebloodPotion"},{"floor":41,"key":"GamblersBrew"}],"is_trial":false,"path_per_floor":["M","?","?","?","M","R","M","R","T","M","M","$","M","$","R","B",null,"M","M","?","?","M","R","M","R","T","M","R","$","M","M","R","B",null,"M","M","M","?","?","M","M","M","T"],"character_chosen":"THE_SILENT","items_purchased":["hubris:TenFootPole","Deflect","Dagger Throw","Apotheosis","Runesmith:AutoHammer","HandOfGreed","Prepared","ReplayTheSpireMod:Shiv Toss","halation:BottledLove","Footwork"],"campfire_rested":2,"item_purchase_floors":[0,0,0,0,12,12,12,14,29,29],"current_hp_per_floor":[40,40,40,40,39,60,60,60,60,60,60,60,57,57,70,65,70,70,70,70,70,63,63,67,67,67,69,69,69,67,60,60,59,70,69,66,62,62,62,61,29,8,8,8],"gold":523,"neow_bonus":"","is_daily":false,"chose_seed":false,"campfire_upgraded":5,"win_rate":0.0,"timestamp":1610837233,"path_taken":["M","?","?","?","M","R","M","R","T","M","M","$","?","?","R","BOSS","M","M","?","?","M","R","?","R","T","M","R","$","M","M","R","BOSS","M","?","M","?","?","M","M","?","T"],"items_purchased_type":["Relic","Card","Card","Card","Relic","Card","Card","Card","Relic","Card"],"build_version":"2020-12-22","purchased_purges":0,"victory":false,"max_hp_per_floor":[70,70,70,70,70,70,70,70,70,70,70,70,70,70,70,70,70,70,70,70,70,70,70,70,70,70,70,70,70,70,70,70,70,70,70,70,70,70,70,70,70,70,70,70],"card_choices":[{"not_picked":["lotusMarks:LotusSlash","Quick Slash"],"picked":"Deflect","floor":1.0},{"not_picked":["Expertise","Eviscerate"],"picked":"Quick Slash","floor":5.0},{"not_picked":["Toxin Wave","Skewer"],"picked":"Sucker Punch","floor":7.0},{"not_picked":["Flechettes","lotusMarks:LotusSlash"],"picked":"Acrobatics","floor":10.0},{"not_picked":["Dash","Reflex"],"picked":"Flying Knee","floor":11.0},{"not_picked":["Reflex","Flying Knee"],"picked":"Outmaneuver","floor":13.0},{"not_picked":["Corpse Explosion","ReplayTheSpireMod:Necrosis"],"picked":"Adrenaline","floor":16.0},{"not_picked":["Sucker Punch+1","Quick Slash"],"picked":"Dash","floor":18.0},{"not_picked":["Prepared+1","Quick Slash"],"picked":"hubris:SlightOfHand+1","floor":19.0},{"not_picked":["hubris:Counter","Crippling Poison"],"picked":"Cloak And Dagger","floor":22.0},{"not_picked":["Poisoned Stab","Quick Slash"],"picked":"lotusMarks:Mark+1","floor":24.0},{"not_picked":["Deflect","Heel Hook"],"picked":"Dodge and Roll+1","floor":27.0},{"not_picked":["Malaise","Dagger Throw"],"picked":"Underhanded Strike","floor":30.0},{"not_picked":["lotusMarks:Mark","lotusMarks:LotusStrike"],"picked":"hubris:TrickCloak","floor":31},{"not_picked":["infinitespire:Neurotoxin","Malaise"],"picked":"Storm of Steel","floor":33},{"not_picked":["Flying Knee","Bane+1"],"picked":"Infinite Blades+1","floor":35},{"not_picked":["Acrobatics","lotusMarks:SeasonOfFire+1"],"picked":"Dagger Spray","floor":36},{"not_picked":["Backflip+1","Bane+1"],"picked":"Blade Dance+1","floor":37},{"not_picked":["Bane+1","Deadly Poison"],"picked":"Dagger Throw","floor":39},{"not_picked":["Dagger Spray","hubris:Counter"],"picked":"Deflect","floor":40},{"not_picked":["Catalyst","Flechettes+1"],"picked":"lotusMarks:Mark+1","floor":41},{"not_picked":["Sneak Up+1","lotusMarks:Mark"],"picked":"PiercingWail","floor":42}],"player_experience":1186812,"relics_obtained":[{"floor":9.0,"key":"aspiration:HiddenCompartment"},{"floor":26.0,"key":"Simple Rune"},{"floor":43,"key":"aspiration:StickyExplosives_weak"}],"event_choices":[{"damage_healed":0.0,"max_hp_gain":0.0,"max_hp_loss":0.0,"gold_gain":0.0,"event_name":"Golden Idol","player_choice":"Take Wound","floor":2.0,"gold_loss":0.0,"damage_taken":0.0,"relics_obtained":["Golden Idol"],"cards_obtained":["Injury"]},{"damage_healed":0.0,"max_hp_gain":0.0,"max_hp_loss":0.0,"gold_gain":175.0,"event_name":"Liars Game","player_choice":"AGREE","floor":3.0,"gold_loss":0.0,"damage_taken":0.0,"cards_obtained":["Doubt"]},{"cards_removed":["Doubt","Injury"],"damage_healed":0.0,"max_hp_gain":0.0,"max_hp_loss":0.0,"gold_gain":0.0,"event_name":"Fountain of Cleansing","player_choice":"Removed Curses","floor":4.0,"gold_loss":0.0,"damage_taken":0.0},{"cards_removed":["Apotheosis"],"damage_healed":0.0,"max_hp_gain":0.0,"max_hp_loss":0.0,"gold_gain":0.0,"event_name":"betterNote:BetterNote","player_choice":"Take \u0026 Give","floor":20.0,"gold_loss":0.0,"damage_taken":0.0,"cards_obtained":["Bandage Up"]},{"damage_healed":0.0,"max_hp_gain":0.0,"max_hp_loss":0.0,"gold_gain":0.0,"event_name":"Match and Keep!","player_choice":"2 cards matched","floor":21.0,"gold_loss":0.0,"damage_taken":0.0,"cards_obtained":["Footwork","Neutralize"]}],"is_beta":false,"boss_relics":[{"not_picked":["Ectoplasm","hubris:TerracottaHorce"],"picked":"Cursed Key"},{"not_picked":["Black Star","Velvet Choker"],"picked":"halation:HeavySnake"}],"items_purged_floors":[],"is_endless":false,"potions_floor_spawned":[5,13,19,22,31,36,41],"ascension_level":0}}