{"host":"kh6fvhxn285ncg0o","time":1610836978,"event":{"mods":["Act Like it!","BaseMod","Colored Map","Friendly Minions","Keyboard Shortcuts","Minty Spire (QoL Compilation)","Quick Restart","Relic Stats","StSLib","SuperFastMode"],"gold_per_floor":[116,135,135,135,149,180,13,13,13],"floor_reached":8,"language":"KOR","playtime":293,"items_purged":["Strike_R"],"score":112,"play_id":"05b8c353-31bb-4559-8d59-0ab9f8956e16","local_time":"20210117074258","is_ascension_mode":true,"campfire_choices":[],"circlet_count":0,"master_deck":["AscendersBane","Strike_R","Strike_R+1","Strike_R","Strike_R","Defend_R","Defend_R","Defend_R","Defend_R","Bash+1","Shrug It Off+1","Wild Strike","Offering","Blood for Blood"],"relics":["Burning Blood","Golden Idol","Bottled Flame"],"acts_visited":["Exordium"],"potions_floor_usage":[6,8],"damage_taken":[{"damage":1,"enemies":"Cultist","floor":1,"turns":3},{"damage":6,"enemies":"Small Slimes","floor":2,"turns":4},{"damage":9,"enemies":"Jaw Worm","floor":5,"turns":4},{"damage":39,"enemies":"3 Sentries","floor":6,"turns":14},{"damage":37,"enemies":"Gremlin Nob","floor":8,"turns":3}],"seed_played":"4650307671922068678","potions_obtained":[{"floor":1,"key":"EssenceOfSteel"}],"is_trial":false,"path_per_floor":["M","M","?","?","M","E","$","E"],"character_chosen":"IRONCLAD","items_purchased":["Blood for Blood","ColorlessPotion"],"campfire_rested":0,"item_purchase_floors":[7,7],"current_hp_per_floor":[73,73,50,50,47,14,14,0,0],"gold":13,"neow_bonus":"UPGRADE_CARD","is_daily":false,"chose_seed":false,"campfire_upgraded":0,"win_rate":0.0,"timestamp":1610836978,"path_taken":["M","M","?","?","M","E","?","E"],"items_purchased_type":["Card","Potion"],"build_version":"2020-12-22","purchased_purges":1,"victory":false,"max_hp_per_floor":[75,75,75,68,68,68,68,68,68],"relic_stats":{"counters":[5,28],"Golden Idol":9,"obtain_stats":[{"Bottled Flame":6,"Golden Idol":4,"Burning Blood":0},{"Bottled Flame":4,"Golden Idol":2,"Burning Blood":0},{"Bottled Flame":25,"Golden Idol":7,"Burning Blood":0}],"Burning Blood":24},"card_choices":[{"not_picked":["Dual Wield","Perfected Strike"],"picked":"Shrug It Off","floor":1},{"not_picked":["Flex","Rupture"],"picked":"Wild Strike","floor":2},{"not_picked":["Clothesline","Sword Boomerang"],"picked":"Offering","floor":6}],"player_experience":3470221,"relics_obtained":[{"floor":6,"key":"Bottled Flame"}],"event_choices":[{"damage_healed":0,"gold_gain":0,"player_choice":"Entered Light","damage_taken":23,"max_hp_gain":0,"max_hp_loss":0,"event_name":"Shining Light","floor":3,"gold_loss":0,"cards_upgraded":["Shrug It Off","Strike_R"]},{"damage_healed":0,"gold_gain":0,"player_choice":"Lose Max HP","damage_taken":0,"relics_obtained":["Golden Idol"],"max_hp_gain":0,"max_hp_loss":7,"event_name":"Golden Idol","floor":4,"gold_loss":0}],"is_beta":false,"boss_relics":[],"items_purged_floors":[7],"is_endless":false,"potions_floor_spawned":[1],"killed_by":"Gremlin Nob","ascension_level":20}}