{"host":"Oniwa","time":1610801643,"event":{"mods":["BaseMod","Colored Map","Colored Powertips","Minty Spire (QoL Compilation)","Relic Stats","Slay the Relics Exporter","SpireBot","StSLib","ojb\u0027s Better Paths Mod","ojb\u0027s Info Mod"],"gold_per_floor":[111,111,111,124,144,144,178,195,247,75,40,68,14,29,29,108,108,81,101,101,101,101,101,126,45,45,45,145,160,7,7,7,7,7],"floor_reached":33,"language":"JPN","playtime":2818,"items_purged":["Strike_G"],"score":542,"play_id":"e808e10d-f34a-4472-962c-c01ae296fdd1","local_time":"20210116215403","is_ascension_mode":true,"campfire_choices":[{"data":"Bouncing Flask","floor":6.0,"key":"SMITH"},{"data":"Calculated Gamble","floor":15.0,"key":"SMITH"},{"floor":23.0,"key":"REST"},{"floor":27.0,"key":"REST"},{"data":"Noxious Fumes","floor":32.0,"key":"SMITH"}],"circlet_count":0,"master_deck":["AscendersBane","Strike_G+1","Strike_G","Strike_G","Defend_G","Defend_G","Defend_G","Defend_G","Survivor","Neutralize+1","Bouncing Flask+1","Dodge and Roll","Slice","Flying Knee","Backflip","Caltrops","Deadly Poison","Calculated Gamble+1","Night Terror","Bane","Noxious Fumes+1","Backflip","Leg Sweep","All Out Attack"],"relics":["Ring of the Snake","White Beast Statue","Juzu Bracelet","Bronze Scales","Toy Ornithopter","Whetstone","SacredBark","Nilry\u0027s Codex","Gambling Chip","HornCleat","Singing Bowl","Nloth\u0027s Gift"],"acts_visited":["Exordium","TheCity"],"potions_floor_usage":[33,33],"damage_taken":[{"damage":5.0,"enemies":"Jaw Worm","floor":1.0,"turns":4.0},{"damage":2.0,"enemies":"Small Slimes","floor":4.0,"turns":5.0},{"damage":0.0,"enemies":"2 Louse","floor":5.0,"turns":3.0},{"damage":2.0,"enemies":"Gremlin Nob","floor":7.0,"turns":3.0},{"damage":1.0,"enemies":"Blue Slaver","floor":8.0,"turns":5.0},{"damage":15.0,"enemies":"3 Sentries","floor":12.0,"turns":7.0},{"damage":2.0,"enemies":"Large Slime","floor":14.0,"turns":5.0},{"damage":18.0,"enemies":"The Guardian","floor":16.0,"turns":9.0},{"damage":22.0,"enemies":"2 Thieves","floor":18.0,"turns":4.0},{"damage":1.0,"enemies":"3 Byrds","floor":19.0,"turns":2.0},{"damage":36.0,"enemies":"Gremlin Leader","floor":24.0,"turns":5.0},{"damage":11.0,"enemies":"Colosseum Slavers","floor":28.0,"turns":6.0},{"damage":4.0,"enemies":"Colosseum Nobs","floor":28.0,"turns":3.0},{"damage":0.0,"enemies":"Snecko","floor":29.0,"turns":4.0},{"damage":64,"enemies":"Collector","floor":33,"turns":6}],"seed_played":"609454109982544779","potions_obtained":[{"floor":1.0,"key":"DuplicationPotion"},{"floor":4.0,"key":"AttackPotion"},{"floor":7.0,"key":"SpeedPotion"},{"floor":12.0,"key":"Strength Potion"},{"floor":14.0,"key":"BlessingOfTheForge"},{"floor":16.0,"key":"Poison Potion"},{"floor":18.0,"key":"SpeedPotion"},{"floor":19.0,"key":"AttackPotion"},{"floor":24.0,"key":"Fire Potion"},{"floor":28.0,"key":"DistilledChaos"},{"floor":29.0,"key":"LiquidBronze"}],"is_trial":false,"path_per_floor":["M","?","?","M","M","R","E","M","T","$","?","E","$","M","R","B",null,"M","M","?","?","?","R","E","$","T","R","?","M","$","?","R","B"],"character_chosen":"THE_SILENT","items_purchased":["Toy Ornithopter","Deadly Poison","Leg Sweep","LiquidMemories"],"campfire_rested":2,"item_purchase_floors":[10,13,25,30],"current_hp_per_floor":[54,36,36,34,34,34,32,31,31,31,46,36,36,39,39,21,50,33,32,32,11,23,41,15,15,15,33,39,39,39,39,39,0,0],"gold":7,"neow_bonus":"REMOVE_TWO","is_daily":false,"chose_seed":false,"campfire_upgraded":3,"win_rate":0.0,"timestamp":1610801643,"path_taken":["M","?","?","M","M","R","E","M","T","$","?","E","$","M","R","BOSS","M","M","?","?","?","R","E","$","T","R","?","M","$","?","R","BOSS"],"items_purchased_type":["Relic","Card","Card","Potion"],"build_version":"2020-12-18","purchased_purges":1,"victory":false,"max_hp_per_floor":[60,60,60,60,60,60,60,60,60,60,60,60,60,60,60,60,60,60,60,60,60,60,60,60,60,60,60,76,76,76,76,76,76,76],"relic_stats":{"Singing Bowl":2,"counters":[15,71],"Bronze Scales":[188],"Gambling Chip":[20],"Juzu Bracelet":0,"Nloth\u0027s Gift":0,"Whetstone":["Strike_G","Neutralize"],"obtain_stats":[{"Singing Bowl":28,"Nilry\u0027s Codex":21,"SacredBark":17,"Mango":28,"Juzu Bracelet":7,"Whetstone":12,"White Beast Statue":2,"HornCleat":26,"Bronze Scales":9,"Gambling Chip":24,"Nloth\u0027s Gift":31,"Toy Ornithopter":10,"Ring of the Snake":0},{"Singing Bowl":13,"Nilry\u0027s Codex":10,"SacredBark":8,"Mango":13,"Juzu Bracelet":4,"Whetstone":6,"White Beast Statue":1,"HornCleat":11,"Bronze Scales":5,"Gambling Chip":11,"Nloth\u0027s Gift":14,"Toy Ornithopter":5,"Ring of the Snake":0},{"Singing Bowl":61,"Nilry\u0027s Codex":47,"SacredBark":41,"Mango":61,"Juzu Bracelet":15,"Whetstone":27,"White Beast Statue":4,"HornCleat":52,"Bronze Scales":20,"Gambling Chip":52,"Nloth\u0027s Gift":65,"Toy Ornithopter":20,"Ring of the Snake":0}],"Toy Ornithopter":40,"Ring of the Snake":[30]},"card_choices":[{"not_picked":["Finisher","All Out Attack"],"picked":"Bouncing Flask","floor":1.0},{"not_picked":["Acrobatics","Heel Hook"],"picked":"Dodge and Roll","floor":4.0},{"not_picked":["Deflect","Expertise"],"picked":"Slice","floor":5.0},{"not_picked":["Outmaneuver","Heel Hook"],"picked":"Flying Knee","floor":7.0},{"not_picked":["Slice","Heel Hook"],"picked":"Backflip","floor":8.0},{"not_picked":["Quick Slash","Finisher"],"picked":"Caltrops","floor":12.0},{"not_picked":["Eviscerate","Slice"],"picked":"Calculated Gamble","floor":14.0},{"not_picked":["A Thousand Cuts","Storm of Steel"],"picked":"Night Terror","floor":16.0},{"not_picked":["Backflip","Outmaneuver"],"picked":"Bane","floor":18.0},{"not_picked":["Blade Dance","Quick Slash"],"picked":"Noxious Fumes","floor":19.0},{"not_picked":["Dodge and Roll","Dagger Throw"],"picked":"Backflip","floor":24.0},{"not_picked":["Slice","Setup","Blade Dance"],"picked":"Singing Bowl","floor":28.0},{"not_picked":["Poisoned Stab","Blade Dance"],"picked":"All Out Attack","floor":29.0}],"player_experience":2553966,"relics_obtained":[{"floor":7.0,"key":"Juzu Bracelet"},{"floor":9.0,"key":"Bronze Scales"},{"floor":12.0,"key":"Whetstone"},{"floor":21.0,"key":"Nilry\u0027s Codex"},{"floor":24.0,"key":"Gambling Chip"},{"floor":26.0,"key":"HornCleat"},{"floor":28.0,"key":"Mango"},{"floor":28.0,"key":"Singing Bowl"}],"event_choices":[{"damage_healed":0.0,"max_hp_gain":0.0,"max_hp_loss":0.0,"gold_gain":0.0,"event_name":"Scrap Ooze","player_choice":"Success","floor":2.0,"gold_loss":0.0,"damage_taken":18.0,"relics_obtained":["White Beast Statue"]},{"damage_healed":0.0,"max_hp_gain":0.0,"max_hp_loss":0.0,"gold_gain":0.0,"event_name":"Liars Game","player_choice":"Ignored","floor":3.0,"gold_loss":0.0,"damage_taken":0.0},{"damage_healed":15.0,"max_hp_gain":0.0,"max_hp_loss":0.0,"gold_gain":0.0,"event_name":"The Cleric","player_choice":"Healed","floor":11.0,"gold_loss":35.0,"damage_taken":0.0},{"damage_healed":0.0,"max_hp_gain":0.0,"max_hp_loss":0.0,"gold_gain":0.0,"event_name":"Vampires","player_choice":"Ignored","floor":20.0,"gold_loss":0.0,"damage_taken":0.0},{"damage_healed":0.0,"max_hp_gain":0.0,"max_hp_loss":0.0,"gold_gain":0.0,"event_name":"Cursed Tome","player_choice":"Obtained Book","floor":21.0,"gold_loss":0.0,"damage_taken":21.0},{"damage_healed":12.0,"max_hp_gain":0.0,"max_hp_loss":0.0,"gold_gain":0.0,"event_name":"The Library","player_choice":"Heal","floor":22.0,"gold_loss":0.0,"damage_taken":0.0},{"damage_healed":0.0,"max_hp_gain":0.0,"max_hp_loss":0.0,"gold_gain":0.0,"event_name":"Colosseum","player_choice":"Fight","floor":28.0,"gold_loss":0.0,"damage_taken":0.0},{"damage_healed":0.0,"max_hp_gain":0.0,"max_hp_loss":0.0,"gold_gain":0.0,"event_name":"Colosseum","player_choice":"Fought Nobs","floor":28.0,"gold_loss":0.0,"damage_taken":0.0},{"damage_healed":0.0,"max_hp_gain":0.0,"max_hp_loss":0.0,"gold_gain":0.0,"event_name":"N\u0027loth","player_choice":"Traded Relic","floor":31.0,"relics_lost":["Mango"],"gold_loss":0.0,"damage_taken":0.0,"relics_obtained":["Nloth\u0027s Gift"]}],"is_beta":true,"boss_relics":[{"not_picked":["Empty Cage","Philosopher\u0027s Stone"],"picked":"SacredBark"}],"items_purged_floors":[30],"is_endless":false,"potions_floor_spawned":[1,4,5,7,8,12,14,16,18,19,24,28,28,29],"killed_by":"Collector","ascension_level":20}}