{"host":"tmzq6unyecs2p367","time":1610831561,"event":{"mods":["BaseMod","Koishi","Minty Spire (QoL Compilation)","StSLib","The Bug Knight","The Dragon Tamer","The Juggle","The Senshi"],"gold_per_floor":[116,126,126,126,126,168,202,202,225,240,264,264,26,53,53,156,156,188,210,210,210,219,219,261,261,261,297,322,337,337,337],"floor_reached":30,"language":"ENG","playtime":1460,"items_purged":[],"score":546,"play_id":"664941d6-da35-4de5-9b84-d78094fa9427","local_time":"20210116221241","is_ascension_mode":true,"campfire_choices":[{"data":"theSenshi:MoonTiaraMagic","floor":12.0,"key":"SMITH"},{"floor":15.0,"key":"REST"},{"data":"theSenshi:SailorNeptuneAssists","floor":23.0,"key":"SMITH"},{"data":"theSenshi:SailorStarMakerAssists","floor":25.0,"key":"SMITH"}],"circlet_count":0,"master_deck":["AscendersBane","theSenshi:SailorKick","theSenshi:SailorKick","theSenshi:SailorKick","theSenshi:SailorKick","theSenshi:SailorBlock","theSenshi:SailorBlock","theSenshi:SailorBlock","theSenshi:SailorBlock","theSenshi:RoseThrow","theSenshi:MoonPrismPowerMakeUp","theSenshi:MoonKick","theSenshi:PlutosSolemnity","theSenshi:MoonPrincessHalation","theSenshi:MoonTiaraMagic+1","theSenshi:SailorNeptuneAssists+1","theSenshi:MercurysCunning","theSenshi:SailorStarHealerAssists","theSenshi:SailorVenusAssists","theSenshi:SailorStarMakerAssists+1","Writhe","theSenshi:SailorCosmosAssists"],"relics":["theSenshi:TransformationBroochRelic","Boot","Golden Idol","Bottled Tornado","CultistMask","CeramicFish","Orichalcum","Juzu Bracelet","Coffee Dripper","MutagenicStrength","Nilry\u0027s Codex","Strawberry","Potion Belt","MealTicket","Bird Faced Urn"],"acts_visited":["Exordium","TheCity"],"potions_floor_usage":[30],"damage_taken":[{"damage":6.0,"enemies":"Jaw Worm","floor":1.0,"turns":4.0},{"damage":0.0,"enemies":"Small Slimes","floor":2.0,"turns":5.0},{"damage":18.0,"enemies":"3 Sentries","floor":6.0,"turns":10.0},{"damage":0.0,"enemies":"Cultist","floor":7.0,"turns":3.0},{"damage":0.0,"enemies":"Gremlin Nob","floor":8.0,"turns":2.0},{"damage":6.0,"enemies":"Gremlin Gang","floor":10.0,"turns":6.0},{"damage":5.0,"enemies":"Looter","floor":11.0,"turns":3.0},{"damage":0.0,"enemies":"Blue Slaver","floor":14.0,"turns":6.0},{"damage":23.0,"enemies":"Hexaghost","floor":16.0,"turns":9.0},{"damage":16.0,"enemies":"2 Thieves","floor":18.0,"turns":5.0},{"damage":3.0,"enemies":"Shell Parasite","floor":19.0,"turns":7.0},{"damage":12.0,"enemies":"HollowMod:Nosk","floor":24.0,"turns":8.0},{"damage":27.0,"enemies":"Book of Stabbing","floor":27.0,"turns":6.0},{"damage":49.0,"enemies":"3 Cultists","floor":28.0,"turns":8.0},{"damage":12.0,"enemies":"Cultist and Chosen","floor":29.0,"turns":5.0},{"damage":8,"enemies":"Slavers","floor":30,"turns":3}],"seed_played":"-5194551288523416958","potions_obtained":[{"floor":1.0,"key":"ColorlessPotion"},{"floor":6.0,"key":"SmokeBomb"},{"floor":10.0,"key":"FairyPotion"},{"floor":11.0,"key":"DuplicationPotion"},{"floor":19.0,"key":"Fire Potion"},{"floor":28.0,"key":"SkillPotion"},{"floor":29.0,"key":"Fire Potion"}],"is_trial":false,"path_per_floor":["M","M","?","T","?","E","M","E","T","M","M","R","$","M","R","B",null,"M","M","?","?","?","R","E","R","T","E","M","M","E"],"character_chosen":"THE_SENSHI","items_purchased":["theSenshi:SailorNeptuneAssists","Juzu Bracelet"],"campfire_rested":1,"item_purchase_floors":[13,13],"current_hp_per_floor":[62,62,36,36,36,18,18,18,18,12,7,7,7,7,29,6,58,47,49,49,28,35,35,38,38,38,21,13,3,2,2],"gold":337,"neow_bonus":"RANDOM_COMMON_RELIC","is_daily":false,"chose_seed":false,"campfire_upgraded":3,"win_rate":0.0,"timestamp":1610831561,"path_taken":["M","M","?","?","?","E","M","E","T","?","?","R","$","M","R","BOSS","M","M","?","?","?","R","E","R","T","E","M","M","E"],"items_purchased_type":["Card","Relic"],"build_version":"2020-12-22","purchased_purges":0,"victory":false,"max_hp_per_floor":[75,75,75,75,75,75,75,75,75,75,75,75,75,75,75,75,75,75,75,75,75,82,82,82,82,82,82,82,82,82,82],"card_choices":[{"not_picked":["theSenshi:SupersonicWaves","theSenshi:MoonPower"],"picked":"theSenshi:MoonKick","floor":1.0},{"not_picked":["theSenshi:MoonKick","theSenshi:MoonPunch","theSenshi:TuxedoMaskAssists"],"picked":"SKIP","floor":2.0},{"not_picked":["theSenshi:SilverCrystal","theSenshi:StarlightHoneymoonTherapyKiss"],"picked":"theSenshi:PlutosSolemnity","floor":6.0},{"not_picked":["theSenshi:SupersonicWaves","theSenshi:LateForSchool"],"picked":"theSenshi:MoonPrincessHalation","floor":7.0},{"not_picked":["theSenshi:MoonPrincessHalation","theSenshi:LunaWiseMentor","theSenshi:MoonKick"],"picked":"SKIP","floor":10.0},{"not_picked":["theSenshi:MoonPower","theSenshi:SailorVenusAssists"],"picked":"theSenshi:MoonTiaraMagic","floor":11.0},{"not_picked":["theSenshi:EncouragingSpeech","theSenshi:MoonKick"],"picked":"theSenshi:MercurysCunning","floor":14.0},{"not_picked":["theSenshi:FatedKiss","theSenshi:StudyParty"],"picked":"theSenshi:SailorStarHealerAssists","floor":16.0},{"not_picked":["theSenshi:SailorMarsAssists","theSenshi:Sidestep"],"picked":"theSenshi:SailorVenusAssists","floor":18.0},{"not_picked":["theSenshi:SchoolBag","theSenshi:MoonSpiralHeartAttack"],"picked":"theSenshi:SailorStarMakerAssists","floor":19.0},{"not_picked":["theSenshi:StarlightHoneymoonTherapyKiss","theSenshi:SailorNeptuneAssists"],"picked":"theSenshi:SailorCosmosAssists","floor":24.0},{"not_picked":["theSenshi:KlutzyLuck","theSenshi:MoonKick","theSenshi:MoonTwilightFlash"],"picked":"SKIP","floor":27.0},{"not_picked":["theSenshi:MoonPrincessHalation","theSenshi:MoonKick+1","theSenshi:EncouragingSpeech"],"picked":"SKIP","floor":28.0},{"not_picked":["theSenshi:MoonKick","theSenshi:Overload","theSenshi:SchoolBag+1"],"picked":"SKIP","floor":29.0}],"player_experience":1845589,"relics_obtained":[{"floor":4.0,"key":"Bottled Tornado"},{"floor":6.0,"key":"CeramicFish"},{"floor":9.0,"key":"Orichalcum"},{"floor":21.0,"key":"Nilry\u0027s Codex"},{"floor":24.0,"key":"Potion Belt"},{"floor":26.0,"key":"MealTicket"},{"floor":27.0,"key":"Bird Faced Urn"}],"event_choices":[{"damage_healed":0.0,"max_hp_gain":0.0,"max_hp_loss":0.0,"gold_gain":0.0,"event_name":"Golden Idol","player_choice":"Take Damage","floor":3.0,"gold_loss":0.0,"damage_taken":26.0,"relics_obtained":["Golden Idol"]},{"damage_healed":0.0,"max_hp_gain":0.0,"max_hp_loss":0.0,"gold_gain":0.0,"event_name":"FaceTrader","player_choice":"Trade","floor":5.0,"gold_loss":0.0,"damage_taken":0.0,"relics_obtained":["CultistMask"]},{"damage_healed":0.0,"max_hp_gain":0.0,"max_hp_loss":0.0,"gold_gain":0.0,"event_name":"Drug Dealer","player_choice":"Inject Mutagens","floor":20.0,"gold_loss":0.0,"damage_taken":0.0,"relics_obtained":["MutagenicStrength"]},{"damage_healed":0.0,"max_hp_gain":0.0,"max_hp_loss":0.0,"gold_gain":0.0,"event_name":"Cursed Tome","player_choice":"Obtained Book","floor":21.0,"gold_loss":0.0,"damage_taken":21.0},{"damage_healed":0.0,"max_hp_gain":0.0,"max_hp_loss":0.0,"gold_gain":0.0,"event_name":"The Mausoleum","player_choice":"Opened","floor":22.0,"gold_loss":0.0,"damage_taken":0.0,"relics_obtained":["Strawberry"],"cards_obtained":["Writhe"]}],"is_beta":false,"boss_relics":[{"not_picked":["Ectoplasm","Philosopher\u0027s Stone"],"picked":"Coffee Dripper"}],"items_purged_floors":[],"is_endless":false,"potions_floor_spawned":[1,6,10,11,19,28,29],"killed_by":"Slavers","ascension_level":19}}