{"host":"2pmmafybkq7zb6na","time":1610792138,"event":{"mods":["AchievementEnabler","BaseMod","Colored Map","Highlight Path","Minty Spire (QoL Compilation)","Quick Restart","StSLib","SuperFastMode"],"gold_per_floor":[114,39,52,65,77,77,106,118,143,143,143],"floor_reached":10,"language":"KOR","playtime":584,"items_purged":["Shame"],"score":70,"play_id":"3cbcb032-2719-46d7-a087-b1c9d72dc78c","local_time":"20210116191538","is_ascension_mode":false,"campfire_choices":[{"data":"Aggregate","floor":6,"key":"SMITH"}],"circlet_count":0,"master_deck":["Strike_B","Strike_B","Strike_B","Strike_B","Defend_B","Defend_B","Defend_B","Defend_B","Zap","Dualcast","Recycle","Aggregate+1","Cold Snap","Conserve Battery","Scrape+1","Ball Lightning+1"],"relics":["Cracked Core","Ice Cream","Molten Egg 2","Art of War"],"acts_visited":["Exordium"],"potions_floor_usage":[7,8,10,10],"damage_taken":[{"damage":1,"enemies":"Cultist","floor":1,"turns":3},{"damage":0,"enemies":"Small Slimes","floor":3,"turns":4},{"damage":6,"enemies":"Jaw Worm","floor":4,"turns":4},{"damage":14,"enemies":"Exordium Thugs","floor":5,"turns":5},{"damage":51,"enemies":"Gremlin Nob","floor":7,"turns":6},{"damage":0,"enemies":"2 Fungi Beasts","floor":8,"turns":4},{"damage":3,"enemies":"Lagavulin","floor":10,"turns":3}],"seed_played":"-96287129864645859","potions_obtained":[{"floor":1,"key":"Block Potion"},{"floor":5,"key":"Dexterity Potion"},{"floor":7,"key":"SkillPotion"},{"floor":8,"key":"DuplicationPotion"}],"is_trial":false,"path_per_floor":["M","$","M","M","M","R","E","M","T","E"],"character_chosen":"DEFECT","items_purchased":[],"campfire_rested":0,"item_purchase_floors":[],"current_hp_per_floor":[74,74,74,68,54,54,3,3,3,0,0],"gold":143,"neow_bonus":"ONE_RARE_RELIC","is_daily":false,"chose_seed":false,"campfire_upgraded":1,"win_rate":0.0,"timestamp":1610792138,"path_taken":["M","$","M","M","M","R","E","M","T","E"],"items_purchased_type":[],"build_version":"2020-12-22","purchased_purges":1,"victory":false,"max_hp_per_floor":[75,75,75,75,75,75,75,75,75,75,75],"card_choices":[{"not_picked":["Redo","Steam"],"picked":"Recycle","floor":1},{"not_picked":["Ball Lightning","Fusion"],"picked":"Aggregate","floor":3},{"not_picked":["Stack","Reinforced Body"],"picked":"Cold Snap","floor":4},{"not_picked":["Glacier","Sweeping Beam"],"picked":"Conserve Battery","floor":5},{"not_picked":["Melter+1","Steam"],"picked":"Scrape+1","floor":7},{"not_picked":["Chaos","Turbo"],"picked":"Ball Lightning+1","floor":8}],"player_experience":56897,"relics_obtained":[{"floor":7,"key":"Molten Egg 2"},{"floor":9,"key":"Art of War"}],"event_choices":[],"is_beta":false,"boss_relics":[],"items_purged_floors":[2],"is_endless":false,"potions_floor_spawned":[1,5,7,8],"killed_by":"Lagavulin","ascension_level":0}}