{"host":"04hh9gplt9wkfmr1","time":1610818020,"event":{"mods":["AchievementEnabler","BaseMod","Colored Map","KOR Keyword Fix","Minty Spire (QoL Compilation)","Rare Cards Sparkle","SuperFastMode"],"gold_per_floor":[112,129,129,141,216,216,241,260,260,260,260,285,321,175,175,303,303,319,244,244,265,290,290,211,236,236,272,272,316,368,384,384,384,384],"floor_reached":33,"language":"KOR","playtime":830,"items_purged":[],"score":339,"play_id":"7126c45c-7f01-4646-b13e-98bacfa5c841","local_time":"20210117022700","is_ascension_mode":true,"campfire_choices":[{"data":"Static Discharge","floor":6.0,"key":"SMITH"},{"data":"Dualcast","floor":10.0,"key":"SMITH"},{"floor":15.0,"key":"REST"},{"floor":23.0,"key":"REST"},{"data":"Biased Cognition","floor":28,"key":"SMITH"},{"floor":32,"key":"REST"}],"circlet_count":0,"master_deck":["Strike_B","Strike_B","Strike_B","Defend_B","Defend_B","Defend_B","Defend_B","Zap","Dualcast+1","Leap","Cold Snap","Static Discharge+1","Stack","Thunder Strike","Biased Cognition+1","Thunder Strike","White Noise+1","Ball Lightning"],"relics":["Cracked Core","Pen Nib","White Beast Statue","Golden Idol","Incense Burner","Regal Pillow","Nuclear Battery","Tiny Chest","Bottled Lightning","Dream Catcher","Lantern"],"acts_visited":["Exordium","TheCity"],"potions_floor_usage":[29,33],"damage_taken":[{"damage":5.0,"enemies":"Small Slimes","floor":1.0,"turns":3.0},{"damage":1.0,"enemies":"Cultist","floor":2.0,"turns":4.0},{"damage":0.0,"enemies":"2 Louse","floor":4.0,"turns":2.0},{"damage":11.0,"enemies":"Lagavulin","floor":7.0,"turns":8.0},{"damage":17.0,"enemies":"Exordium Wildlife","floor":8.0,"turns":4.0},{"damage":8.0,"enemies":"3 Louse","floor":12.0,"turns":4.0},{"damage":21.0,"enemies":"3 Sentries","floor":13.0,"turns":4.0},{"damage":43.0,"enemies":"The Guardian","floor":16.0,"turns":8.0},{"damage":20.0,"enemies":"Chosen","floor":18.0,"turns":6.0},{"damage":13.0,"enemies":"2 Thieves","floor":21.0,"turns":4.0},{"damage":23.0,"enemies":"Sentry and Sphere","floor":22.0,"turns":6.0},{"damage":7.0,"enemies":"Centurion and Healer","floor":25.0,"turns":10.0},{"damage":13.0,"enemies":"Book of Stabbing","floor":27.0,"turns":3.0},{"damage":27,"enemies":"Gremlin Leader","floor":29,"turns":4},{"damage":13,"enemies":"3 Cultists","floor":31,"turns":3},{"damage":44,"enemies":"Champ","floor":33,"turns":6}],"seed_played":"-2166029509620876050","potions_obtained":[{"floor":2.0,"key":"FocusPotion"},{"floor":4.0,"key":"Weak Potion"},{"floor":7.0,"key":"EntropicBrew"},{"floor":12.0,"key":"PotionOfCapacity"},{"floor":13.0,"key":"GamblersBrew"},{"floor":16.0,"key":"Swift Potion"},{"floor":18.0,"key":"Fire Potion"},{"floor":21.0,"key":"Explosive Potion"},{"floor":22.0,"key":"DistilledChaos"},{"floor":25.0,"key":"LiquidMemories"},{"floor":27,"key":"CultistPotion"},{"floor":29,"key":"Strength Potion"},{"floor":31,"key":"Dexterity Potion"}],"is_trial":false,"path_per_floor":["M","M","?","M","?","R","E","M","T","R","?","M","E","$","R","B",null,"M","?","?","M","M","R","$","M","T","E","R","E","T","M","R","B"],"character_chosen":"DEFECT","items_purchased":["Regal Pillow","Thunder Strike"],"campfire_rested":3,"item_purchase_floors":[14,24],"current_hp_per_floor":[77,76,82,82,71,71,60,43,43,43,23,15,21,21,60,17,82,62,62,62,49,26,65,65,58,58,45,45,18,18,5,44,0,0],"gold":384,"neow_bonus":"TEN_PERCENT_HP_BONUS","is_daily":false,"chose_seed":false,"campfire_upgraded":3,"win_rate":0.0,"timestamp":1610818020,"path_taken":["M","M","?","?","?","R","E","M","T","R","?","M","E","$","R","BOSS","M","?","?","M","M","R","?","M","T","E","R","E","?","M","R","BOSS"],"items_purchased_type":["Relic","Card"],"build_version":"2020-12-22","purchased_purges":0,"victory":false,"max_hp_per_floor":[82,82,82,82,82,82,82,82,82,82,82,82,82,82,82,82,82,82,82,82,82,82,82,82,82,82,82,82,82,82,82,82,82,82],"card_choices":[{"not_picked":["Steam","Blizzard"],"picked":"Leap","floor":1.0},{"not_picked":["Stack","Steam Power"],"picked":"Cold Snap","floor":2.0},{"not_picked":["Rip and Tear","Compile Driver"],"picked":"Static Discharge","floor":4.0},{"not_picked":["Steam","Hello World","Undo"],"picked":"SKIP","floor":7.0},{"not_picked":["Compile Driver","Rebound"],"picked":"Stack","floor":8.0},{"not_picked":["Go for the Eyes","Hello World","Multi-Cast"],"picked":"SKIP","floor":12.0},{"not_picked":["Go for the Eyes","Hello World","Multi-Cast"],"picked":"SKIP","floor":12.0},{"not_picked":["Capacitor","Storm"],"picked":"Thunder Strike","floor":13.0},{"not_picked":["Buffer","Fission"],"picked":"Biased Cognition","floor":16.0},{"not_picked":["Barrage","Streamline+1","Recycle"],"picked":"SKIP","floor":18.0},{"not_picked":["Scrape","Conserve Battery","Go for the Eyes"],"picked":"SKIP","floor":21.0},{"not_picked":["Static Discharge","Leap","Auto Shields"],"picked":"SKIP","floor":22.0},{"not_picked":["Barrage","Redo"],"picked":"White Noise+1","floor":25.0},{"not_picked":["Undo","Meteor Strike"],"picked":"Ball Lightning","floor":27},{"not_picked":["Go for the Eyes","Barrage","Fusion"],"picked":"SKIP","floor":29},{"not_picked":["Conserve Battery","Rebound","Beam Cell"],"picked":"SKIP","floor":31}],"player_experience":42915,"relics_obtained":[{"floor":7.0,"key":"Pen Nib"},{"floor":9.0,"key":"White Beast Statue"},{"floor":13.0,"key":"Incense Burner"},{"floor":26.0,"key":"Tiny Chest"},{"floor":27,"key":"Bottled Lightning"},{"floor":29,"key":"Dream Catcher"},{"floor":30,"key":"Lantern"}],"event_choices":[{"damage_healed":6.0,"max_hp_gain":0.0,"max_hp_loss":0.0,"gold_gain":0.0,"event_name":"Wheel of Change","player_choice":"Full Heal","floor":3.0,"gold_loss":0.0,"damage_taken":0.0},{"damage_healed":0.0,"max_hp_gain":0.0,"max_hp_loss":0.0,"gold_gain":75.0,"event_name":"World of Goop","player_choice":"Gather Gold","floor":5.0,"gold_loss":0.0,"damage_taken":11.0},{"damage_healed":0.0,"max_hp_gain":0.0,"max_hp_loss":0.0,"gold_gain":0.0,"event_name":"Golden Idol","player_choice":"Take Damage","floor":11.0,"gold_loss":0.0,"damage_taken":20.0,"relics_obtained":["Golden Idol"]},{"cards_removed":["Strike_B"],"damage_healed":0.0,"max_hp_gain":0.0,"max_hp_loss":0.0,"gold_gain":0.0,"event_name":"Beggar","player_choice":"Gave Gold","floor":19.0,"gold_loss":75.0,"damage_taken":0.0},{"damage_healed":0.0,"max_hp_gain":0.0,"max_hp_loss":0.0,"gold_gain":0.0,"event_name":"Vampires","player_choice":"Ignored","floor":20.0,"gold_loss":0.0,"damage_taken":0.0}],"is_beta":false,"boss_relics":[{"not_picked":["SlaversCollar","Astrolabe"],"picked":"Nuclear Battery"}],"items_purged_floors":[],"is_endless":false,"potions_floor_spawned":[2,4,7,12,13,16,18,21,22,25,27,29,31],"killed_by":"Champ","ascension_level":3}}