{"host":"ifcf0cy5l3qbxi8r","time":1610760357,"event":{"mods":["BaseMod","Minty Spire (QoL Compilation)","StSLib","Waifu the Spire"],"gold_per_floor":[115,115,115,129,139,165,178,178,231,259,259,286,304,322,322,417,417,429,154,69,83,83,116,116,135,135,135,154,184,31,131,131,131,131],"floor_reached":33,"language":"ZHS","playtime":1117,"items_purged":["Strike_R"],"score":380,"play_id":"40353be7-54ae-4953-9668-57455022b002","local_time":"20210116092557","is_ascension_mode":true,"campfire_choices":[{"data":"Armaments","floor":8,"key":"SMITH"},{"floor":11,"key":"REST"},{"floor":15,"key":"REST"},{"data":"Uppercut","floor":24,"key":"SMITH"},{"floor":27,"key":"REST"},{"floor":32,"key":"RECALL"}],"circlet_count":0,"master_deck":["Strike_R","Strike_R","Strike_R","Strike_R","Defend_R","Defend_R","Defend_R","Defend_R","Bash","Twin Strike","Armaments+1","Spot Weakness","Heavy Blade","Shrug It Off","Thunderclap","Battle Trance","Double Tap","Flex+1","Uppercut+1","Burning Pact","Blood for Blood+1","Clash+1","Cleave","Immolate","True Grit+1"],"relics":["Burning Blood","NeowsBlessing","Mercury Hourglass","Orichalcum","Anchor","Pen Nib","Ginger","SlaversCollar","Ice Cream","Dream Catcher","Kunai","Bag of Marbles","Dead Branch","InkBottle"],"acts_visited":["Exordium","TheCity"],"potions_floor_usage":[16,18,23,25,28,28],"damage_taken":[{"damage":0,"enemies":"Small Slimes","floor":1,"turns":1},{"damage":0,"enemies":"2 Louse","floor":4,"turns":1},{"damage":0,"enemies":"Jaw Worm","floor":5,"turns":1},{"damage":52,"enemies":"Lagavulin","floor":6,"turns":8},{"damage":6,"enemies":"Blue Slaver","floor":7,"turns":3},{"damage":19,"enemies":"3 Sentries","floor":10,"turns":5},{"damage":38,"enemies":"Lagavulin","floor":12,"turns":7},{"damage":3,"enemies":"Large Slime","floor":13,"turns":4},{"damage":0,"enemies":"2 Fungi Beasts","floor":14,"turns":2},{"damage":31,"enemies":"The Guardian","floor":16,"turns":11},{"damage":16,"enemies":"2 Thieves","floor":18,"turns":5},{"damage":11,"enemies":"Shell Parasite","floor":21,"turns":5},{"damage":36,"enemies":"Slavers","floor":23,"turns":4},{"damage":19,"enemies":"Chosen and Byrds","floor":25,"turns":5},{"damage":0,"enemies":"Snecko","floor":28,"turns":2},{"damage":0,"enemies":"Gremlin Leader","floor":29,"turns":5},{"damage":17,"enemies":"Colosseum Slavers","floor":31,"turns":4},{"damage":0,"enemies":"Colosseum Nobs","floor":31,"turns":2},{"damage":64,"enemies":"Automaton","floor":33,"turns":6}],"seed_played":"-4950972019329450138","potions_obtained":[{"floor":5,"key":"Ancient Potion"},{"floor":6,"key":"Ancient Potion"},{"floor":12,"key":"Block Potion"},{"floor":14,"key":"SpeedPotion"},{"floor":16,"key":"Block Potion"},{"floor":21,"key":"SteroidPotion"},{"floor":23,"key":"Swift Potion"},{"floor":25,"key":"SkillPotion"},{"floor":28,"key":"Fruit Juice"}],"is_trial":false,"path_per_floor":["M","?","?","M","M","E","M","R","T","E","R","E","M","M","R","B",null,"M","$","?","M","?","E","R","M","T","R","M","E","$","?","R","B"],"character_chosen":"IRONCLAD","items_purchased":["Uppercut","Strength Potion","Burning Pact","Bag of Marbles"],"campfire_rested":3,"item_purchase_floors":[19,19,19,30],"current_hp_per_floor":[80,80,77,80,80,34,34,34,34,21,45,13,16,22,46,21,80,70,70,70,65,56,26,26,13,13,37,48,54,54,49,49,0,0],"gold":131,"neow_bonus":"THREE_ENEMY_KILL","is_daily":false,"chose_seed":false,"campfire_upgraded":2,"win_rate":0.0,"timestamp":1610760357,"path_taken":["M","?","?","?","M","E","M","R","T","E","R","E","M","M","R","BOSS","M","$","?","M","?","E","R","M","T","R","M","E","$","?","R","BOSS"],"items_purchased_type":["Card","Potion","Card","Relic"],"build_version":"2020-12-22","purchased_purges":1,"victory":false,"max_hp_per_floor":[80,80,80,80,80,80,80,80,80,80,80,80,80,80,80,80,80,80,80,80,80,80,80,80,80,80,80,85,85,85,85,85,85,85],"card_choices":[{"not_picked":["Perfected Strike","Havoc","Sentinel"],"picked":"SKIP","floor":1},{"not_picked":["Iron Wave","Clash"],"picked":"Twin Strike","floor":4},{"not_picked":["Twin Strike","Perfected Strike"],"picked":"Armaments","floor":5},{"not_picked":["Warcry","Thunderclap"],"picked":"Spot Weakness","floor":6},{"not_picked":["Combust","Body Slam"],"picked":"Heavy Blade","floor":7},{"not_picked":["Offering","Whirlwind","Hemokinesis"],"picked":"SKIP","floor":10},{"not_picked":["Havoc","Clothesline"],"picked":"Shrug It Off","floor":12},{"not_picked":["Body Slam","Wild Strike"],"picked":"Thunderclap","floor":13},{"not_picked":["Sword Boomerang","Brutality"],"picked":"Battle Trance","floor":14},{"not_picked":["Brutality","Berserk"],"picked":"Double Tap","floor":16},{"not_picked":["Shockwave","Havoc"],"picked":"Flex+1","floor":18},{"not_picked":["Armaments","Rage","Havoc"],"picked":"SKIP","floor":21},{"not_picked":["Armaments","True Grit"],"picked":"Blood for Blood+1","floor":23},{"not_picked":["Fire Breathing+1","Dark Embrace"],"picked":"Clash+1","floor":25},{"not_picked":["Rupture+1","Wild Strike"],"picked":"Cleave","floor":27},{"not_picked":["Heavy Blade+1","Carnage","Perfected Strike"],"picked":"SKIP","floor":28},{"not_picked":["Heavy Blade","Pommel Strike"],"picked":"Immolate","floor":29},{"not_picked":["Warcry","Blood for Blood"],"picked":"True Grit+1","floor":31}],"player_experience":82311,"relics_obtained":[{"floor":6,"key":"Orichalcum"},{"floor":9,"key":"Anchor"},{"floor":10,"key":"Pen Nib"},{"floor":12,"key":"Ginger"},{"floor":23,"key":"Dream Catcher"},{"floor":29,"key":"Kunai"},{"floor":31,"key":"Dead Branch"},{"floor":31,"key":"InkBottle"}],"event_choices":[{"damage_healed":0,"gold_gain":0,"player_choice":"Ignored","damage_taken":0,"max_hp_gain":0,"max_hp_loss":0,"event_name":"Liars Game","floor":2,"gold_loss":0},{"damage_healed":0,"gold_gain":0,"player_choice":"Success","damage_taken":3,"relics_obtained":["Mercury Hourglass"],"max_hp_gain":0,"max_hp_loss":0,"event_name":"Scrap Ooze","floor":3,"gold_loss":0},{"damage_healed":0,"gold_gain":0,"player_choice":"Obtained Relic","damage_taken":0,"relics_obtained":["Ice Cream"],"max_hp_gain":0,"max_hp_loss":0,"event_name":"Addict","floor":20,"gold_loss":85},{"damage_healed":0,"gold_gain":0,"player_choice":"Stopped","damage_taken":9,"max_hp_gain":0,"max_hp_loss":0,"event_name":"Cursed Tome","floor":22,"gold_loss":0},{"damage_healed":0,"gold_gain":0,"player_choice":"Fight","damage_taken":0,"max_hp_gain":0,"max_hp_loss":0,"event_name":"Colosseum","floor":31,"gold_loss":0},{"damage_healed":0,"gold_gain":0,"player_choice":"Fought Nobs","damage_taken":0,"max_hp_gain":0,"max_hp_loss":0,"event_name":"Colosseum","floor":31,"gold_loss":0}],"is_beta":false,"boss_relics":[{"not_picked":["Mark of Pain","Ectoplasm"],"picked":"SlaversCollar"}],"items_purged_floors":[19],"is_endless":false,"potions_floor_spawned":[5,6,12,14,16,21,23,25,28],"killed_by":"Automaton","ascension_level":3}}