{"host":"g01l53quoe6lrer0","time":1610813182,"event":{"mods":["2.2 Compatiblity","AchievementEnabler","BaseMod","Colored Map","Highlight Path","Keyboard Shortcuts","Minty Spire (QoL Compilation)","Permanent Neow","StSLib","SuperFastMode","everything is the same but u backflip on backflip"],"gold_per_floor":[134,186,186,54,105,105,139,104,127,186,220,220,253,287,287,383,383,413,426,446,250,250,250],"floor_reached":22,"language":"KOR","playtime":577,"items_purged":["Strike_B","Strike_B"],"score":372,"play_id":"70b301c8-67a1-42ad-ac60-e9d7cb653402","local_time":"20210117010622","is_ascension_mode":true,"campfire_choices":[{"floor":6.0,"key":"REST"},{"floor":12,"key":"REST"},{"data":"Creative AI","floor":15,"key":"SMITH"}],"circlet_count":0,"master_deck":["AscendersBane","Strike_B","Strike_B","Defend_B","Defend_B+1","Defend_B+1","Defend_B","Zap","Dualcast","HandOfGreed","Undo","Auto Shields","Ball Lightning","Beam Cell","Compile Driver","Sweeping Beam","Creative AI+1","Biased Cognition","Leap","Recycle","Coolheaded","Deep Breath"],"relics":["Cracked Core","Strawberry","Bronze Scales","Singing Bowl","Sozu"],"acts_visited":["Exordium","TheCity"],"potions_floor_usage":[13,16],"damage_taken":[{"damage":4.0,"enemies":"Jaw Worm","floor":1.0,"turns":3.0},{"damage":5.0,"enemies":"Small Slimes","floor":2.0,"turns":5.0},{"damage":0.0,"enemies":"2 Louse","floor":5.0,"turns":5.0},{"damage":0,"enemies":"Blue Slaver","floor":7,"turns":4},{"damage":36,"enemies":"Gremlin Nob","floor":11,"turns":4},{"damage":13,"enemies":"Lagavulin","floor":13,"turns":7},{"damage":5,"enemies":"Exordium Wildlife","floor":14,"turns":4},{"damage":26,"enemies":"Slime Boss","floor":16,"turns":11},{"damage":22,"enemies":"2 Thieves","floor":18,"turns":3},{"damage":12,"enemies":"Chosen","floor":19,"turns":5},{"damage":9,"enemies":"Snecko","floor":20,"turns":4},{"damage":0,"enemies":"Cultist and Chosen","floor":22,"turns":1}],"seed_played":"2475728429466110590","potions_obtained":[{"floor":5.0,"key":"SpeedPotion"},{"floor":16,"key":"FocusPotion"}],"is_trial":false,"path_per_floor":["M","M","?","$","M","R","M","?","T","?","E","R","E","M","R","B",null,"M","M","M","$","M"],"character_chosen":"DEFECT","items_purchased":["Dexterity Potion","Deep Breath"],"campfire_rested":2,"item_purchase_floors":[4,21],"current_hp_per_floor":[42,37,16,16,16,37,37,54,61,61,25,48,35,30,30,4,60,38,26,17,17,17,17],"gold":250,"neow_bonus":"RANDOM_COLORLESS_2","is_daily":false,"chose_seed":false,"campfire_upgraded":1,"win_rate":0.0,"timestamp":1610813182,"path_taken":["M","M","?","$","M","R","M","?","T","?","E","R","E","M","R","BOSS","M","M","M","$","M"],"items_purchased_type":["Potion","Card"],"build_version":"2020-12-22","purchased_purges":2,"victory":false,"max_hp_per_floor":[71,71,71,71,71,71,71,71,78,78,78,78,78,78,78,78,78,78,78,78,78,78,78],"card_choices":[{"not_picked":["Master of Strategy","Violence"],"picked":"HandOfGreed","floor":0.0},{"not_picked":["Hello World","Hologram"],"picked":"Undo","floor":1.0},{"not_picked":["Redo","Barrage"],"picked":"Auto Shields","floor":2.0},{"not_picked":["Fusion","Steam"],"picked":"Ball Lightning","floor":5.0},{"not_picked":["Conserve Battery","Auto Shields"],"picked":"Beam Cell","floor":7},{"not_picked":["Reprogram","Tempest"],"picked":"Compile Driver","floor":11},{"not_picked":["Scrape","Rebound"],"picked":"Sweeping Beam","floor":13},{"not_picked":["Conserve Battery","Streamline"],"picked":"Creative AI","floor":14},{"not_picked":["Machine Learning","Reboot"],"picked":"Biased Cognition","floor":16},{"not_picked":["Hologram","FTL"],"picked":"Leap","floor":18},{"not_picked":["Compile Driver","Sweeping Beam"],"picked":"Recycle","floor":19},{"not_picked":["Go for the Eyes","Sweeping Beam"],"picked":"Coolheaded","floor":20}],"player_experience":208214,"relics_obtained":[{"floor":9,"key":"Strawberry"},{"floor":11,"key":"Bronze Scales"},{"floor":13,"key":"Singing Bowl"}],"event_choices":[{"damage_healed":0.0,"max_hp_gain":0.0,"max_hp_loss":0.0,"gold_gain":0.0,"event_name":"Shining Light","player_choice":"Entered Light","floor":3.0,"gold_loss":0.0,"damage_taken":21.0,"cards_upgraded":["Defend_B","Defend_B"]},{"damage_healed":17,"gold_gain":0,"player_choice":"Healed","damage_taken":0,"max_hp_gain":0,"max_hp_loss":0,"event_name":"The Cleric","floor":8,"gold_loss":35},{"damage_healed":0,"gold_gain":59,"player_choice":"Gained Gold","damage_taken":0,"max_hp_gain":0,"max_hp_loss":0,"event_name":"Golden Wing","floor":10,"gold_loss":0}],"is_beta":false,"boss_relics":[{"not_picked":["Coffee Dripper","Fusion Hammer"],"picked":"Sozu"}],"items_purged_floors":[4,21],"is_endless":false,"potions_floor_spawned":[5,7,16,18,20],"killed_by":"Cultist and Chosen","ascension_level":18}}