{"host":"h4qgcirtxz6qax9j","time":1610816058,"event":{"mods":["AchievementEnabler","Astrologer","BaseMod","Colored Powertips","Minty Spire (QoL Compilation)","StSLib","SuperFastMode"],"gold_per_floor":[118,128,140,140,140,151,2,37,60,60,60,60,76,96,96,96,96],"floor_reached":16,"language":"KOR","playtime":459,"items_purged":[],"score":104,"play_id":"f3241162-7437-4036-b3d5-6689cb462357","local_time":"20210117015418","is_ascension_mode":false,"campfire_choices":[{"floor":10,"key":"REST"},{"floor":12,"key":"REST"},{"floor":15,"key":"REST"}],"circlet_count":0,"master_deck":["astrologer:Strike","astrologer:Strike","astrologer:Strike","astrologer:Strike","astrologer:Defend","astrologer:Defend","astrologer:Defend","astrologer:Defend","astrologer:NorthStar","astrologer:TheFool","astrologer:Moonlight","astrologer:StarOfMisfortune","astrologer:TheEmpress","astrologer:Eclipse","astrologer:MeteorShower","astrologer:Prismatic","astrologer:Fate"],"relics":["astrologer:SkyMirror","Lantern","Pear","HandDrill","PreservedInsect","Anchor"],"acts_visited":["Exordium"],"potions_floor_usage":[16,16],"damage_taken":[{"damage":12,"enemies":"Cultist","floor":1,"turns":6},{"damage":0,"enemies":"2 Louse","floor":2,"turns":3},{"damage":0,"enemies":"Jaw Worm","floor":3,"turns":4},{"damage":6,"enemies":"3 Louse","floor":6,"turns":3},{"damage":27,"enemies":"Gremlin Nob","floor":8,"turns":5},{"damage":19,"enemies":"Blue Slaver","floor":11,"turns":4},{"damage":15,"enemies":"Large Slime","floor":13,"turns":4},{"damage":12,"enemies":"Gremlin Gang","floor":14,"turns":4},{"damage":83,"enemies":"Slime Boss","floor":16,"turns":10}],"seed_played":"-2911227322462398745","potions_obtained":[{"floor":2,"key":"Energy Potion"},{"floor":6,"key":"Regen Potion"}],"is_trial":false,"path_per_floor":["M","M","M","T","?","M","$","E","T","R","M","R","M","M","R","B"],"character_chosen":"ASTROLOGER","items_purchased":["HandDrill"],"campfire_rested":3,"item_purchase_floors":[7],"current_hp_per_floor":[58,58,58,68,68,62,62,35,35,59,40,64,49,37,61,0,0],"gold":96,"neow_bonus":"RANDOM_COMMON_RELIC","is_daily":false,"chose_seed":false,"campfire_upgraded":0,"win_rate":0.0,"timestamp":1610816058,"path_taken":["M","M","M","?","?","M","$","E","T","R","M","R","?","M","R","BOSS"],"items_purchased_type":["Relic"],"build_version":"2020-12-22","purchased_purges":0,"victory":false,"max_hp_per_floor":[70,70,70,80,80,80,80,80,80,80,80,80,80,80,80,80,80],"card_choices":[{"not_picked":["astrologer:ReadTheStars","astrologer:Still"],"picked":"astrologer:Moonlight","floor":1},{"not_picked":["astrologer:Glimpse","astrologer:Prismatic"],"picked":"astrologer:StarOfMisfortune","floor":2},{"not_picked":["astrologer:FrozenStar","astrologer:Confirmation"],"picked":"astrologer:TheEmpress","floor":3},{"not_picked":["astrologer:Conjunction","astrologer:SolarFlare"],"picked":"astrologer:Eclipse","floor":6},{"not_picked":["astrologer:Premeditation","astrologer:StarOfChange"],"picked":"astrologer:MeteorShower","floor":8},{"not_picked":["astrologer:Confirmation","astrologer:TheHermit","astrologer:MeteorShower"],"picked":"SKIP","floor":11},{"not_picked":["astrologer:Opposition","astrologer:ShiningStar"],"picked":"astrologer:Prismatic","floor":13},{"not_picked":["astrologer:SpaceDust","astrologer:Conjunction"],"picked":"astrologer:Fate","floor":14}],"player_experience":52317,"relics_obtained":[{"floor":4,"key":"Pear"},{"floor":8,"key":"PreservedInsect"},{"floor":9,"key":"Anchor"}],"event_choices":[{"damage_healed":0,"gold_gain":0,"player_choice":"Ignored","damage_taken":0,"max_hp_gain":0,"max_hp_loss":0,"event_name":"Liars Game","floor":5,"gold_loss":0}],"is_beta":false,"boss_relics":[],"items_purged_floors":[],"is_endless":false,"potions_floor_spawned":[2,6,14],"killed_by":"Slime Boss","ascension_level":0}}