{"host":"ok3pmhc1fiz31noj","time":1610801942,"event":{"mods":["AchievementEnabler","BaseMod","Colored Map","Colored Powertips","Minty Spire (QoL Compilation)","Quick Restart","Relic Stats","Replay The Spire","StSLib"],"gold_per_floor":[114,114,39,39,89,89,89,101,124,124,141,16,32,42,42,42,42],"floor_reached":16,"language":"ZHS","playtime":375,"items_purged":["Defend_B","Looming Evil","Defend_B"],"score":90,"play_id":"9fa419b2-aefe-40f6-ac11-0cf2737c613d","local_time":"20210116205902","is_ascension_mode":false,"campfire_choices":[{"data":"Dualcast","floor":6,"key":"SMITH"},{"data":"Zap","floor":10,"key":"SMITH"},{"data":"BasicCrystalCard","floor":15,"key":"SMITH"}],"circlet_count":0,"master_deck":["Strike_B","Strike_B","Defend_B","Defend_B","Zap+1","Dualcast+1","Sweeping Beam","Redo","Conserve Battery","BasicCrystalCard+1","Conserve Battery"],"relics":["Cracked Core","NeowsBlessing","ReplayTheSpireMod:CursedCoin","NlothsMask"],"acts_visited":["Exordium"],"potions_floor_usage":[16,16],"damage_taken":[{"damage":0,"enemies":"2 Louse","floor":1,"turns":1},{"damage":0,"enemies":"Small Slimes","floor":8,"turns":1},{"damage":0,"enemies":"Cultist","floor":11,"turns":1},{"damage":1,"enemies":"Red Slaver","floor":13,"turns":2},{"damage":17,"enemies":"Large Slime","floor":14,"turns":5},{"damage":50,"enemies":"Hexaghost","floor":16,"turns":10}],"seed_played":"4463228489884129240","potions_obtained":[{"floor":8,"key":"AttackPotion"},{"floor":13,"key":"FearPotion"}],"is_trial":false,"path_per_floor":["M","?","$","?","$","R","?","M","T","R","M","$","M","M","R","B"],"character_chosen":"DEFECT","items_purchased":["ReplayTheSpireMod:CursedCoin"],"campfire_rested":0,"item_purchase_floors":[5],"current_hp_per_floor":[75,68,68,68,68,68,68,68,68,68,68,68,67,50,50,0,0],"gold":42,"neow_bonus":"THREE_ENEMY_KILL","is_daily":false,"chose_seed":false,"campfire_upgraded":3,"win_rate":0.0,"timestamp":1610801942,"path_taken":["M","?","$","?","$","R","?","M","T","R","?","?","M","?","R","BOSS"],"items_purchased_type":["Relic"],"build_version":"2020-12-22","purchased_purges":3,"victory":false,"max_hp_per_floor":[75,75,75,75,75,75,75,75,75,75,75,75,75,75,75,75,75],"relic_stats":{"counters":[6,20],"obtain_stats":[{"NeowsBlessing":0,"ReplayTheSpireMod:CursedCoin":5,"Cracked Core":0,"NlothsMask":7},{"NeowsBlessing":0,"ReplayTheSpireMod:CursedCoin":1,"Cracked Core":0,"NlothsMask":1},{"NeowsBlessing":0,"ReplayTheSpireMod:CursedCoin":1,"Cracked Core":0,"NlothsMask":1}]},"card_choices":[{"not_picked":["Stack","Steam"],"picked":"Sweeping Beam","floor":1},{"not_picked":["Gash","Buffer"],"picked":"Redo","floor":8},{"not_picked":["Compile Driver","Loop"],"picked":"Conserve Battery","floor":11},{"not_picked":["Sweeping Beam","Gash"],"picked":"BasicCrystalCard","floor":13},{"not_picked":["Rebound","Beam Cell"],"picked":"Conserve Battery","floor":14}],"player_experience":146281,"relics_obtained":[],"event_choices":[{"cards_removed":["Strike_B"],"damage_healed":0,"gold_gain":0,"player_choice":"Card Removal","damage_taken":7,"max_hp_gain":0,"max_hp_loss":0,"event_name":"Golden Wing","floor":2,"gold_loss":0},{"damage_healed":0,"gold_gain":0,"player_choice":"Trade","damage_taken":0,"relics_obtained":["NlothsMask"],"max_hp_gain":0,"max_hp_loss":0,"event_name":"FaceTrader","floor":7,"gold_loss":0}],"is_beta":false,"boss_relics":[],"items_purged_floors":[3,5,12],"is_endless":false,"potions_floor_spawned":[8,13],"killed_by":"Hexaghost","ascension_level":0}}