{"host":"0t7ytk9pge2ncgeb","time":1610836605,"event":{"mods":["2.2 Compatiblity","Act Like it!","Aspiration","BaseMod","BetterRewards","Conspire","Downfall","Googly Eyes","Hubris","Infinite Spire","Minty Spire (QoL Compilation)","Relic Stats","Shop Mod","Spicy Shops","StSLib","slay the spire mod where everything is the same but ironclad has a cowboy hat"],"gold_per_floor":[199,218,230,250,260,285,312,312,127,150,150,181,181,192,207,308,308,308,319,319,335,352,352,352,352,368,383,383,383,383],"floor_reached":28,"language":"ENG","playtime":6317,"items_purged":[],"score":232,"play_id":"10a81569-9176-4f22-b5b0-7bffa4cfdc12","local_time":"20210116173645","is_ascension_mode":false,"campfire_choices":[{"data":"champ:Taunt","floor":1,"key":"SMITH"},{"data":"champ:SetATrap","floor":8,"key":"SMITH"},{"floor":11,"key":"REST"},{"data":"champ:ShieldWall","floor":13,"key":"SMITH"},{"data":"champ:StrikeOfGenius","floor":18,"key":"SMITH"},{"data":"champ:Backstep","floor":23,"key":"SMITH"}],"circlet_count":0,"master_deck":["champ:Strike","champ:Strike","champ:Strike","champ:Strike","champ:Defend","champ:Defend","champ:Defend","champ:Defend","champ:Execute","champ:Taunt+1","champ:Backstep","champ:EnGarde","champ:SetATrap+1","champ:BringItOn","champ:PreciseThrust","champ:AdrenalArmor","expansioncontent:AwakenDeath","champ:ShieldWall+1","champ:CalledShot","champ:Backstep+1","champ:TornadoPunch","champ:StrikeOfGenius+1","champ:EnragedBash","champ:IronFortress","champ:StanceDance"],"relics":["champ:ChampionCrown","Blood Vial","Bag of Marbles","Odd Mushroom","infinitespire:Eraser","Black Star","hubris:Towel","Mummified Hand"],"acts_visited":["Exordium","TheCity"],"potions_floor_usage":[16,16,26,28,28],"damage_taken":[{"damage":12,"enemies":"Small Slimes","floor":2,"turns":4},{"damage":10,"enemies":"Jaw Worm","floor":3,"turns":4},{"damage":22,"enemies":"Cultist","floor":4,"turns":5},{"damage":26,"enemies":"Blue Slaver","floor":5,"turns":6},{"damage":30,"enemies":"Lagavulin","floor":6,"turns":9},{"damage":10,"enemies":"downfall:FleeingMerchant","floor":9,"turns":4},{"damage":22,"enemies":"The Mushroom Lair","floor":10,"turns":4},{"damage":6,"enemies":"3 Sentries","floor":12,"turns":10},{"damage":15,"enemies":"2 Fungi Beasts","floor":14,"turns":4},{"damage":10,"enemies":"Large Slime","floor":15,"turns":7},{"damage":40,"enemies":"DF_ARCHETYPE_STREAMLINE","floor":16,"turns":9},{"damage":24,"enemies":"Spheric Guardian","floor":19,"turns":5},{"damage":21,"enemies":"Centurion and Healer","floor":21,"turns":7},{"damage":20,"enemies":"Cultist and Chosen","floor":22,"turns":6},{"damage":47,"enemies":"Sentry and Sphere","floor":26,"turns":6},{"damage":22,"enemies":"conspire:HollyBat","floor":27,"turns":10},{"damage":29,"enemies":"Centurion and Healer","floor":28,"turns":5}],"seed_played":"-5081788975307163000","potions_obtained":[{"floor":4,"key":"hexamod:SoulburnPotion"},{"floor":5,"key":"ColorlessPotion"},{"floor":10,"key":"SneckoOil"},{"floor":12,"key":"DuplicationPotion"},{"floor":22,"key":"conspire:TimeTravelPotion"},{"floor":26,"key":"Explosive Potion"}],"is_trial":false,"path_per_floor":["R","M","M","M","M","E","T","R","$","?","R","E","R","M","M","B",null,"R","M","?","M","M","R","T","?","M","M","M"],"character_chosen":"THE_CHAMP","items_purchased":["expansioncontent:AwakenDeath","champ:ShieldWall"],"campfire_rested":1,"item_purchase_floors":[9,9],"current_hp_per_floor":[90,88,88,86,75,65,65,65,67,47,74,70,70,57,59,21,90,90,86,86,77,64,64,64,64,47,27,0,0,0],"gold":383,"neow_bonus":"HUNDRED_GOLD","is_daily":false,"chose_seed":false,"campfire_upgraded":5,"win_rate":0.0,"timestamp":1610836605,"path_taken":["R","M","M","M","M","E","T","R","$","?","R","E","R","M","M","BOSS","R","M","?","M","M","R","T","?","M","M","?"],"items_purchased_type":["Card","Card"],"build_version":"2020-12-22","purchased_purges":0,"victory":false,"max_hp_per_floor":[90,90,90,90,90,90,90,90,90,90,90,90,90,90,90,90,90,90,90,90,90,90,90,90,90,90,90,90,90,90],"relic_stats":{"Blood Vial":22,"counters":[17,105],"Mummified Hand":[10],"Black Star":0,"obtain_stats":[{"Blood Vial":6,"Mummified Hand":24,"champ:ChampionCrown":0,"Bag of Marbles":7,"Black Star":17,"Odd Mushroom":10,"infinitespire:Eraser":12,"hubris:Towel":20},{"Blood Vial":5,"Mummified Hand":14,"champ:ChampionCrown":0,"Bag of Marbles":5,"Black Star":11,"Odd Mushroom":7,"infinitespire:Eraser":8,"hubris:Towel":12},{"Blood Vial":28,"Mummified Hand":84,"champ:ChampionCrown":0,"Bag of Marbles":28,"Black Star":66,"Odd Mushroom":36,"infinitespire:Eraser":46,"hubris:Towel":71}]},"card_choices":[{"not_picked":["champ:GutPunch","champ:TornadoPunch"],"picked":"champ:Backstep","floor":2},{"not_picked":["champ:EndlessRage","champ:Haymaker"],"picked":"champ:EnGarde","floor":3},{"not_picked":["champ:DefensiveShout","champ:Circumvent"],"picked":"champ:SetATrap","floor":4},{"not_picked":["champ:CrookedStrike","champ:Endure"],"picked":"champ:BringItOn","floor":5},{"not_picked":["champ:IgnorePain","champ:Backstep"],"picked":"champ:PreciseThrust","floor":6},{"not_picked":["champ:HeartStrike","champ:RapidStrikes"],"picked":"champ:AdrenalArmor","floor":9},{"not_picked":["champ:BerserkersShout","champ:DeathBlow"],"picked":"champ:CalledShot","floor":12},{"not_picked":["champ:PreemptiveStrike","champ:Shatter"],"picked":"champ:Backstep","floor":14},{"not_picked":["champ:Circumvent","champ:EnGarde"],"picked":"champ:TornadoPunch","floor":15},{"not_picked":["champ:SteelEdge","champ:IgnorePain"],"picked":"champ:StrikeOfGenius","floor":16},{"not_picked":["champ:TornadoPunch+1","champ:AdrenalArmor","champ:FancyFootwork+1"],"picked":"SKIP","floor":19},{"not_picked":["champ:RapidStrikes","champ:Haymaker+1"],"picked":"champ:EnragedBash","floor":21},{"not_picked":["champ:RapidStrikes","champ:CrownThrow+1"],"picked":"champ:IronFortress","floor":22},{"not_picked":["champ:RisingSlash","champ:Backstep","champ:EndlessRage+1"],"picked":"SKIP","floor":26},{"not_picked":["champ:ShieldWall","champ:RecklessLeap"],"picked":"champ:StanceDance","floor":27}],"player_experience":310658,"relics_obtained":[{"floor":6,"key":"Blood Vial"},{"floor":7,"key":"Bag of Marbles"},{"floor":10,"key":"Odd Mushroom"},{"floor":12,"key":"infinitespire:Eraser"},{"floor":24,"key":"Mummified Hand"}],"event_choices":[{"damage_healed":0,"gold_gain":0,"player_choice":"Fought Mushrooms","damage_taken":0,"max_hp_gain":0,"max_hp_loss":0,"event_name":"Mushrooms","floor":10,"gold_loss":0}],"is_beta":false,"boss_relics":[{"not_picked":["champ:ChampionCrownUpgraded","hubris:TerracottaHorce"],"picked":"Black Star"}],"items_purged_floors":[],"is_endless":false,"potions_floor_spawned":[4,5,10,12,14,22,26],"killed_by":"Centurion and Healer","ascension_level":0}}