{"host":"22s5scuj7mu87reg","time":1610800361,"event":{"mods":["BaseMod","Better Third Choice","Colored Powertips","Dota2Spire","Downfall","Duelist Mod","GungeonMod","Halation","Hubris","Infinite Spire","Koishi","KomeijiMod","Minty Spire (QoL Compilation)","Quick Restart","Replay The Spire","StSLib","SuperFastMode","The Jungle","The Mystic","The Necromancer","Wandering Minibosses"],"gold_per_floor":[116,126,126,207,175,203,128,128,128,161,61,83,83,3,3,122,122,140,168,267,269,144,152,152],"floor_reached":23,"language":"POL","playtime":1069,"items_purged":["Strike_B","Strike_B","Strike_B"],"score":264,"play_id":"7aff6c30-e988-4e44-95c6-9228d6977eb4","local_time":"20210116133241","is_ascension_mode":true,"campfire_choices":[{"data":"Time Bomb","floor":8,"key":"SMITH"},{"floor":13,"key":"REST"}],"circlet_count":0,"master_deck":["Strike_B","Defend_B","Defend_B","Defend_B","Defend_B","Zap","Dualcast","FIFO Queue","Time Bomb+1","Reboot","Hologram","ReplayTheSpireMod:Calculation Training","hubris:SpecializedCircuitry","Hologram","Auto Shields"],"relics":["Cracked Core","NeowsBlessing","Darkstone Periapt","betterThird:SlimedRelic","infinitespire:Bottled Soul","Solar Panel","infinitespire:Midas Blood","ChewingGum"],"acts_visited":["Exordium","TheCity"],"potions_floor_usage":[16],"damage_taken":[{"damage":0,"enemies":"Cultist","floor":1,"turns":1},{"damage":0,"enemies":"Jaw Worm","floor":2,"turns":1},{"damage":0,"enemies":"Lagavulin","floor":6,"turns":1},{"damage":61,"enemies":"Replay:BlueRogue","floor":10,"turns":7},{"damage":4,"enemies":"Small Slimes","floor":12,"turns":5},{"damage":16,"enemies":"Hexaghost","floor":16,"turns":10},{"damage":22,"enemies":"Chosen","floor":18,"turns":5},{"damage":10,"enemies":"3 Byrds","floor":19,"turns":4},{"damage":41,"enemies":"Nightmare","floor":23,"turns":5}],"seed_played":"359349119619323989","potions_obtained":[{"floor":1,"key":"DistilledChaos"},{"floor":12,"key":"Energy Potion"},{"floor":16,"key":"ColorlessPotion"},{"floor":18,"key":"CalmPotion"}],"is_trial":false,"path_per_floor":["M","M","?","T","?","E","$","R","T","E","$","M","R","$","R","B",null,"M","M","?","?","$","NM"],"character_chosen":"DEFECT","items_purchased":["ReplayTheSpireMod:Calculation Training"],"campfire_rested":1,"item_purchase_floors":[14],"current_hp_per_floor":[75,75,75,75,64,64,64,64,64,7,7,7,29,29,29,15,75,53,49,49,35,35,0,0],"gold":152,"neow_bonus":"THREE_ENEMY_KILL","is_daily":false,"chose_seed":false,"campfire_upgraded":1,"win_rate":0.0,"timestamp":1610800361,"path_taken":["M","M","?","?","?","E","$","R","T","E","?","M","R","$","R","BOSS","M","M","?","?","$","NM"],"items_purchased_type":["Card"],"build_version":"2020-12-13","purchased_purges":3,"victory":false,"max_hp_per_floor":[75,75,75,75,75,75,75,75,75,75,75,75,75,75,75,75,75,75,75,75,80,80,80,80],"card_choices":[{"not_picked":["ReplayTheSpireMod:GoodbyeWorld","ReplaySort"],"picked":"FIFO Queue","floor":1},{"not_picked":["Panic Button","BasicCrystalCard"],"picked":"Time Bomb","floor":2},{"not_picked":["Blizzard","Steam Power"],"picked":"Reboot","floor":6},{"not_picked":["hubris:PowerSurge","FIFO Queue","ReplaySort"],"picked":"SKIP","floor":10},{"not_picked":["Gash","Leap"],"picked":"Hologram","floor":12},{"not_picked":["ReplayRNGCard","Core Surge"],"picked":"hubris:SpecializedCircuitry","floor":16},{"not_picked":["Static Discharge","Chill"],"picked":"Hologram","floor":18},{"not_picked":["Doom and Gloom+1","hubris:PowerSurge"],"picked":"Auto Shields","floor":19}],"player_experience":151109,"relics_obtained":[{"floor":4,"key":"Darkstone Periapt"},{"floor":6,"key":"infinitespire:Bottled Soul"},{"floor":9,"key":"Solar Panel"},{"floor":10,"key":"infinitespire:Midas Blood"}],"event_choices":[{"damage_healed":0,"gold_gain":0,"player_choice":"Slimed","damage_taken":11,"max_hp_gain":0,"max_hp_loss":0,"event_name":"betterThird:BetterGoop","floor":5,"gold_loss":32},{"damage_healed":0,"gold_gain":99,"player_choice":"Steal","damage_taken":0,"max_hp_gain":0,"max_hp_loss":0,"event_name":"betterThird:BetterNest","floor":20,"gold_loss":0},{"damage_healed":0,"gold_gain":0,"player_choice":"Shed Blood","damage_taken":19,"max_hp_gain":5,"max_hp_loss":0,"event_name":"Forgotten Altar","floor":21,"gold_loss":0}],"is_beta":false,"boss_relics":[{"not_picked":["hubris:CrackedHourglass","infinitespire:Cupcake"],"picked":"ChewingGum"}],"items_purged_floors":[7,11,22],"is_endless":false,"potions_floor_spawned":[1,12,16,18],"killed_by":"Nightmare","ascension_level":4}}