{"host":"s8ccp9jw4vzp58l1","time":1610805536,"event":{"mods":["BaseMod","Colored Map","Colored Powertips","Minty Spire (QoL Compilation)","Relic Stats"],"gold_per_floor":[112,130,130,141,216,246,246,277,277,277,289,319,319,59,59,154,154,185,296,233,258,270,313,325,350,362,394,406,418,507,529,541,650,662,685,697,709,133,183,183,216,228,252,324,324,338,70,70,70,70],"floor_reached":51,"language":"ENG","playtime":5471,"items_purged":["Strike_R","Perfected Strike","Strike_R"],"score":899,"play_id":"fa0a1c40-ce7e-41dd-a310-50a37d40973d","local_time":"20210116075856","is_ascension_mode":false,"campfire_choices":[{"floor":7,"key":"REST"},{"floor":10,"key":"REST"},{"floor":15,"key":"REST"},{"floor":24,"key":"REST"},{"data":"1","floor":28,"key":"LIFT"},{"floor":32,"key":"REST"},{"data":"2","floor":40,"key":"LIFT"},{"data":"3","floor":49,"key":"LIFT"}],"circlet_count":0,"master_deck":["Strike_R","Strike_R+1","Defend_R","Defend_R","Defend_R","Defend_R+1","Bash","Cleave","Body Slam+1","Headbutt","Infernal Blade","Spot Weakness","Flame Barrier","Metamorphosis","Demon Form","Fire Breathing","Ghostly Armor+1","Rampage","Flex+1","Feed","Madness+1","Rage+1","Anger","Mayhem","Flex+1","Clothesline+1","Good Instincts+1","Dual Wield+1"],"relics":["Burning Blood","Omamori","Juzu Bracelet","Calipers","Mummified Hand","Magic Flower","WarpedTongs","Calling Bell","MawBank","HornCleat","Girya","Ancient Tea Set","Toxic Egg 2","Enchiridion","Ornamental Fan","Busted Crown","Membership Card","Toy Ornithopter","StoneCalendar","Ginger","Self Forming Clay","Red Skull","Gremlin Horn","Kunai"],"acts_visited":["TheCity","TheBeyond"],"potions_floor_usage":[6,6,16,21,33,39,41,50,50],"damage_taken":[{"damage":8,"enemies":"Jaw Worm","floor":1,"turns":5},{"damage":0,"enemies":"Small Slimes","floor":2,"turns":3},{"damage":0,"enemies":"2 Louse","floor":4,"turns":2},{"damage":42,"enemies":"Lagavulin","floor":6,"turns":7},{"damage":27,"enemies":"3 Sentries","floor":8,"turns":5},{"damage":20,"enemies":"Large Slime","floor":11,"turns":4},{"damage":21,"enemies":"Hexaghost","floor":16,"turns":7},{"damage":20,"enemies":"2 Thieves","floor":18,"turns":4},{"damage":6,"enemies":"Spheric Guardian","floor":21,"turns":4},{"damage":34,"enemies":"Book of Stabbing","floor":23,"turns":6},{"damage":16,"enemies":"Cultist and Chosen","floor":25,"turns":5},{"damage":20,"enemies":"Shelled Parasite and Fungi","floor":27,"turns":9},{"damage":0,"enemies":"Centurion and Healer","floor":31,"turns":5},{"damage":40,"enemies":"Champ","floor":33,"turns":9},{"damage":17,"enemies":"3 Darklings","floor":35,"turns":5},{"damage":8,"enemies":"Mind Bloom Boss Battle","floor":39,"turns":6},{"damage":65,"enemies":"Reptomancer","floor":41,"turns":6},{"damage":0,"enemies":"Orb Walker","floor":42,"turns":3},{"damage":9,"enemies":"Sphere and 2 Shapes","floor":46,"turns":5},{"damage":66,"enemies":"Awakened One","floor":50,"turns":10}],"seed_played":"-6398363330967722932","potions_obtained":[{"floor":2,"key":"SpeedPotion"},{"floor":4,"key":"DuplicationPotion"},{"floor":6,"key":"SpeedPotion"},{"floor":18,"key":"LiquidMemories"},{"floor":27,"key":"Ancient Potion"},{"floor":31,"key":"ElixirPotion"},{"floor":35,"key":"PowerPotion"},{"floor":46,"key":"SteroidPotion"}],"is_trial":false,"path_per_floor":["M","M","?","M","?","E","R","E","T","R","M","?","?","$","R","B",null,"M","?","?","M","?","E","R","M","T","M","R","?","T","M","R","B",null,"M","?","?","$","?","R","E","M","T","T","?","M","$","?","R","B",null],"character_chosen":"IRONCLAD","items_purchased":["Metamorphosis","Membership Card","Toy Ornithopter","StoneCalendar","Rage+1","Anger","Mayhem","Block Potion","Kunai","Good Instincts+1","Dual Wield+1"],"campfire_rested":5,"item_purchase_floors":[14,38,38,38,38,38,38,38,47,47,47],"current_hp_per_floor":[78,80,64,70,59,23,47,26,26,50,36,36,36,36,60,48,80,69,69,69,72,72,47,71,64,64,53,53,37,37,46,70,39,80,72,72,62,62,76,76,28,37,37,37,73,76,76,76,76,32],"gold":70,"neow_bonus":"RANDOM_COMMON_RELIC","is_daily":false,"chose_seed":false,"campfire_upgraded":0,"win_rate":0.0,"timestamp":1610805536,"path_taken":["M","M","?","M","?","E","R","E","T","R","M","?","?","$","R","BOSS","M","?","?","M","?","E","R","M","T","M","R","?","?","M","R","BOSS","M","?","?","$","?","R","E","M","T","?","?","M","$","?","R","BOSS"],"items_purchased_type":["Card","Relic","Relic","Relic","Card","Card","Card","Potion","Relic","Card","Card"],"build_version":"2020-12-22","purchased_purges":3,"victory":true,"max_hp_per_floor":[80,80,80,80,80,80,80,80,80,80,80,80,80,80,80,80,80,80,80,80,80,80,80,80,80,80,80,80,80,80,80,80,80,80,80,80,80,80,83,83,83,83,83,83,73,76,76,76,76,79],"relic_stats":{"Gremlin Horn":[5,5],"counters":[20,110],"Self Forming Clay":[36],"Magic Flower":[55],"StoneCalendar":[0],"Juzu Bracelet":2,"Ginger":[2],"MawBank":252,"Burning Blood":156,"WarpedTongs":[84],"Busted Crown":10,"Mummified Hand":[34],"Ornamental Fan":[60],"Kunai":[3],"obtain_stats":[{"Girya":17,"Calipers":8,"Gremlin Horn":44,"Self Forming Clay":41,"Magic Flower":12,"Enchiridion":29,"StoneCalendar":38,"Omamori":0,"Juzu Bracelet":6,"Ginger":39,"MawBank":17,"Ancient Tea Set":23,"Burning Blood":0,"WarpedTongs":13,"Calling Bell":17,"HornCleat":17,"Busted Crown":34,"Mummified Hand":9,"Ornamental Fan":30,"Membership Card":38,"Kunai":47,"Toxic Egg 2":26,"Toy Ornithopter":38,"Red Skull":43},{"Girya":7,"Calipers":5,"Gremlin Horn":18,"Self Forming Clay":17,"Magic Flower":6,"Enchiridion":12,"StoneCalendar":15,"Omamori":0,"Juzu Bracelet":4,"Ginger":16,"MawBank":7,"Ancient Tea Set":10,"Burning Blood":0,"WarpedTongs":6,"Calling Bell":7,"HornCleat":7,"Busted Crown":14,"Mummified Hand":5,"Ornamental Fan":12,"Membership Card":15,"Kunai":19,"Toxic Egg 2":11,"Toy Ornithopter":15,"Red Skull":18},{"Girya":33,"Calipers":22,"Gremlin Horn":95,"Self Forming Clay":92,"Magic Flower":26,"Enchiridion":61,"StoneCalendar":80,"Omamori":0,"Juzu Bracelet":17,"Ginger":86,"MawBank":33,"Ancient Tea Set":47,"Burning Blood":0,"WarpedTongs":26,"Calling Bell":33,"HornCleat":33,"Busted Crown":75,"Mummified Hand":22,"Ornamental Fan":61,"Membership Card":80,"Kunai":100,"Toxic Egg 2":52,"Toy Ornithopter":80,"Red Skull":95}],"Toy Ornithopter":24},"card_choices":[{"not_picked":["True Grit","Shrug It Off"],"picked":"Cleave","floor":1},{"not_picked":["Burning Pact","Rage"],"picked":"Body Slam","floor":2},{"not_picked":["Heavy Blade","Rupture"],"picked":"Headbutt","floor":4},{"not_picked":["Clash","Offering"],"picked":"Infernal Blade","floor":6},{"not_picked":["Armaments","Warcry"],"picked":"Spot Weakness","floor":8},{"not_picked":["Cleave","Searing Blow"],"picked":"Flame Barrier","floor":11},{"not_picked":["Impervious","Fiend Fire"],"picked":"Demon Form","floor":16},{"not_picked":["Hemokinesis","Flame Barrier"],"picked":"Perfected Strike","floor":18},{"not_picked":["Flex+1","Sever Soul"],"picked":"Fire Breathing","floor":21},{"not_picked":["Perfected Strike","Flex"],"picked":"Ghostly Armor+1","floor":23},{"not_picked":["Shrug It Off","Seeing Red","Iron Wave"],"picked":"SKIP","floor":25},{"not_picked":["Sword Boomerang","Infernal Blade+1"],"picked":"Rampage","floor":27},{"not_picked":["Twin Strike","Bloodletting+1"],"picked":"Flex+1","floor":31},{"not_picked":["Offering+1","Bludgeon"],"picked":"Feed","floor":33},{"not_picked":["True Grit+1"],"picked":"SKIP","floor":35},{"not_picked":[],"picked":"Flex+1","floor":39},{"not_picked":["Corruption"],"picked":"SKIP","floor":41},{"not_picked":[],"picked":"Clothesline+1","floor":42},{"not_picked":["Perfected Strike+1"],"picked":"SKIP","floor":46}],"player_experience":60273,"relics_obtained":[{"floor":6,"key":"Juzu Bracelet"},{"floor":8,"key":"Calipers"},{"floor":9,"key":"Mummified Hand"},{"floor":17,"key":"MawBank"},{"floor":17,"key":"HornCleat"},{"floor":17,"key":"Girya"},{"floor":23,"key":"Ancient Tea Set"},{"floor":26,"key":"Toxic Egg 2"},{"floor":29,"key":"Enchiridion"},{"floor":30,"key":"Ornamental Fan"},{"floor":39,"key":"Ginger"},{"floor":41,"key":"Self Forming Clay"},{"floor":43,"key":"Red Skull"},{"floor":44,"key":"Gremlin Horn"}],"event_choices":[{"damage_healed":0,"gold_gain":0,"player_choice":"Entered Light","damage_taken":16,"max_hp_gain":0,"max_hp_loss":0,"event_name":"Shining Light","floor":3,"gold_loss":0,"cards_upgraded":["Defend_R","Strike_R"]},{"damage_healed":0,"gold_gain":75,"player_choice":"Gather Gold","damage_taken":11,"max_hp_gain":0,"max_hp_loss":0,"event_name":"World of Goop","floor":5,"gold_loss":0},{"damage_healed":0,"gold_gain":30,"player_choice":"Searched \u00273\u0027 times","damage_taken":0,"relics_obtained":["Magic Flower"],"max_hp_gain":0,"max_hp_loss":0,"event_name":"Dead Adventurer","floor":12,"gold_loss":0},{"damage_healed":0,"gold_gain":0,"player_choice":"Rummage","damage_taken":0,"relics_obtained":["WarpedTongs"],"max_hp_gain":0,"max_hp_loss":0,"event_name":"Accursed Blacksmith","floor":13,"gold_loss":0,"cards_obtained":["Pain"]},{"damage_healed":0,"gold_gain":99,"player_choice":"Stole From Cult","damage_taken":0,"max_hp_gain":0,"max_hp_loss":0,"event_name":"Nest","floor":19,"gold_loss":0},{"cards_removed":["Strike_R"],"damage_healed":0,"gold_gain":0,"player_choice":"Gave Gold","damage_taken":0,"max_hp_gain":0,"max_hp_loss":0,"event_name":"Beggar","floor":20,"gold_loss":75},{"damage_healed":0,"gold_gain":0,"player_choice":"Upgraded","damage_taken":0,"max_hp_gain":0,"max_hp_loss":0,"event_name":"Upgrade Shrine","floor":22,"gold_loss":0,"cards_upgraded":["Body Slam"]},{"damage_healed":0,"gold_gain":0,"player_choice":"Obtained Book","damage_taken":16,"max_hp_gain":0,"max_hp_loss":0,"event_name":"Cursed Tome","floor":29,"gold_loss":0},{"damage_healed":0,"gold_gain":0,"player_choice":"Ignored","damage_taken":0,"max_hp_gain":0,"max_hp_loss":0,"event_name":"Tomb of Lord Red Mask","floor":36,"gold_loss":0},{"damage_healed":0,"gold_gain":0,"player_choice":"Embrace Madness","damage_taken":10,"max_hp_gain":0,"max_hp_loss":0,"event_name":"Winding Halls","floor":37,"gold_loss":0,"cards_obtained":["Madness","Madness"]},{"damage_healed":0,"gold_gain":0,"player_choice":"Fight","damage_taken":0,"max_hp_gain":0,"max_hp_loss":0,"event_name":"MindBloom","floor":39,"gold_loss":0},{"damage_healed":73,"gold_gain":0,"player_choice":"Heal","damage_taken":0,"max_hp_gain":0,"max_hp_loss":10,"event_name":"The Moai Head","floor":45,"gold_loss":0},{"cards_removed":["Madness"],"damage_healed":0,"gold_gain":0,"player_choice":"Removed Skill","damage_taken":0,"max_hp_gain":0,"max_hp_loss":0,"event_name":"Falling","floor":48,"gold_loss":0}],"is_beta":false,"boss_relics":[{"not_picked":["Astrolabe","Fusion Hammer"],"picked":"Calling Bell"},{"not_picked":["Velvet Choker","Philosopher\u0027s Stone"],"picked":"Busted Crown"}],"items_purged_floors":[14,38,47],"is_endless":false,"potions_floor_spawned":[2,4,6,18,27,31,35,46],"ascension_level":0}}