{"host":"oehe2dxjvdgux73m","time":1610794497,"event":{"mods":["AchievementEnabler","BaseMod","Colored Map","Colored Powertips","DeckTracker","Keyboard Shortcuts","Minty Spire (QoL Compilation)","Permanent Neow","Quick Restart","StSLib","SuperFastMode"],"gold_per_floor":[116,139,156,156,136,162,162,175,175,191,191,18,18,18,18,92,142,42,56,71,71,71,71,104,104,104,117,117,143,159,176,176,176,176],"floor_reached":33,"language":"KOR","playtime":2715,"items_purged":["Strike_G"],"score":487,"play_id":"59e34a09-ce12-4de4-bd02-96585ba94436","local_time":"20210116195457","is_ascension_mode":true,"campfire_choices":[{"floor":7.0,"key":"REST"},{"data":"Neutralize","floor":11.0,"key":"SMITH"},{"floor":13.0,"key":"REST"},{"data":"Noxious Fumes","floor":15.0,"key":"SMITH"},{"floor":23.0,"key":"REST"},{"floor":25.0,"key":"REST"},{"floor":28.0,"key":"REST"},{"floor":32.0,"key":"REST"}],"circlet_count":0,"master_deck":["AscendersBane","Defend_G+1","Defend_G","Defend_G+1","Defend_G","Defend_G+1","Survivor","Neutralize+1","Prepared","Noxious Fumes+1","Bouncing Flask+1","Bane","Backstab","PiercingWail","Footwork","Backflip","Catalyst","Catalyst","Well Laid Plans","Cloak And Dagger","Corpse Explosion","Dagger Spray+1","Leg Sweep+1"],"relics":["Ring of the Snake","Art of War","Omamori","Blue Candle","Tiny House","Tingsha","Pear","War Paint"],"acts_visited":["Exordium","TheCity"],"potions_floor_usage":[33,33],"damage_taken":[{"damage":1.0,"enemies":"Cultist","floor":1.0,"turns":4.0},{"damage":0.0,"enemies":"2 Louse","floor":3.0,"turns":3.0},{"damage":32.0,"enemies":"3 Sentries","floor":6.0,"turns":7.0},{"damage":4.0,"enemies":"Jaw Worm","floor":8.0,"turns":3.0},{"damage":18.0,"enemies":"Lots of Slimes","floor":10.0,"turns":3.0},{"damage":5.0,"enemies":"Hexaghost","floor":16.0,"turns":9.0},{"damage":8.0,"enemies":"2 Thieves","floor":18.0,"turns":5.0},{"damage":6.0,"enemies":"Spheric Guardian","floor":19.0,"turns":5.0},{"damage":32.0,"enemies":"3 Cultists","floor":20.0,"turns":6.0},{"damage":32.0,"enemies":"Slavers","floor":24.0,"turns":4.0},{"damage":35.0,"enemies":"Shelled Parasite and Fungi","floor":27.0,"turns":6.0},{"damage":0.0,"enemies":"Snecko","floor":30.0,"turns":3.0},{"damage":13.0,"enemies":"Snake Plant","floor":31.0,"turns":5.0},{"damage":43,"enemies":"Automaton","floor":33,"turns":6}],"seed_played":"-5827145927420942803","potions_obtained":[{"floor":1.0,"key":"AttackPotion"},{"floor":5.0,"key":"AttackPotion"},{"floor":16.0,"key":"Energy Potion"},{"floor":17.0,"key":"EntropicBrew"},{"floor":30.0,"key":"Energy Potion"},{"floor":31.0,"key":"Explosive Potion"}],"is_trial":false,"path_per_floor":["M","T","M","?","?","E","R","M","T","M","R","$","R","?","R","B",null,"M","M","M","?","?","R","E","R","T","M","R","T","M","M","R","B"],"character_chosen":"THE_SILENT","items_purchased":["PiercingWail","Footwork"],"campfire_rested":6,"item_purchase_floors":[12,12],"current_hp_per_floor":[58,58,58,58,58,26,45,41,41,23,23,23,42,42,42,37,64,56,50,18,18,18,39,7,28,38,3,27,27,27,14,38,0,0],"gold":176,"neow_bonus":"THREE_CARDS","is_daily":false,"chose_seed":false,"campfire_upgraded":2,"win_rate":0.0,"timestamp":1610794497,"path_taken":["M","?","M","?","?","E","R","?","T","M","R","$","R","?","R","BOSS","M","M","?","?","?","R","E","R","T","M","R","?","M","M","R","BOSS"],"items_purchased_type":["Card","Card"],"build_version":"2020-12-22","purchased_purges":1,"victory":false,"max_hp_per_floor":[66,66,66,66,66,66,66,66,66,66,66,66,66,66,66,66,71,71,71,71,71,71,71,71,71,81,81,81,81,81,81,81,81,81],"card_choices":[{"not_picked":["Concentrate","Sucker Punch"],"picked":"Prepared","floor":0.0},{"not_picked":["Flying Knee","Calculated Gamble"],"picked":"Noxious Fumes","floor":1.0},{"not_picked":["Prepared","Distraction"],"picked":"Bouncing Flask","floor":3.0},{"not_picked":["Setup","Cloak And Dagger"],"picked":"Bane","floor":6.0},{"not_picked":["Underhanded Strike","Skewer","Eviscerate"],"picked":"SKIP","floor":8.0},{"not_picked":["Poisoned Stab","Terror"],"picked":"Backstab","floor":10.0},{"not_picked":["Acrobatics","Dodge and Roll"],"picked":"Backflip","floor":17.0},{"not_picked":["Outmaneuver","Noxious Fumes"],"picked":"Catalyst","floor":18.0},{"not_picked":["Crippling Poison","Deflect"],"picked":"Catalyst","floor":19.0},{"not_picked":["Blade Dance","Underhanded Strike"],"picked":"Well Laid Plans","floor":20.0},{"not_picked":["Caltrops+1","Catalyst","Bane"],"picked":"SKIP","floor":24.0},{"not_picked":["Dodge and Roll","Cloak And Dagger"],"picked":"Dagger Spray+1","floor":27.0},{"not_picked":["Storm of Steel","Cloak And Dagger"],"picked":"Leg Sweep+1","floor":30.0},{"not_picked":["Blade Dance","Sucker Punch","Underhanded Strike+1"],"picked":"SKIP","floor":31.0}],"player_experience":226853,"relics_obtained":[{"floor":2.0,"key":"Art of War"},{"floor":6.0,"key":"Omamori"},{"floor":9.0,"key":"Blue Candle"},{"floor":24.0,"key":"Tingsha"},{"floor":26.0,"key":"Pear"},{"floor":29.0,"key":"War Paint"}],"event_choices":[{"damage_healed":0.0,"max_hp_gain":0.0,"max_hp_loss":0.0,"gold_gain":0.0,"event_name":"Living Wall","player_choice":"Grow","floor":4.0,"gold_loss":0.0,"damage_taken":0.0,"cards_upgraded":["Bouncing Flask"]},{"damage_healed":0.0,"max_hp_gain":0.0,"max_hp_loss":0.0,"gold_gain":0.0,"event_name":"The Woman in Blue","player_choice":"Bought 1 Potion","floor":5.0,"gold_loss":0.0,"damage_taken":0.0},{"cards_removed":["Strike_G"],"damage_healed":0.0,"max_hp_gain":0.0,"max_hp_loss":0.0,"gold_gain":0.0,"event_name":"Purifier","player_choice":"Purged","floor":14.0,"gold_loss":0.0,"damage_taken":0.0},{"cards_removed":["Strike_G"],"damage_healed":0.0,"max_hp_gain":0.0,"max_hp_loss":0.0,"gold_gain":0.0,"event_name":"Back to Basics","player_choice":"Elegance","floor":21.0,"gold_loss":0.0,"damage_taken":0.0},{"damage_healed":0.0,"max_hp_gain":0.0,"max_hp_loss":0.0,"gold_gain":0.0,"cards_transformed":["Strike_G","Strike_G"],"event_name":"Drug Dealer","player_choice":"Became Test Subject","floor":22.0,"gold_loss":0.0,"damage_taken":0.0,"cards_obtained":["Cloak And Dagger","Corpse Explosion"]}],"is_beta":false,"boss_relics":[{"not_picked":["Runic Pyramid","SacredBark"],"picked":"Tiny House"}],"items_purged_floors":[12],"is_endless":false,"potions_floor_spawned":[1,16,19,30,31],"killed_by":"Automaton","ascension_level":17}}