{"host":"h2gxemxa99wv6yfu","time":1610827830,"event":{"mods":["Bard","BaseMod","Beaked The Cultist","BetterRewards","Block Reminder","Colored Powertips","Conspire","Friendly Minions","Glutton Mod","Highlight Path","Hubris","Infinite Spire","Mad Scientist","Marisa????????","Minty Spire (QoL Compilation)","Permanent Neow","Quick Restart","Relic Stats","Replay The Spire","Shop Mod","StSLib","The Animator","The Blackbeard","The Bug Knight","The Construct","The Disciple","The Mystic","The Necromancer","The Servant 0.9.4","The Witch"],"gold_per_floor":[110,110,10,10,10,10,41,41,67,32,32,63,63,78,78,178,178,178,178,53,53,53,53,53,53,53,53,53,53,53,53,53,53,53,53,53,53,53,53,53,53,53,53,53,53,53,53,53,53,53,53,53,53,53,53,53],"floor_reached":55,"language":"ENG","playtime":1500,"items_purged":["Strike_R","Strike_R","Strike_R"],"score":786,"play_id":"29fde4b7-d0c3-4952-ae6b-c7071ecf6818","local_time":"20210116141030","is_ascension_mode":true,"campfire_choices":[{"data":"Twin Strike","floor":6.0,"key":"SMITH"},{"data":"Flex","floor":8.0,"key":"SMITH"},{"data":"Inflame","floor":11.0,"key":"SMITH"},{"data":"Demonic Infusion","floor":13.0,"key":"SMITH"},{"data":"Heavy Blade","floor":15.0,"key":"SMITH"},{"data":"Limit Break","floor":23.0,"key":"SMITH"},{"floor":27.0,"key":"RECALL"},{"floor":32.0,"key":"REST"},{"data":"Reaper","floor":40.0,"key":"SMITH"},{"data":"Heavy Blade+1","floor":42.0,"key":"SMITH"},{"data":"Heavy Blade+2","floor":49.0,"key":"SMITH"},{"data":"Heavy Blade+3","floor":52.0,"key":"SMITH"}],"circlet_count":0,"master_deck":["Strike_R+1","Strike_R","Defend_R","Defend_R","Defend_R","Defend_R","Bash","ReplayTheSpireMod:Strike From Hell","Twin Strike+1","Flex+2","Inflame+1","Demonic Infusion+1","Heavy Blade+4","Limit Break+1","Flex+1","Necronomicurse","Heavy Blade","Reaper+1","Life Link+1","Sword Boomerang"],"relics":["Burning Blood","Brimstone","hubris:64BitClover","ReplayTheSpireMod:Spearhead","hubris:TenFootPole","HollowMod:PaleOreRelic","Ectoplasm","Necronomicon","Bag of Marbles","infinitespire:CursedDice","Philosopher\u0027s Stone","conspire:InfiniteJournal","White Beast Statue","infinitespire:ShieldingShard","Oddly Smooth Stone","HollowMod:LifeEnderRelic","Bag of Preparation","War Paint","conspire:DecoderRing"],"acts_visited":["Exordium","TheCity","TheBeyond","TheEnding"],"potions_floor_usage":[55],"damage_taken":[{"damage":6.0,"enemies":"2 Louse","floor":1.0,"turns":2.0},{"damage":5.0,"enemies":"Gremlin Nob","floor":7.0,"turns":3.0},{"damage":20.0,"enemies":"Lagavulin","floor":12.0,"turns":3.0},{"damage":3.0,"enemies":"Small Slimes","floor":14.0,"turns":2.0},{"damage":71.0,"enemies":"Hexaghost","floor":16.0,"turns":5.0},{"damage":12.0,"enemies":"Chosen","floor":18.0,"turns":3.0},{"damage":19.0,"enemies":"Snake Plant","floor":19.0,"turns":2.0},{"damage":22.0,"enemies":"conspire:HollyBat","floor":24.0,"turns":5.0},{"damage":9.0,"enemies":"Centurion and Healer","floor":29.0,"turns":3.0},{"damage":13.0,"enemies":"HollowMod:Nosk","floor":30.0,"turns":4.0},{"damage":2.0,"enemies":"Cultist and Chosen","floor":31.0,"turns":3.0},{"damage":12.0,"enemies":"Champ","floor":33.0,"turns":3.0},{"damage":14.0,"enemies":"3 Shapes","floor":35.0,"turns":3.0},{"damage":29.0,"enemies":"2 Orb Walkers","floor":36.0,"turns":2.0},{"damage":0.0,"enemies":"3 Darklings","floor":38.0,"turns":2.0},{"damage":38.0,"enemies":"Nemesis","floor":41.0,"turns":3.0},{"damage":30.0,"enemies":"Jaw Worm Horde","floor":44.0,"turns":3.0},{"damage":0.0,"enemies":"HollowMod:StalkingDevout","floor":45.0,"turns":4.0},{"damage":5.0,"enemies":"Maw","floor":46.0,"turns":4.0},{"damage":13.0,"enemies":"3 Darklings","floor":47.0,"turns":3.0},{"damage":160.0,"enemies":"LordOfAnnihilation","floor":50.0,"turns":8.0},{"damage":8.0,"enemies":"Shield and Spear","floor":54.0,"turns":2.0},{"damage":88,"enemies":"The Heart","floor":55,"turns":2}],"seed_played":"5887362030572706608","potions_obtained":[{"floor":7.0,"key":"EssenceOfSteel"},{"floor":12.0,"key":"Venom Potion"},{"floor":14.0,"key":"SkillPotion"},{"floor":18.0,"key":"Swift Potion"},{"floor":33.0,"key":"EssenceOfSteel"},{"floor":38.0,"key":"PowerPotion"},{"floor":41.0,"key":"SteroidPotion"}],"is_trial":false,"path_per_floor":["M","?","$","?","?","R","E","R","T","$","R","E","R","M","R","B",null,"M","M","$","?","?","R","M","?","T","R","AVR","M","E","M","R","B",null,"M","?","T","M","?","R","E","R","T","M","E","M","M","AVR","R","B",null,"R","$","E","B"],"character_chosen":"IRONCLAD","items_purchased":["Brimstone","Inflame"],"campfire_rested":1,"item_purchase_floors":[0,10],"current_hp_per_floor":[44,49,49,49,85,85,85,85,85,85,85,71,71,74,74,9,85,79,66,66,66,66,66,50,43,43,43,43,40,33,37,62,56,85,77,62,62,84,84,84,52,52,52,61,85,85,85,85,85,57,85,85,85,85,0,0],"gold":53,"neow_bonus":"","is_daily":false,"chose_seed":false,"campfire_upgraded":10,"win_rate":0.0,"timestamp":1610827830,"path_taken":["M","?","$","?","?","R","E","R","T","$","R","E","R","?","R","BOSS","M","M","$","?","?","R","M","?","T","R","AVR","M","E","M","R","BOSS","M","?","?","M","?","R","E","R","T","?","E","M","M","AVR","R","BOSS","R","$","E","BOSS"],"items_purchased_type":["Relic","Card"],"build_version":"2020-12-22","purchased_purges":3,"victory":false,"max_hp_per_floor":[80,85,85,85,85,85,85,85,85,85,85,85,85,85,85,85,85,85,85,85,85,85,85,85,85,85,85,85,85,85,85,85,85,85,85,85,85,85,85,85,85,85,85,85,85,85,85,85,85,85,85,85,85,85,85,85],"relic_stats":{"counters":[25,76],"Ectoplasm":485,"Necronomicon":[33],"Bag of Preparation":[6],"War Paint":["Flex","Flex"],"obtain_stats":[{"HollowMod:LifeEnderRelic":45,"NeowsBlessing":0,"hubris:64BitClover":0,"infinitespire:CursedDice":30,"Oddly Smooth Stone":43,"Bag of Preparation":47,"War Paint":48,"Burning Blood":0,"White Beast Statue":37,"conspire:InfiniteJournal":36,"ReplayTheSpireMod:Spearhead":7,"infinitespire:ShieldingShard":41,"Brimstone":0,"conspire:DecoderRing":54,"Philosopher\u0027s Stone":34,"Ectoplasm":17,"hubris:TenFootPole":9,"Necronomicon":25,"Bag of Marbles":29,"HollowMod:PaleOreRelic":12,"ReplayTheSpireMod:Ring of Challenge":5,"Ring of Panic":5},{"HollowMod:LifeEnderRelic":20,"NeowsBlessing":0,"hubris:64BitClover":2,"infinitespire:CursedDice":12,"Oddly Smooth Stone":18,"Bag of Preparation":22,"War Paint":22,"Burning Blood":0,"White Beast Statue":16,"conspire:InfiniteJournal":16,"ReplayTheSpireMod:Spearhead":4,"infinitespire:ShieldingShard":18,"Brimstone":2,"conspire:DecoderRing":24,"Philosopher\u0027s Stone":14,"Ectoplasm":7,"hubris:TenFootPole":4,"Necronomicon":10,"Bag of Marbles":11,"HollowMod:PaleOreRelic":5,"ReplayTheSpireMod:Ring of Challenge":2,"Ring of Panic":2},{"HollowMod:LifeEnderRelic":57,"NeowsBlessing":0,"hubris:64BitClover":2,"infinitespire:CursedDice":34,"Oddly Smooth Stone":50,"Bag of Preparation":64,"War Paint":64,"Burning Blood":0,"White Beast Statue":45,"conspire:InfiniteJournal":45,"ReplayTheSpireMod:Spearhead":7,"infinitespire:ShieldingShard":50,"Brimstone":2,"conspire:DecoderRing":74,"Philosopher\u0027s Stone":40,"Ectoplasm":17,"hubris:TenFootPole":7,"Necronomicon":27,"Bag of Marbles":30,"HollowMod:PaleOreRelic":10,"ReplayTheSpireMod:Ring of Challenge":2,"Ring of Panic":2}],"Burning Blood":112},"card_choices":[{"not_picked":["Burning Pact","Iron Wave"],"picked":"Twin Strike","floor":1.0},{"not_picked":["Replay:Undeath\u0027s Touch","Barricade"],"picked":"Flex","floor":7.0},{"not_picked":["Abandon","Warcry"],"picked":"Demonic Infusion","floor":12.0},{"not_picked":["Replay:Undeath\u0027s Touch","Rupture"],"picked":"Heavy Blade","floor":14.0},{"not_picked":["Reaper","Demonic Infusion"],"picked":"Limit Break","floor":16.0},{"not_picked":["Replay:Undeath\u0027s Touch","Warcry","Armaments"],"picked":"SKIP","floor":18.0},{"not_picked":["Rupture+1","Twin Strike"],"picked":"Flex","floor":19.0},{"not_picked":["Perfected Strike","Shrug It Off","hubris:StunningStrike"],"picked":"SKIP","floor":24.0},{"not_picked":["Flex","Whirlwind"],"picked":"Heavy Blade","floor":29.0},{"not_picked":["ReplayReversal","Perfected Strike","hubris:CleavingFinish+1"],"picked":"SKIP","floor":30.0},{"not_picked":["Shrug It Off+1","Iron Wave","Barricade"],"picked":"SKIP","floor":31.0},{"not_picked":["Juggernaut","Demonic Infusion"],"picked":"Reaper","floor":33.0},{"not_picked":["Headbutt","Pommel Strike","Shockwave"],"picked":"SKIP","floor":35.0},{"not_picked":["Abandon+1","Iron Wave"],"picked":"Life Link+1","floor":38.0},{"not_picked":["ReplayTheSpireMod:Stacked+1","Heavy Blade","Perfected Strike"],"picked":"SKIP","floor":41.0},{"not_picked":["Life Link","hubris:CleavingFinish","Clothesline+1"],"picked":"SKIP","floor":44.0},{"not_picked":["conspire:Purge","Clothesline+1","True Grit+1"],"picked":"SKIP","floor":45.0},{"not_picked":["Sever Soul","Hemogenesis","Clothesline"],"picked":"SKIP","floor":46.0},{"not_picked":["Sword Boomerang","Warcry+1","Flex"],"picked":"SKIP","floor":47.0},{"not_picked":["Warcry+1","Flex"],"picked":"Sword Boomerang","floor":47.0},{"not_picked":["Flex","Replay:Undeath\u0027s Touch","Pommel Strike+1"],"picked":"SKIP","floor":54.0}],"player_experience":17321,"relics_obtained":[{"floor":7.0,"key":"ReplayTheSpireMod:Spearhead"},{"floor":9.0,"key":"hubris:TenFootPole"},{"floor":12.0,"key":"HollowMod:PaleOreRelic"},{"floor":25.0,"key":"Necronomicon"},{"floor":29.0,"key":"Bag of Marbles"},{"floor":30.0,"key":"infinitespire:CursedDice"},{"floor":36.0,"key":"conspire:InfiniteJournal"},{"floor":37.0,"key":"White Beast Statue"},{"floor":41.0,"key":"infinitespire:ShieldingShard"},{"floor":43.0,"key":"Oddly Smooth Stone"},{"floor":45.0,"key":"HollowMod:LifeEnderRelic"},{"floor":47.0,"key":"Bag of Preparation"},{"floor":54.0,"key":"conspire:DecoderRing"}],"event_choices":[{"damage_healed":0.0,"max_hp_gain":5.0,"max_hp_loss":0.0,"gold_gain":0.0,"event_name":"Big Fish","player_choice":"Donut","floor":2.0,"gold_loss":0.0,"damage_taken":0.0},{"damage_healed":36.0,"max_hp_gain":0.0,"max_hp_loss":0.0,"gold_gain":0.0,"event_name":"Wheel of Change","player_choice":"Full Heal","floor":5.0,"gold_loss":0.0,"damage_taken":0.0},{"damage_healed":0.0,"max_hp_gain":0.0,"max_hp_loss":0.0,"gold_gain":0.0,"event_name":"conspire:Investor","player_choice":"Leave","floor":21.0,"gold_loss":0.0,"damage_taken":0.0},{"damage_healed":0.0,"max_hp_gain":0.0,"max_hp_loss":0.0,"gold_gain":0.0,"event_name":"Cursed Tome","player_choice":"Obtained Book","floor":25.0,"gold_loss":0.0,"damage_taken":16.0},{"damage_healed":0.0,"max_hp_gain":0.0,"max_hp_loss":0.0,"gold_gain":0.0,"event_name":"Mysterious Sphere","player_choice":"Fight","floor":36.0,"gold_loss":0.0,"damage_taken":0.0},{"damage_healed":0.0,"max_hp_gain":0.0,"max_hp_loss":0.0,"gold_gain":0.0,"event_name":"SecretPortal","player_choice":"Ignored","floor":39.0,"gold_loss":0.0,"damage_taken":0.0}],"is_beta":false,"boss_relics":[{"not_picked":["Coffee Dripper","hubris:CrackedHourglass"],"picked":"Ectoplasm"},{"not_picked":["infinitespire:Cupcake","Ring of Chaos"],"picked":"Philosopher\u0027s Stone"}],"items_purged_floors":[0,3,20],"is_endless":false,"potions_floor_spawned":[7,12,14,18,24,29,33,38,41,44,45,46,47,54],"killed_by":"The Heart","ascension_level":1}}