{"host":"7gewg82ormp6yt4e","time":1610799502,"event":{"mods":["BaseMod","Block Reminder","Colored Map","Colored Powertips","DeckTracker","Highlight Path","Minty Spire (QoL Compilation)","Relic Stats","StSLib","ojb\u0027s Info Mod"],"gold_per_floor":[130,161,200,200,200,200,254,319,396,396,459,523,591,136,136,161,161],"floor_reached":16,"language":"JPN","playtime":752,"items_purged":[],"score":270,"play_id":"aff066a2-79eb-4531-83d8-06018a3ceafd","local_time":"20210116211822","is_ascension_mode":true,"campfire_choices":[{"data":"HandOfGreed","floor":6,"key":"SMITH"},{"floor":10,"key":"REST"},{"data":"Defragment","floor":15,"key":"SMITH"}],"circlet_count":0,"master_deck":["AscendersBane","Strike_B","Strike_B","Strike_B","Strike_B","Defend_B","Defend_B","Defend_B","Defend_B","Zap","Dualcast","HandOfGreed+1","Conserve Battery","Cold Snap","Melter","Machine Learning","Doom and Gloom","Defragment+1","Undo","Cold Snap"],"relics":["Cracked Core","Golden Idol","Strawberry","Singing Bowl","Blood Vial","Chemical X"],"acts_visited":["Exordium"],"potions_floor_usage":[8,12,12,16],"damage_taken":[{"damage":1,"enemies":"2 Louse","floor":1,"turns":3},{"damage":5,"enemies":"Small Slimes","floor":2,"turns":4},{"damage":0,"enemies":"Cultist","floor":3,"turns":3},{"damage":33,"enemies":"3 Sentries","floor":8,"turns":7},{"damage":5,"enemies":"2 Fungi Beasts","floor":11,"turns":5},{"damage":0,"enemies":"Gremlin Nob","floor":12,"turns":2},{"damage":7,"enemies":"Large Slime","floor":13,"turns":7},{"damage":29,"enemies":"Slime Boss","floor":16,"turns":8}],"seed_played":"4530488001270066152","potions_obtained":[{"floor":1,"key":"BlessingOfTheForge"},{"floor":3,"key":"FocusPotion"},{"floor":11,"key":"DuplicationPotion"}],"is_trial":false,"path_per_floor":["M","M","M","?","?","R","?","E","T","R","M","E","M","$","R","B"],"character_chosen":"DEFECT","items_purchased":["Defragment","Undo","Cold Snap","Chemical X","LiquidMemories"],"campfire_rested":1,"item_purchase_floors":[14,14,14,14,14],"current_hp_per_floor":[45,40,40,40,40,40,40,14,14,35,30,30,25,25,25,0,0],"gold":161,"neow_bonus":"RANDOM_COLORLESS_2","is_daily":false,"chose_seed":false,"campfire_upgraded":2,"win_rate":0.0,"timestamp":1610799502,"path_taken":["M","M","M","?","?","R","?","E","T","R","M","E","M","$","R","BOSS"],"items_purchased_type":["Card","Card","Card","Relic","Potion"],"build_version":"2020-12-22","purchased_purges":0,"victory":false,"max_hp_per_floor":[71,71,71,64,64,64,64,71,71,71,71,71,71,71,71,71,71],"relic_stats":{"Blood Vial":4,"Singing Bowl":0,"counters":[8,39],"Golden Idol":23,"Chemical X":[1],"obtain_stats":[{"Blood Vial":12,"Singing Bowl":9,"Golden Idol":4,"Strawberry":8,"Chemical X":14,"Cracked Core":0},{"Blood Vial":6,"Singing Bowl":4,"Golden Idol":3,"Strawberry":4,"Chemical X":7,"Cracked Core":0},{"Blood Vial":24,"Singing Bowl":17,"Golden Idol":10,"Strawberry":17,"Chemical X":31,"Cracked Core":0}]},"card_choices":[{"not_picked":["Secret Weapon","The Bomb"],"picked":"HandOfGreed","floor":0},{"not_picked":["Leap","Cold Snap"],"picked":"Conserve Battery","floor":1},{"not_picked":["Gash","Barrage","Tempest"],"picked":"SKIP","floor":2},{"not_picked":["Redo","Beam Cell"],"picked":"Cold Snap","floor":3},{"not_picked":["Tempest","Go for the Eyes","Scrape"],"picked":"SKIP","floor":8},{"not_picked":["Steam","Chill"],"picked":"Melter","floor":11},{"not_picked":["Scrape","Aggregate"],"picked":"Machine Learning","floor":12},{"not_picked":["Sweeping Beam","Go for the Eyes"],"picked":"Doom and Gloom","floor":13}],"player_experience":2594174,"relics_obtained":[{"floor":8,"key":"Strawberry"},{"floor":9,"key":"Singing Bowl"},{"floor":12,"key":"Blood Vial"}],"event_choices":[{"damage_healed":0,"gold_gain":0,"player_choice":"Lose Max HP","damage_taken":0,"relics_obtained":["Golden Idol"],"max_hp_gain":0,"max_hp_loss":7,"event_name":"Golden Idol","floor":4,"gold_loss":0},{"damage_healed":0,"gold_gain":0,"player_choice":"Ignored","damage_taken":0,"max_hp_gain":0,"max_hp_loss":0,"event_name":"Liars Game","floor":5,"gold_loss":0},{"damage_healed":0,"gold_gain":54,"player_choice":"Gained Gold","damage_taken":0,"max_hp_gain":0,"max_hp_loss":0,"event_name":"Golden Wing","floor":7,"gold_loss":0}],"is_beta":false,"boss_relics":[],"items_purged_floors":[],"is_endless":false,"potions_floor_spawned":[1,3,11],"killed_by":"Slime Boss","ascension_level":20}}