{"host":"6azrrw3tf7wb0f4b","time":1610768351,"event":{"mods":["BaseMod","DeckTracker","Minty Spire (QoL Compilation)","SuperFastMode"],"gold_per_floor":[214,229,66,80,99,99,128,128,128,145,163,163,163,193,193,290,290,302,302,318,417,417,417,299,299,299],"floor_reached":25,"language":"KOR","playtime":3337,"items_purged":["Strike_B","Strike_B"],"score":338,"play_id":"5862ed04-614f-4029-bfc7-87a01acf88d8","local_time":"20210116123911","is_ascension_mode":true,"campfire_choices":[{"data":"Dualcast","floor":6.0,"key":"SMITH"},{"data":"Sweeping Beam","floor":8.0,"key":"SMITH"},{"data":"Creative AI","floor":12.0,"key":"SMITH"},{"data":"Defragment","floor":15.0,"key":"SMITH"},{"floor":23.0,"key":"REST"}],"circlet_count":0,"master_deck":["AscendersBane","Strike_B","Defend_B","Defend_B","Defend_B","Defend_B","Zap","Dualcast+1","Reinforced Body","Turbo","Hello World","Ball Lightning","Sweeping Beam+1","Conserve Battery","Creative AI+1","Defragment+1","Turbo+1","Consume"],"relics":["Cracked Core","Eternal Feather","Sundial","Symbiotic Virus","Smiling Mask","Black Star"],"acts_visited":["Exordium","TheCity"],"potions_floor_usage":[25],"damage_taken":[{"damage":1.0,"enemies":"Cultist","floor":1.0,"turns":3.0},{"damage":0.0,"enemies":"Small Slimes","floor":2.0,"turns":4.0},{"damage":2.0,"enemies":"2 Louse","floor":4.0,"turns":2.0},{"damage":12.0,"enemies":"Exordium Thugs","floor":5.0,"turns":4.0},{"damage":12.0,"enemies":"Gremlin Nob","floor":7.0,"turns":4.0},{"damage":11.0,"enemies":"Exordium Wildlife","floor":10.0,"turns":3.0},{"damage":0.0,"enemies":"2 Fungi Beasts","floor":11.0,"turns":3.0},{"damage":22.0,"enemies":"Lagavulin","floor":14.0,"turns":7.0},{"damage":23.0,"enemies":"Slime Boss","floor":16.0,"turns":5.0},{"damage":14.0,"enemies":"Shell Parasite","floor":18.0,"turns":4.0},{"damage":29.0,"enemies":"2 Thieves","floor":20.0,"turns":4.0},{"damage":58,"enemies":"Slavers","floor":25,"turns":4}],"seed_played":"5381012035131634236","potions_obtained":[{"floor":1.0,"key":"Regen Potion"},{"floor":5.0,"key":"FearPotion"},{"floor":10.0,"key":"Fruit Juice"},{"floor":16.0,"key":"Ancient Potion"},{"floor":18.0,"key":"ColorlessPotion"}],"is_trial":false,"path_per_floor":["M","M","$","M","M","R","E","R","T","M","M","R","?","E","R","B",null,"M","?","M","?","?","R","$","E"],"character_chosen":"DEFECT","items_purchased":["Hello World","Ball Lightning","Consume"],"campfire_rested":1,"item_purchase_floors":[3,3,24],"current_hp_per_floor":[67,67,67,65,53,53,53,62,62,51,51,60,53,36,45,22,66,52,52,23,23,23,56,56,0,0],"gold":299,"neow_bonus":"HUNDRED_GOLD","is_daily":false,"chose_seed":false,"campfire_upgraded":4,"win_rate":0.0,"timestamp":1610768351,"path_taken":["M","?","$","M","M","R","E","R","T","M","M","R","?","E","R","BOSS","M","?","?","?","?","R","$","E"],"items_purchased_type":["Card","Card","Card"],"build_version":"2020-12-22","purchased_purges":2,"victory":false,"max_hp_per_floor":[75,75,75,75,75,75,75,75,75,75,75,75,75,80,80,80,80,80,80,80,80,80,80,80,80,80],"card_choices":[{"not_picked":["Sunder","Redo"],"picked":"Reinforced Body","floor":1.0},{"not_picked":["Compile Driver","Stack"],"picked":"Turbo","floor":2.0},{"not_picked":["Hologram","Gash"],"picked":"Sweeping Beam","floor":4.0},{"not_picked":["Blizzard","Go for the Eyes","Rip and Tear"],"picked":"SKIP","floor":5.0},{"not_picked":["Go for the Eyes","Barrage","Sweeping Beam"],"picked":"SKIP","floor":7.0},{"not_picked":["Steam","Compile Driver"],"picked":"Conserve Battery","floor":10.0},{"not_picked":["Gash","Turbo"],"picked":"Creative AI","floor":11.0},{"not_picked":["Sweeping Beam","Static Discharge"],"picked":"Defragment","floor":14.0},{"not_picked":["Steam","Genetic Algorithm"],"picked":"Turbo","floor":18.0},{"not_picked":["Auto Shields","Barrage","Doom and Gloom"],"picked":"SKIP","floor":20.0}],"player_experience":716259,"relics_obtained":[{"floor":7.0,"key":"Eternal Feather"},{"floor":9.0,"key":"Sundial"},{"floor":14.0,"key":"Smiling Mask"}],"event_choices":[{"damage_healed":0.0,"max_hp_gain":0.0,"max_hp_loss":0.0,"gold_gain":0.0,"event_name":"Scrap Ooze","player_choice":"Success","floor":13.0,"gold_loss":0.0,"damage_taken":7.0,"relics_obtained":["Symbiotic Virus"]},{"cards_removed":["Strike_B"],"damage_healed":0.0,"max_hp_gain":0.0,"max_hp_loss":0.0,"gold_gain":0.0,"event_name":"Purifier","player_choice":"Purged","floor":19.0,"gold_loss":0.0,"damage_taken":0.0},{"damage_healed":0.0,"max_hp_gain":0.0,"max_hp_loss":0.0,"gold_gain":99.0,"event_name":"Nest","player_choice":"Stole From Cult","floor":21.0,"gold_loss":0.0,"damage_taken":0.0},{"damage_healed":0.0,"max_hp_gain":0.0,"max_hp_loss":0.0,"gold_gain":0.0,"event_name":"Upgrade Shrine","player_choice":"Upgraded","floor":22.0,"gold_loss":0.0,"damage_taken":0.0,"cards_upgraded":["Turbo"]}],"is_beta":false,"boss_relics":[{"not_picked":["Snecko Eye","Coffee Dripper"],"picked":"Black Star"}],"items_purged_floors":[3,24],"is_endless":false,"potions_floor_spawned":[1,5,10,16,18],"killed_by":"Slavers","ascension_level":12}}