{"host":"dftyqn972q7tuon4","time":1610762393,"event":{"mods":["AchievementEnabler","BaseMod","Better Altar","Better Match","Better Note","Better Sensory Stone","Better Skull","Better Third Choice","Colored Powertips","Highlight Path","Minty Spire (QoL Compilation)","Permanent Neow","Quick Restart","StSLib"],"gold_per_floor":[109,126,136,146,146,146,179,32,56,56,76,41,60,109,109,206,206,220,233,0,0,0,0,0,27,27,43,63,63,96,54,54,159,159,177,177,177],"floor_reached":36,"language":"ENG","playtime":1828,"items_purged":["Strike_B","Defend_B"],"score":678,"play_id":"bd3dc17b-b5a2-4422-b884-20fc3ce053cb","local_time":"20210116025953","is_ascension_mode":true,"campfire_choices":[{"data":"Double Energy","floor":6,"key":"SMITH"},{"floor":15,"key":"REST"},{"floor":23,"key":"REST"},{"floor":29,"key":"REST"},{"data":"Defragment","floor":32,"key":"SMITH"}],"circlet_count":0,"master_deck":["AscendersBane","Strike_B","Strike_B","Defend_B","Defend_B","Defend_B","Zap","Dualcast","Forethought","Streamline","Double Energy+1","Leap","Lockon","Coolheaded","Defragment+1","Streamline","Capacitor","Creative AI","BootSequence","Sweeping Beam","Heatsinks","Bandage Up","Echo Form","Self Repair","Stack+1","Loop","Hello World+1","Leap","Creative AI","Self Repair+1"],"relics":["Cracked Core","HornCleat","Mummified Hand","Bag of Marbles","MealTicket","Sozu","Bloody Idol","Vajra","The Courier","Strawberry","Inserter"],"acts_visited":["Exordium","TheCity","TheBeyond"],"potions_floor_usage":[16,18,25,25],"damage_taken":[{"damage":1,"enemies":"Cultist","floor":1,"turns":3},{"damage":1,"enemies":"2 Louse","floor":2,"turns":2},{"damage":9,"enemies":"Jaw Worm","floor":3,"turns":3},{"damage":1,"enemies":"2 Fungi Beasts","floor":4,"turns":3},{"damage":30,"enemies":"Lagavulin","floor":7,"turns":6},{"damage":16,"enemies":"Exordium Wildlife","floor":11,"turns":5},{"damage":2,"enemies":"Large Slime","floor":13,"turns":4},{"damage":5,"enemies":"The Guardian","floor":16,"turns":10},{"damage":9,"enemies":"2 Thieves","floor":18,"turns":5},{"damage":0,"enemies":"Chosen","floor":19,"turns":5},{"damage":34,"enemies":"Slavers","floor":25,"turns":5},{"damage":28,"enemies":"3 Cultists","floor":27,"turns":5},{"damage":14,"enemies":"Shelled Parasite and Fungi","floor":28,"turns":6},{"damage":13,"enemies":"Gremlin Leader","floor":30,"turns":6},{"damage":0,"enemies":"Champ","floor":33,"turns":10},{"damage":33,"enemies":"3 Darklings","floor":35,"turns":6},{"damage":73,"enemies":"2 Orb Walkers","floor":36,"turns":4}],"seed_played":"6683790567497624367","potions_obtained":[{"floor":1,"key":"FocusPotion"},{"floor":7,"key":"FocusPotion"},{"floor":13,"key":"Block Potion"},{"floor":16,"key":"EssenceOfSteel"}],"is_trial":false,"path_per_floor":["M","M","M","M","T","R","E","$","T","?","M","?","M","T","R","B",null,"M","M","$","?","?","R","$","E","T","M","M","R","E","$","R","B",null,"M","?"],"character_chosen":"DEFECT","items_purchased":["Defragment","Heatsinks","Bandage Up","Leap"],"campfire_rested":3,"item_purchase_floors":[8,20,20,31],"current_hp_per_floor":[67,66,57,56,56,56,26,26,26,26,10,10,8,8,30,25,63,54,54,69,54,16,38,53,32,32,27,29,51,68,82,82,82,82,65,0,0],"gold":177,"neow_bonus":"RANDOM_COLORLESS","is_daily":false,"chose_seed":false,"campfire_upgraded":2,"win_rate":0.0,"timestamp":1610762393,"path_taken":["M","?","M","M","?","R","E","?","T","?","?","?","M","?","R","BOSS","M","M","$","?","?","R","$","E","T","M","M","R","E","?","R","BOSS","M","?"],"items_purchased_type":["Card","Card","Card","Card"],"build_version":"2020-12-22","purchased_purges":2,"victory":false,"max_hp_per_floor":[75,75,75,75,75,75,75,75,75,75,75,75,75,75,75,75,75,75,75,75,75,75,75,75,75,75,75,75,75,82,82,82,82,82,82,82,82],"card_choices":[{"not_picked":["Impatience","Discovery"],"picked":"Forethought","floor":0},{"not_picked":["Cold Snap","Steam"],"picked":"Streamline","floor":1},{"not_picked":["Reinforced Body","Melter"],"picked":"Double Energy","floor":2},{"not_picked":["Genetic Algorithm","Stack"],"picked":"Leap","floor":3},{"not_picked":["Cold Snap","Chaos"],"picked":"Lockon","floor":4},{"not_picked":["Auto Shields","Conserve Battery"],"picked":"Coolheaded","floor":7},{"not_picked":["Cold Snap","Auto Shields"],"picked":"Streamline","floor":11},{"not_picked":["Redo","Conserve Battery"],"picked":"Capacitor","floor":13},{"not_picked":["Meteor Strike","Biased Cognition"],"picked":"Creative AI","floor":16},{"not_picked":["Genetic Algorithm+1","Sweeping Beam+1"],"picked":"BootSequence","floor":18},{"not_picked":["Reprogram","Gash"],"picked":"Sweeping Beam","floor":19},{"not_picked":["Static Discharge","Multi-Cast"],"picked":"Self Repair","floor":25},{"not_picked":["Beam Cell+1","Skim+1"],"picked":"Stack+1","floor":27},{"not_picked":["Streamline+1","Rebound"],"picked":"Loop","floor":28},{"not_picked":["Tempest+1","Blizzard"],"picked":"Hello World+1","floor":30},{"not_picked":["Seek","Multi-Cast"],"picked":"Creative AI","floor":33},{"not_picked":["Redo+1","Turbo+1"],"picked":"Self Repair+1","floor":35}],"player_experience":659663,"relics_obtained":[{"floor":5,"key":"HornCleat"},{"floor":7,"key":"Mummified Hand"},{"floor":9,"key":"Bag of Marbles"},{"floor":14,"key":"MealTicket"},{"floor":25,"key":"Vajra"},{"floor":26,"key":"The Courier"},{"floor":30,"key":"Strawberry"}],"event_choices":[{"cards_removed":["Strike_B"],"damage_healed":0,"gold_gain":0,"player_choice":"Forget","damage_taken":0,"max_hp_gain":0,"max_hp_loss":0,"event_name":"Living Wall","floor":10,"gold_loss":0},{"damage_healed":0,"gold_gain":0,"player_choice":"Left","damage_taken":0,"max_hp_gain":0,"max_hp_loss":0,"event_name":"betterThird:BetterGoop","floor":12,"gold_loss":35},{"damage_healed":0,"gold_gain":2,"player_choice":"2","damage_taken":0,"max_hp_gain":0,"max_hp_loss":15,"event_name":"betterStone:BetterStone","floor":21,"gold_loss":0},{"damage_healed":0,"gold_gain":0,"player_choice":" Idol ","damage_taken":38,"relics_obtained":["Bloody Idol"],"max_hp_gain":54,"max_hp_loss":16,"event_name":"betterAltar:BetterAltar","floor":22,"potions_obtained":[],"relics_lost":[],"gold_loss":0},{"damage_healed":0,"gold_gain":0,"player_choice":"Fight","damage_taken":0,"max_hp_gain":0,"max_hp_loss":0,"event_name":"Mysterious Sphere","floor":36,"gold_loss":0}],"is_beta":false,"boss_relics":[{"not_picked":["Philosopher\u0027s Stone","Fusion Hammer"],"picked":"Sozu"},{"not_picked":["SlaversCollar","Pandora\u0027s Box"],"picked":"Inserter"}],"items_purged_floors":[8,20],"is_endless":false,"potions_floor_spawned":[1,7,13,16,19,25,28,30,33],"killed_by":"2 Orb Walkers","ascension_level":10}}