{"host":"3oax8yz66k5njorr","time":1610786541,"event":{"mods":["AchievementEnabler","BaseMod","Colored Map","Colored Powertips","DeckTracker","Minty Spire (QoL Compilation)","Rare Cards Sparkle"],"gold_per_floor":[115,63,73,83,14,14,32,43,125,137,137,172,172,191,191,296,296,307,324,341,355,375,375,390,405,405,405,405,85,97,112,112,112,112],"floor_reached":33,"language":"KOR","playtime":1749,"items_purged":["Strike_G"],"score":282,"play_id":"03ac7f00-d5e5-4344-ab7f-5a5ab8ba44cd","local_time":"20210116174221","is_ascension_mode":false,"campfire_choices":[{"data":"Skewer","floor":6.0,"key":"SMITH"},{"data":"Adrenaline","floor":11.0,"key":"SMITH"},{"data":"Neutralize","floor":13,"key":"SMITH"},{"data":"Footwork","floor":15,"key":"SMITH"},{"floor":23,"key":"REST"},{"floor":32,"key":"REST"}],"circlet_count":0,"master_deck":["Strike_G","Strike_G","Strike_G","Strike_G","Defend_G","Defend_G","Defend_G","Defend_G+1","Defend_G","Survivor","Neutralize+1","Adrenaline+1","Quick Slash","Poisoned Stab","Skewer+1","Footwork+1","Infinite Blades","Corpse Explosion","Backflip+1","PiercingWail","Dash","Adrenaline","Well Laid Plans+1","Deflect","Acrobatics+1","PiercingWail+1","Crippling Poison","Quick Slash+1","Dagger Spray+1","Flying Knee+1","Adrenaline","Dagger Spray+1","Blur","Footwork"],"relics":["Ring of the Snake","Prayer Wheel","Pear","War Paint","Blue Candle"],"acts_visited":["Exordium","TheCity"],"potions_floor_usage":[16,20,22,22,22,30,30,33,33],"damage_taken":[{"damage":0.0,"enemies":"2 Louse","floor":1.0,"turns":3.0},{"damage":1.0,"enemies":"Cultist","floor":3.0,"turns":5.0},{"damage":8.0,"enemies":"Jaw Worm","floor":4.0,"turns":3.0},{"damage":4.0,"enemies":"Large Slime","floor":7.0,"turns":4.0},{"damage":0.0,"enemies":"Blue Slaver","floor":8.0,"turns":3.0},{"damage":1.0,"enemies":"Exordium Thugs","floor":10.0,"turns":3.0},{"damage":9,"enemies":"3 Sentries","floor":12,"turns":3},{"damage":1,"enemies":"2 Fungi Beasts","floor":14,"turns":3},{"damage":34,"enemies":"The Guardian","floor":16,"turns":12},{"damage":11,"enemies":"Shell Parasite","floor":18,"turns":8},{"damage":8,"enemies":"Spheric Guardian","floor":19,"turns":8},{"damage":0,"enemies":"Snecko","floor":20,"turns":4},{"damage":50,"enemies":"Cultist and Chosen","floor":21,"turns":7},{"damage":0,"enemies":"Centurion and Healer","floor":22,"turns":7},{"damage":3,"enemies":"3 Cultists","floor":24,"turns":4},{"damage":24,"enemies":"Shelled Parasite and Fungi","floor":25,"turns":9},{"damage":7,"enemies":"Sentry and Sphere","floor":30,"turns":4},{"damage":0,"enemies":"Cultist and Chosen","floor":31,"turns":6},{"damage":40,"enemies":"Automaton","floor":33,"turns":6}],"seed_played":"1972985847561249536","potions_obtained":[{"floor":3.0,"key":"ColorlessPotion"},{"floor":4.0,"key":"Weak Potion"},{"floor":12,"key":"GhostInAJar"},{"floor":16,"key":"EssenceOfSteel"},{"floor":18,"key":"Dexterity Potion"},{"floor":20,"key":"Regen Potion"},{"floor":22,"key":"FearPotion"},{"floor":30,"key":"CultistPotion"},{"floor":31,"key":"PowerPotion"}],"is_trial":false,"path_per_floor":["M","?","M","M","$","R","M","M","T","M","R","E","R","M","R","B",null,"M","M","M","M","M","R","M","M","T","?","?","$","M","M","R","B"],"character_chosen":"THE_SILENT","items_purchased":["Skewer","Blur","Footwork","Swift Potion","Energy Potion"],"campfire_rested":2,"item_purchase_floors":[5,29,29,29,29],"current_hp_per_floor":[70,70,69,61,61,61,57,57,67,66,66,57,57,56,56,22,80,69,61,61,11,26,50,47,23,23,23,8,8,1,1,26,0,0],"gold":112,"neow_bonus":"ONE_RANDOM_RARE_CARD","is_daily":false,"chose_seed":false,"campfire_upgraded":4,"win_rate":0.0,"timestamp":1610786541,"path_taken":["M","?","M","M","$","R","M","?","T","M","R","E","R","M","R","BOSS","M","M","M","M","M","R","M","M","T","?","?","?","M","M","R","BOSS"],"items_purchased_type":["Card","Card","Card","Potion","Potion"],"build_version":"2020-12-22","purchased_purges":1,"victory":false,"max_hp_per_floor":[70,70,70,70,70,70,70,70,80,80,80,80,80,80,80,80,80,80,80,80,80,80,80,80,80,80,80,85,85,85,85,85,85,85],"card_choices":[{"not_picked":["Acrobatics","PiercingWail","Tactician"],"picked":"SKIP","floor":1.0},{"not_picked":["Bane","Underhanded Strike"],"picked":"Quick Slash","floor":3.0},{"not_picked":["Dodge and Roll","Quick Slash","Acrobatics"],"picked":"SKIP","floor":3.0},{"not_picked":["Flechettes","Choke"],"picked":"Poisoned Stab","floor":4.0},{"not_picked":["Deflect","Noxious Fumes","Choke"],"picked":"SKIP","floor":4.0},{"not_picked":["Quick Slash","Well Laid Plans"],"picked":"Footwork","floor":7.0},{"not_picked":["Accuracy","Blade Dance"],"picked":"Infinite Blades","floor":7.0},{"not_picked":["Bouncing Flask","Calculated Gamble"],"picked":"Corpse Explosion","floor":8.0},{"not_picked":["Quick Slash","Deadly Poison","Endless Agony"],"picked":"SKIP","floor":8.0},{"not_picked":["Endless Agony","Eviscerate"],"picked":"Backflip","floor":10.0},{"not_picked":["Reflex","Deadly Poison"],"picked":"PiercingWail","floor":10.0},{"not_picked":["Flechettes","Underhanded Strike","Bane"],"picked":"SKIP","floor":12},{"not_picked":["Endless Agony","Crippling Poison"],"picked":"Dash","floor":14},{"not_picked":["Reflex","Backflip","Bane"],"picked":"SKIP","floor":14},{"not_picked":["Malaise","Unload"],"picked":"Adrenaline","floor":16},{"not_picked":["Slice+1","Blade Dance"],"picked":"Well Laid Plans+1","floor":18},{"not_picked":["PiercingWail","Eviscerate","Expertise"],"picked":"SKIP","floor":18},{"not_picked":["Eviscerate","Sucker Punch+1"],"picked":"Deflect","floor":19},{"not_picked":["Sucker Punch","Poisoned Stab"],"picked":"Acrobatics+1","floor":19},{"not_picked":["Doppelganger","Outmaneuver"],"picked":"PiercingWail+1","floor":20},{"not_picked":["Catalyst+1","Dash+1"],"picked":"Crippling Poison","floor":20},{"not_picked":["Blade Dance","Dagger Throw"],"picked":"Quick Slash+1","floor":21},{"not_picked":["Crippling Poison","Sucker Punch","Dagger Throw"],"picked":"SKIP","floor":21},{"not_picked":["PiercingWail+1","Cloak And Dagger"],"picked":"Dagger Spray+1","floor":22},{"not_picked":["Underhanded Strike","Calculated Gamble+1","Backflip"],"picked":"SKIP","floor":22},{"not_picked":["Distraction","Masterful Stab"],"picked":"Flying Knee+1","floor":24},{"not_picked":["Endless Agony","Catalyst","Prepared"],"picked":"SKIP","floor":24},{"not_picked":["Outmaneuver","Crippling Poison+1"],"picked":"Adrenaline","floor":25},{"not_picked":["Distraction","Bane"],"picked":"Dagger Spray+1","floor":25},{"not_picked":["Dagger Spray","Poisoned Stab","Dagger Throw+1"],"picked":"SKIP","floor":30},{"not_picked":["Prepared","Heel Hook+1","Calculated Gamble"],"picked":"SKIP","floor":30},{"not_picked":["Dagger Throw+1","Underhanded Strike","Sucker Punch"],"picked":"SKIP","floor":31},{"not_picked":["Prepared","Bane+1","Infinite Blades"],"picked":"SKIP","floor":31}],"player_experience":54697,"relics_obtained":[{"floor":9.0,"key":"Pear"},{"floor":12,"key":"War Paint"},{"floor":26,"key":"Blue Candle"}],"event_choices":[{"damage_healed":0.0,"max_hp_gain":0.0,"max_hp_loss":0.0,"gold_gain":0.0,"event_name":"WeMeetAgain","player_choice":"Paid Gold","floor":2.0,"gold_loss":52.0,"damage_taken":0.0,"relics_obtained":["Prayer Wheel"]},{"damage_healed":0,"gold_gain":0,"player_choice":"Ignored","damage_taken":0,"max_hp_gain":0,"max_hp_loss":0,"event_name":"Ghosts","floor":27,"gold_loss":0},{"damage_healed":0,"gold_gain":0,"player_choice":"Shed Blood","damage_taken":20,"max_hp_gain":5,"max_hp_loss":0,"event_name":"Forgotten Altar","floor":28,"gold_loss":0}],"is_beta":false,"boss_relics":[{"not_picked":["Cursed Key","Ring of the Serpent","Busted Crown"]}],"items_purged_floors":[29],"is_endless":false,"potions_floor_spawned":[3,4,12,16,18,20,22,30,31],"killed_by":"Automaton","ascension_level":0}}