{"host":"8fuipfsvjht9cgcs","time":1610766242,"event":{"mods":["AchievementEnabler","BaseMod","Colored Map","Colored Powertips","DeckTracker","Friendly Minions","Kiyohime£¨?ýï£©","Marisa£¨Ùöéë¡¡Øª×âÞÞ£©","Minty Spire (QoL Compilation)","Prisma Mod","Replay The Spire","StSLib","SuperFastMode","The Cursed","The Gatherer"],"gold_per_floor":[115,115,40,51,51,85,95,125,125,125,155,155,168,179,179,275,275,312,348,366,276,176,176,176],"floor_reached":23,"language":"KOR","playtime":840,"items_purged":["Strike_P","Defend_P"],"score":319,"play_id":"0e48592a-b7fd-4f5e-b13a-aaef29f94f31","local_time":"20210116160402","is_ascension_mode":true,"campfire_choices":[{"data":"Eruption","floor":10.0,"key":"SMITH"},{"data":"Vault","floor":12.0,"key":"SMITH"},{"floor":15.0,"key":"REST"}],"circlet_count":0,"master_deck":["Strike_P","Strike_P","Defend_P+1","Defend_P","Eruption+1","Vigilance","Consecrate","InnerPeace","DeusExMachina","Tantrum","Vault+1","Wish","ClearTheMind+1"],"relics":["PureWater","NeowsBlessing","Mummified Hand","Question Card","Torii","Frozen Egg 2","Gambling Chip","Black Star"],"acts_visited":["Exordium","TheCity"],"potions_floor_usage":[],"damage_taken":[{"damage":0.0,"enemies":"Small Slimes","floor":1.0,"turns":1.0},{"damage":0.0,"enemies":"2 Louse","floor":4.0,"turns":1.0},{"damage":0.0,"enemies":"Lagavulin","floor":6.0,"turns":1.0},{"damage":0.0,"enemies":"Cultist","floor":7.0,"turns":3.0},{"damage":16.0,"enemies":"Gremlin Nob","floor":8.0,"turns":3.0},{"damage":22.0,"enemies":"Replay:BlueRogue","floor":11.0,"turns":2.0},{"damage":0.0,"enemies":"Large Slime","floor":13.0,"turns":4.0},{"damage":1.0,"enemies":"Lots of Slimes","floor":14.0,"turns":2.0},{"damage":11.0,"enemies":"Fading Forest","floor":16.0,"turns":12.0},{"damage":8.0,"enemies":"Chosen","floor":18.0,"turns":5.0},{"damage":13.0,"enemies":"Spheric Guardian","floor":19.0,"turns":4.0},{"damage":11.0,"enemies":"Shelled Parasite and Fungi","floor":20.0,"turns":4.0},{"damage":29,"enemies":"Book of Stabbing","floor":23,"turns":7}],"seed_played":"1004356943466114106","potions_obtained":[{"floor":8.0,"key":"FairyPotion"},{"floor":11.0,"key":"Toxic Potion"},{"floor":14.0,"key":"Strength Potion"},{"floor":16.0,"key":"StancePotion"}],"is_trial":false,"path_per_floor":["M","?","$","M","?","E","M","E","T","R","E","R","M","M","R","B",null,"M","M","M","?","$","E"],"character_chosen":"WATCHER","items_purchased":[],"campfire_rested":1,"item_purchase_floors":[],"current_hp_per_floor":[65,40,40,40,40,40,40,24,24,24,2,2,2,1,22,27,61,53,40,29,29,29,21,21],"gold":176,"neow_bonus":"THREE_ENEMY_KILL","is_daily":false,"chose_seed":false,"campfire_upgraded":2,"win_rate":0.0,"timestamp":1610766242,"path_taken":["M","?","$","M","?","E","M","E","T","R","E","R","M","?","R","BOSS","M","M","M","?","$","E"],"items_purchased_type":[],"build_version":"2020-12-22","purchased_purges":2,"victory":false,"max_hp_per_floor":[72,72,72,72,72,72,72,72,72,72,72,72,72,72,72,72,72,72,72,72,72,72,72,72],"card_choices":[{"not_picked":["FlurryOfBlows","Replay:ManipulateFuture"],"picked":"Consecrate","floor":1.0},{"not_picked":["CarveReality","PathToVictory","Prostrate"],"picked":"SKIP","floor":4.0},{"not_picked":["CutThroughFate","Evaluate"],"picked":"InnerPeace","floor":6.0},{"not_picked":["Fasting2","ReachHeaven","FlurryOfBlows"],"picked":"DeusExMachina","floor":7.0},{"not_picked":["Halt","CrushJoints","EmptyBody"],"picked":"Tantrum","floor":8.0},{"not_picked":["EmptyBody","PathToVictory","Vengeance"],"picked":"Vault","floor":11.0},{"not_picked":["Replay:BluntJabs","Weave","ClearTheMind","CrushJoints"],"picked":"SKIP","floor":13.0},{"not_picked":["DeceiveReality","Replay:AtTheReady","Vengeance","Consecrate"],"picked":"SKIP","floor":14.0},{"not_picked":["Devotion+1","Judgement","Alpha"],"picked":"Wish","floor":16.0},{"not_picked":["Protect","FollowUp","Sanctity+1","ThirdEye+1"],"picked":"SKIP","floor":18.0},{"not_picked":["Pray","TalkToTheHand","ClearTheMind","EmptyFist+1"],"picked":"SKIP","floor":19.0},{"not_picked":["Worship","Indignation","Pray"],"picked":"ClearTheMind+1","floor":20.0}],"player_experience":411158,"relics_obtained":[{"floor":6.0,"key":"Question Card"},{"floor":8.0,"key":"Torii"},{"floor":9.0,"key":"Frozen Egg 2"},{"floor":11.0,"key":"Gambling Chip"}],"event_choices":[{"damage_healed":0.0,"max_hp_gain":0.0,"max_hp_loss":0.0,"gold_gain":0.0,"event_name":"Scrap Ooze","player_choice":"Success","floor":2.0,"gold_loss":0.0,"damage_taken":25.0,"relics_obtained":["Mummified Hand"]},{"cards_removed":["Defend_P"],"damage_healed":0.0,"max_hp_gain":0.0,"max_hp_loss":0.0,"gold_gain":0.0,"event_name":"Bonfire Elementals","player_choice":"Offered Basic","floor":5.0,"gold_loss":0.0,"damage_taken":0.0},{"cards_removed":["Strike_P"],"damage_healed":0,"gold_gain":0,"player_choice":"Upgrade and Remove","damage_taken":0,"max_hp_gain":0,"max_hp_loss":0,"event_name":"Designer","floor":21,"gold_loss":90,"cards_upgraded":["Defend_P"]}],"is_beta":false,"boss_relics":[{"not_picked":["Tiny House","Cursed Key"],"picked":"Black Star"}],"items_purged_floors":[3,22],"is_endless":false,"potions_floor_spawned":[8,11,14,16,18],"killed_by":"Book of Stabbing","ascension_level":7}}