{"host":"byo4257mpp7krjml","time":1610820162,"event":{"mods":["BaseMod","Beaked The Cultist","Colored Map","Dio Mod","Googly Eyes","Hermit","Infinite Spire","Mad Scientist","Minty Spire (QoL Compilation)","Replay The Spire","StSLib","The Hayseed","The IronCluck","The Mystic"],"gold_per_floor":[110,185,204,55,55,55,32,32,58,71,89,14,14,25,25,120,120,131,131,115,115,131,131,144,158,236,236,236,236,236],"floor_reached":29,"language":"ENG","playtime":2717,"items_purged":["TheSimpletonMod:Strike_TheSimpleton"],"score":215,"play_id":"c9c4b4d0-6a59-4161-8edf-e79d005525fd","local_time":"20210116130242","is_ascension_mode":false,"campfire_choices":[{"data":"TheSimpletonMod:Swelter","floor":6,"key":"SMITH"},{"data":"TheSimpletonMod:Ferment","floor":8,"key":"SMITH"},{"data":"TheSimpletonMod:CropRotation","floor":13,"key":"SMITH"},{"data":"TheSimpletonMod:PestManagement","floor":15,"key":"SMITH"},{"data":"TheSimpletonMod:Pruning","floor":23,"key":"SMITH"},{"data":"TheSimpletonMod:SpiceUp","floor":27,"key":"SMITH"}],"circlet_count":0,"master_deck":["TheSimpletonMod:Strike_TheSimpleton+1","TheSimpletonMod:Strike_TheSimpleton+1","TheSimpletonMod:Strike_TheSimpleton+1","TheSimpletonMod:Defend_TheSimpleton+1","TheSimpletonMod:Defend_TheSimpleton+1","TheSimpletonMod:Defend_TheSimpleton+1","TheSimpletonMod:Defend_TheSimpleton+1","TheSimpletonMod:Haymaker+1","TheSimpletonMod:ReapAndSow","TheSimpletonMod:Sunseed+1","TheSimpletonMod:SeedCoat","TheSimpletonMod:Potatoes","TheSimpletonMod:Swelter+1","TheSimpletonMod:RootDown","TheSimpletonMod:Ferment+1","TheSimpletonMod:SaladShooter","TheSimpletonMod:CropRotation+1","TheSimpletonMod:PestManagement+1","TheSimpletonMod:Asparagus","TheSimpletonMod:SpiceUp+1","TheSimpletonMod:BumperCrop+1","TheSimpletonMod:Pruning+1","TheSimpletonMod:CullingStrike","TheSimpletonMod:CloseScrape"],"relics":["TheSimpletonMod:SpudOfTheInnocent","TheSimpletonMod:NightSoil","TheSimpletonMod:TheHarvester","Replay:Baseball","Coffee Dripper","Snack Pack"],"acts_visited":["Exordium","TheCity"],"potions_floor_usage":[],"damage_taken":[{"damage":10,"enemies":"Jaw Worm","floor":1,"turns":4},{"damage":1,"enemies":"Cultist","floor":3,"turns":3},{"damage":0,"enemies":"2 Louse","floor":10,"turns":3},{"damage":13,"enemies":"Red Slaver","floor":11,"turns":2},{"damage":7,"enemies":"Blue Slaver","floor":14,"turns":3},{"damage":39,"enemies":"Slime Boss","floor":16,"turns":13},{"damage":23,"enemies":"Shell Parasite","floor":18,"turns":5},{"damage":15,"enemies":"2 Thieves","floor":20,"turns":4},{"damage":21,"enemies":"Snake Plant","floor":22,"turns":7},{"damage":23,"enemies":"Cultist and Chosen","floor":24,"turns":8},{"damage":10,"enemies":"Centurion and Healer","floor":25,"turns":7},{"damage":21,"enemies":"Snake Plant","floor":29,"turns":2}],"seed_played":"3846816164995209158","potions_obtained":[{"floor":1,"key":"Reflective Coating"},{"floor":3,"key":"Strength Potion"},{"floor":10,"key":"Elixir"},{"floor":22,"key":"Dexterity Potion"}],"is_trial":false,"path_per_floor":["M","?","M","$","?","R","$","R","T","M","M","$","R","M","R","B",null,"M","AVR","M","?","M","R","M","M","T","R","?","M"],"character_chosen":"THE_SIMPLETON","items_purchased":["TheSimpletonMod:Potatoes","TheSimpletonMod:Swelter","TheSimpletonMod:RootDown","TheSimpletonMod:Ferment"],"campfire_rested":0,"item_purchase_floors":[4,4,4,7],"current_hp_per_floor":[72,61,64,64,64,64,64,64,64,68,59,59,59,56,56,21,82,63,63,52,52,37,37,20,16,16,16,16,0,0],"gold":236,"neow_bonus":"TEN_PERCENT_HP_BONUS","is_daily":false,"chose_seed":false,"campfire_upgraded":6,"win_rate":0.0,"timestamp":1610820162,"path_taken":["M","?","M","$","?","R","$","R","T","M","?","?","R","M","R","BOSS","M","AVR","M","?","M","R","?","M","T","R","?","M"],"items_purchased_type":["Card","Card","Card","Card"],"build_version":"2020-12-22","purchased_purges":1,"victory":false,"max_hp_per_floor":[82,82,82,82,82,82,82,82,82,82,82,82,82,82,82,82,82,82,82,82,82,82,82,82,82,82,82,82,82,82],"card_choices":[{"not_picked":["TheSimpletonMod:PestManagement","TheSimpletonMod:BumperCrop"],"picked":"TheSimpletonMod:Sunseed","floor":1},{"not_picked":["TheSimpletonMod:VineRipen","TheSimpletonMod:GoToMarket"],"picked":"TheSimpletonMod:SeedCoat","floor":3},{"not_picked":["TheSimpletonMod:Mulch","TheSimpletonMod:PestManagement"],"picked":"TheSimpletonMod:SaladShooter","floor":10},{"not_picked":["TheSimpletonMod:Aerate","TheSimpletonMod:Fertilaser"],"picked":"TheSimpletonMod:CropRotation","floor":11},{"not_picked":["TheSimpletonMod:Rototilling","TheSimpletonMod:ToughenUp"],"picked":"TheSimpletonMod:PestManagement","floor":14},{"not_picked":["TheSimpletonMod:BuzzBomb","TheSimpletonMod:ResearchGrant"],"picked":"TheSimpletonMod:Asparagus","floor":16},{"not_picked":["TheSimpletonMod:Aerate","TheSimpletonMod:Thresh"],"picked":"TheSimpletonMod:SpiceUp","floor":18},{"not_picked":["TheSimpletonMod:Swelter","TheSimpletonMod:Rototilling+1"],"picked":"TheSimpletonMod:BumperCrop+1","floor":20},{"not_picked":["TheSimpletonMod:Innovate","TheSimpletonMod:SaladShooter+1"],"picked":"TheSimpletonMod:Pruning","floor":22},{"not_picked":["TheSimpletonMod:Rototilling","TheSimpletonMod:GoToMarket"],"picked":"TheSimpletonMod:CullingStrike","floor":24},{"not_picked":["TheSimpletonMod:CropRotation+1","TheSimpletonMod:OnionBloom"],"picked":"TheSimpletonMod:CloseScrape","floor":25}],"player_experience":108741,"relics_obtained":[{"floor":9,"key":"Replay:Baseball"},{"floor":26,"key":"Snack Pack"}],"event_choices":[{"damage_healed":0,"gold_gain":75,"player_choice":"Gather Gold","damage_taken":11,"max_hp_gain":0,"max_hp_loss":0,"event_name":"World of Goop","floor":2,"gold_loss":0},{"damage_healed":0,"gold_gain":0,"player_choice":"Upgraded","damage_taken":0,"max_hp_gain":0,"max_hp_loss":0,"event_name":"Upgrade Shrine","floor":5,"gold_loss":0,"cards_upgraded":["TheSimpletonMod:Sunseed"]},{"damage_healed":0,"gold_gain":0,"player_choice":"Forge","damage_taken":0,"max_hp_gain":0,"max_hp_loss":0,"event_name":"Accursed Blacksmith","floor":21,"gold_loss":0,"cards_upgraded":["TheSimpletonMod:Haymaker"]},{"damage_healed":0,"gold_gain":0,"player_choice":"Simplicity","damage_taken":0,"max_hp_gain":0,"max_hp_loss":0,"event_name":"Back to Basics","floor":28,"gold_loss":0,"cards_upgraded":["TheSimpletonMod:Strike_TheSimpleton","TheSimpletonMod:Strike_TheSimpleton","TheSimpletonMod:Strike_TheSimpleton","TheSimpletonMod:Defend_TheSimpleton","TheSimpletonMod:Defend_TheSimpleton","TheSimpletonMod:Defend_TheSimpleton","TheSimpletonMod:Defend_TheSimpleton"]}],"is_beta":false,"boss_relics":[{"not_picked":["beaked:MawFillet","Runic Dome"],"picked":"Coffee Dripper"}],"items_purged_floors":[12],"is_endless":false,"potions_floor_spawned":[1,3,10,18,22],"killed_by":"Snake Plant","ascension_level":0}}