{"host":"7w5rsz9p0drt1vco","time":1610832328,"event":{"mods":["Aspiration","BaseMod","Colored Powertips","Conspire","Hubris","Infinite Spire","Jedi Mod","Minty Spire (QoL Compilation)","Replay The Spire","StSLib","The Construct","The Cursed","The Jungle","The Mystic","The Runesmith","The Spell Scribe"],"gold_per_floor":[118,130,130,130,153,187,187,205,252,281,281,309,327,287,287,403,403,444,444,474,474,121,139,139],"floor_reached":23,"language":"ENG","playtime":1615,"items_purged":[],"score":201,"play_id":"f476a9bb-4269-4679-8da3-c56a0d01f3d4","local_time":"20210116182528","is_ascension_mode":true,"campfire_choices":[{"floor":15,"key":"REST"}],"circlet_count":0,"master_deck":["Strike_R","Strike_R","Strike_R","Strike_R","Strike_R","Defend_R","Defend_R","Defend_R","Defend_R","Bash","Body Slam","ReplayTheSpireMod:Muscle Training","jedi:controlledanger","Shrug It Off","Heavy Blade","Metallicize","Anger","Cleave","Cleave","Limit Break","Ghostly Armor+1","Rupture"],"relics":["Burning Blood","aspiration:Nostalgia","Cracked Core","Tiny Chest","PreservedInsect","Replay:Bandana","conspire:SeveredTorchhead","hubris:CrystalStatue","jedi:arcanewood","Replay:Wax Seal","Mirror"],"acts_visited":["Exordium","TheCity"],"potions_floor_usage":[16,16,16],"damage_taken":[{"damage":0,"enemies":"Jaw Worm","floor":1,"turns":4},{"damage":0,"enemies":"conspire:RoseBush","floor":2,"turns":3},{"damage":42,"enemies":"Lagavulin","floor":6,"turns":7},{"damage":0,"enemies":"2 Louse","floor":8,"turns":3},{"damage":18,"enemies":"Large Slime","floor":10,"turns":7},{"damage":17,"enemies":"Lots of Slimes","floor":12,"turns":4},{"damage":9,"enemies":"conspire:2 RoseBushes","floor":13,"turns":4},{"damage":48,"enemies":"The Guardian","floor":16,"turns":9},{"damage":18,"enemies":"2 Thieves","floor":18,"turns":3},{"damage":23,"enemies":"conspire:FuzzyDice","floor":20,"turns":7},{"damage":59,"enemies":"Slavers","floor":23,"turns":4}],"seed_played":"-6919923669679806395","potions_obtained":[{"floor":1,"key":"GamblersBrew"},{"floor":12,"key":"DistilledChaos"},{"floor":13,"key":"Strength Potion"},{"floor":16,"key":"Toxic Potion"}],"is_trial":false,"path_per_floor":["M","M","?","?","T","E","?","M","T","M","?","M","M","$","R","B",null,"M","T","M","?","$","E"],"character_chosen":"IRONCLAD","items_purchased":["Cleave","Replay:Wax Seal","Mirror","Rupture"],"campfire_rested":1,"item_purchase_floors":[14,22,22,22],"current_hp_per_floor":[80,80,80,80,80,44,44,50,50,38,62,51,48,48,72,30,80,68,68,51,51,51,0,0],"gold":139,"neow_bonus":"NOSTALGIA","is_daily":false,"chose_seed":false,"campfire_upgraded":0,"win_rate":0.0,"timestamp":1610832328,"path_taken":["M","M","?","?","?","E","?","M","T","?","?","M","M","$","R","BOSS","M","?","M","?","$","E"],"items_purchased_type":["Card","Relic","Relic","Card"],"build_version":"2020-12-22","purchased_purges":0,"victory":false,"max_hp_per_floor":[80,80,80,80,80,80,80,80,80,80,80,80,80,80,80,80,80,80,80,80,80,80,80,80],"card_choices":[{"not_picked":["Clash","Headbutt"],"picked":"Body Slam","floor":1},{"not_picked":["True Grit","Perfected Strike","Replay:Undeath\u0027s Touch"],"picked":"SKIP","floor":2},{"not_picked":["ReplayTheSpireMod:Limb From Limb","Twin Strike"],"picked":"jedi:controlledanger","floor":6},{"not_picked":["Bloodletting","Clash"],"picked":"Shrug It Off","floor":8},{"not_picked":["Intimidate","Clash"],"picked":"Heavy Blade","floor":10},{"not_picked":["Thunderclap","Clothesline"],"picked":"Metallicize","floor":12},{"not_picked":["Eclipse","Abandon"],"picked":"Anger","floor":13},{"not_picked":["Reaper","hubris:StunningStrike"],"picked":"Limit Break","floor":16},{"not_picked":["Headbutt","Twin Strike","Cleave"],"picked":"SKIP","floor":18},{"not_picked":["Clash","Pummel"],"picked":"Ghostly Armor+1","floor":20}],"player_experience":136827,"relics_obtained":[{"floor":5,"key":"Tiny Chest"},{"floor":6,"key":"PreservedInsect"},{"floor":9,"key":"Replay:Bandana"},{"floor":19,"key":"hubris:CrystalStatue"},{"floor":21,"key":"jedi:arcanewood"}],"event_choices":[{"damage_healed":0,"gold_gain":0,"player_choice":"Leave","damage_taken":0,"max_hp_gain":0,"max_hp_loss":0,"event_name":"The Cleric","floor":4,"gold_loss":0},{"damage_healed":0,"gold_gain":0,"player_choice":"Relic","damage_taken":0,"max_hp_gain":0,"max_hp_loss":0,"event_name":"Wheel of Change","floor":7,"gold_loss":0}],"is_beta":false,"boss_relics":[{"not_picked":["aspiration:RunicSpoon","ChewingGum"],"picked":"conspire:SeveredTorchhead"}],"items_purged_floors":[],"is_endless":false,"potions_floor_spawned":[1,12,13,16],"killed_by":"Slavers","ascension_level":1}}