{"host":"uiaocagxbjlinul0","time":1610772280,"event":{"mods":["100% Spire Juice","Act Like it!","BaseMod","Better Match","Block Reminder","CapriCore","ChefMod","Downfall","GifTheSpireLib","Hallownest","Hermit","Minty Spire (QoL Compilation)","Quick Restart","StSLib","Stuff the Spire","The Animator","The Bug Knight","The Marked","The Runesmith","The Spell Scribe","TheSwordswoman","Wandering Minibosses"],"gold_per_floor":[0,12,24,43,43,58,84,84,146,163,180,200,213,231,249,352,352,352,362,362,147,164,180,227,177,197,197,213,226,261,261,271,271,271,271],"floor_reached":33,"language":"ENG","playtime":2309,"items_purged":["champ:Strike"],"score":269,"play_id":"12a247a3-65a2-4590-86f0-53b9576a7290","local_time":"20210115204440","is_ascension_mode":false,"campfire_choices":[{"data":"champ:Taunt","floor":1,"key":"SMITH"},{"data":"champ:UltimateStance","floor":18,"key":"SMITH"},{"data":"champ:StanceDance","floor":27,"key":"SMITH"}],"circlet_count":0,"master_deck":["champ:Strike","champ:Strike","champ:Defend","champ:Defend","champ:Defend","champ:Defend","champ:Execute","champ:Taunt+1","champ:IronFortress","champ:SkillfulDodge+1","champ:BringItOn","champ:FocusedBerserking","champ:BerserkersShout","champ:GutPunch","champ:StanceDance","champ:StanceDance","champ:SkillfulDodge","champ:SkillfulDodge","champ:DefensiveShout","champ:UltimateStance+1","champ:PreciseThrust","champ:FocusedDefense+1","champ:StanceDance+1","champ:Duel","champ:IronFortress","champ:TornadoPunch","champ:FanOfKnives","champ:Circumvent","StuffTheSpire:BrainWave","champ:Backstep"],"relics":["champ:ChampionCrown","WingedGreaves","Bag of Preparation","Sozu","FossilizedHelix"],"acts_visited":["Exordium","TheCity"],"potions_floor_usage":[9,9,11,14,16,23],"damage_taken":[{"damage":13,"enemies":"Jaw Worm","floor":2,"turns":5},{"damage":15,"enemies":"Cultist","floor":3,"turns":5},{"damage":11,"enemies":"2 Louse","floor":4,"turns":3},{"damage":4,"enemies":"Blue Slaver","floor":6,"turns":5},{"damage":24,"enemies":"Gremlin Nob","floor":9,"turns":3},{"damage":26,"enemies":"Large Slime","floor":10,"turns":6},{"damage":28,"enemies":"Exordium Wildlife","floor":11,"turns":4},{"damage":1,"enemies":"Red Slaver","floor":12,"turns":4},{"damage":10,"enemies":"Blue Slaver","floor":13,"turns":4},{"damage":17,"enemies":"Exordium Thugs","floor":14,"turns":4},{"damage":18,"enemies":"3 Louse","floor":15,"turns":4},{"damage":60,"enemies":"IC_STATUS_ARCHETYPE","floor":16,"turns":9},{"damage":35,"enemies":"Shell Parasite","floor":19,"turns":6},{"damage":15,"enemies":"downfall:FleeingMerchant","floor":21,"turns":4},{"damage":39,"enemies":"Snake Plant","floor":22,"turns":4},{"damage":30,"enemies":"3 Cultists","floor":23,"turns":5},{"damage":25,"enemies":"Snecko","floor":26,"turns":5},{"damage":77,"enemies":"Centurion and Healer","floor":28,"turns":8},{"damage":16,"enemies":"Snake Plant","floor":29,"turns":4},{"damage":30,"enemies":"Book of Stabbing","floor":30,"turns":6},{"damage":38,"enemies":"Sentry and Sphere","floor":32,"turns":5},{"damage":81,"enemies":"DF_ARCHETYPE_CLAW","floor":33,"turns":8}],"seed_played":"-5494139417072214176","potions_obtained":[{"floor":2,"key":"SpeedPotion"},{"floor":3,"key":"Fire Potion"},{"floor":5,"key":"hexamod:SoulburnPotion"},{"floor":5,"key":"Explosive Potion"},{"floor":12,"key":"AttackPotion"},{"floor":15,"key":"PowerPotion"},{"floor":16,"key":"Guardian:BlockOnCardUsePotion"}],"is_trial":false,"path_per_floor":["R","M","M","M","?","M","T","?","?","M","M","M","M","M","M","B",null,"R","M","?","$","M","M","T","?","M","R","M","M","E","?","M","B"],"character_chosen":"THE_CHAMP","items_purchased":["champ:StanceDance","champ:Duel"],"campfire_rested":0,"item_purchase_floors":[21,21],"current_hp_per_floor":[90,87,82,81,81,77,77,70,56,55,52,51,51,44,36,5,90,90,90,90,90,76,76,76,90,90,90,83,72,57,57,49,0,0,0],"gold":271,"neow_bonus":"ONE_RARE_RELIC","is_daily":false,"chose_seed":false,"campfire_upgraded":3,"win_rate":0.0,"timestamp":1610772280,"path_taken":["R","M","M","M","?","?","T","?","?","M","M","M","M","M","M","BOSS","R","M","?","$","M","M","T","?","M","R","M","M","E","?","M","BOSS"],"items_purchased_type":["Card","Card"],"build_version":"2020-12-22","purchased_purges":1,"victory":false,"max_hp_per_floor":[90,90,90,90,90,90,90,90,90,90,90,90,90,90,90,90,90,90,90,90,90,90,90,90,90,90,90,90,90,90,90,90,90,90,90],"card_choices":[{"not_picked":["champ:RecklessLeap","champ:GutPunch"],"picked":"champ:IronFortress","floor":2},{"not_picked":["champ:Haymaker","champ:BladeFlurry"],"picked":"champ:SkillfulDodge","floor":3},{"not_picked":["champ:PreemptiveStrike","champ:EnGarde"],"picked":"champ:BringItOn","floor":4},{"not_picked":["champ:FalseCounter","champ:EnGarde"],"picked":"champ:FocusedBerserking","floor":6},{"not_picked":["champ:EnragedBash","champ:MurderStrike"],"picked":"champ:BerserkersShout","floor":9},{"not_picked":["champ:Haymaker","champ:AdrenalArmor"],"picked":"champ:GutPunch","floor":10},{"not_picked":["champ:Encircle","champ:BringItOn"],"picked":"champ:StanceDance","floor":11},{"not_picked":["champ:RecklessLeap","champ:CheapShot"],"picked":"champ:StanceDance","floor":12},{"not_picked":["champ:DefensiveShout","champ:CrownThrow"],"picked":"champ:SkillfulDodge","floor":13},{"not_picked":["champ:CrownThrow","champ:BladeFlurry"],"picked":"champ:SkillfulDodge","floor":14},{"not_picked":["champ:BringItOn","champ:FocusedDefense"],"picked":"champ:DefensiveShout","floor":15},{"not_picked":["champ:CheapShot","champ:HoldFirm"],"picked":"champ:UltimateStance","floor":16},{"not_picked":["champ:DefensiveShout","champ:BringItOn+1"],"picked":"champ:PreciseThrust","floor":19},{"not_picked":["champ:Backstep","champ:EnragedBash"],"picked":"champ:FocusedDefense+1","floor":21},{"not_picked":["champ:GutPunch","champ:Shatter","champ:ShieldSlam+1"],"picked":"SKIP","floor":22},{"not_picked":["champ:Shatter","champ:SkillfulDodge"],"picked":"champ:IronFortress","floor":23},{"not_picked":["champ:DefensiveShout+1","champ:Shatter+1"],"picked":"champ:TornadoPunch","floor":26},{"not_picked":["champ:FocusedDefense","champ:EnGarde","champ:CrookedStrike"],"picked":"SKIP","floor":28},{"not_picked":["champ:Shatter+1","champ:PreciseThrust"],"picked":"champ:FanOfKnives","floor":29},{"not_picked":["champ:FancyFootwork","champ:FanOfKnives"],"picked":"champ:Circumvent","floor":30},{"not_picked":["StuffTheSpire:Innocence","StuffTheSpire:Rapture"],"picked":"StuffTheSpire:BrainWave","floor":31},{"not_picked":["champ:HeartStrike","champ:PerfectedStrike"],"picked":"champ:Backstep","floor":32}],"player_experience":164284,"relics_obtained":[{"floor":7,"key":"Nunchaku"},{"floor":9,"key":"Bag of Preparation"},{"floor":30,"key":"FossilizedHelix"}],"event_choices":[{"damage_healed":0,"gold_gain":0,"player_choice":"Got Potions","damage_taken":0,"max_hp_gain":0,"max_hp_loss":0,"event_name":"Lab","floor":5,"gold_loss":0}],"is_beta":false,"boss_relics":[{"not_picked":["Runic Dome","Runic Pyramid"],"picked":"Sozu"}],"items_purged_floors":[21],"is_endless":false,"potions_floor_spawned":[2,3,12,15,16,22,23,26,30],"killed_by":"DF_ARCHETYPE_CLAW","ascension_level":0}}