{"host":"bb5r3ba2ig485dr2","time":1610834443,"event":{"mods":["Act Like it!","BaseMod","CapriCore","Chen","Curses Come First","Gensokyo","Hallownest","Koishi","Lobotomy","LobotomyExtend","Marisa（霧雨　魔理沙）","Minty Spire (QoL Compilation)","Random Character Button","Rare Cards Sparkle","Reimu（博??梦）","StSLib","Td1madao Mod","The Administrix","The Bug Knight","The Immortal","The Servant 0.9.4","The Wild Card"],"gold_per_floor":[114,39,65,79,32,62,62,92,92,122,132,132,164,175,175,279,279,293,310,310,2,2,2,34,44,44,57,57,83,83,97,97,192,192,203,203,222,222,72,72,107,107,107,117,148,73,86,103,103,103,103],"floor_reached":50,"language":"ENG","playtime":4149,"items_purged":["HollowMod:QuickDashStart"],"score":593,"play_id":"98f41e04-41fe-40f7-b94d-ddbbf381afe3","local_time":"20210116230043","is_ascension_mode":false,"campfire_choices":[{"data":"HollowMod:HornetsHelp","floor":15,"key":"SMITH"},{"data":"HollowMod:LifebloodCore","floor":23,"key":"SMITH"},{"floor":28,"key":"RECALL"},{"data":"HollowMod:DashSlash","floor":30,"key":"SMITH"},{"data":"HollowMod:PerfectDash","floor":32,"key":"SMITH"},{"data":"HollowMod:HerrahsAnger","floor":40,"key":"SMITH"},{"data":"HollowMod:QuirrelsAssistance","floor":42,"key":"SMITH"},{"data":"HollowMod:PogoStrike","floor":49,"key":"SMITH"}],"circlet_count":0,"master_deck":["HollowMod:NailStrikeStart","HollowMod:NailStrikeStart","HollowMod:NailStrikeStart","HollowMod:NailStrikeStart","HollowMod:QuickDashStart","HollowMod:QuickDashStart+1","HollowMod:QuickDashStart","HollowMod:FocusHealStart+1","HollowMod:PogoStrike+1","HollowMod:DoubleDash","Hallownest:skillGreenpathMap","HollowMod:SoulSplash","HollowMod:CornifersMapStart","HollowMod:DashSlash+1","HollowMod:HowlingWraiths","HollowMod:SoulStrike","HollowMod:DesolateDive","HollowMod:LifebloodCore+1","HollowMod:DashSlash","HollowMod:PerfectDash+1","HollowMod:QuirrelsAssistance+1","HollowMod:CloakDash+1","HollowMod:MantisMark+1","HollowMod:HerrahsAnger+1","HollowMod:MonarchWings+1","HollowMod:HuntersJournal+1","HollowMod:PureNailStrike+1","HollowMod:HowlingWraiths+1"],"relics":["HollowMod:VesselMask","LetterFromLob","RuthlessExorcism:ReiMu","Vajra","War Paint","Centennial Puzzle","Mastiff:ReiMu","Mercury Hourglass","Velvet Choker","Dead Branch","StrikeDummy","HollowMod:MantisClawRelic","Bag of Preparation","HollowMod:StagPassRelic","Prayer Wheel","Lantern","PreservedInsect"],"acts_visited":["Hallownest:Greenpath","TheCity","Gensokyo:Gensokyoest"],"potions_floor_usage":[8,16,19,24,29,33,33,41,45,45,50],"damage_taken":[{"damage":0,"enemies":"Hallownest:2_Baldur","floor":1,"turns":4},{"damage":0,"enemies":"Hallownest:monsterHuskGuard","floor":4,"turns":4},{"damage":12,"enemies":"Hallownest:eliteVengeflyKing","floor":6,"turns":11},{"damage":13,"enemies":"Hallownest:eliteMossKnight","floor":8,"turns":7},{"damage":1,"enemies":"Hallownest:eliteVengeflyKing","floor":10,"turns":7},{"damage":1,"enemies":"Hallownest:monsterHuskWarrior","floor":11,"turns":3},{"damage":2,"enemies":"Hallownest:eliteCrystalGuardian","floor":13,"turns":5},{"damage":0,"enemies":"Hallownest:1_Baldur_1_Crawlid_1_Warrior","floor":14,"turns":2},{"damage":25,"enemies":"Hallownest:BossFalseKnight","floor":16,"turns":9},{"damage":0,"enemies":"Chosen","floor":18,"turns":3},{"damage":0,"enemies":"Shell Parasite","floor":19,"turns":5},{"damage":2,"enemies":"Book of Stabbing","floor":24,"turns":5},{"damage":2,"enemies":"Snake Plant","floor":25,"turns":4},{"damage":0,"enemies":"3 Cultists","floor":27,"turns":2},{"damage":6,"enemies":"HollowMod:Nosk","floor":29,"turns":6},{"damage":8,"enemies":"Snecko","floor":31,"turns":4},{"damage":72,"enemies":"Champ","floor":33,"turns":14},{"damage":4,"enemies":"Gensokyo:3_Bats","floor":35,"turns":3},{"damage":0,"enemies":"Gensokyo:AncientGuardian","floor":37,"turns":5},{"damage":0,"enemies":"Gensokyo:Doremy","floor":41,"turns":7},{"damage":35,"enemies":"Gensokyo:AtlasGolem","floor":44,"turns":5},{"damage":8,"enemies":"Gensokyo:Marisa","floor":45,"turns":7},{"damage":0,"enemies":"Gensokyo:Dusk_and_Dawn","floor":47,"turns":4},{"damage":12,"enemies":"Gensokyo:SeedOfUnknown","floor":48,"turns":5},{"damage":78,"enemies":"Gensokyo:Shinki","floor":50,"turns":9}],"seed_played":"-5650101418862091760","potions_obtained":[{"floor":4,"key":"FearPotion"},{"floor":6,"key":"AttackPotion"},{"floor":8,"key":"Ancient Potion"},{"floor":14,"key":"BlessingOfTheForge"},{"floor":18,"key":"Dexterity Potion"},{"floor":19,"key":"ColorlessPotion"},{"floor":25,"key":"Fire Potion"},{"floor":31,"key":"GamblersBrew"},{"floor":33,"key":"Strength Potion"},{"floor":37,"key":"DuplicationPotion"},{"floor":44,"key":"DuplicationPotion"},{"floor":45,"key":"Strength Potion"}],"is_trial":false,"path_per_floor":["M","?","T","M","$","E","$","E","T","E","M","?","E","M","R","B",null,"M","M","?","$","M","R","E","M","T","M","R","E","R","M","R","B",null,"M","?","M","T","?","R","E","R","T","M","E","$","M","M","R","B"],"character_chosen":"THE_BUGKNIGHT","items_purchased":["HollowMod:CornifersMapStart","Dead Branch"],"campfire_rested":0,"item_purchase_floors":[5,21],"current_hp_per_floor":[75,75,75,75,75,63,63,50,50,61,66,56,54,60,60,41,75,75,75,75,75,75,75,75,75,75,75,75,73,73,65,65,5,75,71,75,75,75,75,75,75,75,75,46,50,50,56,54,54,0,0],"gold":103,"neow_bonus":"THREE_RARE_CARDS","is_daily":false,"chose_seed":false,"campfire_upgraded":7,"win_rate":0.0,"timestamp":1610834443,"path_taken":["M","?","?","?","$","E","$","E","T","E","M","?","E","?","R","BOSS","M","M","?","$","M","R","E","M","T","M","R","E","R","M","R","BOSS","M","?","M","?","?","R","E","R","T","M","E","$","?","M","R","BOSS"],"items_purchased_type":["Card","Relic"],"build_version":"2020-12-22","purchased_purges":1,"victory":false,"max_hp_per_floor":[75,75,75,75,75,75,75,75,75,75,75,75,75,75,75,75,75,75,75,75,75,75,75,75,75,75,75,75,75,75,75,75,75,75,75,75,75,75,75,75,75,75,75,75,75,75,75,75,75,75,75],"card_choices":[{"not_picked":["HollowMod:LordofShades","HollowMod:AwokenDreamNail"],"picked":"HollowMod:HornetsHelp","floor":0},{"not_picked":["HollowMod:ShadowDash","HollowMod:AbyssShriek"],"picked":"HollowMod:DoubleDash","floor":1},{"not_picked":["HollowMod:WraithStrike","HollowMod:TaintedHusks"],"picked":"HollowMod:SoulSplash","floor":4},{"not_picked":["HollowMod:HowlingWraiths","HollowMod:InfectedCysts","HollowMod:LifebloodCocoon"],"picked":"SKIP","floor":6},{"not_picked":["HollowMod:NewInfectedGuardian","HollowMod:DesolateDive"],"picked":"HollowMod:DashSlash","floor":8},{"not_picked":["HollowMod:DescendingDark","HollowMod:VengefulVoid"],"picked":"HollowMod:HowlingWraiths","floor":10},{"not_picked":["HollowMod:WraithStrike","HollowMod:DoubleDash"],"picked":"HollowMod:SoulStrike","floor":11},{"not_picked":["HollowMod:HornetsHelp","HollowMod:SharpenedShadows","HollowMod:InfectionAssault"],"picked":"SKIP","floor":13},{"not_picked":["HollowMod:Grubsong","HollowMod:DoubleDash"],"picked":"HollowMod:DesolateDive","floor":14},{"not_picked":["HollowMod:MidwifesHunger","HollowMod:HornetsHelp"],"picked":"HollowMod:LifebloodCore","floor":16},{"not_picked":["HollowMod:CycloneSlash","HollowMod:LifebloodCocoon","HollowMod:InfectedCysts"],"picked":"SKIP","floor":18},{"not_picked":["HollowMod:HowlingWraiths","HollowMod:GrimmsGift"],"picked":"HollowMod:DashSlash","floor":19},{"not_picked":["HollowMod:DoubleDash+1","HollowMod:InfectionAssault+1"],"picked":"HollowMod:PerfectDash","floor":24},{"not_picked":["HollowMod:BrokenVessel","HollowMod:CloakDash"],"picked":"HollowMod:QuirrelsAssistance","floor":25},{"not_picked":["HollowMod:WraithStrike+1","HollowMod:ShapeofUnn"],"picked":"HollowMod:CloakDash+1","floor":27},{"not_picked":["HollowMod:InfectedCysts","HollowMod:GreatSlash"],"picked":"HollowMod:MantisMark+1","floor":29},{"not_picked":["HollowMod:DescendingDark","HollowMod:DesolateDive","HollowMod:HowlingWraiths"],"picked":"SKIP","floor":31},{"not_picked":["HollowMod:VoidDash","HollowMod:SoulMaster"],"picked":"HollowMod:HerrahsAnger","floor":33},{"not_picked":["HollowMod:CornifersMapStart+1","HollowMod:FastStrike","HollowMod:LuriensSpire+1"],"picked":"SKIP","floor":35},{"not_picked":["HollowMod:InfectedCysts","HollowMod:CornifersMapStart"],"picked":"HollowMod:MonarchWings+1","floor":37},{"not_picked":["HollowMod:SharpenedNail+1","HollowMod:SoulSplash","HollowMod:GoodIntentions+1"],"picked":"SKIP","floor":41},{"not_picked":["HollowMod:SharpenedNail","HollowMod:InfectionAssault","HollowMod:LordofShades"],"picked":"SKIP","floor":44},{"not_picked":["HollowMod:SoulEater","HollowMod:PureNailStrike","HollowMod:SiblingsSouls"],"picked":"SKIP","floor":44},{"not_picked":["HollowMod:AbyssShriek+1","HollowMod:NewJinnsSoul","HollowMod:VengefulVoid+1"],"picked":"SKIP","floor":45},{"not_picked":["HollowMod:Grubsong+1","HollowMod:HowlingWraiths+1"],"picked":"HollowMod:HuntersJournal+1","floor":47},{"not_picked":["HollowMod:MonomonsArchive","HollowMod:DoubleDash"],"picked":"HollowMod:PureNailStrike+1","floor":47},{"not_picked":["HollowMod:VoidDash","HollowMod:AbyssShriek+1"],"picked":"HollowMod:HowlingWraiths+1","floor":48},{"not_picked":["HollowMod:MonomonsArchive","HollowMod:VengefulVoid","HollowMod:CycloneSlash+1"],"picked":"SKIP","floor":48}],"player_experience":235881,"relics_obtained":[{"floor":1,"key":"LetterFromLob"},{"floor":3,"key":"RuthlessExorcism:ReiMu"},{"floor":6,"key":"Vajra"},{"floor":8,"key":"War Paint"},{"floor":9,"key":"Centennial Puzzle"},{"floor":10,"key":"Mastiff:ReiMu"},{"floor":13,"key":"Mercury Hourglass"},{"floor":24,"key":"StrikeDummy"},{"floor":29,"key":"HollowMod:MantisClawRelic"},{"floor":38,"key":"Bag of Preparation"},{"floor":41,"key":"Prayer Wheel"},{"floor":43,"key":"Lantern"},{"floor":45,"key":"PreservedInsect"}],"event_choices":[{"cards_removed":["Injury"],"damage_healed":0,"gold_gain":0,"player_choice":"Purged","damage_taken":0,"max_hp_gain":0,"max_hp_loss":0,"event_name":"Purifier","floor":20,"gold_loss":0}],"is_beta":false,"boss_relics":[{"not_picked":["Ectoplasm","Runic Dome"],"picked":"Velvet Choker"},{"not_picked":["HollowMod:VoidIdolRelic","Snecko Eye","Sozu"]}],"items_purged_floors":[46],"is_endless":false,"potions_floor_spawned":[4,6,8,14,18,19,25,31,33,37,44,45],"killed_by":"Gensokyo:Shinki","ascension_level":0}}