{"host":"m6ptjq1h7q0nif66","time":1610816894,"event":{"mods":["2.2 Compatiblity","A Magickal Journey","Aspiration","Bard","BaseMod","Beaked The Cultist","Bestiary","Better Third Choice","BetterRewards","Colored Map","Colored Powertips","Googly Eyes","Halation","Hermit","Hubris","Infinite Spire","Jorbs\u0027s Wanderer Trilogy","Minty Spire (QoL Compilation)","Permanent Neow","Quick Restart","Relic Stats","Remove Card Discount Mod","Replay The Spire","Robot Space Explorer","Shop Mod","StSLib","SuperFastMode","The Blackbeard","The Bladedancer","The Construct","The Cursed","The Disciple","The Forsaken","The Hierophant","The IronCluck","The Necromancer","The Runesmith"],"gold_per_floor":[117,117,31,47,68,111,111,131,186,245,276,276,300,300,300,423,423,441,464,464,489,196,240,240,273,297,338,338,538,538,283,283,407,507,520,520,520,583,597,631,631,651,677,697,697,697,710,590,590,590,590,590,536,579,579],"floor_reached":56,"language":"ENG","playtime":5259,"items_purged":["Injury","Defend_P","Strike_P","Defend_P","Defend_P","Strike_P","Strike_P+1","Strike_P+1"],"score":1716,"play_id":"e97ef709-df93-46d0-8120-5cc61387816f","local_time":"20210116170814","is_ascension_mode":false,"campfire_choices":[{"data":"Eruption","floor":7,"key":"SMITH"},{"data":"Protect","floor":12,"key":"SMITH"},{"floor":15,"key":"RECALL"},{"data":"Replay:Battleflow","floor":28,"key":"SMITH"},{"floor":32,"key":"REST"},{"floor":41,"key":"REST"},{"data":"Pot Of Greed","floor":45,"key":"SMITH"},{"data":"Pot Of Greed","floor":49,"key":"SMITH"},{"floor":52,"key":"REST"}],"circlet_count":0,"master_deck":["Defend_P+1","Eruption+1","Vigilance+1","Devotion+1","Wireheading+1","Ragnarok+1","ReplayTheSpireMod:Brewmster+1","Master of Strategy+1","Master of Strategy+1","ThirdEye+1","WindmillStrike+1","LessonLearned+1","Tantrum+1","Replay:Cycle+1","Brilliance+1","Protect+1","SandsOfTime+1","Alpha+1","FearNoEvil+1","WheelKick+1","Replay:Battleflow+1","Protect+1","WindmillStrike+1","Wireheading+1","DevaForm+1","Prostrate+1","Sanctity+1","TalkToTheHand+1","Nirvana+1","Vault+1","Collect+1","hubris:Rewind+1","Wireheading+1","MentalFortress+1","Pot Of Greed+1","Pot Of Greed+1","Pot Of Greed+1","Collect+1","SpiritShield+1","Pot Of Greed+1","ClearTheMind+1","SpiritShield+1"],"relics":["PureWater","aspiration:HatOfInfinitePower","Orichalcum","Golden Egg","Juzu Bracelet","Replay:Bottled Flurry","Golden Idol","Anchor","hubris:Icosahedron","Mirror","Thread and Needle","Black Star","hubris:SlimyHat","MerchantsRug","Replay:Rubber Ducky","infinitespire:CursedDice","Centennial Puzzle","Snack Pack","Happy Flower","Mummified Hand","Oddly Smooth Stone","Replay:Wanted Poster","theForsaken:Lifeblossom","Pet Ghost","BranchBurnRelic","Grinning Jar","Strange Spoon","hubris:Potato","Pear"],"acts_visited":["Exordium","TheCity","TheBeyond","TheEnding"],"potions_floor_usage":[11,21,25,25,27,33,44,55],"damage_taken":[{"damage":0,"enemies":"2 Louse","floor":1,"turns":1},{"damage":0,"enemies":"Jaw Worm","floor":4,"turns":3},{"damage":0,"enemies":"Small Slimes","floor":5,"turns":3},{"damage":0,"enemies":"Lagavulin","floor":6,"turns":2},{"damage":2,"enemies":"Blue Slaver","floor":8,"turns":3},{"damage":0,"enemies":"Gremlin Nob","floor":11,"turns":2},{"damage":0,"enemies":"Large Slime","floor":13,"turns":4},{"damage":0,"enemies":"Slime Boss","floor":16,"turns":5},{"damage":8,"enemies":"2 Thieves","floor":18,"turns":4},{"damage":1,"enemies":"Shell Parasite","floor":19,"turns":4},{"damage":0,"enemies":"Snake Plant","floor":21,"turns":2},{"damage":14,"enemies":"Gremlin Leader","floor":23,"turns":6},{"damage":4,"enemies":"Slavers","floor":25,"turns":7},{"damage":11,"enemies":"Gremlin Leader","floor":27,"turns":4},{"damage":21,"enemies":"hubris:MusketHawk","floor":33,"turns":6},{"damage":0,"enemies":"Orb Walker","floor":35,"turns":3},{"damage":0,"enemies":"Mind Bloom Boss Battle","floor":38,"turns":5},{"damage":0,"enemies":"3 Shapes","floor":39,"turns":3},{"damage":0,"enemies":"R_Hoarder","floor":40,"turns":5},{"damage":0,"enemies":"3 Darklings","floor":42,"turns":4},{"damage":0,"enemies":"Jaw Worm Horde","floor":44,"turns":3},{"damage":0,"enemies":"4 Shapes","floor":47,"turns":3},{"damage":23,"enemies":"Awakened One","floor":50,"turns":8},{"damage":0,"enemies":"Shield and Spear","floor":54,"turns":5},{"damage":0,"enemies":"The Heart","floor":55,"turns":9}],"seed_played":"-3208262225349641781","potions_obtained":[{"floor":4,"key":"FearPotion"},{"floor":5,"key":"AttackPotion"},{"floor":8,"key":"BottledMiracle"},{"floor":23,"key":"Cursed Concoction"},{"floor":25,"key":"Fruit Juice"},{"floor":27,"key":"LiquidMemories"}],"is_trial":false,"path_per_floor":["M","?","$","M","M","E","R","M","T","?","E","R","M","?","R","B",null,"M","M","AVR","M","$","E","?","E","T","E","R","?","?","$","R","B",null,"M","?","?","?","M","E","R","M","T","M","R","?","M","$","R","B",null,"R","$","E","B",null],"character_chosen":"WATCHER","items_purchased":["aspiration:HatOfInfinitePower","Devotion","Orichalcum","Golden Egg","Wireheading","Ragnarok+1","ReplayTheSpireMod:Brewmster","Master of Strategy","Juzu Bracelet","Replay:Bottled Flurry","Master of Strategy","WindmillStrike","hubris:SlimyHat","Protect","WindmillStrike","MerchantsRug","Wireheading","Oddly Smooth Stone","TalkToTheHand","Nirvana","SpiritShield+1","Strange Spoon","Flashbang"],"campfire_rested":3,"item_purchase_floors":[0,0,0,0,0,0,0,0,0,0,0,3,22,22,22,22,22,31,31,31,48,53,53],"current_hp_per_floor":[72,72,72,72,72,72,72,70,70,70,70,70,70,70,70,70,72,64,63,63,63,72,58,65,66,66,57,57,57,57,72,77,60,77,77,77,59,63,63,63,77,77,77,77,77,77,77,77,77,57,77,77,77,87,87],"gold":579,"neow_bonus":"","is_daily":false,"chose_seed":false,"campfire_upgraded":5,"win_rate":0.0,"timestamp":1610816894,"path_taken":["M","?","$","M","M","E","R","M","T","?","E","R","M","?","R","BOSS","M","M","AVR","M","$","E","?","E","T","E","R","?","?","?","R","BOSS","M","?","?","?","M","E","R","M","T","M","R","?","M","$","R","BOSS","R","$","E","BOSS"],"items_purchased_type":["Relic","Card","Relic","Relic","Card","Card","Card","Card","Relic","Relic","Card","Card","Relic","Card","Card","Relic","Card","Relic","Card","Card","Card","Relic","Potion"],"build_version":"2020-12-22","purchased_purges":8,"victory":true,"max_hp_per_floor":[72,72,72,72,72,72,72,72,72,72,72,72,72,72,72,72,72,72,72,72,72,72,72,72,77,77,77,77,77,77,77,77,77,77,77,77,77,77,77,77,77,77,77,77,77,77,77,77,77,77,77,77,77,87,87],"relic_stats":{"Strange Spoon":[17],"Centennial Puzzle":[9],"Happy Flower":[19],"counters":[223,933],"Golden Idol":217,"Mummified Hand":[127],"Juzu Bracelet":2,"Black Star":5,"Orichalcum":[84],"obtain_stats":[{"Golden Egg":54,"Replay:Accelerometer":53,"infinitespire:BottledMercury":36,"Ginger":0,"Whetstone":11,"Bottled Tornado":54,"hubris:MysteriousPyramids":53,"Sling":0,"halation:HeavySnake":17,"Old Coin":8,"Ring of Searing":19,"Blood Vial":20,"Replay:Wanted Poster":34,"theForsaken:HumbleEgg":9,"MealTicket":36,"Fusion Hammer":34,"HandDrill":36,"halation:PromiseList":14,"Replay:Bottled Flurry":0,"aspiration:DSix":0,"hubris:TinFlute":42,"Replay:Bottled Steam":48,"Runic Cube":17,"MerchantsRug":20,"construct:RocketBooster":0,"Pear":36,"Blue Candle":7,"hubris:SphereOfDissonance":24,"Eternal Feather":29,"ReplayTheSpireMod:SealedPack":34,"Pen Nib":0,"Replay:Ancient Bell":17,"aspiration:FrozenJewel":0,"Akabeko":0,"infinitespire:EvilPickle":33,"hermit:PetGhost":53,"MutagenicStrength":19,"ReplayTheSpireMod:Ring of Collecting":3,"halation:PenCase":0,"Pandora\u0027s Box":17,"infinitespire:PuzzleCube":0,"halation:BlackBeret":23,"Regal Pillow":36,"aspiration:Lifesprig":54,"Lantern":0,"Singing Bowl":24,"Torii":42,"Painkiller Herb":34,"StoneCalendar":38,"King of Hearts":0,"Bag of Preparation":0,"Smiling Mask":10,"Ancient Tea Set":23,"Burning Blood":20,"Pet Ghost":40,"Replay:Rubber Ducky":0,"BranchBurnRelic":41,"Matryoshka":26,"Shovel":0,"infinitespire:Bottled Soul":0,"Ring of Peace":20,"hubris:ScarierMask":34,"hubris:CuriousFeather":44,"Replay:Lucky Slots":0,"WingedGreaves":17,"halation:Toothbrush":0,"hubris:ChampionShield":0,"InkBottle":43,"Paper Frog":0,"construct:ClawGrip":17,"Lee\u0027s Waffle":0,"Replay:M_StaffOfTheSnake":0,"construct:WeddingRing":17,"Golden Idol":12,"Self Forming Clay":0,"Thread and Needle":17,"betterThird:NestCultRelic":31,"infinitespire:Joker Card":0,"PreservedInsect":43,"Omamori":0,"hubris:Towel":4,"Frozen Egg 2":0,"Replay:Arrowhead":0,"hubris:Spice":0,"Ring of Misfortune":22,"Orrery":0,"Ectoplasm":21,"Art of War":0,"Durian":0,"Bottled Lightning":11,"halation:AfternoonTea":41,"halation:TwoAmDonut":10,"Champion Belt":0,"beaked:MendingPlumage":0,"halation:PinkSoulGem":37,"ReplayTheSpireMod:Lightbulb":0,"hubris:CrystalStatue":26,"Gremlin Horn":0,"Vajra":44,"halation:StarCompass":7,"hubris:TerracottaHorce":17,"Sozu":20,"Centennial Puzzle":47,"HornCleat":0,"DollysMirror":0,"Strawberry":0,"aspiration:ArtOfWarUpgrade":8,"halation:KoshaPiece":23,"Girya":0,"halation:OrihimeAndHikoboshiSamaAndTears":5,"Ring of Hypnosis":22,"Happy Flower":0,"hubris:DuctTape":6,"ReplayTheSpireMod:CursedCoin":26,"aspiration:Nostalgia":0,"Replay:Grab Bag":34,"Dead Branch":38,"Oddly Smooth Stone":26,"infinitespire:Beetle Shell":20,"aspiration:SeaSaltIceCream":26,"halation:Thesaurus":0,"War Paint":10,"Du-Vu Doll":0,"hubris:Zylophone":28,"Bottled Flame":48,"Replay:Baseball":0,"ReplayTheSpireMod:Shallot":17,"Shuriken":43,"Brimstone":0,"Bronze Scales":11,"Onion Ring":14,"hubris:PeanutButter":10,"ReplayTheSpireMod:TigerMarble":12,"Black Star":17,"infinitespire:EmpoweringShard":0,"Grinning Jar":43,"Mirror":0,"aspiration:HatOfInfinitePower":0,"hermit:Momento":0,"construct:BoolHorns":0,"ReplayFunnel":0,"halation:PapillonHeart":37,"theForsaken:ScaryMask":0,"Melange":0,"theForsaken:Lifeblossom":0,"Juzu Bracelet":30,"hubris:SlimyHat":23,"Replay:Mystery Machine":47,"theForsaken:Gavel":0,"ClockworkSouvenir":29,"aspiration:StickyExplosives_weak":20,"SsserpentHead":0,"Nunchaku":6,"Dream Catcher":27,"hubris:Icosahedron":22,"TheAbacus":36,"Mummified Hand":0,"hubris:IronBody":0,"Red Mask":37,"halation:LettersToHer":0,"Gremlin Food":24,"BargainBundle":0,"aspiration:FetidBarrel":54,"infinitespire:CursedDice":25,"hubris:MedicalManual":22,"aspiration:HummingbirdHeart":0,"Orichalcum":2,"Calling Bell":17,"Strange Spoon":0,"CaptainsWheel":24,"Anchor":42,"Pondfish Scales":0,"infinitespire:WardingShard":40,"infinitespire:Satchel":7,"ChewingGum":34,"Bag of Marbles":0,"Snack Pack":26,"Membership Card":0,"PureWater":22,"hubris:Potato":0,"TungstenRod":0},{"Golden Egg":26,"Replay:Accelerometer":55,"infinitespire:BottledMercury":77,"Ginger":111,"Whetstone":204,"Bottled Tornado":26,"hubris:MysteriousPyramids":55,"Sling":111,"halation:HeavySnake":68,"Old Coin":102,"Ring of Searing":173,"Blood Vial":10,"Replay:Wanted Poster":213,"theForsaken:HumbleEgg":63,"MealTicket":47,"Fusion Hammer":181,"HandDrill":47,"halation:PromiseList":106,"Replay:Bottled Flurry":198,"aspiration:DSix":111,"hubris:TinFlute":20,"Replay:Bottled Steam":54,"Runic Cube":139,"MerchantsRug":10,"construct:RocketBooster":163,"Pear":182,"Blue Candle":63,"hubris:SphereOfDissonance":130,"Eternal Feather":178,"ReplayTheSpireMod:SealedPack":76,"Pen Nib":111,"Replay:Ancient Bell":206,"aspiration:FrozenJewel":84,"Akabeko":111,"infinitespire:EvilPickle":46,"hermit:PetGhost":55,"MutagenicStrength":93,"ReplayTheSpireMod:Ring of Collecting":193,"halation:PenCase":111,"Pandora\u0027s Box":107,"infinitespire:PuzzleCube":84,"halation:BlackBeret":175,"Regal Pillow":47,"aspiration:Lifesprig":83,"Lantern":111,"Singing Bowl":11,"Torii":188,"Painkiller Herb":16,"StoneCalendar":77,"King of Hearts":111,"Bag of Preparation":111,"Smiling Mask":103,"Ancient Tea Set":110,"Burning Blood":108,"Pet Ghost":217,"Replay:Rubber Ducky":111,"BranchBurnRelic":217,"Matryoshka":43,"Shovel":142,"infinitespire:Bottled Soul":111,"Ring of Peace":70,"hubris:ScarierMask":181,"hubris:CuriousFeather":21,"Replay:Lucky Slots":111,"WingedGreaves":172,"halation:Toothbrush":191,"hubris:ChampionShield":111,"InkBottle":51,"Paper Frog":157,"construct:ClawGrip":39,"Lee\u0027s Waffle":111,"Replay:M_StaffOfTheSnake":111,"construct:WeddingRing":152,"Golden Idol":104,"Self Forming Clay":111,"Thread and Needle":206,"betterThird:NestCultRelic":45,"infinitespire:Joker Card":57,"PreservedInsect":78,"Omamori":111,"hubris:Towel":117,"Frozen Egg 2":195,"Replay:Arrowhead":163,"hubris:Spice":111,"Ring of Misfortune":42,"Orrery":111,"Ectoplasm":10,"Art of War":57,"Durian":191,"Bottled Lightning":5,"halation:AfternoonTea":50,"halation:TwoAmDonut":64,"Champion Belt":111,"beaked:MendingPlumage":195,"halation:PinkSoulGem":18,"ReplayTheSpireMod:Lightbulb":111,"hubris:CrystalStatue":176,"Gremlin Horn":114,"Vajra":21,"halation:StarCompass":88,"hubris:TerracottaHorce":125,"Sozu":128,"Centennial Puzzle":53,"HornCleat":157,"DollysMirror":27,"Strawberry":111,"aspiration:ArtOfWarUpgrade":63,"halation:KoshaPiece":210,"Girya":142,"halation:OrihimeAndHikoboshiSamaAndTears":3,"Ring of Hypnosis":42,"Happy Flower":111,"hubris:DuctTape":162,"ReplayTheSpireMod:CursedCoin":72,"aspiration:Nostalgia":111,"Replay:Grab Bag":181,"Dead Branch":215,"Oddly Smooth Stone":12,"infinitespire:Beetle Shell":10,"aspiration:SeaSaltIceCream":72,"halation:Thesaurus":111,"War Paint":88,"Du-Vu Doll":0,"hubris:Zylophone":44,"Bottled Flame":190,"Replay:Baseball":191,"ReplayTheSpireMod:Shallot":172,"Shuriken":51,"Brimstone":111,"Bronze Scales":36,"Onion Ring":38,"hubris:PeanutButter":134,"ReplayTheSpireMod:TigerMarble":6,"Black Star":8,"infinitespire:EmpoweringShard":111,"Grinning Jar":20,"Mirror":114,"aspiration:HatOfInfinitePower":198,"hermit:Momento":0,"construct:BoolHorns":97,"ReplayFunnel":191,"halation:PapillonHeart":77,"theForsaken:ScaryMask":111,"Melange":195,"theForsaken:Lifeblossom":114,"Juzu Bracelet":15,"hubris:SlimyHat":43,"Replay:Mystery Machine":53,"theForsaken:Gavel":57,"ClockworkSouvenir":44,"aspiration:StickyExplosives_weak":108,"SsserpentHead":97,"Nunchaku":32,"Dream Catcher":212,"hubris:Icosahedron":10,"TheAbacus":77,"Mummified Hand":97,"hubris:IronBody":114,"Red Mask":47,"halation:LettersToHer":27,"Gremlin Food":72,"BargainBundle":84,"aspiration:FetidBarrel":56,"infinitespire:CursedDice":211,"hubris:MedicalManual":174,"aspiration:HummingbirdHeart":57,"Orichalcum":28,"Calling Bell":172,"Strange Spoon":57,"CaptainsWheel":11,"Anchor":20,"Pondfish Scales":111,"infinitespire:WardingShard":186,"infinitespire:Satchel":4,"ChewingGum":46,"Bag of Marbles":111,"Snack Pack":211,"Membership Card":27,"PureWater":209,"hubris:Potato":111,"TungstenRod":157},{"Golden Egg":126,"Replay:Accelerometer":287,"infinitespire:BottledMercury":390,"Ginger":518,"Whetstone":843,"Bottled Tornado":126,"hubris:MysteriousPyramids":287,"Sling":518,"halation:HeavySnake":347,"Old Coin":481,"Ring of Searing":746,"Blood Vial":44,"Replay:Wanted Poster":885,"theForsaken:HumbleEgg":324,"MealTicket":238,"Fusion Hammer":782,"HandDrill":238,"halation:PromiseList":495,"Replay:Bottled Flurry":829,"aspiration:DSix":518,"hubris:TinFlute":89,"Replay:Bottled Steam":278,"Runic Cube":615,"MerchantsRug":44,"construct:RocketBooster":710,"Pear":785,"Blue Candle":324,"hubris:SphereOfDissonance":584,"Eternal Feather":770,"ReplayTheSpireMod:SealedPack":386,"Pen Nib":518,"Replay:Ancient Bell":852,"aspiration:FrozenJewel":415,"Akabeko":518,"infinitespire:EvilPickle":233,"hermit:PetGhost":287,"MutagenicStrength":450,"ReplayTheSpireMod:Ring of Collecting":816,"halation:PenCase":518,"Pandora\u0027s Box":506,"infinitespire:PuzzleCube":415,"halation:BlackBeret":757,"Regal Pillow":238,"aspiration:Lifesprig":414,"Lantern":518,"Singing Bowl":48,"Torii":801,"Painkiller Herb":69,"StoneCalendar":390,"King of Hearts":518,"Bag of Preparation":518,"Smiling Mask":486,"Ancient Tea Set":516,"Burning Blood":510,"Pet Ghost":901,"Replay:Rubber Ducky":518,"BranchBurnRelic":901,"Matryoshka":214,"Shovel":626,"infinitespire:Bottled Soul":518,"Ring of Peace":355,"hubris:ScarierMask":782,"hubris:CuriousFeather":95,"Replay:Lucky Slots":518,"WingedGreaves":743,"halation:Toothbrush":809,"hubris:ChampionShield":518,"InkBottle":261,"Paper Frog":693,"construct:ClawGrip":201,"Lee\u0027s Waffle":518,"Replay:M_StaffOfTheSnake":518,"construct:WeddingRing":671,"Golden Idol":489,"Self Forming Clay":518,"Thread and Needle":852,"betterThird:NestCultRelic":223,"infinitespire:Joker Card":300,"PreservedInsect":394,"Omamori":518,"hubris:Towel":531,"Frozen Egg 2":821,"Replay:Arrowhead":710,"hubris:Spice":518,"Ring of Misfortune":209,"Orrery":518,"Ectoplasm":44,"Art of War":300,"Durian":809,"Bottled Lightning":22,"halation:AfternoonTea":255,"halation:TwoAmDonut":328,"Champion Belt":518,"beaked:MendingPlumage":821,"halation:PinkSoulGem":76,"ReplayTheSpireMod:Lightbulb":518,"hubris:CrystalStatue":761,"Gremlin Horn":521,"Vajra":95,"halation:StarCompass":426,"hubris:TerracottaHorce":568,"Sozu":573,"Centennial Puzzle":270,"HornCleat":693,"DollysMirror":135,"Strawberry":518,"aspiration:ArtOfWarUpgrade":324,"halation:KoshaPiece":868,"Girya":626,"halation:OrihimeAndHikoboshiSamaAndTears":12,"Ring of Hypnosis":209,"Happy Flower":518,"hubris:DuctTape":708,"ReplayTheSpireMod:CursedCoin":363,"aspiration:Nostalgia":518,"Replay:Grab Bag":782,"Dead Branch":893,"Oddly Smooth Stone":53,"infinitespire:Beetle Shell":44,"aspiration:SeaSaltIceCream":363,"halation:Thesaurus":518,"War Paint":426,"Du-Vu Doll":0,"hubris:Zylophone":218,"Bottled Flame":804,"Replay:Baseball":809,"ReplayTheSpireMod:Shallot":743,"Shuriken":261,"Brimstone":518,"Bronze Scales":183,"Onion Ring":193,"hubris:PeanutButter":596,"ReplayTheSpireMod:TigerMarble":27,"Black Star":37,"infinitespire:EmpoweringShard":518,"Grinning Jar":89,"Mirror":521,"aspiration:HatOfInfinitePower":829,"hermit:Momento":0,"construct:BoolHorns":469,"ReplayFunnel":809,"halation:PapillonHeart":390,"theForsaken:ScaryMask":518,"Melange":821,"theForsaken:Lifeblossom":521,"Juzu Bracelet":63,"hubris:SlimyHat":214,"Replay:Mystery Machine":270,"theForsaken:Gavel":300,"ClockworkSouvenir":218,"aspiration:StickyExplosives_weak":510,"SsserpentHead":469,"Nunchaku":169,"Dream Catcher":879,"hubris:Icosahedron":44,"TheAbacus":390,"Mummified Hand":469,"hubris:IronBody":521,"Red Mask":238,"halation:LettersToHer":135,"Gremlin Food":363,"BargainBundle":415,"aspiration:FetidBarrel":292,"infinitespire:CursedDice":875,"hubris:MedicalManual":750,"aspiration:HummingbirdHeart":300,"Orichalcum":138,"Calling Bell":743,"Strange Spoon":300,"CaptainsWheel":48,"Anchor":89,"Pondfish Scales":518,"infinitespire:WardingShard":796,"infinitespire:Satchel":18,"ChewingGum":233,"Bag of Marbles":518,"Snack Pack":875,"Membership Card":135,"PureWater":862,"hubris:Potato":518,"TungstenRod":693}]},"card_choices":[{"not_picked":["SashWhip","Replay:ManipulateFuture"],"picked":"ThirdEye","floor":1},{"not_picked":["FlyingSleeves","ClearTheMind"],"picked":"Tantrum","floor":4},{"not_picked":["EmptyBody","Pray"],"picked":"Replay:Cycle","floor":5},{"not_picked":["Evaluate","CrushJoints"],"picked":"Brilliance","floor":6},{"not_picked":["PathToVictory","Halt"],"picked":"Protect","floor":8},{"not_picked":["CrushJoints","Weave"],"picked":"SandsOfTime","floor":11},{"not_picked":["FollowUp","Halt","CrushJoints"],"picked":"SKIP","floor":13},{"not_picked":["Vault","DeusExMachina"],"picked":"Alpha","floor":16},{"not_picked":["blademaster:WrongfulFootwork","Regret"],"picked":"stsjorbsmod:Procrastination","floor":17},{"not_picked":["Writhe","blademaster:WrongfulFootwork"],"picked":"hubris:Compulsion","floor":17},{"not_picked":["CurseOfTheBell","Amnesia"],"picked":"ReplayTheSpireMod:Splinters","floor":17},{"not_picked":["JustLucky","WreathOfFlame"],"picked":"FearNoEvil","floor":18},{"not_picked":["JustLucky","FlurryOfBlows"],"picked":"WheelKick+1","floor":19},{"not_picked":["ThirdEye","SashWhip"],"picked":"Replay:Battleflow","floor":21},{"not_picked":["SashWhip","Replay:AtTheReady"],"picked":"DevaForm","floor":23},{"not_picked":["Indignation","Sanctity"],"picked":"Prostrate","floor":25},{"not_picked":["FlyingSleeves","JustLucky"],"picked":"Sanctity+1","floor":27},{"not_picked":["JustLucky","InnerPeace"],"picked":"Collect+1","floor":35},{"not_picked":["infinitespire:TheBestDefense","infinitespire:Punishment"],"picked":"hubris:Rewind","floor":37},{"not_picked":["SashWhip","Protect","FlyingSleeves"],"picked":"SKIP","floor":39},{"not_picked":["FearNoEvil","Sanctity"],"picked":"Wireheading+1","floor":40},{"not_picked":["Replay:Anticipation","WheelKick+1"],"picked":"MentalFortress+1","floor":42},{"not_picked":["ThirdEye","FlurryOfBlows","BowlingBash+1"],"picked":"SKIP","floor":44},{"not_picked":["SignatureMove","Replay:BluntJabs+1"],"picked":"Collect+1","floor":47},{"not_picked":["SashWhip+1","Replay:ManipulateFuture+1"],"picked":"ClearTheMind+1","floor":52},{"not_picked":["Prostrate","Evaluate"],"picked":"SpiritShield","floor":54}],"player_experience":265313,"relics_obtained":[{"floor":6,"key":"MealTicket"},{"floor":9,"key":"Anchor"},{"floor":11,"key":"Whetstone"},{"floor":23,"key":"halation:KoshaPiece"},{"floor":23,"key":"Replay:Rubber Ducky"},{"floor":25,"key":"infinitespire:CursedDice"},{"floor":25,"key":"Centennial Puzzle"},{"floor":26,"key":"Snack Pack"},{"floor":26,"key":"Happy Flower"},{"floor":27,"key":"Mummified Hand"},{"floor":27,"key":"Dream Catcher"},{"floor":38,"key":"Dead Branch"},{"floor":40,"key":"theForsaken:Lifeblossom"},{"floor":40,"key":"Pet Ghost"},{"floor":43,"key":"Grinning Jar"},{"floor":54,"key":"hubris:Potato"},{"floor":54,"key":"Pear"}],"event_choices":[{"damage_healed":0,"gold_gain":0,"player_choice":"Take Wound","damage_taken":0,"relics_obtained":["Golden Idol"],"max_hp_gain":0,"max_hp_loss":0,"event_name":"Golden Idol","floor":2,"gold_loss":0,"cards_obtained":["Injury"]},{"damage_healed":0,"gold_gain":59,"player_choice":"Gained Gold","damage_taken":0,"max_hp_gain":0,"max_hp_loss":0,"event_name":"Golden Wing","floor":10,"gold_loss":0},{"damage_healed":0,"gold_gain":200,"player_choice":"Gold","damage_taken":0,"max_hp_gain":0,"max_hp_loss":0,"event_name":"Wheel of Change","floor":29,"gold_loss":0},{"damage_healed":0,"gold_gain":0,"player_choice":"Upgraded","damage_taken":0,"max_hp_gain":0,"max_hp_loss":0,"event_name":"Upgrade Shrine","floor":30,"gold_loss":0,"cards_upgraded":["Prostrate"]},{"damage_healed":0,"gold_gain":0,"player_choice":"Ignored","damage_taken":0,"max_hp_gain":0,"max_hp_loss":0,"event_name":"Transmorgrifier","floor":36,"gold_loss":0},{"damage_healed":0,"gold_gain":0,"player_choice":"Fight","damage_taken":0,"max_hp_gain":0,"max_hp_loss":0,"event_name":"MindBloom","floor":38,"gold_loss":0}],"is_beta":false,"boss_relics":[{"not_picked":["hubris:RunicObelisk","Ectoplasm"],"picked":"Replay:Ancient Bell"},{"not_picked":["Art of War","Ancient Tea Set"],"picked":"Omamori"},{"not_picked":["Replay:Ringing Soul","infinitespire:BottledMercury"],"picked":"Mirror"},{"not_picked":["Ginger","Calipers"],"picked":"Thread and Needle"},{"not_picked":["infinitespire:Cupcake","aspiration:RitualDagger"],"picked":"Replay:Wanted Poster"}],"items_purged_floors":[3,3,3,22,22,22,22,31],"is_endless":false,"potions_floor_spawned":[4,5,6,8,23,25,27,35,39,47],"ascension_level":0}}