{"host":"p245q48pmopyklqs","time":1610836753,"event":{"mods":["BaseMod","DeckTracker","Downfall","Minty Spire (QoL Compilation)","StSLib","SuperFastMode"],"gold_per_floor":[99,32,47,61,71,81,81,91,104,104,125,125,125,145,157,259,259,259,273,273,290,304,333,333,333,348,34,34,34,45,45,64,163,163,163,180,280,298,312,211,211,234,244,263,263,104,104,123,135,135],"floor_reached":51,"language":"ENG","playtime":2661,"items_purged":["hexamod:Defend+1"],"score":742,"play_id":"54bc5ac7-0a7a-4d19-b656-2854fdab065e","local_time":"20210117073913","is_ascension_mode":false,"campfire_choices":[{"data":"hexamod:ParanormalForm","floor":1.0,"key":"SMITH"},{"data":"hexamod:GhostLash","floor":10.0,"key":"SMITH"},{"data":"hexamod:PowerFromBeyond","floor":13.0,"key":"SMITH"},{"data":"hexamod:GiftsFromTheDead","floor":18.0,"key":"SMITH"},{"data":"hexamod:ParanormalForm","floor":25.0,"key":"SMITH"},{"data":"hexamod:Sear","floor":29.0,"key":"SMITH"},{"data":"hexamod:UnleashSpirits","floor":35.0,"key":"SMITH"},{"floor":45,"key":"REST"},{"data":"expansioncontent:StudyTheSpire","floor":47,"key":"SMITH"}],"circlet_count":0,"master_deck":["hexamod:Defend+1","hexamod:Defend+1","hexamod:Sear+1","hexamod:Float+1","hexamod:AdvancingGuard+1","hexamod:ParanormalForm+1","hexamod:ThirdSeal","hexamod:NightmareGuise+1","hexamod:PowerFromBeyond+1","hexamod:SpectersWail+1","hexamod:GhostLash+1","hexamod:SearingWound+1","hexamod:Hexaguard+1","hexamod:GhostShield+1","hexamod:ParanormalForm+1","hexamod:GiftsFromTheDead+1","hexamod:EtherealExpedition+1","hexamod:FifthSeal","hexamod:GhostflameBarrier+1","hexamod:SixthSeal","hexamod:NightmareStrike+1","hexamod:FlamesFromBeyond+1","hexamod:HeatShield+1","hexamod:SixthSeal","hexamod:HeatCrush+1","hexamod:ForkedFlame+1","hexamod:UnleashSpirits+1","hexamod:NightmareGuise+1","hexamod:DynamicBlow+1","hexamod:UnleashSpirits","hexamod:NightmareGuise+1","hexamod:HeatShield+1","expansioncontent:StudyTheSpire+1"],"relics":["hexamod:SpiritBrand","Kunai","Odd Mushroom","Snecko Eye","TungstenRod","Pocketwatch","Dead Branch","SlaversCollar","Membership Card","Anchor","Centennial Puzzle","Mercury Hourglass","Nunchaku","Happy Flower"],"acts_visited":["Exordium","TheCity","TheBeyond"],"potions_floor_usage":[39,50,50,50],"damage_taken":[{"damage":0.0,"enemies":"downfall:FleeingMerchant","floor":2.0,"turns":4.0},{"damage":7.0,"enemies":"Small Slimes","floor":3.0,"turns":6.0},{"damage":0.0,"enemies":"Cultist","floor":4.0,"turns":5.0},{"damage":11.0,"enemies":"Jaw Worm","floor":5.0,"turns":3.0},{"damage":5.0,"enemies":"Exordium Wildlife","floor":6.0,"turns":4.0},{"damage":2.0,"enemies":"Gremlin Gang","floor":8.0,"turns":3.0},{"damage":10.0,"enemies":"Exordium Thugs","floor":9.0,"turns":4.0},{"damage":8.0,"enemies":"The Mushroom Lair","floor":11.0,"turns":3.0},{"damage":0.0,"enemies":"Lots of Slimes","floor":14.0,"turns":4.0},{"damage":0.0,"enemies":"Blue Slaver","floor":15.0,"turns":2.0},{"damage":27.0,"enemies":"WA_ARCHETYPE_RETAIN","floor":16.0,"turns":5.0},{"damage":0.0,"enemies":"Chosen","floor":19.0,"turns":5.0},{"damage":0.0,"enemies":"Spheric Guardian","floor":21.0,"turns":3.0},{"damage":4.0,"enemies":"3 Cultists","floor":22.0,"turns":4.0},{"damage":19.0,"enemies":"Slavers","floor":23.0,"turns":6.0},{"damage":0.0,"enemies":"Sentry and Sphere","floor":26.0,"turns":3.0},{"damage":2.0,"enemies":"downfall:FleeingMerchant","floor":27.0,"turns":4.0},{"damage":0.0,"enemies":"Cultist and Chosen","floor":30.0,"turns":4.0},{"damage":18.0,"enemies":"Snake Plant","floor":32.0,"turns":2.0},{"damage":8.0,"enemies":"SI_MIRROR_ARCHETYPE","floor":33.0,"turns":6.0},{"damage":24.0,"enemies":"3 Darklings","floor":36.0,"turns":5.0},{"damage":12.0,"enemies":"Orb Walker","floor":38.0,"turns":3.0},{"damage":15,"enemies":"4 Shapes","floor":39,"turns":4},{"damage":0,"enemies":"downfall:FleeingMerchant","floor":40,"turns":4},{"damage":0,"enemies":"3 Darklings","floor":43,"turns":3},{"damage":0,"enemies":"Jaw Worm Horde","floor":44,"turns":4},{"damage":0,"enemies":"Spire Growth","floor":48,"turns":4},{"damage":0,"enemies":"3 Darklings","floor":49,"turns":3},{"damage":0,"enemies":"DF_ARCHETYPE_ORBS","floor":50,"turns":4}],"seed_played":"4671615946190278167","potions_obtained":[{"floor":3.0,"key":"Strength Potion"},{"floor":6.0,"key":"Explosive Potion"},{"floor":8.0,"key":"bronze:BurnAndBuffPotion"},{"floor":15.0,"key":"hexamod:SoulburnPotion"},{"floor":16.0,"key":"Regen Potion"},{"floor":23.0,"key":"GamblersBrew"},{"floor":32.0,"key":"Swift Potion"},{"floor":36.0,"key":"Strength Potion"}],"is_trial":false,"path_per_floor":["R","$","M","M","M","M","T","M","M","R","?","?","R","M","M","B",null,"R","M","?","M","M","E","T","R","M","$","?","R","M","?","M","B",null,"R","M","?","M","M","$","T","T","M","M","R","$","R","M","M","B",null],"character_chosen":"THE_SPIRIT","items_purchased":["hexamod:NightmareGuise","Dead Branch","Membership Card","Anchor","Centennial Puzzle","Slimebound:ThreeZeroPotion","DuplicationPotion","expansioncontent:StudyTheSpire","Happy Flower"],"campfire_rested":1,"item_purchase_floors":[2,27,40,40,40,40,40,46,46],"current_hp_per_floor":[63,63,56,56,45,40,40,38,28,28,20,63,63,63,63,36,63,63,63,63,63,59,54,54,54,54,52,52,52,52,52,34,26,63,63,39,39,27,12,12,12,12,12,12,30,30,30,30,30,30],"gold":135,"neow_bonus":"TRANSFORM_TWO_CARDS","is_daily":false,"chose_seed":false,"campfire_upgraded":8,"win_rate":0.0,"timestamp":1610836753,"path_taken":["R","$","M","M","M","M","T","M","M","R","?","?","R","?","M","BOSS","R","M","?","M","M","E","T","R","M","$","?","R","?","?","M","BOSS","R","M","?","M","?","?","T","?","?","M","R","$","R","M","M","BOSS"],"items_purchased_type":["Card","Relic","Relic","Relic","Relic","Potion","Potion","Card","Relic"],"build_version":"2020-12-22","purchased_purges":1,"victory":true,"max_hp_per_floor":[63,63,63,63,63,63,63,63,63,63,63,63,63,63,63,63,63,63,63,63,63,63,63,63,63,63,63,63,63,63,63,63,63,63,63,63,63,63,63,63,63,63,63,63,63,63,63,63,63,63],"card_choices":[{"not_picked":["hexamod:HauntingEcho","hexamod:SwordOfDarkness"],"picked":"hexamod:ThirdSeal","floor":2.0},{"not_picked":["hexamod:RainOfEmbers","hexamod:GhostShield"],"picked":"hexamod:PowerFromBeyond","floor":3.0},{"not_picked":["hexamod:BacktrackSmack","hexamod:ShieldOfDarkness","hexamod:Firestarter"],"picked":"SKIP","floor":4.0},{"not_picked":["hexamod:SwordOfDarkness","hexamod:HeatCrush","hexamod:ShieldOfDarkness"],"picked":"SKIP","floor":4.0},{"not_picked":["hexamod:PhantomFireball","hexamod:RecurringNightmare"],"picked":"hexamod:SpectersWail","floor":5.0},{"not_picked":["hexamod:SpectersWail","hexamod:HeatMetal"],"picked":"hexamod:GhostLash","floor":6.0},{"not_picked":["hexamod:HauntingEcho","hexamod:EmpoweredFlame"],"picked":"hexamod:SearingWound","floor":6.0},{"not_picked":["hexamod:GhostOfSpirePast","hexamod:SpectersWail"],"picked":"hexamod:Hexaguard","floor":8.0},{"not_picked":["hexamod:HeatMetal","hexamod:ThermalTransfer","hexamod:AdvancingGuard"],"picked":"SKIP","floor":9.0},{"not_picked":["hexamod:GhostLash","hexamod:HeatMetal"],"picked":"hexamod:GhostShield","floor":14.0},{"not_picked":["hexamod:ShieldOfDarkness","hexamod:ThermalTransfer","hexamod:NightmareGuise"],"picked":"SKIP","floor":14.0},{"not_picked":["hexamod:BurningTouch","hexamod:AdvancingGuard","hexamod:TimeWarp"],"picked":"SKIP","floor":15.0},{"not_picked":["hexamod:SearingWound","hexamod:TimeWarp"],"picked":"hexamod:ParanormalForm","floor":16.0},{"not_picked":["hexamod:HexaLevel","hexamod:TimeOfNeed"],"picked":"hexamod:GiftsFromTheDead","floor":16.0},{"not_picked":["hexamod:ThermalTransfer","hexamod:HeatShield"],"picked":"hexamod:EtherealExpedition","floor":19.0},{"not_picked":["hexamod:FourthSeal","hexamod:FirstSeal"],"picked":"hexamod:SixthSeal","floor":21.0},{"not_picked":["hexamod:FourthSeal","hexamod:InspiringFlames"],"picked":"hexamod:NightmareStrike+1","floor":21.0},{"not_picked":["hexamod:ThermalTransfer","hexamod:Firestarter+1"],"picked":"hexamod:FlamesFromBeyond","floor":22.0},{"not_picked":["hexamod:HauntingEcho","hexamod:NightmareStrike"],"picked":"hexamod:HeatShield","floor":23.0},{"not_picked":["hexamod:FirstSeal","hexamod:SecondSeal","hexamod:FourthSeal"],"picked":"SKIP","floor":23.0},{"not_picked":["hexamod:StepThrough","hexamod:ThirdSeal","hexamod:SkipABeat"],"picked":"SKIP","floor":23.0},{"not_picked":["hexamod:SecondSeal","hexamod:ThirdSeal","hexamod:FourthSeal"],"picked":"SKIP","floor":26.0},{"not_picked":["hexamod:SoulSteal","hexamod:HauntingEcho","hexamod:Incineration+1"],"picked":"SKIP","floor":26.0},{"not_picked":["hexamod:Firestarter","hexamod:Incineration","hexamod:ChargedBarrage+1"],"picked":"SKIP","floor":26.0},{"not_picked":["hexamod:FirstSeal","hexamod:SecondSeal"],"picked":"hexamod:SixthSeal","floor":27.0},{"not_picked":["hexamod:Hexaguard","hexamod:SkipABeat"],"picked":"hexamod:HeatCrush+1","floor":27.0},{"not_picked":["hexamod:StepThrough","hexamod:Firestarter","hexamod:ShieldOfDarkness"],"picked":"SKIP","floor":30.0},{"not_picked":["hexamod:ShieldOfDarkness+1","hexamod:NecessarySacrifice","hexamod:SpectersWail"],"picked":"SKIP","floor":30.0},{"not_picked":["hexamod:HeatMetal+1","hexamod:ExtraCrispy","hexamod:Rewind+1"],"picked":"SKIP","floor":32.0},{"not_picked":["hexamod:ParanormalForm","hexamod:VolcanoVisage"],"picked":"hexamod:UnleashSpirits","floor":33.0},{"not_picked":["hexamod:SpectersWail","hexamod:GhostOfSpirePast"],"picked":"hexamod:NightmareGuise+1","floor":36.0},{"not_picked":["hexamod:PhantomFireball","hexamod:Haunt+1"],"picked":"hexamod:DynamicBlow+1","floor":36.0},{"not_picked":["hexamod:FlamesFromBeyond+1","hexamod:Again+1"],"picked":"hexamod:UnleashSpirits","floor":38.0},{"not_picked":["hexamod:FlamesFromBeyond","hexamod:Rewind+1"],"picked":"hexamod:NightmareGuise+1","floor":39},{"not_picked":["hexamod:FlameSwitch","hexamod:ThirdSeal"],"picked":"hexamod:HeatShield+1","floor":40},{"not_picked":["hexamod:GhostShield+1","hexamod:BacktrackSmack+1","hexamod:Again"],"picked":"SKIP","floor":40},{"not_picked":["hexamod:FourthSeal","hexamod:SixthSeal","hexamod:ThirdSeal"],"picked":"SKIP","floor":40},{"not_picked":["hexamod:SwordOfDarkness","hexamod:FirstSeal","hexamod:GhostShield"],"picked":"SKIP","floor":43},{"not_picked":["hexamod:Haunt","hexamod:GhostOfSpirePast+1","hexamod:Hexaguard+1"],"picked":"SKIP","floor":43},{"not_picked":["hexamod:InspiringFlames","hexamod:HeatMetal","hexamod:Hexaguard+1"],"picked":"SKIP","floor":44},{"not_picked":["hexamod:SecondSeal","hexamod:ThirdSeal","hexamod:SixthSeal"],"picked":"SKIP","floor":48},{"not_picked":["hexamod:SwordOfDarkness+1","hexamod:GhostShield+1","hexamod:FourthSeal"],"picked":"SKIP","floor":48},{"not_picked":["hexamod:Haunt+1","hexamod:CatchUp","hexamod:BacktrackSmack+1"],"picked":"SKIP","floor":49},{"not_picked":["hexamod:FlameSwitch","hexamod:Firestarter","hexamod:Hexaguard+1"],"picked":"SKIP","floor":49}],"player_experience":2370399,"relics_obtained":[{"floor":7.0,"key":"Kunai"},{"floor":11.0,"key":"Odd Mushroom"},{"floor":23.0,"key":"TungstenRod"},{"floor":24.0,"key":"Pocketwatch"},{"floor":41,"key":"Mercury Hourglass"},{"floor":42,"key":"Nunchaku"}],"event_choices":[{"damage_healed":0.0,"max_hp_gain":0.0,"max_hp_loss":0.0,"gold_gain":0.0,"event_name":"Mushrooms","player_choice":"Fought Mushrooms","floor":11.0,"gold_loss":0.0,"damage_taken":0.0},{"damage_healed":43.0,"max_hp_gain":0.0,"max_hp_loss":0.0,"gold_gain":0.0,"event_name":"Wheel of Change","player_choice":"Full Heal","floor":12.0,"gold_loss":0.0,"damage_taken":0.0},{"damage_healed":0.0,"max_hp_gain":0.0,"max_hp_loss":0.0,"gold_gain":0.0,"cards_transformed":["hexamod:Strike","hexamod:Strike"],"event_name":"Drug Dealer","player_choice":"Became Test Subject","floor":20.0,"gold_loss":0.0,"damage_taken":0.0,"cards_obtained":["hexamod:FifthSeal","hexamod:GhostflameBarrier"]}],"is_beta":false,"boss_relics":[{"not_picked":["Black Star","Cursed Key"],"picked":"Snecko Eye"},{"not_picked":["Coffee Dripper","Runic Pyramid"],"picked":"SlaversCollar"}],"items_purged_floors":[40],"is_endless":false,"potions_floor_spawned":[3,6,8,15,16,19,22,23,32,36,44,48,49],"ascension_level":0}}