{"host":"lxihx0b6awoz2w1j","time":1610839243,"event":{"mods":["Act Like it!","BaseMod","Better Third Choice","CapriCore","Colored Powertips","Conspire","Fox Events","Gensokyo","Hermit","Hubris","Infinite Spire","JesterMod","Luminous","Marisa????????","Melee Mod","Minty Spire (QoL Compilation)","Prisma Mod","Quick Restart","Relic Stats","Replay The Spire","Shade Mod","Spicy Shops","StSLib","The Alterego","The Blue Laboratory","The Cursed","The Disciple","The Forsaken","The Gatherer","The Immortal","The Jungle","The Marked","The Runesmith","The Senshi","The Servant 0.9.4","The Spell Scribe","Waifu the Spire"],"gold_per_floor":[118,193,203,215,185,211,228,228,228,244,258,258,289,289,289,384,384,398,319,93,93,105,137,137,171,171,201,201,227,246,277,192,296,296,315,332,344,359,376,405,405,305,305,314,314,324,341,373,429,454,454],"floor_reached":50,"language":"ENG","playtime":4689,"items_purged":[],"score":798,"play_id":"28b72778-2039-4e59-a30d-9fc90e3ce343","local_time":"20210117002043","is_ascension_mode":true,"campfire_choices":[{"floor":8.0,"key":"REST"},{"data":"theSenshi:RoseThrow","floor":12.0,"key":"SMITH"},{"floor":15.0,"key":"DIG"},{"data":"theSenshi:SailorJupiterAssists","floor":24.0,"key":"SMITH"},{"data":"theSenshi:JupitersPower","floor":41.0,"key":"SMITH"},{"data":"infinitespire:NeuralNetwork","floor":45.0,"key":"SMITH"}],"circlet_count":0,"master_deck":["theSenshi:TallSilhouette","theSenshi:SailorKick","theSenshi:SailorKick","theSenshi:SailorKick","theSenshi:SailorKick","theSenshi:SailorBlock","theSenshi:SailorBlock","theSenshi:SailorBlock","theSenshi:SailorBlock","theSenshi:RoseThrow+1","theSenshi:MoonPrismPowerMakeUp","theSenshi:SailorJupiterAssists","theSenshi:SailorJupiterAssists","theSenshi:MoonlightKnight","theSenshi:SailorMercuryAssists","theSenshi:SailorJupiterAssists+1","theSenshi:MoonCrystalPowerMakeUp+1","theSenshi:MoonPunch","theSenshi:MoonKick","theSenshi:JupitersPower+1","theSenshi:TallSilhouette+1","theSenshi:SailorMercuryAssists","theSenshi:MoonlightKnight","theSenshi:MoonCosmicPowerMakeUp+1","theSenshi:SteeledNerves+1","infinitespire:NeuralNetwork+1","infinitespire:Starlight","theSenshi:RainbowMoonHeartAche+1","theSenshi:LunasBite","theSenshi:MoonGorgeousMeditation","theSenshi:WarriorOfTheMoon","CurseOfTheBell","theSenshi:TuxedoSmokingBomber","theSenshi:MoonPrincessHalation+1","theSenshi:MoonsReflection+1","Parasite","theSenshi:SailorChibiMoonAssists+1","theSenshi:JupitersPower","theSenshi:SaturnsMystery","conspire:SpireCoStock","conspire:SpireCoStock","theSenshi:MoonCrisisMakeUp+1","theSenshi:MoonCrisisMakeUp+1","theSenshi:SailorVenusAssists+1","theSenshi:FatedKiss"],"relics":["theSenshi:TransformationBroochRelic","theSenshi:TiaraRelic","Gremlin Horn","ReplayTheSpireMod:Lightbulb","Question Card","Dream Catcher","SlaversCollar","ReplayTheSpireMod:TigerMarble","Lee\u0027s Waffle","Garlic","hubris:CrystalStatue","Pet Ghost","hubris:SlimyHat","hubris:Zylophone","Replay:Bottled Steam","Blue Doll","conspire:DeflatedDodgeball","Akabeko","Calling Bell","Replay:Rubber Ducky","infinitespire:WardingShard","Runesmith:Locket","infinitespire:CheckeredPen","White Beast Statue","Oddly Smooth Stone"],"acts_visited":["Exordium","TheCity","TheBeyond"],"potions_floor_usage":[],"damage_taken":[{"damage":0.0,"enemies":"Jaw Worm","floor":1.0,"turns":5.0},{"damage":3.0,"enemies":"conspire:RoseBush","floor":3.0,"turns":3.0},{"damage":10.0,"enemies":"infinitespire:Voidling","floor":4.0,"turns":4.0},{"damage":10.0,"enemies":"Replay:BlueRogue","floor":6.0,"turns":9.0},{"damage":0.0,"enemies":"3 Louse","floor":7.0,"turns":3.0},{"damage":6.0,"enemies":"Exordium Thugs","floor":10.0,"turns":5.0},{"damage":0.0,"enemies":"Exordium Wildlife","floor":11.0,"turns":3.0},{"damage":2.0,"enemies":"Gremlin Nob","floor":13.0,"turns":5.0},{"damage":25.0,"enemies":"The Guardian","floor":16.0,"turns":10.0},{"damage":35.0,"enemies":"Spheric Guardian","floor":18.0,"turns":8.0},{"damage":4.0,"enemies":"Chosen","floor":22.0,"turns":7.0},{"damage":8.0,"enemies":"conspire:SneckoGhost","floor":23.0,"turns":7.0},{"damage":3.0,"enemies":"Nightmare","floor":25.0,"turns":8.0},{"damage":0.0,"enemies":"Replay:Snechameleon","floor":27.0,"turns":8.0},{"damage":24.0,"enemies":"Slavers","floor":29.0,"turns":7.0},{"damage":0.0,"enemies":"conspire:HollyBat","floor":30.0,"turns":9.0},{"damage":6.0,"enemies":"Book of Stabbing","floor":31.0,"turns":5.0},{"damage":14.0,"enemies":"Collector","floor":33.0,"turns":10.0},{"damage":14.0,"enemies":"3 Darklings","floor":35.0,"turns":9.0},{"damage":2.0,"enemies":"Orb Walker","floor":36.0,"turns":4.0},{"damage":5.0,"enemies":"4 Shapes","floor":37.0,"turns":6.0},{"damage":33.0,"enemies":"Writhing Mass","floor":38.0,"turns":9.0},{"damage":0.0,"enemies":"Maw","floor":39.0,"turns":8.0},{"damage":0.0,"enemies":"R_Hoarder","floor":40.0,"turns":9.0},{"damage":30.0,"enemies":"3 Darklings","floor":44.0,"turns":7.0},{"damage":0.0,"enemies":"4 Shapes","floor":46.0,"turns":4.0},{"damage":0,"enemies":"Sphere and 2 Shapes","floor":47,"turns":8},{"damage":0,"enemies":"Nemesis","floor":48,"turns":7},{"damage":84,"enemies":"infinitespire:MassOfShapes","floor":50,"turns":10}],"seed_played":"1875102596251267844","potions_obtained":[{"floor":4.0,"key":"AttackPotion"},{"floor":5.0,"key":"Cursed Concoction"},{"floor":5.0,"key":"Dexterity Potion"},{"floor":6.0,"key":"blueLaboratory:BottleOfRum"},{"floor":10.0,"key":"Strength Potion"},{"floor":16.0,"key":"blueLaboratory:PyrophylliteBrew"},{"floor":22.0,"key":"blueLaboratory:AbyssPotion"},{"floor":30.0,"key":"LiquidMemories"},{"floor":36.0,"key":"blueLaboratory:TrueEctoplasm"},{"floor":38.0,"key":"blueLaboratory:HorrorPotion"},{"floor":40.0,"key":"Dexterity Potion"},{"floor":44.0,"key":"Dexterity Potion"},{"floor":48,"key":"blueLaboratory:BottleOfVodka"}],"is_trial":false,"path_per_floor":["M","?","M","M","?","E","M","R","T","M","M","R","E","?","R","B",null,"M","?","$","T","M","E","R","NM","T","E","AVR","E","M","E","R","B",null,"M","M","M","M","M","E","R","?","T","M","R","M","M","E","R","B"],"character_chosen":"THE_SENSHI","items_purchased":["Lee\u0027s Waffle","theSenshi:SailorMercuryAssists"],"campfire_rested":1,"item_purchase_floors":[20,20],"current_hp_per_floor":[75,64,61,58,58,48,48,70,70,64,64,64,62,62,62,37,75,40,40,82,82,78,70,70,72,72,72,72,58,68,72,72,68,82,78,76,82,49,64,74,74,74,74,70,70,82,82,82,82,0,0],"gold":454,"neow_bonus":"RANDOM_COMMON_RELIC","is_daily":false,"chose_seed":false,"campfire_upgraded":4,"win_rate":0.0,"timestamp":1610839243,"path_taken":["M","?","M","M","?","E","M","R","T","?","M","R","E","?","R","BOSS","M","?","$","?","M","E","R","NM","T","E","AVR","E","M","E","R","BOSS","M","?","M","M","M","E","R","?","T","M","R","M","M","E","R","BOSS"],"items_purchased_type":["Relic","Card"],"build_version":"2020-12-22","purchased_purges":0,"victory":false,"max_hp_per_floor":[75,75,75,75,75,75,75,75,75,75,75,75,75,75,75,75,75,75,75,82,82,82,82,82,82,82,82,82,82,82,82,82,82,82,82,82,82,82,82,82,82,82,82,82,82,82,82,82,82,82,82],"relic_stats":{"Dream Catcher":0,"Lee\u0027s Waffle":42,"Gremlin Horn":[30,30],"counters":[29,197],"Question Card":27,"obtain_stats":[{"hubris:CrystalStatue":23,"Gremlin Horn":6,"Runesmith:Locket":34,"Blue Doll":29,"hubris:SlimyHat":26,"theSenshi:TiaraRelic":0,"Pet Ghost":25,"Replay:Rubber Ducky":34,"Dream Catcher":15,"Replay:Bottled Steam":28,"Lee\u0027s Waffle":20,"Oddly Smooth Stone":48,"infinitespire:CheckeredPen":40,"Question Card":13,"Akabeko":32,"White Beast Statue":43,"hubris:Zylophone":27,"Calling Bell":34,"SlaversCollar":17,"theSenshi:TransformationBroochRelic":0,"infinitespire:WardingShard":34,"ReplayTheSpireMod:TigerMarble":19,"Garlic":21,"conspire:DeflatedDodgeball":31,"ReplayTheSpireMod:Lightbulb":9},{"hubris:CrystalStatue":12,"Gremlin Horn":4,"Runesmith:Locket":18,"Blue Doll":15,"hubris:SlimyHat":13,"theSenshi:TiaraRelic":0,"Pet Ghost":13,"Replay:Rubber Ducky":18,"Dream Catcher":8,"Replay:Bottled Steam":14,"Lee\u0027s Waffle":10,"Oddly Smooth Stone":28,"infinitespire:CheckeredPen":24,"Question Card":8,"Akabeko":17,"White Beast Statue":24,"hubris:Zylophone":14,"Calling Bell":18,"SlaversCollar":9,"theSenshi:TransformationBroochRelic":0,"infinitespire:WardingShard":18,"ReplayTheSpireMod:TigerMarble":10,"Garlic":10,"conspire:DeflatedDodgeball":17,"ReplayTheSpireMod:Lightbulb":5},{"hubris:CrystalStatue":69,"Gremlin Horn":21,"Runesmith:Locket":116,"Blue Doll":92,"hubris:SlimyHat":77,"theSenshi:TiaraRelic":0,"Pet Ghost":77,"Replay:Rubber Ducky":116,"Dream Catcher":37,"Replay:Bottled Steam":85,"Lee\u0027s Waffle":55,"Oddly Smooth Stone":187,"infinitespire:CheckeredPen":161,"Question Card":37,"Akabeko":106,"White Beast Statue":161,"hubris:Zylophone":85,"Calling Bell":116,"SlaversCollar":47,"theSenshi:TransformationBroochRelic":0,"infinitespire:WardingShard":116,"ReplayTheSpireMod:TigerMarble":55,"Garlic":55,"conspire:DeflatedDodgeball":106,"ReplayTheSpireMod:Lightbulb":24}]},"card_choices":[{"not_picked":["theSenshi:HesSoDreamy","theSenshi:SailorMarsAssists"],"picked":"theSenshi:SailorJupiterAssists","floor":1.0},{"not_picked":["theSenshi:TallSilhouette","theSenshi:NeptunesGrace"],"picked":"theSenshi:SailorJupiterAssists","floor":3.0},{"not_picked":["theSenshi:SchoolBag","theSenshi:SailorVenusAssists"],"picked":"theSenshi:MoonlightKnight","floor":4.0},{"not_picked":["theSenshi:SailorVenusAssists","theSenshi:TuxedoSmokingBomber"],"picked":"theSenshi:SailorMercuryAssists","floor":6.0},{"not_picked":["theSenshi:LateForSchool","theSenshi:LunaWiseMentor"],"picked":"theSenshi:SailorJupiterAssists","floor":7.0},{"not_picked":["theSenshi:CrisisMakeUp","theSenshi:SchoolBag"],"picked":"theSenshi:MoonCrystalPowerMakeUp","floor":10.0},{"not_picked":["theSenshi:SailorVenusAssists","theSenshi:SailorStarFighterAssists"],"picked":"theSenshi:MoonPunch","floor":11.0},{"not_picked":["theSenshi:SailorNeptuneAssists","theSenshi:SupersonicWaves"],"picked":"theSenshi:MoonKick","floor":13.0},{"not_picked":["theSenshi:ChibiMoonsLove","theSenshi:InTheNameOfTheMoon","theSenshi:SailorPlutoAssists"],"picked":"theSenshi:JupitersPower","floor":16.0},{"not_picked":["theSenshi:HesSoDreamy","theSenshi:MoonKick+1","theSenshi:SteeledNerves"],"picked":"theSenshi:TallSilhouette+1","floor":18.0},{"not_picked":["theSenshi:SailorMarsAssists","theSenshi:LateForSchool","theSenshi:MoonsReflection"],"picked":"theSenshi:MoonlightKnight","floor":22.0},{"not_picked":["theSenshi:MoonPower","theSenshi:MoonlightKnight","theSenshi:SailorStarFighterAssists+1"],"picked":"theSenshi:MoonCosmicPowerMakeUp+1","floor":23.0},{"not_picked":["theSenshi:LunaSensingAllies","theSenshi:MoonPrincessHalation","theSenshi:TuxedoMaskAssists"],"picked":"theSenshi:SteeledNerves+1","floor":25.0},{"not_picked":["theSenshi:HesSoDreamy+1","theSenshi:SailorJupiterAssists","theSenshi:MarsPride","theSenshi:SailorPlanetPower"],"picked":"SKIP","floor":27.0},{"not_picked":["theSenshi:LunasBite","theSenshi:LateForSchool","theSenshi:MoonsReflection"],"picked":"theSenshi:RainbowMoonHeartAche+1","floor":29.0},{"not_picked":["theSenshi:MoonKick","theSenshi:SteeledNerves","theSenshi:SailorMercuryAssists+1"],"picked":"theSenshi:LunasBite","floor":30.0},{"not_picked":["theSenshi:IWillPunishYou","theSenshi:TallSilhouette","theSenshi:MoonPrincessHalation"],"picked":"theSenshi:MoonGorgeousMeditation","floor":31.0},{"not_picked":["theSenshi:InTheNameOfTheMoon","theSenshi:LunaSensingAllies","theSenshi:MoonGorgeousMeditation"],"picked":"theSenshi:WarriorOfTheMoon","floor":33.0},{"not_picked":["theSenshi:SupersonicWaves","theSenshi:SailorMarsAssists+1","theSenshi:LunasBite+1"],"picked":"theSenshi:TuxedoSmokingBomber","floor":35.0},{"not_picked":["theSenshi:MoonlightKnight+1","theSenshi:SaturnsMystery","theSenshi:LateForSchool"],"picked":"theSenshi:MoonPrincessHalation+1","floor":36.0},{"not_picked":["theSenshi:MoonPrincessHalation+1","theSenshi:NeptunesGrace+1","theSenshi:LateForSchool"],"picked":"theSenshi:MoonsReflection+1","floor":37.0},{"not_picked":["theSenshi:TuxedoMaskAssists+1","theSenshi:MoonKick","theSenshi:SailorV"],"picked":"theSenshi:SailorChibiMoonAssists+1","floor":38.0},{"not_picked":["theSenshi:SailorMarsAssists","theSenshi:MoonsReflection+1","theSenshi:MoonPower"],"picked":"theSenshi:JupitersPower","floor":39.0},{"not_picked":["theSenshi:EncouragingSpeech+1","theSenshi:TallSilhouette+1","theSenshi:SailorPlanetAttack"],"picked":"theSenshi:SaturnsMystery","floor":40.0},{"not_picked":["theSenshi:SailorJupiterAssists","theSenshi:SailorVenusAssists","theSenshi:MoonKick+1"],"picked":"theSenshi:MoonCrisisMakeUp+1","floor":44.0},{"not_picked":["theSenshi:SupersonicWaves","theSenshi:IWillPunishYou","theSenshi:MoonsReflection"],"picked":"theSenshi:MoonCrisisMakeUp+1","floor":46.0},{"not_picked":["theSenshi:SailorStarFighterAssists","theSenshi:TuxedoSmokingBomber+1","theSenshi:MoonPrincessHalation+1"],"picked":"theSenshi:SailorVenusAssists+1","floor":47},{"not_picked":["theSenshi:EncouragingSpeech","theSenshi:SailorVenusAssists","theSenshi:MoonHealingEscalation"],"picked":"theSenshi:FatedKiss","floor":48}],"player_experience":625366,"relics_obtained":[{"floor":6.0,"key":"Gremlin Horn"},{"floor":9.0,"key":"ReplayTheSpireMod:Lightbulb"},{"floor":13.0,"key":"Question Card"},{"floor":15.0,"key":"Dream Catcher"},{"floor":21.0,"key":"Garlic"},{"floor":23.0,"key":"hubris:CrystalStatue"},{"floor":25.0,"key":"Pet Ghost"},{"floor":26.0,"key":"hubris:SlimyHat"},{"floor":27.0,"key":"hubris:Zylophone"},{"floor":29.0,"key":"Blue Doll"},{"floor":31.0,"key":"conspire:DeflatedDodgeball"},{"floor":34.0,"key":"Replay:Rubber Ducky"},{"floor":34.0,"key":"infinitespire:WardingShard"},{"floor":34.0,"key":"Runesmith:Locket"},{"floor":40.0,"key":"infinitespire:CheckeredPen"},{"floor":43.0,"key":"White Beast Statue"},{"floor":48,"key":"Oddly Smooth Stone"}],"event_choices":[{"damage_healed":0.0,"max_hp_gain":0.0,"max_hp_loss":0.0,"gold_gain":75.0,"event_name":"betterThird:BetterGoop","player_choice":"Gold","floor":2.0,"gold_loss":0.0,"damage_taken":11.0},{"damage_healed":0.0,"max_hp_gain":0.0,"max_hp_loss":0.0,"gold_gain":0.0,"event_name":"The Woman in Blue","player_choice":"Bought 2 Potions","floor":5.0,"gold_loss":0.0,"damage_taken":0.0},{"damage_healed":0.0,"max_hp_gain":0.0,"max_hp_loss":0.0,"gold_gain":0.0,"event_name":"WeMeetAgain","player_choice":"Paid Gold","floor":19.0,"gold_loss":79.0,"damage_taken":0.0,"relics_obtained":["ReplayTheSpireMod:TigerMarble"]},{"damage_healed":0.0,"max_hp_gain":0.0,"max_hp_loss":0.0,"gold_gain":0.0,"event_name":"Addict","player_choice":"Obtained Relic","floor":32.0,"gold_loss":85.0,"damage_taken":0.0,"relics_obtained":["Akabeko"]},{"damage_healed":0.0,"max_hp_gain":0.0,"max_hp_loss":0.0,"gold_gain":0.0,"event_name":"conspire:Investor","player_choice":"Invest 2","floor":42.0,"gold_loss":0.0,"damage_taken":0.0}],"is_beta":false,"boss_relics":[{"not_picked":["Tiny House","Empty Cage"],"picked":"SlaversCollar"},{"not_picked":["Busted Crown","ReplayTheSpireMod:DimensionalGlitch"],"picked":"Calling Bell"}],"items_purged_floors":[],"is_endless":true,"potions_floor_spawned":[4,6,10,16,22,23,27,30,35,36,38,40,44,46,47,48],"killed_by":"infinitespire:MassOfShapes","ascension_level":1}}