{"host":"dlqyscxstsnu98l1","time":1610825492,"event":{"mods":["AchievementEnabler","BaseMod","Bestiary","Colored Map","Colored Powertips","Conspire","GifTheSpireLib","Highlight Path","Minty Spire (QoL Compilation)","Random Character Button","Replay The Spire","SacredBarkPlus","StSLib"],"gold_per_floor":[119,136,62,12,28,28,58,58,83,93,124,124,155,201,201,306,306,316,241,253,253,178,178,178,178,202,214,214,242,256,268,268,268,268],"floor_reached":33,"language":"ENG","playtime":1550,"items_purged":["Strike_P"],"score":322,"play_id":"b8dd065b-ac1d-4325-acb7-2885351b7e07","local_time":"20210116133132","is_ascension_mode":true,"campfire_choices":[{"data":"Eruption","floor":6,"key":"SMITH"},{"data":"Halt","floor":8,"key":"SMITH"},{"floor":15,"key":"REST"},{"floor":23,"key":"REST"},{"floor":25,"key":"RECALL"},{"data":"Establishment","floor":28,"key":"SMITH"},{"data":"SandsOfTime","floor":32,"key":"SMITH"}],"circlet_count":0,"master_deck":["Strike_P+1","Strike_P","Defend_P+1","Defend_P","Defend_P","Eruption+1","Vigilance","Halt+1","Pray","SandsOfTime+1","Replay:ManipulateFuture","SandsOfTime+1","Sickly","SandsOfTime+1","Establishment+1","AbeCurse","Protect","Shame","Ghostly","Ghostly","Ghostly","Ghostly","Ghostly","BattleHymn+1","Halt","Replay:BluntJabs"],"relics":["PureWater","NeowsBlessing","Whetstone","Replay:Wax Seal","Nunchaku","Ring of Peace","Gremlin Food","Regal Pillow","Abe\u0027s Treasure","Pantograph","Bronze Scales"],"acts_visited":["Exordium","TheCity"],"potions_floor_usage":[7,11,13,16,20,31,31],"damage_taken":[{"damage":0,"enemies":"2 Louse","floor":1,"turns":1},{"damage":0,"enemies":"Jaw Worm","floor":2,"turns":1},{"damage":0,"enemies":"Small Slimes","floor":5,"turns":1},{"damage":15,"enemies":"Lagavulin","floor":7,"turns":5},{"damage":11,"enemies":"Blue Slaver","floor":10,"turns":4},{"damage":7,"enemies":"Replay:BlueRogue","floor":11,"turns":3},{"damage":29,"enemies":"Gremlin Nob","floor":13,"turns":5},{"damage":18,"enemies":"The Guardian","floor":16,"turns":9},{"damage":32,"enemies":"Chosen","floor":18,"turns":7},{"damage":1,"enemies":"2 Thieves","floor":20,"turns":4},{"damage":2,"enemies":"Sentry and Sphere","floor":27,"turns":5},{"damage":1,"enemies":"conspire:SneckoGhost","floor":29,"turns":5},{"damage":0,"enemies":"Chosen and Byrds","floor":30,"turns":5},{"damage":2,"enemies":"3 Cultists","floor":31,"turns":5},{"damage":84,"enemies":"Automaton","floor":33,"turns":6}],"seed_played":"-1731295731650063810","potions_obtained":[{"floor":1,"key":"LiquidBronze"},{"floor":5,"key":"Swift Potion"},{"floor":10,"key":"Adrenaline Potion"},{"floor":11,"key":"BlessingOfTheForge"},{"floor":20,"key":"EntropicBrew"},{"floor":27,"key":"PowerPotion"}],"is_trial":false,"path_per_floor":["M","M","$","?","M","R","E","R","T","M","E","?","E","T","R","B",null,"M","?","M","?","$","R","?","R","T","M","R","E","M","M","R","B"],"character_chosen":"WATCHER","items_purchased":["SandsOfTime"],"campfire_rested":2,"item_purchase_floors":[3],"current_hp_per_floor":[72,72,72,72,72,72,57,57,57,46,39,39,10,10,46,28,72,40,40,39,39,39,72,36,36,36,34,34,33,33,31,31,0,0],"gold":268,"neow_bonus":"THREE_ENEMY_KILL","is_daily":false,"chose_seed":false,"campfire_upgraded":4,"win_rate":0.0,"timestamp":1610825492,"path_taken":["M","M","$","?","M","R","E","R","T","M","E","?","E","?","R","BOSS","M","?","M","?","$","R","?","R","T","M","R","E","M","M","R","BOSS"],"items_purchased_type":["Card"],"build_version":"2020-12-22","purchased_purges":1,"victory":false,"max_hp_per_floor":[72,72,72,72,72,72,72,72,72,72,72,72,72,72,72,72,72,72,72,72,72,72,72,36,36,36,36,36,36,36,36,36,36,36],"card_choices":[{"not_picked":["CarveReality","EmptyBody"],"picked":"Halt","floor":1},{"not_picked":["Tantrum","WheelKick"],"picked":"Pray","floor":2},{"not_picked":["ClearTheMind","Replay:Anticipation"],"picked":"Replay:ManipulateFuture","floor":5},{"not_picked":["EmptyBody","JustLucky","ClearTheMind"],"picked":"SKIP","floor":7},{"not_picked":["ClearTheMind","Prostrate"],"picked":"SandsOfTime","floor":10},{"not_picked":["Evaluate","JustLucky","MasterReality"],"picked":"SKIP","floor":11},{"not_picked":["DeceiveReality","BowlingBash"],"picked":"SandsOfTime","floor":13},{"not_picked":["Wish","DeusExMachina"],"picked":"Establishment","floor":16},{"not_picked":["EmptyBody","Evaluate+1"],"picked":"Protect","floor":18},{"not_picked":["Study","Evaluate","Collect"],"picked":"SKIP","floor":20},{"not_picked":["Evaluate","CutThroughFate+1"],"picked":"BattleHymn+1","floor":27},{"not_picked":["SpiritShield","Adaptation"],"picked":"Halt","floor":29},{"not_picked":["ForeignInfluence","Nirvana","Consecrate"],"picked":"SKIP","floor":30},{"not_picked":["WreathOfFlame","Crescendo"],"picked":"Replay:BluntJabs","floor":31}],"player_experience":64035,"relics_obtained":[{"floor":7,"key":"Whetstone"},{"floor":9,"key":"Replay:Wax Seal"},{"floor":11,"key":"Nunchaku"},{"floor":12,"key":"Ring of Peace"},{"floor":13,"key":"Gremlin Food"},{"floor":14,"key":"Regal Pillow"},{"floor":29,"key":"Bronze Scales"}],"event_choices":[{"cards_removed":["Defend_P"],"damage_healed":0,"gold_gain":0,"player_choice":"Card Removal","damage_taken":0,"max_hp_gain":0,"max_hp_loss":0,"event_name":"The Cleric","floor":4,"gold_loss":50},{"cards_removed":["Strike_P"],"damage_healed":0,"gold_gain":0,"player_choice":"Gave Gold","damage_taken":0,"max_hp_gain":0,"max_hp_loss":0,"event_name":"Beggar","floor":19,"gold_loss":75},{"damage_healed":0,"gold_gain":0,"player_choice":"Stole Relic","damage_taken":0,"relics_obtained":["Pantograph"],"max_hp_gain":0,"max_hp_loss":0,"event_name":"Addict","floor":21,"gold_loss":0,"cards_obtained":["Shame"]},{"damage_healed":0,"gold_gain":0,"player_choice":"Became a Ghost","damage_taken":0,"max_hp_gain":0,"max_hp_loss":36,"event_name":"Ghosts","floor":24,"gold_loss":0,"cards_obtained":["Ghostly","Ghostly","Ghostly","Ghostly","Ghostly"]}],"is_beta":false,"boss_relics":[{"not_picked":["Tiny House","SacredBark"],"picked":"Abe\u0027s Treasure"}],"items_purged_floors":[22],"is_endless":false,"potions_floor_spawned":[1,5,10,11,20,27],"killed_by":"Automaton","ascension_level":1}}