{"host":"utqe55yv0jihe4d6","time":1610804999,"event":{"mods":["2.2 Compatiblity","AchievementEnabler","BaseMod","Block Reminder","Colored Map","Colored Powertips","Minty Spire (QoL Compilation)","Quick Restart","Rare Cards Sparkle","Relic Stats","SuperFastMode"],"gold_per_floor":[113,113,113,113,136,136,47,87,112,112,125,125,175,175,175,175,175],"floor_reached":16,"language":"ENG","playtime":314,"items_purged":[],"score":212,"play_id":"cebcacc4-736e-4cda-9809-bb311001d20e","local_time":"20210116084959","is_ascension_mode":true,"campfire_choices":[{"data":"Dagger Spray","floor":6,"key":"SMITH"},{"floor":10,"key":"REST"},{"data":"Poisoned Stab","floor":12,"key":"SMITH"},{"data":"All Out Attack","floor":15,"key":"SMITH"}],"circlet_count":0,"master_deck":["AscendersBane","Strike_G","Strike_G","Strike_G","Strike_G","Strike_G","Defend_G","Defend_G","Defend_G","Defend_G","Defend_G","Survivor","Neutralize+1","Flying Knee","Dagger Spray+1","All Out Attack+1","Dash","Poisoned Stab+1","Die Die Die"],"relics":["Philosopher\u0027s Stone","Golden Idol","Tingsha","Bronze Scales","CeramicFish"],"acts_visited":["Exordium"],"potions_floor_usage":[],"damage_taken":[{"damage":11,"enemies":"2 Louse","floor":1,"turns":4},{"damage":2,"enemies":"Small Slimes","floor":5,"turns":4},{"damage":11,"enemies":"3 Sentries","floor":8,"turns":5},{"damage":0,"enemies":"Cultist","floor":11,"turns":3},{"damage":8,"enemies":"Lagavulin","floor":13,"turns":6},{"damage":48,"enemies":"Slime Boss","floor":16,"turns":6}],"seed_played":"-1261750221763785347","potions_obtained":[{"floor":13,"key":"BlessingOfTheForge"}],"is_trial":false,"path_per_floor":["M","?","?","?","M","R","$","E","T","R","M","R","E","?","R","B"],"character_chosen":"THE_SILENT","items_purchased":["All Out Attack"],"campfire_rested":1,"item_purchase_floors":[7],"current_hp_per_floor":[48,48,48,39,37,37,37,26,26,44,44,44,36,36,36,0,0],"gold":175,"neow_bonus":"BOSS_RELIC","is_daily":false,"chose_seed":false,"campfire_upgraded":3,"win_rate":0.0,"timestamp":1610804999,"path_taken":["M","?","?","?","?","R","$","E","T","R","M","R","E","?","R","BOSS"],"items_purchased_type":["Card"],"build_version":"2020-12-22","purchased_purges":0,"victory":false,"max_hp_per_floor":[66,60,60,60,60,60,60,60,60,60,60,60,60,60,60,60,60],"relic_stats":{"counters":[6,28],"Golden Idol":24,"Bronze Scales":[18],"CeramicFish":9,"Tingsha":[9],"obtain_stats":[{"Golden Idol":2,"Bronze Scales":9,"CeramicFish":13,"Philosopher\u0027s Stone":0,"Tingsha":8,"Ring of the Snake":0},{"Golden Idol":1,"Bronze Scales":3,"CeramicFish":5,"Philosopher\u0027s Stone":0,"Tingsha":3,"Ring of the Snake":0},{"Golden Idol":4,"Bronze Scales":13,"CeramicFish":22,"Philosopher\u0027s Stone":0,"Tingsha":13,"Ring of the Snake":0}]},"card_choices":[{"not_picked":["Distraction","Tactician"],"picked":"Flying Knee","floor":1},{"not_picked":["Acrobatics","Flying Knee"],"picked":"Dagger Spray","floor":5},{"not_picked":["Reflex","Flying Knee"],"picked":"Dash","floor":8},{"not_picked":["Flying Knee","Choke"],"picked":"Poisoned Stab","floor":11},{"not_picked":["Acrobatics","Cloak And Dagger"],"picked":"Die Die Die","floor":13}],"player_experience":2951359,"relics_obtained":[{"floor":8,"key":"Tingsha"},{"floor":9,"key":"Bronze Scales"},{"floor":13,"key":"CeramicFish"}],"event_choices":[{"damage_healed":0,"gold_gain":0,"player_choice":"Lose Max HP","damage_taken":0,"relics_obtained":["Golden Idol"],"max_hp_gain":0,"max_hp_loss":6,"event_name":"Golden Idol","floor":2,"gold_loss":0},{"damage_healed":0,"gold_gain":0,"player_choice":"Grow","damage_taken":0,"max_hp_gain":0,"max_hp_loss":0,"event_name":"Living Wall","floor":3,"gold_loss":0,"cards_upgraded":["Neutralize"]},{"damage_healed":0,"gold_gain":0,"player_choice":"Damaged","damage_taken":9,"max_hp_gain":0,"max_hp_loss":0,"event_name":"Wheel of Change","floor":4,"gold_loss":0},{"damage_healed":0,"gold_gain":0,"player_choice":"Ignored","damage_taken":0,"max_hp_gain":0,"max_hp_loss":0,"event_name":"Liars Game","floor":14,"gold_loss":0}],"is_beta":false,"boss_relics":[],"items_purged_floors":[],"is_endless":false,"potions_floor_spawned":[13],"killed_by":"Slime Boss","ascension_level":20}}