{"host":"kdt6w7ix8lwe69i9","time":1610763524,"event":{"mods":["100% Spire Juice","Bartender","BaseMod","ChefMod","Downfall","Fiend Mod","Jorbs\u0027s Wanderer Trilogy","Minty Spire (QoL Compilation)","Reimu（博丽灵梦）","Robot Space Explorer","Shade Mod","StSLib","The Caster","The Cursed","The Disciple","The Dragon Tamer","The Druid","The Fake Hero","The Forsaken","The Gatherer","The Marked","TheBandit","TheSwordswoman"],"gold_per_floor":[519,537,17,37,49,78,97,97,97,97,62,81,81,94,94,94,94],"floor_reached":16,"language":"ENG","playtime":977,"items_purged":["luka_mod:Surrender"],"score":129,"play_id":"64057179-d1a9-4c5d-8213-27150e0dd7ba","local_time":"20210115211844","is_ascension_mode":false,"campfire_choices":[{"data":"luka_mod:Edging","floor":8,"key":"SMITH"},{"data":"luka_mod:Meditation","floor":10,"key":"SMITH"},{"data":"luka_mod:TouchFluffyTail","floor":15,"key":"SMITH"}],"circlet_count":0,"master_deck":["luka_mod:StrikeLukaOne","luka_mod:StrikeLukaTwo","luka_mod:StrikeLukaThree","luka_mod:StrikeLukaFour","luka_mod:StrikeLukaFive","luka_mod:StrikeLukaSix","luka_mod:Salt","luka_mod:Guard","luka_mod:Wait","luka_mod:Edging+1","luka_mod:FlailWildly","luka_mod:Meditation+1","luka_mod:IliasesJudgement","luka_mod:StressRelief","luka_mod:StrikeLuka+1","luka_mod:GuardedStrike+1","luka_mod:BegIlias","luka_mod:GuardedStrike+1","luka_mod:GuardTraining","luka_mod:TouchFluffyTail+1","luka_mod:GuardedStrike+1"],"relics":["luka_mod:KeepsakeRing","Protect_Vest","Molten Egg 2","StrikeDummy","Orichalcum"],"acts_visited":["Exordium"],"potions_floor_usage":[6,6,7,16],"damage_taken":[{"damage":9,"enemies":"Cultist","floor":1,"turns":4},{"damage":11,"enemies":"Jaw Worm","floor":2,"turns":3},{"damage":0,"enemies":"2 Louse","floor":4,"turns":2},{"damage":0,"enemies":"2 Fungi Beasts","floor":5,"turns":2},{"damage":0,"enemies":"Lagavulin","floor":6,"turns":3},{"damage":0,"enemies":"Gremlin Gang","floor":7,"turns":2},{"damage":0,"enemies":"Large Slime","floor":12,"turns":3},{"damage":0,"enemies":"Red Slaver","floor":14,"turns":3},{"damage":996,"enemies":"Hexaghost","floor":16,"turns":5}],"seed_played":"4298607595270653643","potions_obtained":[{"floor":1,"key":"Fire Potion"},{"floor":2,"key":"Ancient Potion"},{"floor":5,"key":"Guardian:BlockOnCardUsePotion"},{"floor":14,"key":"bronze:BurnAndBuffPotion"}],"is_trial":false,"path_per_floor":["M","M","$","M","M","E","M","R","T","R","?","M","T","M","R","B"],"character_chosen":"LUKA_CLASS","items_purchased":["Protect_Vest","Molten Egg 2","luka_mod:StrikeLuka+1"],"campfire_rested":0,"item_purchase_floors":[3,3,3],"current_hp_per_floor":[35,24,24,24,24,1,23,23,23,23,34,3,3,26,26,0,0],"gold":94,"neow_bonus":"TEN_PERCENT_HP_BONUS","is_daily":false,"chose_seed":false,"campfire_upgraded":3,"win_rate":0.0,"timestamp":1610763524,"path_taken":["M","M","$","?","M","E","M","R","T","R","?","M","?","M","R","BOSS"],"items_purchased_type":["Relic","Relic","Card"],"build_version":"2020-12-22","purchased_purges":1,"victory":false,"max_hp_per_floor":[44,44,44,44,44,44,44,44,44,44,44,46,46,48,48,48,48],"card_choices":[{"not_picked":["luka_mod:BladeOfRagingFire","luka_mod:PerfectTiming"],"picked":"luka_mod:IliasesJudgement","floor":1},{"not_picked":["luka_mod:Intense","luka_mod:DemonSkullBeheading"],"picked":"luka_mod:StressRelief","floor":2},{"not_picked":["luka_mod:Request","luka_mod:PrayToIlias"],"picked":"luka_mod:GuardedStrike+1","floor":4},{"not_picked":["luka_mod:RestrictedStrike+1","luka_mod:Calm"],"picked":"luka_mod:BegIlias","floor":5},{"not_picked":["luka_mod:NotVerySharp","luka_mod:FireSlash+1"],"picked":"luka_mod:GuardedStrike+1","floor":6},{"not_picked":["luka_mod:Struggle","luka_mod:StrikeLuka+1"],"picked":"luka_mod:GuardTraining","floor":7},{"not_picked":["luka_mod:Calm","luka_mod:StrikeLuka+1"],"picked":"luka_mod:TouchFluffyTail","floor":12},{"not_picked":["luka_mod:FireSlash+1","luka_mod:BladeOfStillWater+1"],"picked":"luka_mod:GuardedStrike+1","floor":14}],"player_experience":1832289,"relics_obtained":[{"floor":6,"key":"StrikeDummy"},{"floor":9,"key":"Orichalcum"}],"event_choices":[{"damage_healed":11,"gold_gain":0,"player_choice":"Healed","damage_taken":0,"max_hp_gain":0,"max_hp_loss":0,"event_name":"The Cleric","floor":11,"gold_loss":35}],"is_beta":false,"boss_relics":[],"items_purged_floors":[3],"is_endless":false,"potions_floor_spawned":[1,2,5,14],"killed_by":"Hexaghost","ascension_level":0}}