{"host":"h4qgcirtxz6qax9j","time":1610812636,"event":{"mods":["AchievementEnabler","Astrologer","BaseMod","Colored Powertips","Minty Spire (QoL Compilation)","StSLib","SuperFastMode"],"gold_per_floor":[118,132,132,144,162,191,191,191,191,191,203,217,247,174,174,277,277,290,237,257,271,231,231,257,257,257,257,272,290,310,310,310,410,410,424,442,442,442],"floor_reached":37,"language":"KOR","playtime":1379,"items_purged":[],"score":403,"play_id":"17eef01c-3e60-417e-871c-b682828f7325","local_time":"20210117005716","is_ascension_mode":false,"campfire_choices":[{"floor":8,"key":"REST"},{"data":"astrologer:Starfield","floor":10,"key":"SMITH"},{"floor":15,"key":"REST"},{"floor":23,"key":"REST"},{"floor":25,"key":"REST"},{"floor":27,"key":"REST"},{"floor":32,"key":"REST"}],"circlet_count":0,"master_deck":["astrologer:Strike","astrologer:Strike","astrologer:Strike","astrologer:Strike","astrologer:Defend","astrologer:Defend","astrologer:Defend","astrologer:Defend","astrologer:NorthStar","astrologer:TheFool","astrologer:StarOfRegret","astrologer:TheHermit","astrologer:Conjunction","astrologer:MeteorShower","astrologer:Starfield+1","astrologer:Opposition","astrologer:Novile","astrologer:TheStar","astrologer:Prismatic","astrologer:HeatDeath+1","astrologer:SolarFlare","astrologer:SolarFlare","astrologer:Conjunction","astrologer:FrozenStar","astrologer:TheChariot","astrologer:Novile+1","astrologer:Sunrise"],"relics":["astrologer:SkyMirror","NeowsBlessing","Bag of Marbles","Omamori","Singing Bowl","Runic Pyramid","Tiny Chest","Torii","Potion Belt","Busted Crown"],"acts_visited":["Exordium","TheCity","TheBeyond"],"potions_floor_usage":[16,30,33],"damage_taken":[{"damage":0,"enemies":"2 Louse","floor":1,"turns":1},{"damage":0,"enemies":"Cultist","floor":2,"turns":1},{"damage":0,"enemies":"Jaw Worm","floor":4,"turns":1},{"damage":5,"enemies":"Lots of Slimes","floor":5,"turns":5},{"damage":36,"enemies":"3 Sentries","floor":6,"turns":14},{"damage":0,"enemies":"Looter","floor":11,"turns":3},{"damage":5,"enemies":"2 Fungi Beasts","floor":12,"turns":3},{"damage":32,"enemies":"Gremlin Nob","floor":13,"turns":5},{"damage":22,"enemies":"The Guardian","floor":16,"turns":7},{"damage":8,"enemies":"Shell Parasite","floor":18,"turns":4},{"damage":4,"enemies":"Chosen","floor":20,"turns":6},{"damage":20,"enemies":"Centurion and Healer","floor":21,"turns":5},{"damage":54,"enemies":"Slavers","floor":24,"turns":4},{"damage":11,"enemies":"Snecko","floor":28,"turns":4},{"damage":23,"enemies":"Snake Plant","floor":29,"turns":5},{"damage":26,"enemies":"3 Cultists","floor":30,"turns":5},{"damage":41,"enemies":"Collector","floor":33,"turns":6},{"damage":30,"enemies":"Orb Walker","floor":35,"turns":6},{"damage":29,"enemies":"3 Darklings","floor":36,"turns":6},{"damage":21,"enemies":"Spire Growth","floor":37,"turns":4}],"seed_played":"6585657754199929203","potions_obtained":[{"floor":1,"key":"DistilledChaos"},{"floor":5,"key":"SteroidPotion"},{"floor":6,"key":"SkillPotion"},{"floor":7,"key":"FairyPotion"},{"floor":7,"key":"AttackPotion"},{"floor":16,"key":"LiquidMemories"},{"floor":30,"key":"Weak Potion"},{"floor":35,"key":"Swift Potion"},{"floor":36,"key":"SkillPotion"}],"is_trial":false,"path_per_floor":["M","M","?","M","M","E","?","R","T","R","M","M","E","$","R","B",null,"M","$","M","M","?","R","E","R","T","R","M","M","M","?","R","B",null,"M","M","M"],"character_chosen":"ASTROLOGER","items_purchased":["astrologer:Prismatic","astrologer:SolarFlare"],"campfire_rested":6,"item_purchase_floors":[14,19],"current_hp_per_floor":[70,70,70,70,65,29,29,50,50,50,50,45,13,13,34,12,70,62,62,60,42,42,64,12,34,34,56,45,22,24,24,47,6,78,48,19,0,0],"gold":442,"neow_bonus":"THREE_ENEMY_KILL","is_daily":false,"chose_seed":false,"campfire_upgraded":1,"win_rate":0.0,"timestamp":1610812636,"path_taken":["M","M","?","?","M","E","?","R","T","R","M","M","E","$","R","BOSS","M","$","M","?","?","R","E","R","T","R","M","M","?","?","R","BOSS","M","M","M"],"items_purchased_type":["Card","Card"],"build_version":"2020-12-22","purchased_purges":0,"victory":false,"max_hp_per_floor":[70,70,70,70,70,70,70,70,70,70,70,70,70,70,70,70,70,70,70,72,74,74,74,76,76,76,76,76,76,78,78,78,78,78,78,78,78,78],"card_choices":[{"not_picked":["astrologer:Stardust","astrologer:CometStrike"],"picked":"astrologer:StarOfRegret","floor":1},{"not_picked":["astrologer:Prestidigitation","astrologer:StarOfMisfortune"],"picked":"astrologer:TheHermit","floor":2},{"not_picked":["astrologer:Still","astrologer:Premeditation"],"picked":"astrologer:Conjunction","floor":4},{"not_picked":["astrologer:Radiance","astrologer:TheHangedMan"],"picked":"astrologer:MeteorShower","floor":5},{"not_picked":["astrologer:SpaceDust","astrologer:Retelling"],"picked":"astrologer:Starfield","floor":6},{"not_picked":["astrologer:GlassStar","astrologer:Conjunction"],"picked":"astrologer:Opposition","floor":11},{"not_picked":["astrologer:SpaceDust","astrologer:Cataclysm"],"picked":"astrologer:Novile","floor":12},{"not_picked":["astrologer:Judgement","astrologer:Confirmation"],"picked":"astrologer:TheStar","floor":13},{"not_picked":["astrologer:TheWorld","astrologer:WheelofFortune"],"picked":"astrologer:HeatDeath","floor":16},{"not_picked":["astrologer:TheLovers","astrologer:Conjunction"],"picked":"astrologer:SolarFlare","floor":18},{"not_picked":["astrologer:FrozenStar","astrologer:TheDevil","astrologer:Radiance"],"picked":"Singing Bowl","floor":20},{"not_picked":["astrologer:Eclipse","astrologer:Judgement","astrologer:NeutronStar+1"],"picked":"Singing Bowl","floor":21},{"not_picked":["astrologer:FrozenStar+1","astrologer:TheHermit+1","astrologer:TheLovers"],"picked":"Singing Bowl","floor":24},{"not_picked":["astrologer:NeutronStar","astrologer:SolarFlare"],"picked":"astrologer:Conjunction","floor":28},{"not_picked":["astrologer:Prestidigitation","astrologer:CometStrike"],"picked":"astrologer:FrozenStar","floor":29},{"not_picked":["astrologer:ReadTheStars","astrologer:TheDevil","astrologer:Judgement+1"],"picked":"Singing Bowl","floor":30},{"not_picked":["astrologer:Starfield","astrologer:Premonition"],"picked":"astrologer:TheChariot","floor":33},{"not_picked":[],"picked":"astrologer:Novile+1","floor":35},{"not_picked":[],"picked":"astrologer:Sunrise","floor":36}],"player_experience":48027,"relics_obtained":[{"floor":6,"key":"Bag of Marbles"},{"floor":9,"key":"Omamori"},{"floor":13,"key":"Singing Bowl"},{"floor":24,"key":"Tiny Chest"},{"floor":26,"key":"Torii"}],"event_choices":[{"damage_healed":0,"gold_gain":0,"player_choice":"Ignored","damage_taken":0,"max_hp_gain":0,"max_hp_loss":0,"event_name":"NoteForYourself","floor":3,"gold_loss":0},{"damage_healed":0,"gold_gain":0,"player_choice":"Got Potions","damage_taken":0,"max_hp_gain":0,"max_hp_loss":0,"event_name":"Lab","floor":7,"gold_loss":0},{"damage_healed":0,"gold_gain":0,"player_choice":"Upgrade","damage_taken":0,"max_hp_gain":0,"max_hp_loss":0,"event_name":"Designer","floor":22,"gold_loss":40,"cards_upgraded":["astrologer:HeatDeath"]},{"damage_healed":0,"gold_gain":0,"player_choice":"Opened","damage_taken":0,"relics_obtained":["Potion Belt"],"max_hp_gain":0,"max_hp_loss":0,"event_name":"The Mausoleum","floor":31,"gold_loss":0,"cards_obtained":["Writhe"]}],"is_beta":false,"boss_relics":[{"not_picked":["Calling Bell","Black Star"],"picked":"Runic Pyramid"},{"not_picked":["Cursed Key","Tiny House"],"picked":"Busted Crown"}],"items_purged_floors":[],"is_endless":false,"potions_floor_spawned":[1,5,6,16,18,21,30,35,36],"killed_by":"Spire Growth","ascension_level":0}}