{"host":"qgrlfjrqk9z96gfi","time":1610761497,"event":{"mods":["BaseMod","Block Reminder","Colored Map","DeckTracker","Minty Spire (QoL Compilation)"],"gold_per_floor":[115,65,83,97,22,22,36,65,65,65,85,85,85],"floor_reached":12,"language":"ENG","playtime":413,"items_purged":[],"score":160,"play_id":"025e6f28-473f-472a-8e6a-1b80752a5453","local_time":"20210115154457","is_ascension_mode":true,"campfire_choices":[{"data":"Footwork","floor":6,"key":"SMITH"},{"floor":10,"key":"REST"}],"circlet_count":0,"master_deck":["AscendersBane","Survivor","Neutralize","Accuracy","Malaise","Tactician","Footwork+1","Masterful Stab","Backflip","Caltrops","Footwork","After Image","Flying Knee","Quick Slash","Cloak And Dagger","Deadly Poison","Backflip","All Out Attack","Blade Dance"],"relics":["Pandora\u0027s Box","Bottled Flame","Gremlin Horn"],"acts_visited":["Exordium"],"potions_floor_usage":[8],"damage_taken":[{"damage":0,"enemies":"Cultist","floor":1,"turns":5},{"damage":0,"enemies":"Small Slimes","floor":3,"turns":3},{"damage":6,"enemies":"2 Louse","floor":4,"turns":3},{"damage":7,"enemies":"Looter","floor":7,"turns":4},{"damage":34,"enemies":"Gremlin Nob","floor":8,"turns":5},{"damage":4,"enemies":"Blue Slaver","floor":11,"turns":4},{"damage":27,"enemies":"3 Sentries","floor":12,"turns":6}],"seed_played":"-7388484873085372518","potions_obtained":[{"floor":1,"key":"Dexterity Potion"},{"floor":7,"key":"FearPotion"},{"floor":8,"key":"Ancient Potion"}],"is_trial":false,"path_per_floor":["M","$","M","M","?","R","M","E","T","R","M","E"],"character_chosen":"THE_SILENT","items_purchased":["Quick Slash"],"campfire_rested":1,"item_purchase_floors":[2],"current_hp_per_floor":[59,59,59,53,53,53,46,12,12,31,27,0,0],"gold":85,"neow_bonus":"BOSS_RELIC","is_daily":false,"chose_seed":false,"campfire_upgraded":1,"win_rate":0.0,"timestamp":1610761497,"path_taken":["M","$","M","?","?","R","M","E","T","R","M","E"],"items_purchased_type":["Card"],"build_version":"2020-12-22","purchased_purges":0,"victory":false,"max_hp_per_floor":[66,66,66,66,66,66,66,66,66,66,66,66,66],"card_choices":[{"not_picked":["Distraction","Well Laid Plans"],"picked":"Flying Knee","floor":1},{"not_picked":["Deadly Poison","Bane"],"picked":"Cloak And Dagger","floor":3},{"not_picked":["Distraction","Masterful Stab"],"picked":"Deadly Poison","floor":4},{"not_picked":["Adrenaline","Dodge and Roll"],"picked":"Backflip","floor":7},{"not_picked":["Outmaneuver","Escape Plan"],"picked":"All Out Attack","floor":8},{"not_picked":["Poisoned Stab","Catalyst"],"picked":"Blade Dance","floor":11}],"player_experience":1011205,"relics_obtained":[{"floor":8,"key":"Bottled Flame"},{"floor":9,"key":"Gremlin Horn"}],"event_choices":[{"cards_removed":["Bullet Time"],"damage_healed":0,"gold_gain":0,"player_choice":"Card Removal","damage_taken":0,"max_hp_gain":0,"max_hp_loss":0,"event_name":"The Cleric","floor":5,"gold_loss":75}],"is_beta":false,"boss_relics":[],"items_purged_floors":[],"is_endless":false,"potions_floor_spawned":[1,7,8],"killed_by":"3 Sentries","ascension_level":20}}