{"host":"kvh5342rl0c7vxi5","time":1610835639,"event":{"mods":["BaseMod","Downfall","Hermit","Jorbs\u0027s Wanderer Trilogy","Minty Spire (QoL Compilation)","Quick Restart","StSLib","SuperFastMode","The Poker Player"],"gold_per_floor":[219,219,219,233,233,233,259,293,346,357,397,397,427,38,38,152,152,201,224,238,238,238,238,298,298,298,1,1,1,50,64,64],"floor_reached":31,"language":"ENG","playtime":1295,"items_purged":["hermit:Strike_Hermit","downfall:Icky"],"score":349,"play_id":"7a9d8b84-1534-416f-b06e-e302932c8978","local_time":"20210116172039","is_ascension_mode":true,"campfire_choices":[{"data":"hermit:Scavenge","floor":6,"key":"SMITH"},{"floor":12,"key":"REST"},{"data":"hermit:Scavenge","floor":15,"key":"SMITH"},{"data":"hermit:Maintenance","floor":23,"key":"SMITH"},{"floor":25,"key":"REST"},{"data":"hermit:HighNoon","floor":28,"key":"SMITH"}],"circlet_count":0,"master_deck":["hermit:Strike_Hermit","hermit:Strike_Hermit","hermit:Strike_Hermit","hermit:Defend_Hermit+1","hermit:Defend_Hermit+1","hermit:Defend_Hermit","hermit:Defend_Hermit","hermit:Snapshot","hermit:Covet","hermit:Headshot+1","Regret","hermit:Scavenge+1","hermit:Snipe","hermit:Gestalt","hermit:Desperado","hermit:Dive","hermit:Combo","hermit:HighNoon+1","hermit:TrackingShot","hermit:Scavenge+1","hermit:DeadOrAlive","hermit:Maintenance+1","Parasite"],"relics":["hermit:Momento","War Paint","Juzu Bracelet","Potion Belt","Dream Catcher","TungstenRod","Smiling Mask","Lee\u0027s Waffle","Cursed Key","MealTicket","Blue Candle","Red Mask","Incense Burner","Kunai"],"acts_visited":["Exordium","TheCity"],"potions_floor_usage":[8,11,16,24,24],"damage_taken":[{"damage":3,"enemies":"2 Louse","floor":1,"turns":3},{"damage":2,"enemies":"Small Slimes","floor":4,"turns":2},{"damage":4,"enemies":"Jaw Worm","floor":7,"turns":4},{"damage":37,"enemies":"3 Sentries","floor":8,"turns":11},{"damage":5,"enemies":"Large Slime","floor":10,"turns":7},{"damage":2,"enemies":"Lagavulin","floor":11,"turns":7},{"damage":2,"enemies":"3 Sentries","floor":13,"turns":9},{"damage":10,"enemies":"Slime Boss","floor":16,"turns":19},{"damage":17,"enemies":"3 Byrds","floor":18,"turns":9},{"damage":19,"enemies":"Chosen","floor":20,"turns":8},{"damage":40,"enemies":"Masked Bandits","floor":24,"turns":8},{"damage":27,"enemies":"Snake Plant","floor":30,"turns":6},{"damage":41,"enemies":"Slavers","floor":31,"turns":5}],"seed_played":"-9114827448202746298","potions_obtained":[{"floor":4,"key":"hermit:Tonic"},{"floor":7,"key":"SpeedPotion"},{"floor":10,"key":"PowerPotion"},{"floor":11,"key":"Weak Potion"},{"floor":20,"key":"Explosive Potion"}],"is_trial":false,"path_per_floor":["M","?","?","M","?","R","M","E","T","M","E","R","E","$","R","B",null,"M","T","M","?","?","R","?","R","T","$","R","$","M","E"],"character_chosen":"HERMIT","items_purchased":["Lee\u0027s Waffle","hermit:HighNoon","hermit:TrackingShot","hermit:Scavenge","Kunai"],"campfire_rested":2,"item_purchase_floors":[14,14,14,14,27],"current_hp_per_floor":[65,65,65,63,51,51,47,10,10,5,3,25,23,82,82,72,80,63,63,44,44,44,44,4,28,28,43,43,58,31,0,0],"gold":64,"neow_bonus":"HUNDRED_GOLD","is_daily":false,"chose_seed":false,"campfire_upgraded":4,"win_rate":0.0,"timestamp":1610835639,"path_taken":["M","?","?","?","?","R","M","E","T","M","E","R","E","?","R","BOSS","M","?","M","?","?","R","?","R","T","$","R","$","M","E"],"items_purchased_type":["Relic","Card","Card","Card","Relic"],"build_version":"2020-12-22","purchased_purges":2,"victory":false,"max_hp_per_floor":[75,75,75,75,75,75,75,75,75,75,75,75,75,82,82,82,82,82,82,82,82,82,82,82,82,82,82,82,82,82,82,82],"card_choices":[{"not_picked":["hermit:ItchyTrigger","hermit:BodyArmor"],"picked":"hermit:Headshot","floor":1},{"not_picked":["hermit:ShadowCloak","hermit:Ricochet"],"picked":"hermit:Scavenge","floor":4},{"not_picked":["hermit:Vantage","hermit:Roulette"],"picked":"hermit:Snipe","floor":7},{"not_picked":["hermit:TrackingShot","hermit:HighCaliber"],"picked":"hermit:Gestalt","floor":8},{"not_picked":["hermit:Ricochet","hermit:ItchyTrigger"],"picked":"hermit:Desperado","floor":10},{"not_picked":["hermit:HeroicBravado","hermit:Purgatory"],"picked":"hermit:Dive","floor":11},{"not_picked":["hermit:Quickdraw","hermit:BodyArmor"],"picked":"hermit:Combo","floor":12},{"not_picked":["hermit:HoleUp","hermit:Midnight","hermit:LuckOfTheDraw"],"picked":"SKIP","floor":13},{"not_picked":["hermit:OverwhelmingPower","hermit:Reprieve"],"picked":"hermit:DeadOrAlive","floor":16},{"not_picked":["hermit:Feint+1","hermit:Misfire","hermit:Roulette"],"picked":"SKIP","floor":18},{"not_picked":["hermit:Snipe+1","hermit:Feint"],"picked":"hermit:Maintenance","floor":20},{"not_picked":["hermit:LuckOfTheDraw","hermit:Coalescence","hermit:GhostlyPresence"],"picked":"SKIP","floor":30}],"player_experience":543177,"relics_obtained":[{"floor":8,"key":"Potion Belt"},{"floor":9,"key":"Dream Catcher"},{"floor":11,"key":"TungstenRod"},{"floor":13,"key":"Smiling Mask"},{"floor":19,"key":"MealTicket"},{"floor":24,"key":"Red Mask"},{"floor":26,"key":"Incense Burner"}],"event_choices":[{"damage_healed":0,"gold_gain":0,"player_choice":"Box","damage_taken":0,"relics_obtained":["War Paint"],"max_hp_gain":0,"max_hp_loss":0,"event_name":"Big Fish","floor":2,"gold_loss":0,"cards_obtained":["Regret"]},{"damage_healed":0,"gold_gain":0,"player_choice":"Grow","damage_taken":0,"max_hp_gain":0,"max_hp_loss":0,"event_name":"Living Wall","floor":3,"gold_loss":0,"cards_upgraded":["hermit:Headshot"]},{"damage_healed":0,"gold_gain":0,"player_choice":"Success","damage_taken":12,"relics_obtained":["Juzu Bracelet"],"max_hp_gain":0,"max_hp_loss":0,"event_name":"Scrap Ooze","floor":5,"gold_loss":0},{"cards_removed":["Normality"],"damage_healed":0,"gold_gain":0,"player_choice":"Purged","damage_taken":0,"max_hp_gain":0,"max_hp_loss":0,"event_name":"Purifier","floor":21,"gold_loss":0},{"damage_healed":0,"gold_gain":0,"player_choice":"Fought Bandits","damage_taken":0,"max_hp_gain":0,"max_hp_loss":0,"event_name":"Masked Bandits","floor":24,"gold_loss":0}],"is_beta":false,"boss_relics":[{"not_picked":["Coffee Dripper","Tiny House"],"picked":"Cursed Key"}],"items_purged_floors":[14,27],"is_endless":false,"potions_floor_spawned":[4,7,10,11,20],"killed_by":"Slavers","ascension_level":8}}