{"host":"ci7cmvrwpmzqnw7e","time":1610781143,"event":{"mods":["BaseMod","BetterRewards","Colored Map","Googly Eyes","Highlight Path","Kratos Character Expansion","Minty Spire (QoL Compilation)","Random Character Button","Rare Cards Sparkle","Shop Mod","StSLib","The Saiyan","The Senshi","The Wild Card","????"],"gold_per_floor":[110,124,124,134,150,150,183,183,183,283,295,326,326,340,340,439,439,452,469,484,409,72,100,100,117,117,117,142,155,30,41,41,136,136,146,196,211,234,0,0,27,46,46,63,63,82,82,100,100,100],"floor_reached":51,"language":"ENG","playtime":2139,"items_purged":[],"score":756,"play_id":"e7becb41-5347-41b1-a137-f011e53f208e","local_time":"20210116001223","is_ascension_mode":false,"campfire_choices":[{"data":"PlaceholderMod:PoisonExcitation","floor":6,"key":"SMITH"},{"data":"PlaceholderMod:Activation","floor":8,"key":"SMITH"},{"floor":13,"key":"REST"},{"data":"PlaceholderMod:OHStrongAttack","floor":15,"key":"SMITH"},{"floor":24,"key":"REST"},{"floor":32,"key":"REST"},{"data":"PlaceholderMod:CorePoison","floor":40,"key":"SMITH"},{"floor":45,"key":"REST"},{"data":"PlaceholderMod:DiffusionPoison","floor":49,"key":"SMITH"}],"circlet_count":0,"master_deck":["PlaceholderMod:Crystal","PlaceholderMod:PoisonWhip","PlaceholderMod:AngryAttack","PlaceholderMod:SeverePoisonStrike","PlaceholderMod:NearChange","PlaceholderMod:DiffusionChemical","PlaceholderMod:PoisonExcitation+1","PlaceholderMod:Activation+1","PlaceholderMod:OHStrongAttack+1","PlaceholderMod:AttackAsDefend","PlaceholderMod:ConsolidateHit","PlaceholderMod:DiffusionPoison","CurseOfTheBell","PlaceholderMod:Turn","PlaceholderMod:Hard","PlaceholderMod:HardStinger+1","PlaceholderMod:ComplexForm","PlaceholderMod:HornyCollision","PlaceholderMod:StrongAcid","PlaceholderMod:StressReaction","PlaceholderMod:ConsolidateHit+1","PlaceholderMod:Activation","PlaceholderMod:Stable","PlaceholderMod:Break+1","PlaceholderMod:DiffusionPoison+1","PlaceholderMod:ParasiteChange+1","PlaceholderMod:MultiReaction","PlaceholderMod:SprayAttack+1","PlaceholderMod:ProliferateStrike","PlaceholderMod:Stratification","PlaceholderMod:Activation","PlaceholderMod:NearChange","PlaceholderMod:Corrosion","PlaceholderMod:FinalSpray","PlaceholderMod:QualitativeChange","PlaceholderMod:CorePoison+1","PlaceholderMod:RadicalHit","PlaceholderMod:ThreeBenzyolStart+1"],"relics":["PlaceholderMod:Tancle","NeowsBlessing","MealTicket","Happy Flower","InkBottle","Calling Bell","Bag of Preparation","Letter Opener","Peace Pipe","Oddly Smooth Stone","Bottled Flame","Question Card","The Courier","DollysMirror","Pandora\u0027s Box","Lizard Tail","Whetstone","Red Mask","White Beast Statue","theSenshi:FeatherClipsRelic"],"acts_visited":["Exordium","TheCity","TheBeyond"],"potions_floor_usage":[12,12,16,20,31,31,33,41,44,44,46,46,50,50],"damage_taken":[{"damage":0,"enemies":"Cultist","floor":1,"turns":1},{"damage":0,"enemies":"Jaw Worm","floor":2,"turns":1},{"damage":0,"enemies":"Small Slimes","floor":4,"turns":1},{"damage":0,"enemies":"Gremlin Gang","floor":5,"turns":3},{"damage":18,"enemies":"Lagavulin","floor":7,"turns":5},{"damage":5,"enemies":"Large Slime","floor":11,"turns":3},{"damage":8,"enemies":"3 Sentries","floor":12,"turns":5},{"damage":5,"enemies":"Exordium Wildlife","floor":14,"turns":3},{"damage":21,"enemies":"Slime Boss","floor":16,"turns":11},{"damage":16,"enemies":"3 Byrds","floor":18,"turns":5},{"damage":0,"enemies":"Chosen","floor":19,"turns":5},{"damage":14,"enemies":"Snake Plant","floor":20,"turns":4},{"damage":40,"enemies":"Book of Stabbing","floor":23,"turns":6},{"damage":0,"enemies":"Snecko","floor":25,"turns":3},{"damage":14,"enemies":"Slavers","floor":28,"turns":4},{"damage":0,"enemies":"Centurion and Healer","floor":29,"turns":5},{"damage":35,"enemies":"3 Cultists","floor":31,"turns":4},{"damage":47,"enemies":"Champ","floor":33,"turns":7},{"damage":10,"enemies":"3 Shapes","floor":35,"turns":3},{"damage":0,"enemies":"Mind Bloom Boss Battle","floor":36,"turns":5},{"damage":0,"enemies":"Orb Walker","floor":37,"turns":3},{"damage":33,"enemies":"Nemesis","floor":41,"turns":5},{"damage":0,"enemies":"Transient","floor":42,"turns":5},{"damage":39,"enemies":"Jaw Worm Horde","floor":44,"turns":4},{"damage":20,"enemies":"Writhing Mass","floor":46,"turns":3},{"damage":0,"enemies":"Spire Growth","floor":48,"turns":4},{"damage":52,"enemies":"Awakened One","floor":50,"turns":6}],"seed_played":"489001490507682378","potions_obtained":[{"floor":1,"key":"SteroidPotion"},{"floor":4,"key":"AttackPotion"},{"floor":5,"key":"LiquidBronze"},{"floor":16,"key":"DuplicationPotion"},{"floor":19,"key":"PowerPotion"},{"floor":28,"key":"Regen Potion"},{"floor":29,"key":"Dexterity Potion"},{"floor":33,"key":"ColorlessPotion"},{"floor":36,"key":"Block Potion"},{"floor":41,"key":"Block Potion"},{"floor":42,"key":"PlaceholderMod:PlaceholderPotion"},{"floor":44,"key":"EssenceOfSteel"},{"floor":46,"key":"Strength Potion"},{"floor":48,"key":"SpeedPotion"}],"is_trial":false,"path_per_floor":["M","M","?","M","M","R","E","R","T","?","M","E","R","M","R","B",null,"M","M","M","?","$","E","R","M","T","T","E","M","$","M","R","B",null,"M","?","M","T","?","R","E","M","T","M","R","M","$","M","R","B",null],"character_chosen":"THE_PLACEHOLDER","items_purchased":["PlaceholderMod:ComplexForm","PlaceholderMod:HornyCollision","PlaceholderMod:StrongAcid","PlaceholderMod:StressReaction","PlaceholderMod:ConsolidateHit","DollysMirror"],"campfire_rested":4,"item_purchase_floors":[22,22,22,22,22,30],"current_hp_per_floor":[78,78,78,78,78,78,60,60,60,60,55,47,70,65,65,44,78,62,62,48,48,63,23,46,46,46,46,32,32,47,26,49,2,78,68,68,68,68,68,68,35,35,35,45,68,54,69,75,75,29],"gold":100,"neow_bonus":"THREE_ENEMY_KILL","is_daily":false,"chose_seed":false,"campfire_upgraded":5,"win_rate":0.0,"timestamp":1610781143,"path_taken":["M","?","?","M","M","R","E","R","T","?","M","E","R","M","R","BOSS","M","M","?","?","$","E","R","M","T","?","E","?","$","M","R","BOSS","M","?","M","?","?","R","E","M","T","M","R","M","$","M","R","BOSS"],"items_purchased_type":["Card","Card","Card","Card","Card","Relic"],"build_version":"2020-12-22","purchased_purges":0,"victory":true,"max_hp_per_floor":[78,78,78,78,78,78,78,78,78,78,78,78,78,78,78,78,78,78,78,78,78,78,78,78,78,78,78,78,78,78,78,78,78,78,78,78,78,78,78,78,78,78,78,78,78,78,78,78,78,78],"card_choices":[{"not_picked":["PlaceholderMod:HardStrike","PlaceholderMod:StressReaction"],"picked":"PlaceholderMod:AngryAttack","floor":1},{"not_picked":["PlaceholderMod:AttackAsDefend","PlaceholderMod:Sweep"],"picked":"PlaceholderMod:SeverePoisonStrike","floor":2},{"not_picked":["PlaceholderMod:Polyp","PlaceholderMod:AngryAttack"],"picked":"PlaceholderMod:DiffusionChemical","floor":4},{"not_picked":["PlaceholderMod:TriggerStrike","PlaceholderMod:CrystallizationStrike"],"picked":"PlaceholderMod:PoisonExcitation","floor":5},{"not_picked":["PlaceholderMod:Internalization","PlaceholderMod:MultipleOxi"],"picked":"PlaceholderMod:Activation","floor":7},{"not_picked":["PlaceholderMod:CrystallizationStrike","PlaceholderMod:DiffusionChemical"],"picked":"PlaceholderMod:OHStrongAttack","floor":11},{"not_picked":["PlaceholderMod:Hard","PlaceholderMod:ContinueSpray"],"picked":"PlaceholderMod:AttackAsDefend","floor":12},{"not_picked":["PlaceholderMod:Polyp","PlaceholderMod:SeverePoisonStrike"],"picked":"PlaceholderMod:ConsolidateHit","floor":14},{"not_picked":["PlaceholderMod:Assimilation","PlaceholderMod:GrowthForm"],"picked":"PlaceholderMod:DiffusionPoison","floor":16},{"not_picked":["PlaceholderMod:NutritionAbsorb","PlaceholderMod:ParasiteChange"],"picked":"PlaceholderMod:Turn","floor":18},{"not_picked":["PlaceholderMod:Internalization+1","PlaceholderMod:NearChange"],"picked":"PlaceholderMod:Hard","floor":19},{"not_picked":["PlaceholderMod:Polyp","PlaceholderMod:DissolvingSpikes"],"picked":"PlaceholderMod:HardStinger+1","floor":20},{"not_picked":["PlaceholderMod:PoisonAbsorb+1","PlaceholderMod:Stable+1"],"picked":"PlaceholderMod:Activation","floor":23},{"not_picked":["PlaceholderMod:Internalization+1","PlaceholderMod:Sweep"],"picked":"PlaceholderMod:Stable","floor":25},{"not_picked":["PlaceholderMod:HealingAttack+1","PlaceholderMod:RadicalHit+1","PlaceholderMod:EvolutionSpray"],"picked":"PlaceholderMod:Break+1","floor":28},{"not_picked":["PlaceholderMod:HardStrike+1","PlaceholderMod:ComplexForm","PlaceholderMod:Sweep","PlaceholderMod:PoisonExcitation"],"picked":"SKIP","floor":29},{"not_picked":["PlaceholderMod:RadicalHit","PlaceholderMod:SeverePoisonStrike","PlaceholderMod:SpinBlade"],"picked":"PlaceholderMod:ParasiteChange+1","floor":31},{"not_picked":["PlaceholderMod:DiffusionPoison","PlaceholderMod:CorePoison","PlaceholderMod:PericyclicReaction"],"picked":"PlaceholderMod:MultiReaction","floor":33},{"not_picked":["PlaceholderMod:SpinBlade","PlaceholderMod:Polyp","PlaceholderMod:StressReaction+1","PlaceholderMod:DissolvingSpikes+1"],"picked":"SKIP","floor":35},{"not_picked":["PlaceholderMod:NearChange","PlaceholderMod:ComplexForm+1","PlaceholderMod:Sweep+1"],"picked":"PlaceholderMod:CorePoison","floor":37},{"not_picked":["PlaceholderMod:SeverePoisonStrike","PlaceholderMod:NearChange","PlaceholderMod:DissolvingSpikes+1"],"picked":"PlaceholderMod:RadicalHit","floor":41},{"not_picked":["PlaceholderMod:StressReaction+1","PlaceholderMod:SelectReaction","PlaceholderMod:CycleAttack","PlaceholderMod:HardStinger+1"],"picked":"SKIP","floor":42},{"not_picked":["PlaceholderMod:StrongAcid","PlaceholderMod:HardStinger+1","PlaceholderMod:ContinueSpray+1","PlaceholderMod:SeverePoisonStrike+1"],"picked":"SKIP","floor":44},{"not_picked":["PlaceholderMod:ParasiteChange","PlaceholderMod:OHStrongAttack+1","PlaceholderMod:HardStinger+1"],"picked":"PlaceholderMod:ThreeBenzyolStart+1","floor":46},{"not_picked":["PlaceholderMod:SeverePoisonStrike","PlaceholderMod:DiffusionChemical","PlaceholderMod:InnerSoften","PlaceholderMod:ChainPoly"],"picked":"SKIP","floor":48}],"player_experience":39644,"relics_obtained":[{"floor":7,"key":"MealTicket"},{"floor":9,"key":"Happy Flower"},{"floor":12,"key":"InkBottle"},{"floor":17,"key":"Bag of Preparation"},{"floor":17,"key":"Letter Opener"},{"floor":17,"key":"Peace Pipe"},{"floor":23,"key":"Oddly Smooth Stone"},{"floor":26,"key":"Bottled Flame"},{"floor":27,"key":"Question Card"},{"floor":28,"key":"The Courier"},{"floor":36,"key":"Lizard Tail"},{"floor":38,"key":"Whetstone"},{"floor":41,"key":"White Beast Statue"},{"floor":43,"key":"theSenshi:FeatherClipsRelic"}],"event_choices":[{"damage_healed":0,"gold_gain":0,"cards_transformed":["PlaceholderMod:BaseStrike"],"player_choice":"Change","damage_taken":0,"max_hp_gain":0,"max_hp_loss":0,"event_name":"Living Wall","floor":3,"gold_loss":0,"cards_obtained":["PlaceholderMod:NearChange"]},{"damage_healed":0,"gold_gain":100,"player_choice":"Pray","damage_taken":0,"max_hp_gain":0,"max_hp_loss":0,"event_name":"Golden Shrine","floor":10,"gold_loss":0},{"cards_removed":["PlaceholderMod:BaseStrike"],"damage_healed":0,"gold_gain":0,"player_choice":"Gave Gold","damage_taken":0,"max_hp_gain":0,"max_hp_loss":0,"event_name":"Beggar","floor":21,"gold_loss":75},{"damage_healed":0,"gold_gain":0,"player_choice":"Fight","damage_taken":0,"max_hp_gain":0,"max_hp_loss":0,"event_name":"MindBloom","floor":36,"gold_loss":0},{"damage_healed":0,"gold_gain":0,"player_choice":"Paid","damage_taken":0,"relics_obtained":["Red Mask"],"max_hp_gain":0,"max_hp_loss":0,"event_name":"Tomb of Lord Red Mask","floor":39,"gold_loss":234}],"is_beta":false,"boss_relics":[{"not_picked":["Tiny House","SlaversCollar"],"picked":"Calling Bell"},{"not_picked":["Empty Cage","Philosopher\u0027s Stone"],"picked":"Pandora\u0027s Box"}],"items_purged_floors":[],"is_endless":false,"potions_floor_spawned":[1,4,5,16,19,28,29,33,36,41,42,44,46,48],"ascension_level":0}}