{"host":"8i4doyxqctgl5qb0","time":1610834696,"event":{"mods":["AchievementEnabler","BaseMod","Block Reminder","Colored Powertips","Minty Spire (QoL Compilation)","Permanent Neow","Potion Indicator Mod","Rare Cards Sparkle","StSLib","SuperFastMode","The Jungle"],"gold_per_floor":[118,193,193,24,199,199,232,232,232,258,258,275,293,293,293,391,391,410,423,72,72,172,172,191,208,260,260,260],"floor_reached":27,"language":"ZHS","playtime":617,"items_purged":[],"score":417,"play_id":"566dce74-33c8-4080-869e-34c811232da7","local_time":"20210117060456","is_ascension_mode":true,"campfire_choices":[{"data":"Apotheosis","floor":6.0,"key":"SMITH"},{"floor":8.0,"key":"REST"},{"data":"Barrage","floor":11.0,"key":"SMITH"},{"floor":15.0,"key":"REST"},{"data":"Echo Form","floor":23,"key":"SMITH"}],"circlet_count":0,"master_deck":["AscendersBane","Strike_B","Strike_B","Strike_B","Strike_B","Defend_B+1","Defend_B","Defend_B","Defend_B","Zap+1","Dualcast","Barrage+1","Apotheosis+1","Doubt","Storm","Cold Snap","Leap+1","Amplify+1","Sweeping Beam","Cold Snap","Sunder","Echo Form+1","Heatsinks","Turbo+1"],"relics":["FrozenCore","NeowsBlessing","Mummified Hand","TungstenRod","Orichalcum","Toxic Egg 2","Bronze Scales","Lee\u0027s Waffle","Anchor"],"acts_visited":["Exordium","TheCity"],"potions_floor_usage":[19,27],"damage_taken":[{"damage":0.0,"enemies":"Cultist","floor":1.0,"turns":1.0},{"damage":0.0,"enemies":"3 Sentries","floor":7.0,"turns":1.0},{"damage":0.0,"enemies":"Gremlin Nob","floor":10.0,"turns":1.0},{"damage":0.0,"enemies":"Small Slimes","floor":12.0,"turns":3.0},{"damage":4.0,"enemies":"Jaw Worm","floor":13.0,"turns":3.0},{"damage":27.0,"enemies":"The Guardian","floor":16.0,"turns":16.0},{"damage":1.0,"enemies":"Spheric Guardian","floor":18.0,"turns":6.0},{"damage":23,"enemies":"Chosen","floor":19,"turns":6},{"damage":22,"enemies":"3 Cultists","floor":24,"turns":5},{"damage":14,"enemies":"Snake Plant","floor":25,"turns":6},{"damage":51,"enemies":"Gremlin Leader","floor":27,"turns":6}],"seed_played":"-3140297069976933112","potions_obtained":[{"floor":7.0,"key":"EssenceOfSteel"},{"floor":10.0,"key":"Regen Potion"},{"floor":18.0,"key":"ColorlessPotion"},{"floor":25,"key":"Fruit Juice"}],"is_trial":false,"path_per_floor":["M","?","?","$","?","R","E","R","T","E","R","M","M","?","R","B",null,"M","M","$","?","?","R","M","M","T","E"],"character_chosen":"DEFECT","items_purchased":["Apotheosis","Bronze Scales","Lee\u0027s Waffle","Sunder"],"campfire_rested":2,"item_purchase_floors":[4,20,20,20],"current_hp_per_floor":[68,57,45,45,45,45,45,67,67,67,67,67,63,49,71,44,67,66,43,82,82,82,82,60,46,46,0,0],"gold":260,"neow_bonus":"THREE_ENEMY_KILL","is_daily":false,"chose_seed":false,"campfire_upgraded":3,"win_rate":0.0,"timestamp":1610834696,"path_taken":["M","?","?","$","?","R","E","R","T","E","R","M","M","?","R","BOSS","M","M","$","?","?","R","M","?","T","E"],"items_purchased_type":["Card","Relic","Relic","Card"],"build_version":"2020-12-22","purchased_purges":0,"victory":false,"max_hp_per_floor":[75,75,75,75,75,75,75,75,75,75,75,75,75,75,75,75,75,75,75,82,82,82,82,82,82,82,87,87],"card_choices":[{"not_picked":["Beam Cell","Steam Power"],"picked":"Barrage","floor":1.0},{"not_picked":["Heatsinks","Stack"],"picked":"Storm","floor":7.0},{"not_picked":["Tempest+1","Gash"],"picked":"Cold Snap","floor":10.0},{"not_picked":["Go for the Eyes","Rip and Tear","Undo+1"],"picked":"SKIP","floor":12.0},{"not_picked":["Coolheaded+1","Redo+1"],"picked":"Leap+1","floor":13.0},{"not_picked":["Multi-Cast+1","Meteor Strike"],"picked":"Amplify+1","floor":16.0},{"not_picked":["Beam Cell","Ball Lightning+1"],"picked":"Sweeping Beam","floor":18.0},{"not_picked":["Rebound","Barrage"],"picked":"Cold Snap","floor":19},{"not_picked":["Beam Cell","Gash+1"],"picked":"Heatsinks","floor":24},{"not_picked":["Static Discharge","Barrage+1"],"picked":"Turbo+1","floor":25}],"player_experience":153759,"relics_obtained":[{"floor":7.0,"key":"TungstenRod"},{"floor":9.0,"key":"Orichalcum"},{"floor":10.0,"key":"Toxic Egg 2"},{"floor":26,"key":"Anchor"}],"event_choices":[{"damage_healed":0.0,"max_hp_gain":0.0,"max_hp_loss":0.0,"gold_gain":75.0,"event_name":"World of Goop","player_choice":"Gather Gold","floor":2.0,"gold_loss":0.0,"damage_taken":11.0},{"damage_healed":0.0,"max_hp_gain":0.0,"max_hp_loss":0.0,"gold_gain":0.0,"event_name":"Scrap Ooze","player_choice":"Success","floor":3.0,"gold_loss":0.0,"damage_taken":12.0,"relics_obtained":["Mummified Hand"]},{"damage_healed":0.0,"max_hp_gain":0.0,"max_hp_loss":0.0,"gold_gain":175.0,"event_name":"Liars Game","player_choice":"AGREE","floor":5.0,"gold_loss":0.0,"damage_taken":0.0,"cards_obtained":["Doubt"]},{"damage_healed":0.0,"max_hp_gain":0.0,"max_hp_loss":0.0,"gold_gain":0.0,"event_name":"Shining Light","player_choice":"Entered Light","floor":14.0,"gold_loss":0.0,"damage_taken":15.0,"cards_upgraded":["Zap","Defend_B"]},{"damage_healed":0,"gold_gain":0,"player_choice":"Read","damage_taken":0,"max_hp_gain":0,"max_hp_loss":0,"event_name":"The Library","floor":21,"gold_loss":0,"cards_obtained":["Echo Form"]},{"damage_healed":0,"gold_gain":100,"player_choice":"Pray","damage_taken":0,"max_hp_gain":0,"max_hp_loss":0,"event_name":"Golden Shrine","floor":22,"gold_loss":0}],"is_beta":false,"boss_relics":[{"not_picked":["Runic Pyramid","Philosopher\u0027s Stone"],"picked":"FrozenCore"}],"items_purged_floors":[],"is_endless":false,"potions_floor_spawned":[7,10,12,18,25],"killed_by":"Gremlin Leader","ascension_level":11}}