{"host":"ci7cmvrwpmzqnw7e","time":1610778361,"event":{"mods":["BaseMod","Beaked The Cultist","BetterRewards","Colored Map","Googly Eyes","GungeonMod","Highlight Path","Minty Spire (QoL Compilation)","Random Character Button","Rare Cards Sparkle","Shop Mod","StSLib","The Wild Card","TheHero","TheLocksmith"],"gold_per_floor":[118,118,131,145,245,271,77,77,77,77],"floor_reached":8,"language":"ENG","playtime":275,"items_purged":[],"score":56,"play_id":"e91b7d09-25e1-4c3b-9d66-bbea1724e230","local_time":"20210115232601","is_ascension_mode":false,"campfire_choices":[],"circlet_count":0,"master_deck":["locksmith:Strike","locksmith:Strike","locksmith:Strike","locksmith:Strike","locksmith:Defend","locksmith:Defend","locksmith:Defend","locksmith:Defend","locksmith:KeyMove","locksmith:LockCrash","locksmith:LockSmack","locksmith:Grab","locksmith:ExplodingDummy","locksmith:Capitalize","locksmith:Keysmack"],"relics":["locksmith:FreeKey","NeowsBlessing","DemoMod:SerJunkan","Boot"],"acts_visited":["Exordium"],"potions_floor_usage":[8],"damage_taken":[{"damage":0,"enemies":"Jaw Worm","floor":1,"turns":1},{"damage":0,"enemies":"Cultist","floor":3,"turns":1},{"damage":0,"enemies":"2 Louse","floor":4,"turns":1},{"damage":55,"enemies":"Gremlin Nob","floor":6,"turns":5},{"damage":36,"enemies":"Lagavulin","floor":8,"turns":5}],"seed_played":"-5239058141665525895","potions_obtained":[{"floor":6,"key":"Ancient Potion"}],"is_trial":false,"path_per_floor":["M","?","M","M","?","E","$","E"],"character_chosen":"THE_LOCKSMITH","items_purchased":["locksmith:Keysmack","Boot"],"campfire_rested":0,"item_purchase_floors":[7,7],"current_hp_per_floor":[79,79,79,79,79,24,24,0,0,0],"gold":77,"neow_bonus":"THREE_ENEMY_KILL","is_daily":false,"chose_seed":false,"campfire_upgraded":0,"win_rate":0.0,"timestamp":1610778361,"path_taken":["M","?","?","M","?","E","$","E"],"items_purchased_type":["Card","Relic"],"build_version":"2020-12-22","purchased_purges":0,"victory":false,"max_hp_per_floor":[79,79,79,79,79,79,79,79,79,79],"card_choices":[{"not_picked":["locksmith:SmackSmackBurn","locksmith:KeychainRain"],"picked":"locksmith:LockSmack","floor":1},{"not_picked":["locksmith:DDummy","locksmith:DarkBurst"],"picked":"locksmith:Grab","floor":3},{"not_picked":["locksmith:LockSmack","locksmith:Capitalize"],"picked":"locksmith:ExplodingDummy","floor":4},{"not_picked":["locksmith:Curse","locksmith:KeychainRain"],"picked":"locksmith:Capitalize","floor":6}],"player_experience":39208,"relics_obtained":[{"floor":6,"key":"DemoMod:SerJunkan"}],"event_choices":[{"cards_removed":["Iron Wave"],"damage_healed":0,"gold_gain":0,"player_choice":"Took Card","damage_taken":0,"max_hp_gain":0,"max_hp_loss":0,"event_name":"NoteForYourself","floor":2,"gold_loss":0,"cards_obtained":["Iron Wave"]},{"damage_healed":0,"gold_gain":100,"player_choice":"Pray","damage_taken":0,"max_hp_gain":0,"max_hp_loss":0,"event_name":"Golden Shrine","floor":5,"gold_loss":0}],"is_beta":false,"boss_relics":[],"items_purged_floors":[],"is_endless":false,"potions_floor_spawned":[6],"killed_by":"Lagavulin","ascension_level":0}}