{"host":"tpad8qsc9e0g0pa5","time":1610802471,"event":{"mods":["BaseMod","Minty Spire (QoL Compilation)","Quick Restart","StSLib","The Cursed"],"gold_per_floor":[119,119,119,119,134,177,177,198,198,219,219,250,264,32,32,155,155,125,125],"floor_reached":18,"language":"ZHS","playtime":3920,"items_purged":["Defend_P"],"score":234,"play_id":"86356905-f876-4609-939a-dc6b0eeb6005","local_time":"20210116210751","is_ascension_mode":true,"campfire_choices":[{"floor":7,"key":"REST"},{"floor":11,"key":"REST"},{"data":"Prostrate","floor":15,"key":"SMITH"}],"circlet_count":0,"master_deck":["Strike_P","Strike_P","Strike_P+1","Strike_P","Defend_P+1","Defend_P","Defend_P+1","Eruption","Vigilance+1","JustLucky","DeceiveReality","JustLucky","InnerPeace","Prostrate+1","Establishment"],"relics":["HolyWater","NeowsBlessing","Golden Idol","White Beast Statue","War Paint","Toy Ornithopter","Shuriken","Omamori"],"acts_visited":["Exordium","TheCity"],"potions_floor_usage":[12,12],"damage_taken":[{"damage":0,"enemies":"Small Slimes","floor":1,"turns":1},{"damage":0,"enemies":"2 Louse","floor":5,"turns":1},{"damage":0,"enemies":"3 Sentries","floor":6,"turns":2},{"damage":0,"enemies":"Jaw Worm","floor":8,"turns":4},{"damage":1,"enemies":"Large Slime","floor":10,"turns":8},{"damage":15,"enemies":"Lagavulin","floor":12,"turns":4},{"damage":0,"enemies":"Looter","floor":13,"turns":3},{"damage":21,"enemies":"Slime Boss","floor":16,"turns":10},{"damage":2,"enemies":"2 Thieves","floor":18,"turns":2}],"seed_played":"-5556642739623697138","potions_obtained":[{"floor":5,"key":"EssenceOfSteel"},{"floor":6,"key":"Energy Potion"},{"floor":8,"key":"Strength Potion"},{"floor":12,"key":"SkillPotion"},{"floor":13,"key":"SpeedPotion"}],"is_trial":false,"path_per_floor":["M","?","?","?","M","E","R","M","T","M","R","E","M","$","R","B",null,"M"],"character_chosen":"WATCHER","items_purchased":["Omamori"],"campfire_rested":2,"item_purchase_floors":[14],"current_hp_per_floor":[72,54,40,22,22,22,43,43,43,42,63,57,57,57,57,36,72,70,70],"gold":125,"neow_bonus":"THREE_ENEMY_KILL","is_daily":false,"chose_seed":false,"campfire_upgraded":1,"win_rate":0.0,"timestamp":1610802471,"path_taken":["M","?","?","?","M","E","R","?","T","M","R","E","M","$","R","BOSS","M"],"items_purchased_type":["Relic"],"build_version":"2020-12-22","purchased_purges":1,"victory":false,"max_hp_per_floor":[72,72,72,72,72,72,72,72,72,72,72,72,72,72,72,72,72,72,72],"card_choices":[{"not_picked":["EmptyBody","Study"],"picked":"JustLucky","floor":1},{"not_picked":["CrushJoints","SandsOfTime"],"picked":"DeceiveReality","floor":5},{"not_picked":["FearNoEvil","Vengeance","Nirvana"],"picked":"SKIP","floor":6},{"not_picked":["Adaptation","EmptyMind","WreathOfFlame"],"picked":"SKIP","floor":8},{"not_picked":["Crescendo","SignatureMove"],"picked":"JustLucky","floor":10},{"not_picked":["Prostrate","EmptyFist"],"picked":"InnerPeace","floor":12},{"not_picked":["Fasting2","CarveReality"],"picked":"Prostrate","floor":13},{"not_picked":["Alpha","Scrawl"],"picked":"Establishment","floor":16}],"player_experience":255400,"relics_obtained":[{"floor":6,"key":"War Paint"},{"floor":9,"key":"Toy Ornithopter"},{"floor":12,"key":"Shuriken"}],"event_choices":[{"damage_healed":0,"gold_gain":0,"player_choice":"Take Damage","damage_taken":18,"relics_obtained":["Golden Idol"],"max_hp_gain":0,"max_hp_loss":0,"event_name":"Golden Idol","floor":2,"gold_loss":0},{"damage_healed":0,"gold_gain":0,"player_choice":"Entered Light","damage_taken":14,"max_hp_gain":0,"max_hp_loss":0,"event_name":"Shining Light","floor":3,"gold_loss":0,"cards_upgraded":["Defend_P","Strike_P"]},{"damage_healed":0,"gold_gain":0,"player_choice":"Success","damage_taken":18,"relics_obtained":["White Beast Statue"],"max_hp_gain":0,"max_hp_loss":0,"event_name":"Scrap Ooze","floor":4,"gold_loss":0}],"is_beta":false,"boss_relics":[{"not_picked":["VioletLotus","Ectoplasm"],"picked":"HolyWater"}],"items_purged_floors":[14],"is_endless":false,"potions_floor_spawned":[5,6,8,10,12,13,16],"killed_by":"2 Thieves","ascension_level":4}}