{"host":"l84l8xigz5v5foa2","time":1610779828,"event":{"mods":["2.2 Compatiblity","AchievementEnabler","BaseMod","Better Note","Better Vampires","Card Filter","Colored Map","DeckTracker","Downfall","Gremlin Skip","Highlight Path","Keyboard Shortcuts","Minty Spire (QoL Compilation)","Permanent Neow","Quick Restart","Relic Filter","Relic Stats","StSLib","SuperFastMode","Transform Curses","Unknown Chances"],"gold_per_floor":[99,115,115,129,145,145,145,55,55,14,14,40,40,50,65,65,65,65],"floor_reached":16,"language":"ENG","playtime":656,"items_purged":["hexamod:Strike"],"score":200,"play_id":"f4547004-ac88-4f3b-a680-fe4bdc52819e","local_time":"20210116155028","is_ascension_mode":true,"campfire_choices":[{"floor":1.0,"key":"RECALL"},{"data":"hexamod:GhostOfSpireFuture","floor":6.0,"key":"SMITH"},{"data":"hexamod:HeatMetal","floor":9.0,"key":"SMITH"},{"data":"hexamod:CatchUp","floor":11.0,"key":"SMITH"},{"data":"hexamod:Incineration","floor":13.0,"key":"SMITH"}],"circlet_count":0,"master_deck":["AscendersBane","hexamod:Strike","hexamod:Strike","hexamod:Strike","hexamod:Defend","hexamod:Defend","hexamod:Defend","hexamod:Defend","hexamod:Sear","hexamod:Float+1","hexamod:InspiringFlames","hexamod:Float+1","hexamod:GhostOfSpireFuture+1","hexamod:HeatMetal+1","hexamod:CatchUp+1","hexamod:GhostLash","hexamod:Incineration+1","hexamod:Rewind"],"relics":["hexamod:SpiritBrand","Singing Bowl","MealTicket"],"acts_visited":["Exordium"],"potions_floor_usage":[16,16],"damage_taken":[{"damage":7.0,"enemies":"Small Slimes","floor":2.0,"turns":3.0},{"damage":0.0,"enemies":"Cultist","floor":4.0,"turns":3.0},{"damage":5.0,"enemies":"2 Louse","floor":5.0,"turns":5.0},{"damage":0.0,"enemies":"downfall:FleeingMerchant","floor":8.0,"turns":4.0},{"damage":0.0,"enemies":"downfall:FleeingMerchant","floor":10.0,"turns":4.0},{"damage":7.0,"enemies":"Lagavulin","floor":12.0,"turns":6.0},{"damage":0.0,"enemies":"Blue Slaver","floor":14.0,"turns":3.0},{"damage":20.0,"enemies":"Exordium Wildlife","floor":15.0,"turns":5.0},{"damage":50,"enemies":"WA_ARCHETYPE_RETAIN","floor":16,"turns":6}],"seed_played":"-4265432577247945769","potions_obtained":[{"floor":4.0,"key":"hexamod:DoubleChargePotion"},{"floor":12.0,"key":"Regen Potion"},{"floor":15.0,"key":"hexamod:EctoCoolerPotion"}],"is_trial":false,"path_per_floor":["R","M","?","M","M","R","T","$","R","$","R","E","R","M","M","B"],"character_chosen":"THE_SPIRIT","items_purchased":["hexamod:GhostLash"],"campfire_rested":0,"item_purchase_floors":[10],"current_hp_per_floor":[57,50,50,50,45,45,45,45,45,45,45,38,38,50,32,0,0,0],"gold":65,"neow_bonus":"UPGRADE_CARD","is_daily":false,"chose_seed":false,"campfire_upgraded":4,"win_rate":0.0,"timestamp":1610779828,"path_taken":["R","M","?","M","M","R","T","$","R","?","R","E","R","M","M","BOSS"],"items_purchased_type":["Card"],"build_version":"2020-12-22","purchased_purges":1,"victory":false,"max_hp_per_floor":[63,63,63,63,63,63,63,63,63,63,63,63,63,63,65,65,65,65],"relic_stats":{"Singing Bowl":2,"counters":[9,39],"MealTicket":0,"obtain_stats":[{"Singing Bowl":7,"MealTicket":12,"hexamod:SpiritBrand":0},{"Singing Bowl":3,"MealTicket":6,"hexamod:SpiritBrand":0},{"Singing Bowl":11,"MealTicket":25,"hexamod:SpiritBrand":0}]},"card_choices":[{"not_picked":["hexamod:GhostLash","hexamod:AdvancingGuard"],"picked":"hexamod:InspiringFlames","floor":2.0},{"not_picked":["hexamod:RetreatToShadows","hexamod:FlamesFromBeyond"],"picked":"hexamod:GhostOfSpireFuture","floor":4.0},{"not_picked":["hexamod:GhostShield","hexamod:ShieldOfDarkness","hexamod:FlamesFromBeyond"],"picked":"SKIP","floor":5.0},{"not_picked":["hexamod:GhostLash","hexamod:GhostShield"],"picked":"hexamod:HeatMetal","floor":8.0},{"not_picked":["hexamod:GhostflameBarrier","hexamod:ExtraCrispy"],"picked":"hexamod:CatchUp","floor":10.0},{"not_picked":["hexamod:Firestarter","hexamod:Hexaguard"],"picked":"hexamod:Incineration","floor":12.0},{"not_picked":["hexamod:VolcanoVisage","hexamod:StepThrough"],"picked":"hexamod:Rewind","floor":14.0},{"not_picked":["hexamod:BacktrackSmack","hexamod:SuperheatedStrike","hexamod:Hexaguard"],"picked":"Singing Bowl","floor":15.0}],"player_experience":3269600,"relics_obtained":[{"floor":7.0,"key":"Singing Bowl"},{"floor":12.0,"key":"MealTicket"}],"event_choices":[],"is_beta":false,"boss_relics":[],"items_purged_floors":[8],"is_endless":false,"potions_floor_spawned":[4,12,15],"killed_by":"WA_ARCHETYPE_RETAIN","ascension_level":20}}