{"host":"bplbr8uekuotory4","time":1610801195,"event":{"mods":["Act Like it!","BaseMod","Custom Start","Gensokyo","GungeonMod","Hermit","KinomotoSakuraMod(ƒæ÷Æ±æ”£)","Koishi","Marisa£®ÏF”Í°°ƒß¿Ì…≥£©","Minty Spire (QoL Compilation)","Prisma Mod","Quick Restart","Reimu£®≤©¿ˆ¡È√Œ£©","SOS£®Àπ∞Õ¥Ô÷Æ◊”£©","Spicy Shops","StSLib","TestMod","The Alterego","The Blackbeard","The Cursed","The Marked","The Mystic","The Runesmith","The Saiyan","The Servant 0.9.4","Yuri Mod","[IsaacMod]“‘»ˆº‚À˛","vexMod"],"gold_per_floor":[117,19,84,98,20,20,48,57,133,133,149,149,179,179,179,293,959,1170,1170,1170,1170],"floor_reached":19,"language":"ZHS","playtime":425,"items_purged":["blackbeard:BlackbeardStrike","blackbeard:BlackbeardDefend","blackbeard:BlackbeardStrike","Regret"],"score":338,"play_id":"8d21d375-0d5c-46b2-8418-85d5322bb1f7","local_time":"20210116204635","is_ascension_mode":true,"campfire_choices":[{"data":"blackbeard:Rum","floor":6,"key":"SMITH"},{"data":"blackbeard:Intoxication","floor":10,"key":"SMITH"},{"data":"blackbeard:Cutlass","floor":15,"key":"SMITH"}],"circlet_count":0,"master_deck":["blackbeard:BlackbeardStrike","blackbeard:BlackbeardStrike","blackbeard:IntimidatingStrike","blackbeard:BlackbeardDefend","blackbeard:BlackbeardDefend","blackbeard:BlackbeardDefend","blackbeard:Cutlass+1","blackbeard:DangerousBlow","blackbeard:Rum+1","blackbeard:Intoxication+1","blackbeard:Toast","blackbeard:BoostMorale","blackbeard:PirateEarring"],"relics":["blackbeard:LoadTheCannons","testmod-TestBox","HushsDoor","testmod-HarvestTotem","NeowsBlessing","vexMod:Cooldron","testmod-Justice","BloodDonationBag","DemoMod:WhiteGuonStone","Lee\u0027s Waffle","Bottled Tornado","Bag of Preparation","blackbeard:TreasureChest","vexMod:RockOfEvil","GuppysPaw"],"acts_visited":["Exordium","TheCity"],"potions_floor_usage":[16,16,16,16,16,16],"damage_taken":[{"damage":0,"enemies":"Cultist","floor":1,"turns":1},{"damage":0,"enemies":"2 Louse","floor":4,"turns":1},{"damage":0,"enemies":"Gremlin Nob","floor":7,"turns":1},{"damage":0,"enemies":"Small Slimes","floor":11,"turns":2},{"damage":21,"enemies":"Lagavulin","floor":13,"turns":5},{"damage":29,"enemies":"The Guardian","floor":16,"turns":9},{"damage":6,"enemies":"Shell Parasite","floor":18,"turns":4}],"seed_played":"6301533914545090376","potions_obtained":[{"floor":1,"key":"Energy Potion"},{"floor":13,"key":"EntropicBrew"}],"is_trial":false,"path_per_floor":["M","$","?","M","$","R","E","$","T","R","M","?","E","?","R","B",null,"M","$"],"character_chosen":"BLACKBEARD_CLASS","items_purchased":["vexMod:Cooldron","testmod-Justice","DemoMod:WhiteGuonStone","Lee\u0027s Waffle","blackbeard:Rum","GuppysPaw","blackbeard:PirateEarring","EntropicBrew"],"campfire_rested":0,"item_purchase_floors":[2,2,2,5,5,17,17,17],"current_hp_per_floor":[150,66,51,51,116,116,116,91,91,91,91,91,70,55,55,56,142,88,88,88,88],"gold":1170,"neow_bonus":"THREE_ENEMY_KILL","is_daily":false,"chose_seed":false,"campfire_upgraded":3,"win_rate":0.0,"timestamp":1610801195,"path_taken":["M","$","?","M","$","R","E","$","T","R","?","?","E","?","R","BOSS","M","$"],"items_purchased_type":["Relic","Relic","Relic","Relic","Card","Relic","Card","Potion"],"build_version":"2020-12-22","purchased_purges":4,"victory":false,"max_hp_per_floor":[150,150,150,150,164,164,164,164,164,164,164,164,164,164,164,164,142,142,142,142,142],"card_choices":[{"not_picked":["blackbeard:SmithingHammer","blackbeard:Spear","blackbeard:Shrapnel"],"picked":"SKIP","floor":1},{"not_picked":["blackbeard:FieryDefense","blackbeard:DangerousBlow","blackbeard:BlindAttacks"],"picked":"SKIP","floor":4},{"not_picked":["blackbeard:FieryDefense","blackbeard:BlindAttacks"],"picked":"blackbeard:DangerousBlow","floor":4},{"not_picked":["blackbeard:SwordDance","blackbeard:PowderKeg"],"picked":"blackbeard:Intoxication","floor":7},{"not_picked":["blackbeard:Dagger","blackbeard:DeadlyArsenal","blackbeard:ChaoticDefense"],"picked":"SKIP","floor":11},{"not_picked":["blackbeard:Shrapnel","blackbeard:GoldenDefense"],"picked":"blackbeard:Toast","floor":13},{"not_picked":["blackbeard:MegaUpgrade","blackbeard:PowerHungry"],"picked":"blackbeard:BoostMorale","floor":16},{"not_picked":["blackbeard:Spear","blackbeard:Sword","blackbeard:GoldenDefense"],"picked":"SKIP","floor":18}],"player_experience":1209733,"relics_obtained":[{"floor":7,"key":"Bottled Tornado"},{"floor":13,"key":"blackbeard:TreasureChest"}],"event_choices":[{"damage_healed":0,"gold_gain":0,"player_choice":"Box","damage_taken":0,"relics_obtained":["Bag of Preparation"],"max_hp_gain":0,"max_hp_loss":0,"event_name":"Big Fish","floor":12,"gold_loss":0,"cards_obtained":["Regret"]}],"is_beta":false,"boss_relics":[{"not_picked":["Runesmith:UraniumAnvil","testmod-NegativeEmotionEnhancer"],"picked":"vexMod:RockOfEvil"},{"not_picked":[]}],"items_purged_floors":[2,5,8,17],"is_endless":false,"potions_floor_spawned":[1,13],"ascension_level":4}}