{"host":"sav7uxregyirlf69","time":1610809267,"event":{"mods":["AchievementEnabler","BaseMod","Colored Map","DeckTracker","Keyboard Shortcuts","Minty Spire (QoL Compilation)","READ ME - Guardian Mod","StSLib","SuperFastMode"],"gold_per_floor":[114,114,129,129,129,161,180,207,207,207,219,236,236,236,236,311,311,327,345,360,429,429,429],"floor_reached":22,"language":"KOR","playtime":313,"items_purged":[],"score":372,"play_id":"16e6d9d6-ab5d-482e-a15d-baca43d7be92","local_time":"20210117000107","is_ascension_mode":true,"campfire_choices":[{"data":"Dualcast","floor":10,"key":"SMITH"},{"data":"Go for the Eyes","floor":13,"key":"SMITH"},{"data":"Coolheaded","floor":15,"key":"SMITH"}],"circlet_count":0,"master_deck":["AscendersBane","Strike_B","Strike_B","Strike_B","Defend_B","Defend_B","Defend_B","Defend_B","Zap+1","Dualcast+1","Sweeping Beam","Coolheaded+1","Doom and Gloom","Ball Lightning","Go for the Eyes+1","Cold Snap","Creative AI","Hologram","Chill","Fusion+1","Parasite"],"relics":["Cracked Core","Tiny Chest","Smiling Mask","Symbiotic Virus","Lantern","Toy Ornithopter","Bird Faced Urn","Cursed Key","Meat on the Bone"],"acts_visited":["Exordium","TheCity"],"potions_floor_usage":[12,16],"damage_taken":[{"damage":1,"enemies":"Cultist","floor":1,"turns":3},{"damage":1,"enemies":"2 Louse","floor":3,"turns":2},{"damage":18,"enemies":"3 Sentries","floor":6,"turns":8},{"damage":0,"enemies":"Jaw Worm","floor":7,"turns":3},{"damage":11,"enemies":"Looter","floor":11,"turns":2},{"damage":1,"enemies":"Exordium Thugs","floor":12,"turns":2},{"damage":22,"enemies":"Hexaghost","floor":16,"turns":8},{"damage":11,"enemies":"Spheric Guardian","floor":18,"turns":3},{"damage":20,"enemies":"Shell Parasite","floor":19,"turns":7},{"damage":24,"enemies":"Snake Plant","floor":20,"turns":4},{"damage":17,"enemies":"Shelled Parasite and Fungi","floor":22,"turns":2}],"seed_played":"-978531068618206697","potions_obtained":[{"floor":3,"key":"SneckoOil"},{"floor":6,"key":"Fire Potion"}],"is_trial":false,"path_per_floor":["M","?","M","?","T","E","M","T","T","R","M","M","R","?","R","B",null,"M","M","M","T","M"],"character_chosen":"DEFECT","items_purchased":[],"campfire_rested":0,"item_purchase_floors":[],"current_hp_per_floor":[63,56,55,44,44,26,26,26,26,26,15,19,19,19,19,2,54,45,33,13,13,0,0],"gold":429,"neow_bonus":"RANDOM_COMMON_RELIC","is_daily":false,"chose_seed":false,"campfire_upgraded":3,"win_rate":0.0,"timestamp":1610809267,"path_taken":["M","?","M","?","?","E","M","?","T","R","M","?","R","?","R","BOSS","M","?","M","?","M"],"items_purchased_type":[],"build_version":"2020-12-22","purchased_purges":0,"victory":false,"max_hp_per_floor":[71,71,71,71,71,71,71,71,71,71,71,71,71,71,71,71,71,71,71,71,71,71,71],"card_choices":[{"not_picked":["Turbo","Stack"],"picked":"Sweeping Beam","floor":1},{"not_picked":["Sweeping Beam","Hologram"],"picked":"Coolheaded","floor":3},{"not_picked":["Barrage","Fission"],"picked":"Doom and Gloom","floor":6},{"not_picked":["Genetic Algorithm","Reprogram"],"picked":"Ball Lightning","floor":7},{"not_picked":["Conserve Battery","Barrage"],"picked":"Go for the Eyes","floor":11},{"not_picked":["Turbo","Beam Cell"],"picked":"Cold Snap","floor":12},{"not_picked":["Amplify","Buffer"],"picked":"Creative AI","floor":16},{"not_picked":["Rebound","Stack"],"picked":"Hologram","floor":18},{"not_picked":["Barrage+1","Blizzard"],"picked":"Chill","floor":19},{"not_picked":["Storm","Reprogram"],"picked":"Fusion+1","floor":20}],"player_experience":1295310,"relics_obtained":[{"floor":5,"key":"Symbiotic Virus"},{"floor":6,"key":"Lantern"},{"floor":8,"key":"Toy Ornithopter"},{"floor":9,"key":"Bird Faced Urn"},{"floor":21,"key":"Meat on the Bone"}],"event_choices":[{"cards_removed":["Strike_B"],"damage_healed":0,"gold_gain":0,"player_choice":"Card Removal","damage_taken":7,"max_hp_gain":0,"max_hp_loss":0,"event_name":"Golden Wing","floor":2,"gold_loss":0},{"damage_healed":0,"gold_gain":0,"player_choice":"Success","damage_taken":11,"relics_obtained":["Smiling Mask"],"max_hp_gain":0,"max_hp_loss":0,"event_name":"Scrap Ooze","floor":4,"gold_loss":0},{"damage_healed":0,"gold_gain":0,"player_choice":"Upgraded","damage_taken":0,"max_hp_gain":0,"max_hp_loss":0,"event_name":"Upgrade Shrine","floor":14,"gold_loss":0,"cards_upgraded":["Zap"]}],"is_beta":false,"boss_relics":[{"not_picked":["SacredBark","Nuclear Battery"],"picked":"Cursed Key"}],"items_purged_floors":[],"is_endless":false,"potions_floor_spawned":[3,6],"killed_by":"Shelled Parasite and Fungi","ascension_level":20}}