{"host":"oiw60b5ins9fyx34","time":1610805328,"event":{"mods":["BaseMod","Colored Map","Colored Powertips","Minty Spire (QoL Compilation)","Permanent Neow","Quick Restart","Rare Cards Sparkle","Relic Stats","StSLib","The Cursed"],"gold_per_floor":[112,123,123,123,123,123,153,228,228,240,240,273,331,343,343,447,447,460,275,295,210,228,228,262,262,286,286,286,286,303,328,328,427,427,442,442,381,391,391,391,426,426,426,440,470,481,496,496,496],"floor_reached":48,"language":"JPN","playtime":2086,"items_purged":[],"score":727,"play_id":"036af613-acd8-4010-b2f7-f5468dde9ccd","local_time":"20210116225528","is_ascension_mode":true,"campfire_choices":[{"data":"Footwork","floor":6,"key":"SMITH"},{"floor":11,"key":"REST"},{"floor":15,"key":"REST"},{"floor":23,"key":"REST"},{"data":"Bouncing Flask","floor":29,"key":"SMITH"},{"floor":32,"key":"REST"},{"data":"Dash","floor":40,"key":"SMITH"},{"floor":42,"key":"REST"}],"circlet_count":0,"master_deck":["Survivor","Neutralize","Eviscerate","Bouncing Flask+1","Reflex+1","Corpse Explosion","Concentrate+1","Blur","Crippling Poison","Setup","Noxious Fumes+1","PiercingWail","Footwork+1","Cloak And Dagger","Dagger Throw","Blur","Bullet Time","Sucker Punch+1","Calculated Gamble","Prepared+1","Footwork+1","Crippling Poison","Dash+1","Malaise","Blur+1","Caltrops+1","Dodge and Roll+1","Caltrops+1"],"relics":["Pandora\u0027s Box","Frozen Egg 2","Ginger","Pantograph","Art of War","The Courier","Snecko Eye","TwistedFunnel","Ancient Tea Set","Juzu Bracelet","Akabeko","Busted Crown","Bag of Preparation","Toxic Egg 2","Bag of Marbles"],"acts_visited":["Exordium","TheCity","TheBeyond"],"potions_floor_usage":[10,12,31,31,31,31],"damage_taken":[{"damage":4,"enemies":"2 Louse","floor":1,"turns":2},{"damage":1,"enemies":"Jaw Worm","floor":2,"turns":4},{"damage":23,"enemies":"3 Sentries","floor":7,"turns":6},{"damage":0,"enemies":"Small Slimes","floor":10,"turns":4},{"damage":0,"enemies":"Lagavulin","floor":12,"turns":6},{"damage":1,"enemies":"3 Sentries","floor":13,"turns":4},{"damage":9,"enemies":"3 Louse","floor":14,"turns":4},{"damage":0,"enemies":"The Guardian","floor":16,"turns":8},{"damage":3,"enemies":"Shell Parasite","floor":18,"turns":3},{"damage":16,"enemies":"2 Thieves","floor":20,"turns":2},{"damage":28,"enemies":"Centurion and Healer","floor":22,"turns":4},{"damage":5,"enemies":"Slavers","floor":24,"turns":3},{"damage":11,"enemies":"Sentry and Sphere","floor":30,"turns":5},{"damage":14,"enemies":"Book of Stabbing","floor":31,"turns":5},{"damage":27,"enemies":"Automaton","floor":33,"turns":8},{"damage":10,"enemies":"Orb Walker","floor":35,"turns":3},{"damage":16,"enemies":"3 Darklings","floor":38,"turns":3},{"damage":18,"enemies":"Reptomancer","floor":41,"turns":6},{"damage":8,"enemies":"4 Shapes","floor":44,"turns":3},{"damage":0,"enemies":"Giant Head","floor":45,"turns":9},{"damage":4,"enemies":"Maw","floor":46,"turns":7},{"damage":19,"enemies":"Sphere and 2 Shapes","floor":47,"turns":4},{"damage":17,"enemies":"Transient","floor":48,"turns":2}],"seed_played":"7112184131979355583","potions_obtained":[{"floor":1,"key":"SneckoOil"},{"floor":10,"key":"AttackPotion"},{"floor":12,"key":"BlessingOfTheForge"},{"floor":13,"key":"GamblersBrew"},{"floor":20,"key":"LiquidMemories"},{"floor":30,"key":"EntropicBrew"},{"floor":31,"key":"Swift Potion"},{"floor":35,"key":"GhostInAJar"}],"is_trial":false,"path_per_floor":["M","M","?","?","?","R","E","?","T","M","R","E","?","M","R","B",null,"M","$","M","?","M","R","E","?","T","?","?","R","M","E","R","B",null,"M","?","$","M","?","R","E","R","T","M","E","M","M","M"],"character_chosen":"THE_SILENT","items_purchased":["TwistedFunnel","Calculated Gamble","Caltrops+1"],"campfire_rested":5,"item_purchase_floors":[19,19,37],"current_hp_per_floor":[66,65,65,51,39,39,16,5,5,5,26,26,25,16,37,62,70,67,67,51,51,23,44,39,39,39,39,39,39,28,14,35,33,70,60,60,60,44,44,44,26,47,47,39,39,35,16,0,0],"gold":496,"neow_bonus":"BOSS_RELIC","is_daily":false,"chose_seed":false,"campfire_upgraded":3,"win_rate":0.0,"timestamp":1610805328,"path_taken":["M","M","?","?","?","R","E","?","T","M","R","E","?","?","R","BOSS","M","$","M","?","M","R","E","?","T","?","?","R","M","E","R","BOSS","M","?","$","M","?","R","E","R","T","M","E","M","M","M"],"items_purchased_type":["Relic","Card","Card"],"build_version":"2020-12-22","purchased_purges":0,"victory":false,"max_hp_per_floor":[70,70,70,70,70,70,70,70,70,70,70,70,70,70,70,70,70,70,70,70,70,70,70,70,70,70,70,70,70,70,70,70,70,70,70,70,70,70,70,70,70,70,70,70,70,70,70,70,70],"relic_stats":{"Busted Crown":16,"counters":[23,105],"Pantograph":50,"Snecko Eye":[119,132,117,131],"Pandora\u0027s Box":["Eviscerate","Bouncing Flask","Reflex","Corpse Explosion","All Out Attack","Concentrate","Blur","Crippling Poison","Setup","Noxious Fumes"],"Art of War":[18],"Juzu Bracelet":1,"Bag of Preparation":[10],"Ginger":[11],"obtain_stats":[{"TwistedFunnel":19,"The Courier":13,"Juzu Bracelet":24,"Bag of Preparation":41,"Ginger":7,"Frozen Egg 2":5,"Ancient Tea Set":21,"Akabeko":31,"Busted Crown":34,"Pantograph":9,"Snecko Eye":17,"Pandora\u0027s Box":0,"Art of War":12,"Bag of Marbles":45,"Toxic Egg 2":43,"Ring of the Snake":0},{"TwistedFunnel":9,"The Courier":6,"Juzu Bracelet":12,"Bag of Preparation":18,"Ginger":3,"Frozen Egg 2":2,"Ancient Tea Set":10,"Akabeko":14,"Busted Crown":15,"Pantograph":3,"Snecko Eye":8,"Pandora\u0027s Box":0,"Art of War":5,"Bag of Marbles":20,"Toxic Egg 2":18,"Ring of the Snake":0},{"TwistedFunnel":41,"The Courier":26,"Juzu Bracelet":50,"Bag of Preparation":80,"Ginger":12,"Frozen Egg 2":6,"Ancient Tea Set":43,"Akabeko":60,"Busted Crown":68,"Pantograph":12,"Snecko Eye":38,"Pandora\u0027s Box":0,"Art of War":22,"Bag of Marbles":92,"Toxic Egg 2":80,"Ring of the Snake":0}]},"card_choices":[{"not_picked":["Escape Plan","Sucker Punch"],"picked":"PiercingWail","floor":1},{"not_picked":["Concentrate","Distraction"],"picked":"Footwork","floor":2},{"not_picked":["Acrobatics","Dodge and Roll"],"picked":"Cloak And Dagger","floor":7},{"not_picked":["Blade Dance","All Out Attack","Underhanded Strike"],"picked":"SKIP","floor":10},{"not_picked":["Underhanded Strike","Outmaneuver"],"picked":"Dagger Throw","floor":12},{"not_picked":["Deadly Poison","Flechettes"],"picked":"Dagger Spray","floor":13},{"not_picked":["Bane","Backflip"],"picked":"Blur","floor":14},{"not_picked":["Corpse Explosion","Envenom+1"],"picked":"Bullet Time","floor":16},{"not_picked":["Distraction","Blur"],"picked":"Sucker Punch+1","floor":18},{"not_picked":["Flying Knee","Acrobatics"],"picked":"Prepared+1","floor":20},{"not_picked":["Quick Slash+1","Bouncing Flask","Dagger Spray"],"picked":"SKIP","floor":22},{"not_picked":["Backstab","Caltrops+1"],"picked":"Footwork+1","floor":24},{"not_picked":["Backstab","Deadly Poison"],"picked":"Crippling Poison","floor":30},{"not_picked":["Dagger Spray","Blur"],"picked":"Dash","floor":31},{"not_picked":["Glass Knife","Die Die Die"],"picked":"Malaise","floor":33},{"not_picked":[],"picked":"Blur+1","floor":35},{"not_picked":["Endless Agony"],"picked":"SKIP","floor":38},{"not_picked":["Quick Slash"],"picked":"SKIP","floor":41},{"not_picked":[],"picked":"Dodge and Roll+1","floor":44},{"not_picked":[],"picked":"Caltrops+1","floor":45},{"not_picked":["Outmaneuver+1"],"picked":"SKIP","floor":46},{"not_picked":["Endless Agony+1"],"picked":"SKIP","floor":47}],"player_experience":691785,"relics_obtained":[{"floor":7,"key":"Ginger"},{"floor":9,"key":"Pantograph"},{"floor":12,"key":"Art of War"},{"floor":13,"key":"The Courier"},{"floor":24,"key":"Juzu Bracelet"},{"floor":31,"key":"Akabeko"},{"floor":41,"key":"Bag of Preparation"},{"floor":43,"key":"Toxic Egg 2"},{"floor":45,"key":"Bag of Marbles"}],"event_choices":[{"damage_healed":0,"gold_gain":0,"player_choice":"Ignored","damage_taken":0,"max_hp_gain":0,"max_hp_loss":0,"event_name":"Liars Game","floor":3,"gold_loss":0},{"damage_healed":0,"gold_gain":0,"player_choice":"Entered Light","damage_taken":14,"max_hp_gain":0,"max_hp_loss":0,"event_name":"Shining Light","floor":4,"gold_loss":0,"cards_upgraded":["Reflex","Concentrate"]},{"damage_healed":0,"gold_gain":0,"player_choice":"Success","damage_taken":12,"relics_obtained":["Frozen Egg 2"],"max_hp_gain":0,"max_hp_loss":0,"event_name":"Scrap Ooze","floor":5,"gold_loss":0},{"damage_healed":0,"gold_gain":75,"player_choice":"Gather Gold","damage_taken":11,"max_hp_gain":0,"max_hp_loss":0,"event_name":"World of Goop","floor":8,"gold_loss":0},{"damage_healed":0,"gold_gain":0,"player_choice":"Searched \u00271\u0027 times","damage_taken":0,"max_hp_gain":0,"max_hp_loss":0,"event_name":"Dead Adventurer","floor":13,"gold_loss":0},{"damage_healed":0,"gold_gain":0,"player_choice":"Obtained Relic","damage_taken":0,"relics_obtained":["Ancient Tea Set"],"max_hp_gain":0,"max_hp_loss":0,"event_name":"Addict","floor":21,"gold_loss":85},{"damage_healed":0,"gold_gain":0,"player_choice":"Upgraded","damage_taken":0,"max_hp_gain":0,"max_hp_loss":0,"event_name":"Upgrade Shrine","floor":25,"gold_loss":0,"cards_upgraded":["Noxious Fumes"]},{"cards_removed":["All Out Attack"],"damage_healed":0,"gold_gain":0,"player_choice":"Elegance","damage_taken":0,"max_hp_gain":0,"max_hp_loss":0,"event_name":"Back to Basics","floor":27,"gold_loss":0},{"damage_healed":0,"gold_gain":0,"player_choice":"Ignored","damage_taken":0,"max_hp_gain":0,"max_hp_loss":0,"event_name":"The Mausoleum","floor":28,"gold_loss":0},{"cards_removed":["Dagger Spray"],"damage_healed":0,"gold_gain":0,"player_choice":"Removed Attack","damage_taken":0,"max_hp_gain":0,"max_hp_loss":0,"event_name":"Falling","floor":36,"gold_loss":0},{"damage_healed":0,"gold_gain":0,"player_choice":"Memory 1","damage_taken":0,"max_hp_gain":0,"max_hp_loss":0,"event_name":"SensoryStone","floor":39,"gold_loss":0}],"is_beta":false,"boss_relics":[{"not_picked":["Tiny House","Runic Pyramid"],"picked":"Snecko Eye"},{"not_picked":["Empty Cage","Black Star"],"picked":"Busted Crown"}],"items_purged_floors":[],"is_endless":false,"potions_floor_spawned":[1,10,12,13,20,24,30,31,35,46,47],"killed_by":"Transient","ascension_level":2}}