{"host":"4g8vayc9pwrwu92h","time":1610793322,"event":{"mods":["Aspiration","BaseMod","Downfall","Marked Mod","Minty Spire (QoL Compilation)","Quick Restart","StSLib","The Jungle"],"gold_per_floor":[109,120,139,157,173,173,173,173,199,231,231,74,74,88,88,183,183,202,47,47,47,61,61,61,61,61],"floor_reached":25,"language":"ZHS","playtime":1370,"items_purged":[],"score":231,"play_id":"7cce29c5-8033-4953-b14e-6ae8b439415a","local_time":"20210116183522","is_ascension_mode":true,"campfire_choices":[{"floor":6,"key":"RECALL"},{"floor":11,"key":"REST"},{"floor":15,"key":"REST"},{"data":"MarkedMod:SlowDance","floor":23,"key":"SMITH"}],"circlet_count":0,"master_deck":["Strike_P+1","Strike_P+1","Strike_P+1","Strike_P+1","Defend_P+1","Defend_P+1","Defend_P+1","Defend_P+1","Eruption+1","Vigilance+1","MarkedMod:ChiBlock+1","FlurryOfBlows","SashWhip","PathToVictory","CutThroughFate","BattleHymn","InnerPeace","LikeWater","MarkedMod:SlowDance+1","Worship","Establishment"],"relics":["PureWater","Black Star","Nunchaku","Blue Candle","Damaru","Dream Catcher","Orichalcum","MealTicket"],"acts_visited":["Exordium","TheCity"],"potions_floor_usage":[10,10],"damage_taken":[{"damage":8.0,"enemies":"Small Slimes","floor":1.0,"turns":3.0},{"damage":0,"enemies":"Cultist","floor":2,"turns":3},{"damage":0,"enemies":"Jaw Worm","floor":3,"turns":3},{"damage":0,"enemies":"Large Slime","floor":4,"turns":3},{"damage":2,"enemies":"Red Slaver","floor":5,"turns":2},{"damage":41,"enemies":"3 Sentries","floor":10,"turns":9},{"damage":12,"enemies":"Exordium Thugs","floor":14,"turns":5},{"damage":33,"enemies":"Hexaghost","floor":16,"turns":10},{"damage":0,"enemies":"Chosen","floor":18,"turns":4},{"damage":11,"enemies":"Spheric Guardian","floor":22,"turns":5},{"damage":70,"enemies":"Gremlin Leader","floor":25,"turns":3}],"seed_played":"8043160831475027968","potions_obtained":[{"floor":4,"key":"StancePotion"},{"floor":10,"key":"Fruit Juice"},{"floor":18,"key":"Ancient Potion"}],"is_trial":false,"path_per_floor":["M","M","M","M","M","R","?","?","T","E","R","$","?","M","R","B",null,"M","$","$","?","M","R","?","E"],"character_chosen":"WATCHER","items_purchased":["MealTicket","Establishment"],"campfire_rested":2,"item_purchase_floors":[12,19],"current_hp_per_floor":[64,64,64,64,62,62,62,62,62,26,49,49,49,37,60,27,77,77,77,77,77,66,66,66,0,0],"gold":61,"neow_bonus":"ONE_RANDOM_RARE_CARD","is_daily":false,"chose_seed":false,"campfire_upgraded":1,"win_rate":0.0,"timestamp":1610793322,"path_taken":["M","M","M","M","M","R","?","?","T","E","R","$","?","M","R","BOSS","M","?","$","?","M","R","?","E"],"items_purchased_type":["Relic","Card"],"build_version":"2020-12-22","purchased_purges":0,"victory":false,"max_hp_per_floor":[72,72,72,72,72,72,72,72,72,77,77,77,77,77,77,77,77,77,77,77,77,77,77,77,77,77],"card_choices":[{"not_picked":["ClearTheMind","FlyingSleeves"],"picked":"FlurryOfBlows","floor":1},{"not_picked":["CrushJoints","FlurryOfBlows"],"picked":"SashWhip","floor":2},{"not_picked":["Weave","Nirvana"],"picked":"PathToVictory","floor":3},{"not_picked":["ThirdEye","CrushJoints"],"picked":"CutThroughFate","floor":4},{"not_picked":["Study","FlyingSleeves"],"picked":"BattleHymn","floor":5},{"not_picked":["Protect","WindmillStrike"],"picked":"InnerPeace","floor":10},{"not_picked":["EmptyBody","WreathOfFlame","FlyingSleeves"],"picked":"SKIP","floor":14},{"not_picked":["FollowUp","CutThroughFate"],"picked":"LikeWater","floor":15},{"not_picked":["DeusExMachina","LessonLearned"],"picked":"MarkedMod:SlowDance","floor":16},{"not_picked":["Consecrate","EmptyFist+1"],"picked":"Worship","floor":18},{"not_picked":["ThirdEye","Weave+1","CutThroughFate+1"],"picked":"SKIP","floor":22},{"not_picked":["ThirdEye","Weave+1","CutThroughFate+1"],"picked":"SKIP","floor":22}],"player_experience":430696,"relics_obtained":[{"floor":9,"key":"Damaru"},{"floor":10,"key":"Dream Catcher"},{"floor":10,"key":"Orichalcum"}],"event_choices":[{"damage_healed":0,"gold_gain":0,"player_choice":"Searched \u00272\u0027 times","damage_taken":0,"relics_obtained":["Nunchaku"],"max_hp_gain":0,"max_hp_loss":0,"event_name":"Dead Adventurer","floor":7,"gold_loss":0},{"damage_healed":0,"gold_gain":0,"player_choice":"Box","damage_taken":0,"relics_obtained":["Blue Candle"],"max_hp_gain":0,"max_hp_loss":0,"event_name":"Big Fish","floor":8,"gold_loss":0,"cards_obtained":["Regret"]},{"cards_removed":["Regret"],"damage_healed":0,"gold_gain":0,"player_choice":"Removed Curses","damage_taken":0,"max_hp_gain":0,"max_hp_loss":0,"event_name":"Fountain of Cleansing","floor":13,"gold_loss":0},{"damage_healed":0,"gold_gain":0,"player_choice":"Ignored","damage_taken":0,"max_hp_gain":0,"max_hp_loss":0,"event_name":"Vampires","floor":21,"gold_loss":0}],"is_beta":false,"boss_relics":[{"not_picked":["Snecko Eye","aspiration:DefectSkillbook","Busted Crown"]}],"items_purged_floors":[],"is_endless":false,"potions_floor_spawned":[4,10,18],"killed_by":"Gremlin Leader","ascension_level":3}}