{"host":"l84l8xigz5v5foa2","time":1610777293,"event":{"mods":["2.2 Compatiblity","AchievementEnabler","BaseMod","Better Note","Better Vampires","Card Filter","Colored Map","DeckTracker","Downfall","Gremlin Skip","Highlight Path","Keyboard Shortcuts","Minty Spire (QoL Compilation)","Permanent Neow","Quick Restart","Relic Filter","Relic Stats","StSLib","SuperFastMode","Transform Curses","Unknown Chances"],"gold_per_floor":[99,109,124,124,138,238,238,238,253,286,286,313,313,342,358,358,358,358],"floor_reached":16,"language":"ENG","playtime":842,"items_purged":[],"score":240,"play_id":"2b09843a-9a1d-46fa-b9a4-ab26379467fe","local_time":"20210116150813","is_ascension_mode":true,"campfire_choices":[{"data":"hexamod:Float","floor":1,"key":"SMITH"},{"data":"hexamod:GhostOfSpirePresent","floor":8,"key":"SMITH"},{"data":"hexamod:Rewind","floor":11,"key":"SMITH"},{"data":"hexamod:PhantomCloak","floor":13,"key":"SMITH"}],"circlet_count":0,"master_deck":["AscendersBane","hexamod:Strike","hexamod:Strike","hexamod:Strike","hexamod:Strike","hexamod:Defend","hexamod:Defend","hexamod:Defend","hexamod:Defend","hexamod:Sear","hexamod:Float+1","hexamod:GhostflameInferno","hexamod:SwordOfDarkness","hexamod:SoulSteal","hexamod:HauntingEcho","hexamod:GhostOfSpirePresent+1","hexamod:InspiringFlames","hexamod:Rewind+1","hexamod:PhantomCloak+1","hexamod:Rewind","hexamod:AdvancingGuard"],"relics":["hexamod:SpiritBrand","downfall:CloakOfManyFaces","CultistMask","FaceOfCleric","NlothsMask","GremlinMask","SsserpentHead","Pantograph","Orichalcum","Omamori"],"acts_visited":[],"potions_floor_usage":[14,16,16],"damage_taken":[{"damage":0,"enemies":"Cultist","floor":2,"turns":3},{"damage":7,"enemies":"Jaw Worm","floor":3,"turns":2},{"damage":0,"enemies":"2 Louse","floor":5,"turns":2},{"damage":1,"enemies":"downfall:FaceTrader","floor":6,"turns":9},{"damage":7,"enemies":"Lots of Slimes","floor":9,"turns":3},{"damage":10,"enemies":"3 Sentries","floor":10,"turns":5},{"damage":10,"enemies":"Lagavulin","floor":12,"turns":5},{"damage":14,"enemies":"3 Sentries","floor":14,"turns":7},{"damage":0,"enemies":"Exordium Wildlife","floor":15,"turns":3},{"damage":45,"enemies":"SI_SHIV_ARCHETYPE","floor":16,"turns":8}],"seed_played":"-3109919993600489476","potions_obtained":[{"floor":6,"key":"LiquidMemories"},{"floor":14,"key":"FearPotion"},{"floor":15,"key":"AttackPotion"}],"is_trial":false,"path_per_floor":["R","M","M","?","M","?","T","R","M","E","R","E","R","E","M","B"],"character_chosen":"THE_SPIRIT","items_purchased":[],"campfire_rested":0,"item_purchase_floors":[],"current_hp_per_floor":[57,57,50,50,50,49,49,49,43,34,34,25,25,12,13,0,0,0],"gold":358,"neow_bonus":"ONE_RANDOM_RARE_CARD","is_daily":false,"chose_seed":false,"campfire_upgraded":4,"win_rate":0.0,"timestamp":1610777293,"path_taken":["R","M","?","?","M","?","T","R","M","E","R","E","R","E","M","BOSS"],"items_purchased_type":[],"build_version":"2020-12-22","purchased_purges":0,"victory":false,"max_hp_per_floor":[63,63,63,63,63,63,63,63,64,65,65,66,66,67,68,68,68,68],"relic_stats":{"SsserpentHead":0,"FaceOfCleric":5,"counters":[10,47],"Pantograph":25,"Orichalcum":[18],"obtain_stats":[{"SsserpentHead":6,"FaceOfCleric":6,"Pantograph":10,"GremlinMask":6,"CultistMask":6,"downfall:CloakOfManyFaces":6,"Omamori":14,"Orichalcum":12,"hexamod:SpiritBrand":0,"NlothsMask":6},{"SsserpentHead":4,"FaceOfCleric":4,"Pantograph":6,"GremlinMask":4,"CultistMask":4,"downfall:CloakOfManyFaces":4,"Omamori":8,"Orichalcum":7,"hexamod:SpiritBrand":0,"NlothsMask":4},{"SsserpentHead":16,"FaceOfCleric":16,"Pantograph":24,"GremlinMask":16,"CultistMask":16,"downfall:CloakOfManyFaces":16,"Omamori":36,"Orichalcum":29,"hexamod:SpiritBrand":0,"NlothsMask":16}]},"card_choices":[{"not_picked":["hexamod:ShieldOfDarkness","hexamod:NightmareStrike"],"picked":"hexamod:SwordOfDarkness","floor":2},{"not_picked":["hexamod:GhostShield","hexamod:RecurringNightmare"],"picked":"hexamod:SoulSteal","floor":3},{"not_picked":["hexamod:GhostOfSpireFuture","hexamod:AdvancingGuard"],"picked":"hexamod:HauntingEcho","floor":5},{"not_picked":["hexamod:Firestarter","hexamod:SpectersWail"],"picked":"hexamod:GhostOfSpirePresent","floor":6},{"not_picked":["hexamod:BurningTouch","hexamod:Hexaguard"],"picked":"hexamod:InspiringFlames","floor":9},{"not_picked":["hexamod:SixthSeal","hexamod:Haunt"],"picked":"hexamod:Rewind","floor":10},{"not_picked":["hexamod:GhostShield","hexamod:SwordOfDarkness"],"picked":"hexamod:PhantomCloak","floor":12},{"not_picked":["hexamod:RadiantFlame","hexamod:ChargedBarrage"],"picked":"hexamod:Rewind","floor":14},{"not_picked":["hexamod:BurningTouch","hexamod:HeatMetal"],"picked":"hexamod:AdvancingGuard","floor":15}],"player_experience":3268750,"relics_obtained":[{"floor":6,"key":"downfall:CloakOfManyFaces"},{"floor":10,"key":"Pantograph"},{"floor":12,"key":"Orichalcum"},{"floor":14,"key":"Omamori"}],"event_choices":[],"is_beta":false,"boss_relics":[],"items_purged_floors":[],"is_endless":false,"potions_floor_spawned":[6,14,15],"killed_by":"SI_SHIV_ARCHETYPE","ascension_level":20}}