{"host":"chv1qanoipyt46jc","time":1610778947,"event":{"mods":["100% Spire Juice","2.2 Compatiblity","AchievementEnabler","BaseMod","BetterRewards","CapriCore","Card Filter","Evolution","Gold Saver","Grow up Mod","Minty Spire (QoL Compilation)","Rare Cards Sparkle","Relic Filter","Remove Card Discount Mod","Reorder Act Four","StSLib"],"gold_per_floor":[936,883,898,918,918,944,963,994,1019,1030,1082,1115,1130,1150,1150,1245,1245,1264,1234,1246,1266,1181,1181,1195,1195,1195,1209,1223,1248,1267,1283,1283,1379,1379,1399,1399,1417,1434,1451,1479,1489,1489,1557,1557,1557,1567,1582,1572,1572,1572,1572,1572,1572,1607,1607],"floor_reached":56,"language":"ENG","playtime":2095,"items_purged":["Moonworks:Strike","Moonworks:Strike","Moonworks:Strike","Moonworks:Strike","Moonworks:Ambush","Moonworks:LongDistanceShot","Moonworks:FullSpeedAlicianrone","Moonworks:Defend","Moonworks:Defend","Moonworks:Defend","Moonworks:Defend","Moonworks:JonathanRush","Moonworks:JonathanRush","Moonworks:JonathanRush","Moonworks:JonathanRush","Moonworks:CloudOfSeagulls+1","Moonworks:Accelerator+1","Parasite","Moonworks:CloudOfSeagulls+1","Moonworks:CloudOfSeagulls+1"],"score":1329,"play_id":"ac5e12a3-c992-4c5e-803d-5c3f8dd7645d","local_time":"20210116003547","is_ascension_mode":false,"campfire_choices":[{"data":"Moonworks:CloudOfSeagulls","floor":15,"key":"SMITH"},{"floor":23,"key":"RECALL"},{"data":"Moonworks:Accelerator","floor":25,"key":"SMITH"},{"data":"Moonworks:JonathanRush","floor":32,"key":"SMITH"},{"data":"Moonworks:CloudOfSeagulls","floor":42,"key":"SMITH"},{"floor":44,"key":"REST"},{"floor":49,"key":"REST"},{"floor":53,"key":"REST"}],"circlet_count":0,"master_deck":["Moonworks:JonathanRush+1","Moonworks:JonathanRush+1","Moonworks:JonathanRush+1","Moonworks:JonathanRush+1","Moonworks:JonathanRush+1"],"relics":["Moonworks:BrokenBomb","Moonworks:Homemark","EVO:Axolotl","Meat on the Bone","Strawberry","MealTicket","White Beast Statue","Black Star","Dream Catcher","Ornamental Fan","Vajra","Whetstone","SacredBark","Centennial Puzzle","Mango","Shuriken","Ginger","Unceasing Top"],"acts_visited":["Exordium","TheCity","TheBeyond","TheEnding"],"potions_floor_usage":[16,55,55,55],"damage_taken":[{"damage":0,"enemies":"Cultist","floor":1,"turns":3},{"damage":8,"enemies":"Small Slimes","floor":3,"turns":4},{"damage":0,"enemies":"2 Louse","floor":4,"turns":2},{"damage":36,"enemies":"Gremlin Nob","floor":6,"turns":4},{"damage":8,"enemies":"Lots of Slimes","floor":7,"turns":3},{"damage":26,"enemies":"Lagavulin","floor":8,"turns":4},{"damage":19,"enemies":"3 Louse","floor":10,"turns":3},{"damage":13,"enemies":"3 Sentries","floor":12,"turns":3},{"damage":2,"enemies":"2 Fungi Beasts","floor":13,"turns":2},{"damage":16,"enemies":"Looter","floor":14,"turns":2},{"damage":84,"enemies":"Hexaghost","floor":16,"turns":6},{"damage":10,"enemies":"Spheric Guardian","floor":18,"turns":3},{"damage":40,"enemies":"2 Thieves","floor":20,"turns":3},{"damage":32,"enemies":"Centurion and Healer","floor":21,"turns":4},{"damage":18,"enemies":"Chosen and Byrds","floor":24,"turns":4},{"damage":18,"enemies":"Cultist and Chosen","floor":27,"turns":4},{"damage":33,"enemies":"Shelled Parasite and Fungi","floor":28,"turns":4},{"damage":97,"enemies":"Slavers","floor":29,"turns":6},{"damage":15,"enemies":"Snecko","floor":30,"turns":4},{"damage":32,"enemies":"Snake Plant","floor":31,"turns":3},{"damage":40,"enemies":"Collector","floor":33,"turns":5},{"damage":47,"enemies":"3 Shapes","floor":35,"turns":4},{"damage":47,"enemies":"3 Darklings","floor":37,"turns":4},{"damage":27,"enemies":"Writhing Mass","floor":38,"turns":4},{"damage":88,"enemies":"Sphere and 2 Shapes","floor":39,"turns":4},{"damage":33,"enemies":"Giant Head","floor":40,"turns":6},{"damage":19,"enemies":"Transient","floor":41,"turns":5},{"damage":33,"enemies":"3 Darklings","floor":46,"turns":3},{"damage":25,"enemies":"Maw","floor":47,"turns":4},{"damage":58,"enemies":"Awakened One","floor":50,"turns":5},{"damage":54,"enemies":"Shield and Spear","floor":54,"turns":4},{"damage":108,"enemies":"The Heart","floor":55,"turns":4}],"seed_played":"1112213980423523282","potions_obtained":[{"floor":7,"key":"LiquidBronze"},{"floor":8,"key":"DistilledChaos"},{"floor":13,"key":"Block Potion"},{"floor":14,"key":"LiquidBronze"},{"floor":16,"key":"Fruit Juice"},{"floor":20,"key":"CultistPotion"},{"floor":30,"key":"LiquidBronze"}],"is_trial":false,"path_per_floor":["M","$","M","M","$","E","M","E","T","M","T","E","M","M","R","B",null,"M","$","M","M","?","R","M","R","T","M","M","E","M","M","R","B",null,"M","?","M","M","M","E","M","R","T","R","?","M","M","$","R","B",null,"$","R","E","B",null],"character_chosen":"THE_STARBREAKER","items_purchased":["Moonworks:FullSpeedAlicianrone","Moonworks:JonathanRush","Moonworks:CloudOfSeagulls","Moonworks:JonathanRush"],"campfire_rested":3,"item_purchase_floors":[0,0,0,2],"current_hp_per_floor":[53,63,65,75,85,59,73,76,86,89,99,108,116,122,132,75,252,252,272,242,220,230,240,232,242,252,244,221,146,153,143,153,135,422,385,395,358,341,263,266,269,279,289,456,466,443,428,453,583,535,603,613,623,579,481],"gold":1607,"neow_bonus":"","is_daily":false,"chose_seed":false,"campfire_upgraded":4,"win_rate":0.0,"timestamp":1610778947,"path_taken":["M","$","M","M","$","E","M","E","T","M","?","E","M","M","R","BOSS","M","?","M","?","?","R","M","R","T","M","M","E","M","M","R","BOSS","M","?","M","?","M","E","M","R","T","R","?","M","M","$","R","BOSS","$","R","E","BOSS"],"items_purchased_type":["Card","Card","Card","Card"],"build_version":"2020-12-22","purchased_purges":20,"victory":true,"max_hp_per_floor":[80,90,100,110,120,130,140,157,167,177,187,197,207,217,227,242,252,262,272,282,292,302,312,322,332,342,352,362,372,382,392,402,412,422,432,442,452,462,472,496,506,516,526,536,546,556,566,573,583,593,603,613,623,633,643],"card_choices":[{"not_picked":["Moonworks:BigMagnum","Moonworks:MixPhenomenon","Moonworks:IntelligenceOfficer"],"picked":"SKIP","floor":1},{"not_picked":["Moonworks:ImOnFire","Moonworks:Assault","Moonworks:MiracleRedBeanIceCream"],"picked":"SKIP","floor":3},{"not_picked":["Moonworks:ImOnFire","Moonworks:Dinner"],"picked":"Moonworks:JonathanRush","floor":4},{"not_picked":["Moonworks:DeployBits","Moonworks:CloudOfSeagulls"],"picked":"Moonworks:JonathanRush","floor":6},{"not_picked":["Moonworks:LulusLuckyEgg","Moonworks:GoAway","Moonworks:StiffCrystal"],"picked":"SKIP","floor":7},{"not_picked":["Moonworks:IndiscriminateFireSupport","Moonworks:CloudOfSeagulls"],"picked":"Moonworks:JonathanRush","floor":8},{"not_picked":["Moonworks:SakisCookie","Moonworks:IndiscriminateFireSupport"],"picked":"Moonworks:CloudOfSeagulls","floor":10},{"not_picked":["Moonworks:UnluckyCharm","Moonworks:LulusLuckyEgg","Moonworks:SakisCookie"],"picked":"SKIP","floor":12},{"not_picked":["Moonworks:ImmovableObject","Moonworks:IndiscriminateFireSupport","Moonworks:BindingChains"],"picked":"SKIP","floor":13},{"not_picked":["Moonworks:IndiscriminateFireSupport","Moonworks:BigMagnum"],"picked":"Moonworks:JonathanRush","floor":14},{"not_picked":["Moonworks:AccelHyper","Moonworks:MetallicMonocoque"],"picked":"Moonworks:Accelerator","floor":16},{"not_picked":["Moonworks:NicePresent","Moonworks:LulusLuckyEgg","Moonworks:Flamethrower"],"picked":"SKIP","floor":18},{"not_picked":["Moonworks:TreasureThief","Moonworks:SakisCookie+1","Moonworks:BackdoorTrade+1"],"picked":"SKIP","floor":20},{"not_picked":["Moonworks:EvilSpyWorkPreparation","Moonworks:IntelligenceOfficer","Moonworks:Assault"],"picked":"SKIP","floor":21},{"not_picked":["Moonworks:DevilHand","Moonworks:IntelligenceOfficer","Moonworks:EvilSpyWorkPreparation+1"],"picked":"SKIP","floor":24},{"not_picked":["Moonworks:IndiscriminateFireSupport+1","Moonworks:CookingTime","Moonworks:Assault+1"],"picked":"SKIP","floor":27},{"not_picked":["Moonworks:BigBangBell","Moonworks:ExtendedPhotonRifle+1"],"picked":"Moonworks:CloudOfSeagulls","floor":28},{"not_picked":["Moonworks:CompletionReward","Moonworks:EvilSpyWorkPreparation","Moonworks:ShieldCounter"],"picked":"SKIP","floor":29},{"not_picked":["Moonworks:CookingTime","Moonworks:SweetBattle"],"picked":"Moonworks:JonathanRush+1","floor":30},{"not_picked":["Moonworks:ImOnFire","Moonworks:CastOff","Moonworks:AngelHand"],"picked":"SKIP","floor":31},{"not_picked":["Moonworks:BigMagnum","Moonworks:Assault"],"picked":"Moonworks:JonathanRush+1","floor":35},{"not_picked":["Moonworks:BigMagnum+1","Moonworks:LulusLuckyEgg+1","Moonworks:Assault+1"],"picked":"SKIP","floor":37},{"not_picked":["Moonworks:ImmovableObject+1","Moonworks:SakisCookie","Moonworks:Poppoformation"],"picked":"SKIP","floor":38},{"not_picked":["Moonworks:LulusLuckyEgg+1","Moonworks:Bloodlust+1","Moonworks:NicePresent+1"],"picked":"SKIP","floor":39},{"not_picked":["Moonworks:BigMagnum","Moonworks:WindyEnchantment+1","Moonworks:MeltingMemories"],"picked":"SKIP","floor":40},{"not_picked":["Moonworks:AngelHand","Moonworks:SakisCookie+1","Moonworks:IndiscriminateFireSupport"],"picked":"SKIP","floor":41},{"not_picked":["Moonworks:CompletionReward+1","Moonworks:ScrambledEve"],"picked":"Moonworks:JonathanRush+1","floor":44},{"not_picked":["Moonworks:EvilSpyWorkPreparation+1","Moonworks:CloudOfSeagulls+1","Moonworks:NicePresent"],"picked":"SKIP","floor":46},{"not_picked":["Moonworks:SweetBattle","Moonworks:CloudOfSeagulls+1","Moonworks:EvilSpyWorkPreparation+1"],"picked":"SKIP","floor":47},{"not_picked":["Moonworks:Poppoformation+1","Moonworks:MixPhenomenon","Moonworks:RagingMadness+1"],"picked":"SKIP","floor":54}],"player_experience":312170,"relics_obtained":[{"floor":6,"key":"Meat on the Bone"},{"floor":8,"key":"Strawberry"},{"floor":11,"key":"MealTicket"},{"floor":12,"key":"White Beast Statue"},{"floor":26,"key":"Ornamental Fan"},{"floor":29,"key":"Vajra"},{"floor":29,"key":"Whetstone"},{"floor":40,"key":"Centennial Puzzle"},{"floor":40,"key":"Mango"},{"floor":43,"key":"Shuriken"},{"floor":54,"key":"Ginger"},{"floor":54,"key":"Unceasing Top"}],"event_choices":[{"damage_healed":0,"gold_gain":0,"player_choice":"Obtained Relic","damage_taken":0,"relics_obtained":["Dream Catcher"],"max_hp_gain":0,"max_hp_loss":0,"event_name":"Addict","floor":22,"gold_loss":85},{"damage_healed":0,"gold_gain":0,"player_choice":"Got Potions","damage_taken":0,"max_hp_gain":0,"max_hp_loss":0,"event_name":"Lab","floor":36,"gold_loss":0},{"damage_healed":0,"gold_gain":0,"player_choice":"Ignored","damage_taken":0,"max_hp_gain":0,"max_hp_loss":0,"event_name":"Tomb of Lord Red Mask","floor":45,"gold_loss":0}],"is_beta":false,"boss_relics":[{"not_picked":["Pandora\u0027s Box","Sozu"],"picked":"Black Star"},{"not_picked":["Empty Cage","Astrolabe"],"picked":"SacredBark"}],"items_purged_floors":[19,19,19,19,19,19,19,19,19,19,19,19,19,19,19,48,48,48,48,48],"is_endless":false,"potions_floor_spawned":[7,8,10,13,14,16,18,20,21,24,27,28,29,30,31,33,35,37,38,39,40,41,46,47,54],"ascension_level":0}}