{"host":"440aydzcd8mkncjo","time":1610759668,"event":{"mods":["2.2 Compatiblity","Act Like it!","Aspiration","Astrologer","Bard","BaseMod","Beaked The Cultist","Challenge The Spire","Chen","Colored Map","Conspire","Downfall","Energized Spire","Friendly Minions","Gensokyo","Gremlin Mod","Halation","Hallownest","Hubris","Infinite Spire","Jedi Mod","Jorbs\u0027s Wanderer Trilogy","Koishi","Mad Scientist","Marisa????????","Mimic Mod","Minty Spire (QoL Compilation)","Rare Cards Sparkle","Reimu??????","Relic Sorter","Remilia??????","Replay The Spire","Shade Mod","Shop Mod","Somnambulant","StSLib","The Administrix","The Alterego","The Blackbeard","The Bug Knight","The Construct","The Cursed","The Elementalist","The Florist","The Gatherer","The Hierophant","The Jungle","The Marked","The Mystic","The Problem Sleuth","The Runesmith","The Servant 0.9.4","TheBandit","TheSwordswoman","Unknown Chances","Waifu the Spire","Youmu??????","Yuri Mod","Yuyuko","thorton","vexMod"],"gold_per_floor":[117,117,137,137,157,204,204,218,218,218,247,247,266,285,285,381,381,397,397,424,424,438,438,438,438,518,538,28,28,38,38,38,141,141,169,169,196,221,245,245,275,275,275,275,311,4,4,4],"floor_reached":47,"language":"ENG","playtime":6185,"items_purged":[],"score":629,"play_id":"4ff7236b-75a9-4fb3-9f39-345eb64b5e57","local_time":"20210116011428","is_ascension_mode":false,"campfire_choices":[{"data":"elementalist:Gaian_Form","floor":10,"key":"SMITH"},{"data":"elementalist:Monument","floor":12,"key":"SMITH"},{"floor":15,"key":"REST"},{"data":"elementalist:Quadmire","floor":23,"key":"SMITH"},{"data":"elementalist:Concentricity","floor":25,"key":"SMITH"},{"data":"elementalist:Caution","floor":29,"key":"SMITH"},{"floor":32,"key":"REST"},{"data":"Barricade","floor":40,"key":"SMITH"},{"floor":44,"key":"REST"}],"circlet_count":0,"master_deck":["elementalist:Earth_Emblem","elementalist:Defend_Elemblue","elementalist:Defend_Elemblue","elementalist:Firestrike","elementalist:Earthstrike","elementalist:Waterstrike","elementalist:Airstrike","elementalist:Crystal_Chalk","elementalist:Etherstrike","elementalist:Flame+1","elementalist:Magma_Shot","elementalist:Concentricity+1","elementalist:Monument+1","elementalist:Gaian_Form+1","elementalist:Mage_Hand","elementalist:Magma_Shot","elementalist:Flame+1","elementalist:Quadmire+1","elementalist:Caution+1","Regret","conspire:NecroticWound","elementalist:Wards+1","elementalist:Breeze","elementalist:Caution","elementalist:Spark","elementalist:Fission_Lance+1","elementalist:Geomancy","elementalist:Aegis","elementalist:Kiln","Barricade+1","elementalist:Stone_to_Mud","elementalist:Flame+1","elementalist:Magma_Shot+1","elementalist:Flame+1","elementalist:Wards","elementalist:Flame+1"],"relics":["elementalistmod:MagusStaff","ReplayTheSpireMod:Ring of Challenge","elementalistmod:YellowCirclet","aspiration:Nostalgia","Gatherer:AlchemyBag","elementalistmod:RedRibbon","Darkstone Periapt","Blue Doll","SlaversCollar","aspiration:RitualStick","aspiration:SeaSaltIceCream","Kintsugi","Replay:Bottled Eggs","vexMod:Cooldron","halation:Toothbrush","Pet Ghost","beaked:SacredDeck","infinitespire:EvilPickle","Bottled Tornado","Ice Cream","yuri:PortableGlitches"],"acts_visited":["Exordium","TheCity","Hallownest:KingdomsEdge"],"potions_floor_usage":[13,16,20,33,33,33,33,35,35,38,38,39,39],"damage_taken":[{"damage":1,"enemies":"Small Slimes","floor":1,"turns":4},{"damage":0,"enemies":"Jaw Worm","floor":3,"turns":3},{"damage":0,"enemies":"Cultist","floor":5,"turns":2},{"damage":21,"enemies":"3 Sentries","floor":6,"turns":14},{"damage":15,"enemies":"Gremlin Gang","floor":8,"turns":5},{"damage":2,"enemies":"Lots of Slimes","floor":11,"turns":2},{"damage":8,"enemies":"Exordium Wildlife","floor":13,"turns":2},{"damage":3,"enemies":"Looter","floor":14,"turns":2},{"damage":11,"enemies":"Fading Forest","floor":16,"turns":11},{"damage":4,"enemies":"Spheric Guardian","floor":18,"turns":3},{"damage":9,"enemies":"2 Thieves","floor":20,"turns":4},{"damage":4,"enemies":"3 Cultists","floor":22,"turns":5},{"damage":6,"enemies":"Cultist and Chosen","floor":27,"turns":7},{"damage":14,"enemies":"Shelled Parasite and Fungi","floor":30,"turns":6},{"damage":15,"enemies":"Pondfish","floor":33,"turns":12},{"damage":0,"enemies":"Hallownest:3_Siblings","floor":35,"turns":7},{"damage":13,"enemies":"Hallownest:Shield_Heavy","floor":37,"turns":7},{"damage":19,"enemies":"Hallownest:2_Wing_and_1_Kings","floor":38,"turns":8},{"damage":39,"enemies":"Hallownest:Slobbering_and_Violent","floor":39,"turns":8},{"damage":6,"enemies":"Hallownest:2_Great","floor":41,"turns":6},{"damage":5,"enemies":"Hallownest:Xero_Hu_Marmu","floor":45,"turns":8},{"damage":26,"enemies":"Hallownest:Xero_Hu_Marmu","floor":47,"turns":5}],"seed_played":"-6245823484644576755","potions_obtained":[{"floor":5,"key":"Weak Potion"},{"floor":11,"key":"SkillPotion"},{"floor":16,"key":"Milkshake"},{"floor":18,"key":"Adrenaline Potion"},{"floor":27,"key":"sneckomod:MuddlingPotion"},{"floor":30,"key":"EntropicBrew"},{"floor":33,"key":"EntropicBrew"},{"floor":37,"key":"EntropicBrew"}],"is_trial":false,"path_per_floor":["M","?","M","?","M","E","R","M","T","R","M","R","M","M","R","B",null,"M","?","M","T","M","R","?","R","T","M","$","R","M","AVR","R","B",null,"M","?","M","M","M","R","M","PTL","PTL","R","MIM","$","M"],"character_chosen":"THE_ELEMENTALIST","items_purchased":["elementalist:Fission_Lance+1","elementalist:Geomancy","vexMod:Cooldron","halation:Toothbrush","yuri:PortableGlitches","elementalist:Flame"],"campfire_rested":3,"item_purchase_floors":[28,28,28,28,46,46],"current_hp_per_floor":[69,69,69,69,69,48,48,33,33,33,31,31,23,20,41,40,70,66,52,43,55,51,51,51,51,51,45,45,45,31,31,55,40,82,82,82,69,50,11,11,5,5,5,29,24,24,0,0],"gold":4,"neow_bonus":"NOSTALGIA","is_daily":false,"chose_seed":false,"campfire_upgraded":6,"win_rate":0.0,"timestamp":1610759668,"path_taken":["M","?","M","?","M","E","R","M","T","R","M","R","M","M","R","BOSS","M","?","M","?","?","R","?","R","T","M","$","R","M","AVR","R","BOSS","M","?","?","M","M","R","?","PTL","PTL","R","MIM","$","M"],"items_purchased_type":["Card","Card","Relic","Relic","Relic","Card"],"build_version":"2020-12-22","purchased_purges":0,"victory":false,"max_hp_per_floor":[70,70,70,70,70,70,70,70,70,70,70,70,70,70,70,70,70,70,70,70,82,82,82,82,82,82,82,82,82,82,82,82,82,82,82,82,82,82,82,82,82,82,82,82,82,82,82,82],"card_choices":[{"not_picked":["elementalist:Spark","elementalist:Wards"],"picked":"elementalist:Etherstrike","floor":1},{"not_picked":["elementalist:Emberveil","elementalist:Widdershins_Conversion"],"picked":"elementalist:Flame","floor":3},{"not_picked":["elementalist:Blaze","elementalist:Concentricity"],"picked":"elementalist:Magma_Shot","floor":5},{"not_picked":["elementalist:Ignition","elementalist:Tsunami"],"picked":"elementalist:Concentricity","floor":6},{"not_picked":["elementalist:Ignition","elementalist:Wards"],"picked":"elementalist:Gaian_Form","floor":8},{"not_picked":["elementalist:Aegis","elementalist:Magma_Shot"],"picked":"elementalist:Mage_Hand","floor":11},{"not_picked":["elementalist:Overheat","elementalist:Gaian_Form"],"picked":"elementalist:Blaze","floor":13},{"not_picked":["elementalist:Monument","elementalist:Confluence"],"picked":"elementalist:Magma_Shot","floor":14},{"not_picked":["elementalist:Impact","elementalist:Absolute_Zero"],"picked":"elementalist:Quadmire","floor":16},{"not_picked":["elementalist:Solar_Form","elementalist:Momentum","elementalist:Ignition"],"picked":"SKIP","floor":18},{"not_picked":["elementalist:Spout","elementalist:Momentum"],"picked":"elementalist:Caution","floor":20},{"not_picked":["elementalist:Monument+1","elementalist:Emberveil"],"picked":"elementalist:Wards+1","floor":22},{"not_picked":["elementalist:Overheat","elementalist:Sidereal_Form"],"picked":"elementalist:Spark","floor":27},{"not_picked":["elementalist:Blaze","elementalist:Emberveil+1"],"picked":"elementalist:Aegis","floor":30},{"not_picked":["elementalist:Mirror_Circlet","elementalist:Inferno"],"picked":"elementalist:Kiln","floor":33},{"not_picked":["elementalist:Monument","elementalist:Pressurize"],"picked":"elementalist:Stone_to_Mud","floor":35},{"not_picked":["elementalist:Overheat+1","elementalist:Monument","elementalist:Emberveil"],"picked":"SKIP","floor":37},{"not_picked":["elementalist:Monument+1","elementalist:Gaian_Form"],"picked":"elementalist:Flame","floor":38},{"not_picked":["elementalist:Emberveil","elementalist:Fission_Lance"],"picked":"elementalist:Magma_Shot+1","floor":39},{"not_picked":["elementalist:Prepared_Sand","elementalist:Stone_to_Mud","elementalist:Ignition"],"picked":"SKIP","floor":41},{"not_picked":["elementalist:Prepared_Sand","elementalist:Stone_to_Mud","elementalist:Ignition"],"picked":"SKIP","floor":41},{"not_picked":["elementalist:Ferruchemy","elementalist:Prepared_Sand+1"],"picked":"elementalist:Wards","floor":45}],"player_experience":753135,"relics_obtained":[{"floor":2,"key":"ReplayTheSpireMod:Ring of Challenge"},{"floor":6,"key":"Darkstone Periapt"},{"floor":9,"key":"Blue Doll"},{"floor":21,"key":"aspiration:SeaSaltIceCream"},{"floor":26,"key":"Replay:Bottled Eggs"},{"floor":45,"key":"Ice Cream"}],"event_choices":[{"damage_healed":0,"gold_gain":0,"player_choice":"Read","damage_taken":0,"max_hp_gain":0,"max_hp_loss":0,"event_name":"The Library","floor":24,"gold_loss":0,"cards_obtained":["elementalist:Caution"]}],"is_beta":false,"boss_relics":[{"not_picked":["Runesmith:UraniumAnvil","conspire:RunicOctahedron"],"picked":"SlaversCollar"},{"not_picked":["Replay:Ancient Bell","aspiration:FutureDiary"],"picked":"beaked:SacredDeck"}],"items_purged_floors":[],"is_endless":false,"potions_floor_spawned":[5,11,16,18,27,30,33,37,38],"killed_by":"Hallownest:Xero_Hu_Marmu","ascension_level":0}}