{"host":"jgqxb38yl0c1w101","time":1610773100,"event":{"mods":["2.2 Compatiblity","BaseMod","Colored Map","Downfall","Hermit","Hubris","Minty Spire (QoL Compilation)","StSLib","The Hierophant"],"gold_per_floor":[99,119,137,156,170,196,196,207,217,231,245,245,41,60,78,176,176,76,96,96,96,107,107,107,125,135,168,0,32,32,32,49,125,125,25,45,53,65,65,50,100,116,146,168,68,91,111,146,166,166,166],"floor_reached":50,"language":"ENG","playtime":6107,"items_purged":[],"score":706,"play_id":"fb27eb1a-fe2c-4b8b-a35f-1dca7e0b95dd","local_time":"20210115235820","is_ascension_mode":false,"campfire_choices":[{"floor":1,"key":"RECALL"}],"circlet_count":0,"master_deck":["sneckomod:Strike","sneckomod:Strike","sneckomod:Strike","sneckomod:Defend","sneckomod:Defend+1","sneckomod:Defend","sneckomod:TailWhip","sneckomod:SnekBite","sneckomod:Unknown","sneckomod:UnknownDraw","sneckomod:DiceBlock","sneckomod:UnknownUncommonSkill+1","sneckomod:WideSting","sneckomod:SoulRoll","sneckomod:UnknownUncommonSkill+1","sneckomod:CheapStock","sneckomod:UnknownCommonSkill","sneckomod:ImprovisedAttack","sneckomod:UnknownDexterity","sneckomod:MorePower","hermit:BlackWind","sneckomod:UnknownBlock+1","sneckomod:SlitherStrike","RitualDagger","sneckomod:UnknownRareSkill+1","sneckomod:DiceBlock+1","sneckomod:Nope","sneckomod:UnknownClassBLUE+1","sneckomod:UnknownRarePower+1","sneckomod:UnknownRarePower+1","hexamod:FirstSeal","sneckomod:SnekBeam+1","hexamod:FourthSeal","sneckomod:UnknownColorless+1","sneckomod:SoulExchange","hierophant:DisplayOfPower+1","sneckomod:RainOfDice+1","sneckomod:UnknownClassHIEROPHANT_GOLD_COLOR+1","sneckomod:UnknownVulnerable","sneckomod:Unknown1Cost+1","sneckomod:UnknownClassDEFAULT_GRAY_COLOR+1","sneckomod:UnknownVulnerable+1","sneckomod:Unknown0Cost+1","sneckomod:SoulDraw","hermit:Determination+1","sneckomod:SlitherStrike","sneckomod:DiceBlock+1","sneckomod:Cheat+1","hexamod:SixthSeal","hexamod:ThirdSeal"],"relics":["sneckomod:SneckoSoul","Mummified Hand","Ginger","War Paint","Philosopher\u0027s Stone","downfall:HeartBlessingRed","Meat on the Bone","Kunai","Membership Card","Centennial Puzzle","hubris:CrystalStatue","Black Star","downfall:HeartBlessingGreen","Pen Nib","The Courier","Bird Faced Urn","downfall:HeartBlessingBlue","Oddly Smooth Stone","Toxic Egg 2"],"acts_visited":["Exordium","TheCity","TheBeyond"],"potions_floor_usage":[16,22,27,27,33,38,40,43,43,48,50,50,50],"damage_taken":[{"damage":4,"enemies":"Cultist","floor":2,"turns":3},{"damage":3,"enemies":"2 Louse","floor":3,"turns":3},{"damage":2,"enemies":"Small Slimes","floor":4,"turns":3},{"damage":6,"enemies":"Exordium Wildlife","floor":5,"turns":2},{"damage":12,"enemies":"Lagavulin","floor":6,"turns":6},{"damage":9,"enemies":"Blue Slaver","floor":8,"turns":3},{"damage":13,"enemies":"Gremlin Gang","floor":9,"turns":3},{"damage":14,"enemies":"Exordium Wildlife","floor":10,"turns":4},{"damage":8,"enemies":"Large Slime","floor":11,"turns":5},{"damage":0,"enemies":"downfall:FleeingMerchant","floor":13,"turns":4},{"damage":28,"enemies":"Gremlin Gang","floor":14,"turns":6},{"damage":17,"enemies":"Large Slime","floor":15,"turns":4},{"damage":44,"enemies":"SI_SHIV_ARCHETYPE","floor":16,"turns":7},{"damage":28,"enemies":"Spheric Guardian","floor":19,"turns":6},{"damage":20,"enemies":"Centurion and Healer","floor":22,"turns":8},{"damage":1,"enemies":"Snecko","floor":25,"turns":4},{"damage":0,"enemies":"Snake Plant","floor":26,"turns":3},{"damage":32,"enemies":"Book of Stabbing","floor":27,"turns":5},{"damage":2,"enemies":"downfall:FleeingMerchant","floor":28,"turns":4},{"damage":35,"enemies":"Slavers","floor":29,"turns":6},{"damage":25,"enemies":"Centurion and Healer","floor":32,"turns":6},{"damage":33,"enemies":"WA_ARCHETYPE_CALM","floor":33,"turns":13},{"damage":0,"enemies":"3 Shapes","floor":36,"turns":3},{"damage":25,"enemies":"3 Darklings","floor":37,"turns":6},{"damage":20,"enemies":"Writhing Mass","floor":38,"turns":5},{"damage":5,"enemies":"downfall:FleeingMerchant","floor":40,"turns":4},{"damage":24,"enemies":"Sphere and 2 Shapes","floor":42,"turns":4},{"damage":0,"enemies":"Giant Head","floor":43,"turns":5},{"damage":12,"enemies":"Maw","floor":44,"turns":5},{"damage":6,"enemies":"Jaw Worm Horde","floor":46,"turns":3},{"damage":21,"enemies":"Spire Growth","floor":47,"turns":4},{"damage":22,"enemies":"Nemesis","floor":48,"turns":5},{"damage":40,"enemies":"Transient","floor":49,"turns":5},{"damage":111,"enemies":"IC_BLOCK_ARCHETYPE","floor":50,"turns":15}],"seed_played":"9216160799987061787","potions_obtained":[{"floor":2,"key":"SpeedPotion"},{"floor":3,"key":"SkillPotion"},{"floor":10,"key":"sneckomod:OffclassReductionPotion"},{"floor":11,"key":"Dexterity Potion"},{"floor":23,"key":"FairyPotion"},{"floor":23,"key":"Ancient Potion"},{"floor":26,"key":"Energy Potion"},{"floor":32,"key":"bronze:BurnAndBuffPotion"},{"floor":32,"key":"Explosive Potion"},{"floor":33,"key":"sneckomod:DiceRollPotion"},{"floor":33,"key":"LiquidBronze"},{"floor":38,"key":"Fruit Juice"},{"floor":38,"key":"BlessingOfTheForge"},{"floor":40,"key":"Energy Potion"},{"floor":42,"key":"hexamod:SoulburnPotion"},{"floor":43,"key":"Regen Potion"},{"floor":44,"key":"sneckomod:MuddlingPotion"},{"floor":44,"key":"champ:CounterPotion"},{"floor":48,"key":"Weak Potion"}],"is_trial":false,"path_per_floor":["R","M","M","M","M","E","T","M","M","M","M","?","$","M","M","B",null,"R","M","?","T","M","?","T","M","M","E","$","E","R","T","M","B",null,"R","M","M","M","?","$","T","M","E","M","R","M","M","E","M","B"],"character_chosen":"THE_SNECKO","items_purchased":["War Paint","sneckomod:Unknown2Cost","Membership Card"],"campfire_rested":0,"item_purchase_floors":[13,13,28],"current_hp_per_floor":[99,95,92,90,84,72,72,63,50,36,28,109,109,81,64,20,109,109,81,75,75,55,55,55,66,66,46,56,33,33,33,20,38,109,109,109,91,83,75,70,70,58,65,63,73,73,68,79,72,0,0],"gold":166,"neow_bonus":"TEN_PERCENT_HP_BONUS","is_daily":false,"chose_seed":false,"campfire_upgraded":0,"win_rate":0.0,"timestamp":1610773100,"path_taken":["R","M","M","M","M","E","T","M","M","M","?","?","$","?","M","BOSS","R","M","?","?","M","?","T","M","?","E","$","E","R","?","M","BOSS","R","M","M","M","?","$","T","M","E","M","R","?","M","E","M","BOSS"],"items_purchased_type":["Relic","Card","Relic"],"build_version":"2020-12-22","purchased_purges":0,"victory":false,"max_hp_per_floor":[99,99,99,99,99,99,99,99,99,99,99,109,109,109,109,109,109,109,109,109,109,109,109,109,109,109,109,109,109,109,109,109,109,109,109,109,109,114,114,114,114,114,114,114,124,124,124,124,124,124,124],"card_choices":[{"not_picked":["sneckomod:Unknown1Cost","sneckomod:UnknownUncommonSkill"],"picked":"sneckomod:UnknownDraw","floor":2},{"not_picked":["sneckomod:IronFang","sneckomod:RainOfDice"],"picked":"sneckomod:DiceBlock","floor":3},{"not_picked":["sneckomod:UnknownBlock","sneckomod:QuickBite"],"picked":"sneckomod:UnknownUncommonSkill","floor":4},{"not_picked":["sneckomod:DiceBlock","sneckomod:UnknownCommonSkill"],"picked":"sneckomod:WideSting","floor":5},{"not_picked":["sneckomod:UnknownCommonSkill","sneckomod:DiceBlock","sneckomod:SoulDraw"],"picked":"SKIP","floor":6},{"not_picked":["sneckomod:SoulDraw","sneckomod:IronFang"],"picked":"sneckomod:SoulRoll","floor":8},{"not_picked":["sneckomod:Unknown1Cost","sneckomod:UnknownDraw"],"picked":"sneckomod:UnknownUncommonSkill","floor":9},{"not_picked":["sneckomod:UnknownDraw","sneckomod:IronFang"],"picked":"sneckomod:SerpentMind","floor":10},{"not_picked":["sneckomod:DiceBlock","sneckomod:Nope"],"picked":"sneckomod:CheapStock","floor":11},{"not_picked":["sneckomod:CheapStock","sneckomod:UnknownDraw"],"picked":"sneckomod:UnknownCommonSkill","floor":13},{"not_picked":["sneckomod:UnknownWeak","sneckomod:SlitherStrike"],"picked":"sneckomod:ImprovisedAttack","floor":14},{"not_picked":["sneckomod:UnknownDraw","sneckomod:DiceBoulder"],"picked":"sneckomod:UnknownDexterity","floor":15},{"not_picked":["sneckomod:UnknownRarePower","sneckomod:Cheat"],"picked":"sneckomod:MorePower","floor":16},{"not_picked":["sneckomod:UnknownClassHEXA_GHOST_PURPLE+1","sneckomod:UnknownUncommonSkill+1"],"picked":"sneckomod:UnknownBlock+1","floor":19},{"not_picked":["sneckomod:UnknownStrike","sneckomod:SoulCleanse"],"picked":"sneckomod:SlitherStrike","floor":19},{"not_picked":["sneckomod:UnknownClassHEXA_GHOST_PURPLE+1","sneckomod:UnknownClassTHE_BRONZE_AUTOMATON+1"],"picked":"sneckomod:UnknownRareSkill+1","floor":22},{"not_picked":["sneckomod:UnknownClassDEFAULT_GRAY_COLOR+1","sneckomod:Unknown0Cost+1"],"picked":"sneckomod:DiceBlock+1","floor":22},{"not_picked":["sneckomod:UnknownRareAttack","sneckomod:SlitherStrike+1"],"picked":"sneckomod:Nope","floor":25},{"not_picked":["sneckomod:QuickBite","sneckomod:UnknownBlock"],"picked":"sneckomod:UnknownClassBLUE+1","floor":26},{"not_picked":["sneckomod:UnknownDraw+1","sneckomod:UnknownClassSLIMEBOUND+1"],"picked":"sneckomod:UnknownRarePower+1","floor":27},{"not_picked":["sneckomod:SerpentIdol","sneckomod:UnknownUncommonSkill","sneckomod:UnknownUncommonAttack"],"picked":"SKIP","floor":27},{"not_picked":["sneckomod:Unknown0Cost+1","sneckomod:UnknownUncommonSkill+1"],"picked":"sneckomod:UnknownRarePower+1","floor":28},{"not_picked":["sneckomod:SoulDraw","sneckomod:PureSnecko","sneckomod:UnknownCommonSkill"],"picked":"SKIP","floor":28},{"not_picked":["hexamod:SecondSeal","hexamod:ThirdSeal"],"picked":"hexamod:FirstSeal","floor":29},{"not_picked":["sneckomod:UnknownCommonAttack+1","sneckomod:TrashToTreasure"],"picked":"sneckomod:SnekBeam+1","floor":29},{"not_picked":["sneckomod:UnknownClassRED+1","sneckomod:UnknownUncommonSkill+1","sneckomod:UnknownDexterity+1"],"picked":"SKIP","floor":29},{"not_picked":["sneckomod:UnknownWeak+1","sneckomod:Unknown1Cost+1"],"picked":"sneckomod:UnknownClassHIEROPHANT_GOLD_COLOR+1","floor":32},{"not_picked":["sneckomod:SoulCleanse+1","sneckomod:ImprovisedGuard","sneckomod:UnknownRareAttack"],"picked":"SKIP","floor":32},{"not_picked":["sneckomod:UnknownUncommonAttack+1","sneckomod:Unknown0Cost+1"],"picked":"sneckomod:UnknownColorless+1","floor":33},{"not_picked":["sneckomod:SerpentMind","sneckomod:Mudshield"],"picked":"sneckomod:SoulExchange","floor":33},{"not_picked":["sneckomod:UnknownWeak+1","sneckomod:WideSting"],"picked":"sneckomod:RainOfDice+1","floor":36},{"not_picked":["sneckomod:UnknownClassGREEN+1","sneckomod:UnknownClassTHE_BRONZE_AUTOMATON+1"],"picked":"sneckomod:UnknownClassHIEROPHANT_GOLD_COLOR+1","floor":37},{"not_picked":["sneckomod:QuickMove","sneckomod:CheapStock+1"],"picked":"sneckomod:UnknownVulnerable","floor":37},{"not_picked":["sneckomod:UnknownUncommonSkill+1","sneckomod:UnknownClassBLUE+1"],"picked":"sneckomod:Unknown1Cost+1","floor":38},{"not_picked":["sneckomod:UnknownDraw","sneckomod:QuickMove+1"],"picked":"sneckomod:UnknownClassDEFAULT_GRAY_COLOR","floor":38},{"not_picked":["sneckomod:UnknownCommonSkill+1","sneckomod:UnknownClassGREEN+1"],"picked":"sneckomod:UnknownStrength+1","floor":40},{"not_picked":["sneckomod:DiceBlock","sneckomod:IronFang","sneckomod:UnknownClassHEXA_GHOST_PURPLE+1"],"picked":"SKIP","floor":40},{"not_picked":["sneckomod:DiceBoulder+1","sneckomod:UnknownExhaust+1"],"picked":"sneckomod:UnknownVulnerable+1","floor":42},{"not_picked":["sneckomod:UnknownWeak+1","sneckomod:UnknownRareSkill+1"],"picked":"sneckomod:Unknown0Cost+1","floor":43},{"not_picked":["sneckomod:WideSting+1","sneckomod:UnknownBlock","sneckomod:UnknownClassHEXA_GHOST_PURPLE+1"],"picked":"SKIP","floor":43},{"not_picked":["sneckomod:QuickMove+1","sneckomod:SoulCleanse"],"picked":"sneckomod:SoulDraw","floor":44},{"not_picked":["sneckomod:Unknown0Cost+1","sneckomod:UnknownStrike+1","sneckomod:UnknownCommonAttack+1"],"picked":"SKIP","floor":44},{"not_picked":["sneckomod:WideSting","sneckomod:DiceBoulder+1"],"picked":"sneckomod:SlitherStrike","floor":46},{"not_picked":["sneckomod:Nope","sneckomod:UnknownDexterity"],"picked":"sneckomod:DiceBlock+1","floor":47},{"not_picked":["sneckomod:RainOfDice","sneckomod:DiceBlock+1"],"picked":"sneckomod:Cheat+1","floor":48},{"not_picked":["hexamod:FirstSeal","hexamod:SecondSeal"],"picked":"hexamod:SixthSeal","floor":49},{"not_picked":["hexamod:SixthSeal","hexamod:SecondSeal"],"picked":"hexamod:ThirdSeal","floor":49},{"not_picked":["sneckomod:UnknownDexterity+1","sneckomod:Unknown+1","sneckomod:UnknownX+1"],"picked":"SKIP","floor":49},{"not_picked":["sneckomod:UnknownBlock+1","sneckomod:UnknownUncommonPower","sneckomod:SnakeSap"],"picked":"SKIP","floor":49}],"player_experience":184449,"relics_obtained":[{"floor":6,"key":"Mummified Hand"},{"floor":7,"key":"Ginger"},{"floor":24,"key":"Meat on the Bone"},{"floor":27,"key":"Kunai"},{"floor":29,"key":"Centennial Puzzle"},{"floor":31,"key":"hubris:CrystalStatue"},{"floor":41,"key":"Pen Nib"},{"floor":43,"key":"The Courier"},{"floor":43,"key":"Bird Faced Urn"},{"floor":48,"key":"Oddly Smooth Stone"},{"floor":48,"key":"Toxic Egg 2"}],"event_choices":[{"cards_removed":["sneckomod:SerpentMind"],"damage_healed":71,"gold_gain":0,"player_choice":"Offered Rare","damage_taken":0,"max_hp_gain":10,"max_hp_loss":0,"event_name":"Bonfire Elementals","floor":12,"gold_loss":0},{"damage_healed":0,"gold_gain":0,"player_choice":"Got Potions","damage_taken":0,"max_hp_gain":0,"max_hp_loss":0,"event_name":"Lab","floor":23,"gold_loss":0}],"is_beta":false,"boss_relics":[{"not_picked":["bronze:MakeshiftBattery","hubris:VirtuousBlindfold"],"picked":"Philosopher\u0027s Stone"},{"not_picked":["hubris:HollowSoul","hubris:GrandSneckoEye"],"picked":"Black Star"}],"items_purged_floors":[],"is_endless":false,"potions_floor_spawned":[2,3,10,11,15,25,26,32,37,38,44,46,47,48,49],"killed_by":"IC_BLOCK_ARCHETYPE","ascension_level":0}}