{"host":"dlyy4wv9zatha4f7","time":1610833408,"event":{"mods":["BaseMod","Better Third Choice","Colored Map","GifTheSpireLib","Minty Spire (QoL Compilation)","Spicy Shops","StSLib","SuperFastMode","Unceasing Turn Reminder"],"gold_per_floor":[119,15,15,2,21,52,70,99,99,99,126,51,64,96,96,196,196,213,223,237,237,237,269,269,21,21,21,55,55,55,55],"floor_reached":30,"language":"ENG","playtime":1509,"items_purged":["Pain"],"score":426,"play_id":"f5627232-1db3-4fda-8d6c-eb84ff2d5a20","local_time":"20210116234328","is_ascension_mode":true,"campfire_choices":[{"data":"Dagger Spray","floor":10,"key":"SMITH"},{"data":"Bane","floor":15,"key":"SMITH"},{"floor":24,"key":"REST"},{"floor":29,"key":"REST"}],"circlet_count":0,"master_deck":["Strike_G","Strike_G","Strike_G","Strike_G","Strike_G","Defend_G","Defend_G","Defend_G","Defend_G","Defend_G","Survivor","Neutralize","Dagger Spray+1","Noxious Fumes","Adrenaline","Footwork","Bane+1","Die Die Die","Unload","Bullet Time","Caltrops+1","Footwork+1","Catalyst","Escape Plan","Backstab+1"],"relics":["Ring of the Snake","Gambling Chip","WarpedTongs","Toy Ornithopter","Mango","Pantograph","Bag of Preparation","Frozen Egg 2","SlaversCollar","Darkstone Periapt","Shuriken","Molten Egg 2","Incense Burner"],"acts_visited":["Exordium","TheCity"],"potions_floor_usage":[6,11,16],"damage_taken":[{"damage":3.0,"enemies":"2 Louse","floor":1.0,"turns":6.0},{"damage":3,"enemies":"Cultist","floor":5,"turns":4},{"damage":7,"enemies":"Lagavulin","floor":6,"turns":5},{"damage":0,"enemies":"Small Slimes","floor":7,"turns":2},{"damage":15,"enemies":"3 Sentries","floor":8,"turns":7},{"damage":10,"enemies":"Lagavulin","floor":11,"turns":7},{"damage":0,"enemies":"Exordium Wildlife","floor":13,"turns":2},{"damage":3,"enemies":"3 Sentries","floor":14,"turns":4},{"damage":28,"enemies":"Slime Boss","floor":16,"turns":7},{"damage":13,"enemies":"2 Thieves","floor":18,"turns":4},{"damage":18,"enemies":"Chosen","floor":19,"turns":5},{"damage":0,"enemies":"Centurion and Healer","floor":20,"turns":6},{"damage":40,"enemies":"Slavers","floor":23,"turns":6},{"damage":18,"enemies":"Gremlin Leader","floor":28,"turns":7},{"damage":38,"enemies":"Slavers","floor":30,"turns":2}],"seed_played":"3031951232528478886","potions_obtained":[{"floor":0.0,"key":"LiquidBronze"},{"floor":0.0,"key":"Swift Potion"},{"floor":0.0,"key":"Explosive Potion"},{"floor":1.0,"key":"BlessingOfTheForge"},{"floor":7,"key":"GamblersBrew"},{"floor":28,"key":"Swift Potion"}],"is_trial":false,"path_per_floor":["M","$","?","$","M","E","M","E","T","R","E","$","M","E","R","B",null,"M","M","M","?","?","E","R","$","T","$","E","R","E"],"character_chosen":"THE_SILENT","items_purchased":["Noxious Fumes","Gambling Chip","Adrenaline","Shuriken"],"campfire_rested":2,"item_purchase_floors":[2,2,4,25],"current_hp_per_floor":[60,60,60,60,57,50,50,49,49,49,44,44,44,41,41,43,74,61,43,43,43,43,3,28,28,28,28,10,35,0,0],"gold":55,"neow_bonus":"THREE_SMALL_POTIONS","is_daily":false,"chose_seed":false,"campfire_upgraded":2,"win_rate":0.0,"timestamp":1610833408,"path_taken":["M","$","?","?","M","E","?","E","T","R","E","$","M","E","R","BOSS","M","M","M","?","?","E","R","$","T","?","E","R","E"],"items_purchased_type":["Card","Relic","Card","Relic"],"build_version":"2020-12-22","purchased_purges":1,"victory":false,"max_hp_per_floor":[70,70,70,70,70,70,70,84,84,84,84,84,84,84,84,84,84,84,84,84,84,84,84,84,84,84,84,84,84,84,84],"card_choices":[{"not_picked":["Quick Slash","Sucker Punch"],"picked":"Dagger Spray","floor":1.0},{"not_picked":["Underhanded Strike","Concentrate","Backflip"],"picked":"SKIP","floor":5},{"not_picked":["Underhanded Strike","Outmaneuver","Heel Hook"],"picked":"SKIP","floor":6},{"not_picked":["Slice","Reflex"],"picked":"Footwork","floor":7},{"not_picked":["Cloak And Dagger","Slice"],"picked":"Bane","floor":8},{"not_picked":["Dodge and Roll","Bouncing Flask"],"picked":"Die Die Die","floor":11},{"not_picked":["Poisoned Stab","Infinite Blades","Distraction"],"picked":"SKIP","floor":13},{"not_picked":["Skewer","Outmaneuver"],"picked":"Unload","floor":14},{"not_picked":["Burst","Corpse Explosion"],"picked":"Bullet Time","floor":16},{"not_picked":["Quick Slash","Outmaneuver","Poisoned Stab"],"picked":"SKIP","floor":18},{"not_picked":["Deadly Poison","Slice+1"],"picked":"Caltrops+1","floor":19},{"not_picked":["Expertise","Underhanded Strike"],"picked":"Footwork+1","floor":20},{"not_picked":["Dodge and Roll","Footwork+1"],"picked":"Escape Plan","floor":23},{"not_picked":["Deflect+1","Dagger Spray+1"],"picked":"Backstab+1","floor":28}],"player_experience":2246634,"relics_obtained":[{"floor":6,"key":"Toy Ornithopter"},{"floor":8,"key":"Mango"},{"floor":9,"key":"Pantograph"},{"floor":11,"key":"Bag of Preparation"},{"floor":14,"key":"Frozen Egg 2"},{"floor":23,"key":"Darkstone Periapt"},{"floor":26,"key":"Molten Egg 2"},{"floor":28,"key":"Incense Burner"}],"event_choices":[{"damage_healed":0,"gold_gain":0,"player_choice":"Rummage","damage_taken":0,"relics_obtained":["WarpedTongs"],"max_hp_gain":0,"max_hp_loss":0,"event_name":"Accursed Blacksmith","floor":3,"gold_loss":0,"cards_obtained":["Pain"]},{"damage_healed":0,"gold_gain":0,"player_choice":"Ignored","damage_taken":0,"max_hp_gain":0,"max_hp_loss":0,"event_name":"Ghosts","floor":21,"gold_loss":0},{"damage_healed":0,"gold_gain":0,"player_choice":"Read","damage_taken":0,"max_hp_gain":0,"max_hp_loss":0,"event_name":"The Library","floor":22,"gold_loss":0,"cards_obtained":["Catalyst"]}],"is_beta":false,"boss_relics":[{"not_picked":["Black Star","Cursed Key"],"picked":"SlaversCollar"}],"items_purged_floors":[12],"is_endless":false,"potions_floor_spawned":[1,5,7,28],"killed_by":"Slavers","ascension_level":9}}