{"host":"oeotdbd679q6m6vu","time":1610795095,"event":{"mods":["Act Like it!","BaseMod","Colored Map","Decade(Õı–°√˜)","Downfall","Friendly Minions","Gensokyo","GifTheSpireLib","Highlight Path","Marisa£®ÏF”Í°°ƒß¿Ì…≥£©","Minty Spire (QoL Compilation)","Rare Cards Sparkle","Reimu£®≤©¿ˆ¡È√Œ£©","StSLib","The Animator","Youmu£®ªÍ∆«—˝√Œ£©"],"gold_per_floor":[99,116,129,144,158,191,191,224,245,245,245,258,276,186,199,199,199,199],"floor_reached":16,"language":"ZHS","playtime":992,"items_purged":["Guardian:Strike_Guardian"],"score":114,"play_id":"aefd7c2f-dec7-4b93-b788-58766b177b56","local_time":"20210116060455","is_ascension_mode":false,"campfire_choices":[{"data":"Guardian:TwinSlam","floor":1,"key":"SMITH"}],"circlet_count":0,"master_deck":["Guardian:Strike_Guardian","Guardian:Strike_Guardian","Guardian:Defend_Guardian","Guardian:Defend_Guardian","Guardian:Defend_Guardian","Guardian:Defend_Guardian","Guardian:CurlUp","Guardian:TwinSlam+1","CurseOfTheBell","Guardian:SentryBeam","Guardian:CrystalBeam","Guardian:BodySlam","Guardian:PrismaticBarrier","Guardian:Gem_Lightblue","Guardian:Gem_Cyan","Guardian:Gem_Cyan","Guardian:Gem_Lightblue","Guardian:Gem_Crimson","Guardian:BodySlam","Guardian:RevengeProtocol","Guardian:Gem_Lightblue"],"relics":["Calling Bell","Strawberry","HornCleat","FossilizedHelix","Bottled Lightning","Letter Opener","Odd Mushroom","Guardian:PickAxe"],"acts_visited":["Exordium"],"potions_floor_usage":[6,13],"damage_taken":[{"damage":0,"enemies":"2 Louse","floor":2,"turns":3},{"damage":0,"enemies":"Jaw Worm","floor":3,"turns":3},{"damage":0,"enemies":"Cultist","floor":4,"turns":3},{"damage":10,"enemies":"Exordium Thugs","floor":5,"turns":2},{"damage":9,"enemies":"3 Sentries","floor":6,"turns":7},{"damage":15,"enemies":"Lagavulin","floor":8,"turns":6},{"damage":6,"enemies":"The Mushroom Lair","floor":9,"turns":4},{"damage":4,"enemies":"The Mushroom Lair","floor":10,"turns":5},{"damage":0,"enemies":"2 Fungi Beasts","floor":12,"turns":3},{"damage":0,"enemies":"3 Louse","floor":13,"turns":2},{"damage":0,"enemies":"downfall:FleeingMerchant","floor":14,"turns":4},{"damage":0,"enemies":"Blue Slaver","floor":15,"turns":3},{"damage":15,"enemies":"SI_SHIV_ARCHETYPE","floor":16,"turns":6}],"seed_played":"-2085832381579148718","potions_obtained":[{"floor":2,"key":"DistilledChaos"},{"floor":3,"key":"ZuzhouPotion:ReiMu"},{"floor":8,"key":"SpeedPotion"},{"floor":12,"key":"Swift Potion"},{"floor":13,"key":"SmokeBomb"},{"floor":15,"key":"SpeedPotion"}],"is_trial":false,"path_per_floor":["R","M","M","M","M","E","T","E","?","?","?","M","M","$","M","B"],"character_chosen":"GUARDIAN","items_purchased":[],"campfire_rested":0,"item_purchase_floors":[],"current_hp_per_floor":[87,87,87,87,77,68,68,53,47,19,19,19,19,19,19,4,4,4],"gold":199,"neow_bonus":"BOSS_RELIC","is_daily":false,"chose_seed":false,"campfire_upgraded":1,"win_rate":0.0,"timestamp":1610795095,"path_taken":["R","M","M","M","M","E","T","E","?","?","?","M","M","?","M","BOSS"],"items_purchased_type":[],"build_version":"2020-12-22","purchased_purges":1,"victory":false,"max_hp_per_floor":[87,87,87,87,87,87,87,87,87,87,87,87,87,87,87,87,87,87],"card_choices":[{"not_picked":["Guardian:Suspension","Guardian:Planning"],"picked":"Guardian:SentryBeam","floor":2},{"not_picked":["Guardian:Preprogram","Guardian:Harden"],"picked":"Guardian:CrystalBeam","floor":3},{"not_picked":["Guardian:SpikerProtocol","Guardian:RollAttack"],"picked":"Guardian:BodySlam","floor":4},{"not_picked":["Guardian:SpikerProtocol","Guardian:Suspension"],"picked":"Guardian:Gem_Green","floor":5},{"not_picked":["Guardian:MultiBeam","Guardian:SentryBeam"],"picked":"Guardian:PrismaticBarrier","floor":6},{"not_picked":["Guardian:SentryBeam","Guardian:PrimingBeam"],"picked":"Guardian:Gem_Blue","floor":8},{"not_picked":["Guardian:AncientConstruct","Guardian:Recover"],"picked":"Guardian:Gem_Green","floor":9},{"not_picked":["Guardian:Incinerate","Guardian:Gem_White"],"picked":"Guardian:BodySlam","floor":12},{"not_picked":["Guardian:Incinerate","Guardian:Recover"],"picked":"Guardian:RevengeProtocol","floor":13},{"not_picked":["Guardian:Emergency","Guardian:MultiBeam","Guardian:TemporalStrike"],"picked":"SKIP","floor":14},{"not_picked":["Guardian:Suspension","Guardian:TemporalStrike"],"picked":"Guardian:Gem_Lightblue","floor":15}],"player_experience":342065,"relics_obtained":[{"floor":0,"key":"Strawberry"},{"floor":0,"key":"HornCleat"},{"floor":0,"key":"FossilizedHelix"},{"floor":6,"key":"Bottled Lightning"},{"floor":8,"key":"Letter Opener"},{"floor":9,"key":"Odd Mushroom"}],"event_choices":[{"damage_healed":0,"gold_gain":0,"player_choice":"Fought Mushrooms","damage_taken":0,"max_hp_gain":0,"max_hp_loss":0,"event_name":"Mushrooms","floor":9,"gold_loss":0}],"is_beta":false,"boss_relics":[],"items_purged_floors":[14],"is_endless":false,"potions_floor_spawned":[2,3,8,12,13,15],"killed_by":"SI_SHIV_ARCHETYPE","ascension_level":0}}