{"host":"vyjryxuuuxkt43k4","time":1610822951,"event":{"mods":["AchievementEnabler","BaseMod","Colored Map","DeckTracker","Minty Spire (QoL Compilation)","Permanent Neow","Quick Restart","StSLib","SuperFastMode","everything is the same but u backflip on backflip"],"gold_per_floor":[360,216,235,255,0,35,35,53,79,111,111,146,21,40,40,135,135,149,99,114,79,89,89,100,100,100,114,114,114],"floor_reached":28,"language":"KOR","playtime":1143,"items_purged":["Strike_R","Strike_R","Strike_R"],"score":336,"play_id":"3959e299-52ec-46b5-9e1c-e0cb57eee2f1","local_time":"20210117034911","is_ascension_mode":true,"campfire_choices":[{"data":"Armaments","floor":7,"key":"SMITH"},{"floor":15,"key":"REST"},{"data":"Uppercut","floor":23,"key":"SMITH"},{"floor":25,"key":"REST"}],"circlet_count":0,"master_deck":["Strike_R","Defend_R","Defend_R","Defend_R","Defend_R","Bash","Cleave","Uppercut+1","Dual Wield","Armaments+1","Carnage","Shrug It Off","Shockwave","Battle Trance","Headbutt","Exhume","Havoc+1","Blood for Blood","Dark Embrace","Power Through"],"relics":["Burning Blood","PreservedInsect","Centennial Puzzle","Bag of Preparation","Bag of Marbles","Magic Flower","Snecko Eye","Turnip"],"acts_visited":["Exordium","TheCity"],"potions_floor_usage":[6,10,16,18,20],"damage_taken":[{"damage":1,"enemies":"Cultist","floor":1,"turns":4},{"damage":0,"enemies":"2 Louse","floor":3,"turns":2},{"damage":0,"enemies":"Small Slimes","floor":4,"turns":3},{"damage":15,"enemies":"Lagavulin","floor":6,"turns":4},{"damage":27,"enemies":"Gremlin Gang","floor":8,"turns":3},{"damage":8,"enemies":"Gremlin Nob","floor":10,"turns":3},{"damage":21,"enemies":"3 Sentries","floor":12,"turns":6},{"damage":5,"enemies":"Blue Slaver","floor":14,"turns":2},{"damage":34,"enemies":"The Guardian","floor":16,"turns":10},{"damage":31,"enemies":"3 Byrds","floor":18,"turns":5},{"damage":16,"enemies":"2 Thieves","floor":20,"turns":4},{"damage":6,"enemies":"3 Cultists","floor":22,"turns":5},{"damage":22,"enemies":"Sentry and Sphere","floor":24,"turns":4},{"damage":21,"enemies":"Centurion and Healer","floor":27,"turns":4},{"damage":43,"enemies":"Gremlin Leader","floor":28,"turns":3}],"seed_played":"3272024359006092814","potions_obtained":[{"floor":4,"key":"DuplicationPotion"},{"floor":6,"key":"PowerPotion"},{"floor":10,"key":"SteroidPotion"},{"floor":16,"key":"BlessingOfTheForge"},{"floor":18,"key":"Explosive Potion"},{"floor":27,"key":"Weak Potion"}],"is_trial":false,"path_per_floor":["M","$","M","M","$","E","R","M","T","E","?","E","$","M","R","B",null,"M","?","M","$","M","R","M","R","T","M","E"],"character_chosen":"IRONCLAD","items_purchased":["Uppercut","PreservedInsect","Dark Embrace"],"campfire_rested":2,"item_purchase_floors":[2,5,21],"current_hp_per_floor":[56,56,62,68,68,59,59,38,38,36,36,21,21,25,49,24,66,44,44,37,37,40,40,27,51,51,39,0,0],"gold":114,"neow_bonus":"TWO_FIFTY_GOLD","is_daily":false,"chose_seed":false,"campfire_upgraded":2,"win_rate":0.0,"timestamp":1610822951,"path_taken":["M","?","M","M","$","E","R","M","T","E","?","E","$","?","R","BOSS","M","?","?","$","M","R","M","R","T","?","E"],"items_purchased_type":["Card","Relic","Card"],"build_version":"2020-12-22","purchased_purges":3,"victory":false,"max_hp_per_floor":[80,80,80,80,80,80,80,80,80,80,80,80,80,80,80,80,80,80,80,80,80,80,80,80,80,80,80,80,80],"card_choices":[{"not_picked":["Twin Strike","Sever Soul"],"picked":"Cleave","floor":1},{"not_picked":["Hemokinesis","Headbutt"],"picked":"Dual Wield","floor":3},{"not_picked":["Havoc","Warcry"],"picked":"Armaments","floor":4},{"not_picked":["Hemokinesis","Combust"],"picked":"Carnage","floor":6},{"not_picked":["Pommel Strike","Wild Strike"],"picked":"Shrug It Off","floor":8},{"not_picked":["Seeing Red","Anger"],"picked":"Shockwave","floor":10},{"not_picked":["True Grit","Pummel"],"picked":"Battle Trance","floor":12},{"not_picked":["Twin Strike","Anger"],"picked":"Headbutt","floor":14},{"not_picked":["Juggernaut","Brutality"],"picked":"Exhume","floor":16},{"not_picked":["Body Slam","Thunderclap"],"picked":"Havoc+1","floor":18},{"not_picked":["Havoc+1","Exhume"],"picked":"Blood for Blood","floor":20},{"not_picked":["Iron Wave","Wild Strike"],"picked":"Power Through","floor":22},{"not_picked":["Headbutt","Entrench","Cleave+1"],"picked":"SKIP","floor":24},{"not_picked":["Pummel","Blood for Blood","True Grit"],"picked":"SKIP","floor":27}],"player_experience":382916,"relics_obtained":[{"floor":6,"key":"Centennial Puzzle"},{"floor":9,"key":"Bag of Preparation"},{"floor":10,"key":"Bag of Marbles"},{"floor":12,"key":"Magic Flower"},{"floor":26,"key":"Turnip"}],"event_choices":[{"cards_removed":["Strike_R"],"damage_healed":0,"gold_gain":0,"player_choice":"Purged","damage_taken":0,"max_hp_gain":0,"max_hp_loss":0,"event_name":"Purifier","floor":11,"gold_loss":0},{"damage_healed":0,"gold_gain":0,"player_choice":"Bet on Murderer","damage_taken":0,"max_hp_gain":0,"max_hp_loss":0,"event_name":"The Joust","floor":19,"gold_loss":50}],"is_beta":false,"boss_relics":[{"not_picked":["Ectoplasm","Cursed Key"],"picked":"Snecko Eye"}],"items_purged_floors":[2,5,13],"is_endless":false,"potions_floor_spawned":[4,6,10,16,18,27],"killed_by":"Gremlin Leader","ascension_level":8}}