{"host":"kiauivt48syq9iz6","time":1610826981,"event":{"mods":["A Magickal Journey","BaseMod","Conspire","Downfall","Hermit","Minty Spire (QoL Compilation)","SIMod","Somnambulant","StSLib","The Animator","The Construct","The Cursed","The Disciple","The Forsaken","The Judge","The Marked","The Runesmith","The Servant 0.9.4","The Spell Scribe"],"gold_per_floor":[117,192,79,79,97,138,150,186,198,231,243,276,288,320,332,463,475,508,149,85,131,131,131,144,144,167,180,31,130,130,151,151,272,272,296,46,86,18,18,18],"floor_reached":39,"language":"ENG","playtime":1610,"items_purged":[],"score":404,"play_id":"296da9cd-d372-47d2-90de-0fa62fb2fd86","local_time":"20210116125621","is_ascension_mode":false,"campfire_choices":[{"data":"Fusion","floor":11,"key":"SMITH"},{"floor":15,"key":"REST"},{"floor":23,"key":"REST"},{"floor":25,"key":"REST"},{"floor":30,"key":"REST"},{"floor":32,"key":"REST"}],"circlet_count":0,"master_deck":["Strike_B","Strike_B","Strike_B+1","Strike_B+1","Defend_B","Defend_B","Defend_B","Defend_B","Zap","Dualcast","Coolheaded","Sunder","Reinforced Body","Conserve Battery","Barrage","Sweeping Beam","Fusion+1","Capacitor","Hologram","Buffer","Barrage","Defragment","Self Repair","BootSequence+1","Turbo+1","Scrape+1","conspire:SharedLibrary","Doom and Gloom","Capacitor","Double Energy+1","Streamline+1","Echo Form","Conserve Battery","Conserve Battery","Reinforced Body","Go for the Eyes+1","Consume"],"relics":["Cracked Core","Golden Idol","MawBank","Pantograph","SlaversCollar","Toolbox","Dream Catcher","Pen Nib","Whetstone","construct:ClawGrip","OrangePellets","Sundial"],"acts_visited":["Exordium","TheCity","TheBeyond"],"potions_floor_usage":[6,14,14,16,21,24,27,33],"damage_taken":[{"damage":0,"enemies":"2 Louse","floor":1,"turns":2},{"damage":3,"enemies":"Small Slimes","floor":5,"turns":3},{"damage":4,"enemies":"3 Sentries","floor":6,"turns":9},{"damage":0,"enemies":"Jaw Worm","floor":8,"turns":4},{"damage":6,"enemies":"conspire:2 RoseBushes","floor":10,"turns":6},{"damage":3,"enemies":"2 Fungi Beasts","floor":12,"turns":3},{"damage":9,"enemies":"Exordium Thugs","floor":14,"turns":4},{"damage":52,"enemies":"Hexaghost","floor":16,"turns":11},{"damage":33,"enemies":"Spheric Guardian","floor":18,"turns":6},{"damage":10,"enemies":"2 Thieves","floor":21,"turns":3},{"damage":24,"enemies":"Chosen and Byrds","floor":24,"turns":8},{"damage":23,"enemies":"Snake Plant","floor":27,"turns":6},{"damage":20,"enemies":"conspire:HollyBat","floor":31,"turns":10},{"damage":72,"enemies":"Collector","floor":33,"turns":14},{"damage":35,"enemies":"3 Darklings","floor":35,"turns":6},{"damage":33,"enemies":"conspire:MimicChest","floor":37,"turns":9},{"damage":27,"enemies":"Orb Walker","floor":39,"turns":3}],"seed_played":"-6240225140342612791","potions_obtained":[{"floor":1,"key":"BlessingOfTheForge"},{"floor":5,"key":"Weak Potion"},{"floor":8,"key":"Swift Potion"},{"floor":10,"key":"hexamod:SoulburnPotion"},{"floor":18,"key":"ColorlessPotion"},{"floor":21,"key":"SkillPotion"},{"floor":24,"key":"Swift Potion"},{"floor":27,"key":"Fire Potion"},{"floor":37,"key":"champ:CounterPotion"}],"is_trial":false,"path_per_floor":["M","?","$","?","M","E","$","M","T","M","R","M","?","M","R","B",null,"M","$","?","M","?","R","M","R","T","M","$","?","R","M","R","B",null,"M","$","?","$","M"],"character_chosen":"DEFECT","items_purchased":["Sunder","Reinforced Body","Defragment","Toolbox","Dream Catcher","conspire:SharedLibrary","Doom and Gloom","Conserve Battery","Reinforced Body","OrangePellets","Consume"],"campfire_rested":5,"item_purchase_floors":[3,3,19,19,19,28,28,36,36,36,38],"current_hp_per_floor":[82,71,71,71,68,64,64,64,64,58,58,55,55,46,70,30,82,49,49,49,39,39,63,46,70,70,54,54,54,78,65,82,17,82,47,47,21,21,0,0],"gold":18,"neow_bonus":"TEN_PERCENT_HP_BONUS","is_daily":false,"chose_seed":false,"campfire_upgraded":1,"win_rate":0.0,"timestamp":1610826981,"path_taken":["M","?","$","?","M","E","?","?","T","M","R","M","?","M","R","BOSS","M","$","?","?","?","R","M","R","T","M","$","?","R","M","R","BOSS","M","$","?","$","M"],"items_purchased_type":["Card","Card","Card","Relic","Relic","Card","Card","Card","Card","Relic","Card"],"build_version":"2020-12-22","purchased_purges":0,"victory":false,"max_hp_per_floor":[82,82,82,82,82,82,82,82,82,82,82,82,82,82,82,82,82,82,82,82,82,82,82,82,82,82,82,82,82,82,82,82,82,82,82,82,82,82,82,82],"card_choices":[{"not_picked":["Double Energy","Stack"],"picked":"Coolheaded","floor":1},{"not_picked":["Consume","Genetic Algorithm"],"picked":"Conserve Battery","floor":5},{"not_picked":["Amplify","Storm"],"picked":"Barrage","floor":6},{"not_picked":["Lockon","Undo"],"picked":"Sweeping Beam","floor":8},{"not_picked":["BootSequence","Force Field"],"picked":"Fusion","floor":10},{"not_picked":["Redo","Genetic Algorithm"],"picked":"Capacitor","floor":12},{"not_picked":["Rebound","Chill"],"picked":"Hologram","floor":14},{"not_picked":["Meteor Strike","Machine Learning"],"picked":"Buffer","floor":16},{"not_picked":["Static Discharge","Gash"],"picked":"Barrage","floor":18},{"not_picked":["Turbo","Lockon"],"picked":"Self Repair","floor":21},{"not_picked":["Steam","Fusion"],"picked":"BootSequence+1","floor":23},{"not_picked":["Redo","Thunder Strike"],"picked":"Turbo+1","floor":24},{"not_picked":["Redo","Coolheaded+1"],"picked":"Scrape+1","floor":25},{"not_picked":["Reprogram","Turbo","Rip and Tear"],"picked":"SKIP","floor":27},{"not_picked":["Auto Shields","Barrage"],"picked":"Capacitor","floor":30},{"not_picked":["Streamline","Steam"],"picked":"Double Energy+1","floor":31},{"not_picked":["Fusion","Lockon+1"],"picked":"Streamline+1","floor":32},{"not_picked":["Multi-Cast","Core Surge"],"picked":"Echo Form","floor":33},{"not_picked":["Go for the Eyes","Rip and Tear+1"],"picked":"Conserve Battery","floor":35},{"not_picked":["Sweeping Beam+1","Blizzard"],"picked":"Go for the Eyes+1","floor":37}],"player_experience":163669,"relics_obtained":[{"floor":6,"key":"MawBank"},{"floor":9,"key":"Pantograph"},{"floor":26,"key":"Whetstone"},{"floor":37,"key":"Sundial"}],"event_choices":[{"damage_healed":0,"gold_gain":75,"player_choice":"Gather Gold","damage_taken":11,"max_hp_gain":0,"max_hp_loss":0,"event_name":"World of Goop","floor":2,"gold_loss":0},{"damage_healed":0,"gold_gain":0,"player_choice":"Take Wound","damage_taken":0,"relics_obtained":["Golden Idol"],"max_hp_gain":0,"max_hp_loss":0,"event_name":"Golden Idol","floor":4,"gold_loss":0,"cards_obtained":["Injury"]},{"cards_removed":["Injury"],"damage_healed":0,"gold_gain":0,"player_choice":"Removed Curses","damage_taken":0,"max_hp_gain":0,"max_hp_loss":0,"event_name":"Fountain of Cleansing","floor":13,"gold_loss":0},{"damage_healed":0,"gold_gain":0,"player_choice":"Paid Gold","damage_taken":0,"relics_obtained":["Pen Nib"],"max_hp_gain":0,"max_hp_loss":0,"event_name":"WeMeetAgain","floor":20,"gold_loss":64},{"damage_healed":0,"gold_gain":99,"player_choice":"Stole From Cult","damage_taken":0,"max_hp_gain":0,"max_hp_loss":0,"event_name":"Nest","floor":29,"gold_loss":0}],"is_beta":false,"boss_relics":[{"not_picked":["SacredBark","Ectoplasm"],"picked":"SlaversCollar"},{"not_picked":["Fusion Hammer","conspire:SeveredTorchhead"],"picked":"construct:ClawGrip"}],"items_purged_floors":[],"is_endless":false,"potions_floor_spawned":[1,5,8,10,18,21,24,27,37],"killed_by":"Orb Walker","ascension_level":0}}