{"host":"vlqejv0notyktumz","time":1610828939,"event":{"mods":["AchievementEnabler","BaseMod","Colored Map","Colored Powertips","Downfall","Googly Eyes","Minty Spire (QoL Compilation)","StSLib"],"gold_per_floor":[99,119,134,154,173,173,198,198,212,212,224,237,250,267,281,380,380,380,391,391,402,421,421,444,17,33,18,18,45,45,62,82,82,82,82],"floor_reached":33,"language":"ENG","playtime":1625,"items_purged":[],"score":292,"play_id":"2044f711-1abb-4454-a9ec-b290c2b25544","local_time":"20210116142859","is_ascension_mode":false,"campfire_choices":[{"data":"hexamod:Sear","floor":1,"key":"SMITH"},{"data":"hexamod:AdvancingGuard","floor":10,"key":"SMITH"},{"data":"hexamod:GhostflameInferno","floor":18,"key":"SMITH"},{"floor":23,"key":"REST"},{"floor":30,"key":"REST"}],"circlet_count":0,"master_deck":["hexamod:Strike","hexamod:Strike","hexamod:Strike+1","hexamod:Defend","hexamod:Defend","hexamod:Defend","hexamod:Defend","hexamod:Sear+1","hexamod:Float","hexamod:BacktrackSmack+1","hexamod:ThermalTransfer","hexamod:AdvancingGuard+1","hexamod:ChargedBarrage","hexamod:Rewind","hexamod:HauntingEcho","hexamod:EtherealExpedition","hexamod:GhostflameInferno+1","hexamod:SearingWound","CurseOfTheBell","hexamod:HeatMetal","hexamod:Hexaguard","hexamod:SwordOfDarkness+1","hexamod:SoulSteal","hexamod:Incineration+1","hexamod:Hexaguard+1","hexamod:GhostOfSpireFuture"],"relics":["hexamod:SpiritBrand","Bronze Scales","Calling Bell","Toy Ornithopter","Shuriken","Du-Vu Doll","Enchiridion","Dream Catcher","Letter Opener","Whetstone","Art of War"],"acts_visited":["Exordium","TheCity"],"potions_floor_usage":[29,29,29,33,33],"damage_taken":[{"damage":2,"enemies":"2 Louse","floor":2,"turns":3},{"damage":0,"enemies":"Cultist","floor":3,"turns":3},{"damage":0,"enemies":"Small Slimes","floor":4,"turns":3},{"damage":7,"enemies":"Gremlin Gang","floor":5,"turns":6},{"damage":2,"enemies":"Blue Slaver","floor":9,"turns":3},{"damage":0,"enemies":"Exordium Wildlife","floor":11,"turns":2},{"damage":5,"enemies":"3 Louse","floor":12,"turns":4},{"damage":4,"enemies":"Blue Slaver","floor":13,"turns":4},{"damage":5,"enemies":"Looter","floor":14,"turns":4},{"damage":0,"enemies":"Large Slime","floor":15,"turns":3},{"damage":39,"enemies":"DF_ARCHETYPE_STREAMLINE","floor":16,"turns":11},{"damage":32,"enemies":"Spheric Guardian","floor":19,"turns":6},{"damage":27,"enemies":"Snake Plant","floor":21,"turns":3},{"damage":0,"enemies":"Shelled Parasite and Fungi","floor":22,"turns":7},{"damage":0,"enemies":"downfall:FleeingMerchant","floor":25,"turns":4},{"damage":6,"enemies":"Cultist and Chosen","floor":26,"turns":5},{"damage":5,"enemies":"downfall:FleeingMerchant","floor":27,"turns":4},{"damage":0,"enemies":"Book of Stabbing","floor":29,"turns":3},{"damage":0,"enemies":"Snecko","floor":31,"turns":4},{"damage":20,"enemies":"Sentry and Sphere","floor":32,"turns":6},{"damage":46,"enemies":"SI_MIRROR_ARCHETYPE","floor":33,"turns":8}],"seed_played":"2369719111347967329","potions_obtained":[{"floor":2,"key":"Energy Potion"},{"floor":3,"key":"Block Potion"},{"floor":4,"key":"Block Potion"},{"floor":31,"key":"FearPotion"},{"floor":32,"key":"hexamod:SoulburnPotion"}],"is_trial":false,"path_per_floor":["R","M","M","M","M","?","T","?","M","R","M","M","M","M","M","B",null,"R","M","?","M","M","R","T","$","M","$","?","E","R","M","M","B"],"character_chosen":"THE_SPIRIT","items_purchased":["Letter Opener","Whetstone"],"campfire_rested":2,"item_purchase_floors":[25,25],"current_hp_per_floor":[77,75,75,75,68,68,68,68,66,66,66,61,57,52,52,13,77,77,45,29,2,2,25,25,25,19,14,14,29,52,52,32,0,0,0],"gold":82,"neow_bonus":"TEN_PERCENT_HP_BONUS","is_daily":false,"chose_seed":false,"campfire_upgraded":3,"win_rate":0.0,"timestamp":1610828939,"path_taken":["R","M","M","M","M","?","T","?","M","R","M","M","M","?","M","BOSS","R","M","?","M","M","R","T","$","M","$","?","E","R","?","M","BOSS"],"items_purchased_type":["Relic","Relic"],"build_version":"2020-12-22","purchased_purges":0,"victory":false,"max_hp_per_floor":[77,77,77,77,77,77,77,77,77,77,77,77,77,77,77,77,77,77,77,77,77,77,77,77,77,77,77,77,77,77,77,77,77,77,77],"card_choices":[{"not_picked":["hexamod:NecessarySacrifice","hexamod:RetreatToShadows"],"picked":"hexamod:BacktrackSmack","floor":2},{"not_picked":["hexamod:PhantomCloak","hexamod:Rewind"],"picked":"hexamod:ThermalTransfer","floor":3},{"not_picked":["hexamod:GhostLash","hexamod:FifthSeal"],"picked":"hexamod:AdvancingGuard","floor":4},{"not_picked":["hexamod:Hexaguard","hexamod:SkipABeat"],"picked":"hexamod:ChargedBarrage","floor":5},{"not_picked":["hexamod:FourthSeal","hexamod:AdvancingGuard"],"picked":"hexamod:HauntingEcho","floor":9},{"not_picked":["hexamod:SkipABeat","hexamod:Hexaguard","hexamod:AdvancingGuard"],"picked":"SKIP","floor":11},{"not_picked":["hexamod:Firestarter","hexamod:NightmareGuise"],"picked":"hexamod:EtherealExpedition","floor":12},{"not_picked":["hexamod:SoulSteal","hexamod:HauntingEcho","hexamod:FastForward"],"picked":"SKIP","floor":13},{"not_picked":["hexamod:Again","hexamod:FourthSeal"],"picked":"hexamod:GhostflameInferno","floor":14},{"not_picked":["hexamod:Firestarter","hexamod:SecondSeal","hexamod:BurningTouch"],"picked":"SKIP","floor":15},{"not_picked":["hexamod:FlameSwitch","hexamod:GhostflameInferno"],"picked":"hexamod:SearingWound","floor":16},{"not_picked":["hexamod:SwordOfDarkness","hexamod:HauntingEcho+1"],"picked":"hexamod:HeatMetal","floor":19},{"not_picked":["hexamod:Firestarter","hexamod:ExtraCrispy"],"picked":"hexamod:Hexaguard","floor":21},{"not_picked":["hexamod:SoulSteal","hexamod:InspiringFlames"],"picked":"hexamod:SwordOfDarkness+1","floor":22},{"not_picked":["hexamod:BacktrackSmack+1","hexamod:GhostLash","hexamod:AdvancingGuard"],"picked":"SKIP","floor":25},{"not_picked":["hexamod:StepThrough","hexamod:NecessarySacrifice","hexamod:GhostflameInferno"],"picked":"SKIP","floor":26},{"not_picked":["hexamod:FourthSeal","hexamod:HeatCrush"],"picked":"hexamod:SoulSteal","floor":27},{"not_picked":["hexamod:FourthSeal","hexamod:RainOfEmbers","hexamod:BurningTouch"],"picked":"SKIP","floor":29},{"not_picked":["hexamod:SpectersWail","hexamod:SwordOfDarkness+1"],"picked":"hexamod:Incineration+1","floor":30},{"not_picked":["hexamod:AdvancingGuard","hexamod:DynamicBlow+1"],"picked":"hexamod:Hexaguard+1","floor":31},{"not_picked":["hexamod:SkipABeat+1","hexamod:GhostLash"],"picked":"hexamod:GhostOfSpireFuture","floor":32}],"player_experience":349621,"relics_obtained":[{"floor":7,"key":"Bronze Scales"},{"floor":17,"key":"Toy Ornithopter"},{"floor":17,"key":"Shuriken"},{"floor":17,"key":"Du-Vu Doll"},{"floor":20,"key":"Enchiridion"},{"floor":24,"key":"Dream Catcher"},{"floor":29,"key":"Art of War"}],"event_choices":[],"is_beta":false,"boss_relics":[{"not_picked":["bronze:MakeshiftBattery","Pandora\u0027s Box"],"picked":"Calling Bell"}],"items_purged_floors":[],"is_endless":false,"potions_floor_spawned":[2,3,4,9,12,15,19,21,26,31,32],"killed_by":"SI_MIRROR_ARCHETYPE","ascension_level":0}}