{"host":"mydft8i2zzydgggw","time":1610839340,"event":{"mods":["AchievementEnabler","BaseMod","BetterRewards","Colored Map","Colored Powertips","DeckTracker","Keyboard Shortcuts","Minty Spire (QoL Compilation)","Rare Cards Sparkle","StSLib","SuperFastMode","everything is the same but u backflip on backflip"],"gold_per_floor":[114,0,16,16,26,26,44,63,88,117,117,117,117,142,142,238,238,249,149,163,38,38,38,69,69,69,69,69],"floor_reached":27,"language":"KOR","playtime":664,"items_purged":["Injury","Hyperbeam+1","Meteor Strike+1"],"score":359,"play_id":"927bd519-c684-48bd-ac9d-b9e5dd796d93","local_time":"20210117082220","is_ascension_mode":true,"campfire_choices":[{"data":"Zap","floor":6,"key":"SMITH"},{"data":"Creative AI","floor":11,"key":"SMITH"},{"data":"Dualcast","floor":13,"key":"SMITH"},{"data":"Coolheaded","floor":15,"key":"SMITH"},{"data":"Machine Learning","floor":23,"key":"SMITH"},{"data":"Consume","floor":25,"key":"SMITH"}],"circlet_count":0,"master_deck":["AscendersBane","Defend_B","Defend_B","Zap+1","Dualcast+1","Creative AI+1","Streamline","Self Repair","Undo","Glacier","Coolheaded+1","Machine Learning+1","Self Repair+1","Writhe","Consume+1"],"relics":["Cracked Core","Centennial Puzzle","Tiny Chest","Anchor","Astrolabe","Happy Flower","Toy Ornithopter","Kunai"],"acts_visited":["Exordium","TheCity"],"potions_floor_usage":[5,10,16,24,24,24],"damage_taken":[{"damage":6,"enemies":"Small Slimes","floor":1,"turns":3},{"damage":0,"enemies":"2 Louse","floor":3,"turns":2},{"damage":18,"enemies":"Jaw Worm","floor":5,"turns":4},{"damage":8,"enemies":"Large Slime","floor":7,"turns":6},{"damage":1,"enemies":"Blue Slaver","floor":8,"turns":5},{"damage":21,"enemies":"Gremlin Nob","floor":10,"turns":4},{"damage":14,"enemies":"Lagavulin","floor":14,"turns":7},{"damage":8,"enemies":"Hexaghost","floor":16,"turns":9},{"damage":15,"enemies":"Shell Parasite","floor":18,"turns":11},{"damage":8,"enemies":"Chosen","floor":20,"turns":9},{"damage":66,"enemies":"Book of Stabbing","floor":24,"turns":9},{"damage":38,"enemies":"Gremlin Leader","floor":27,"turns":5}],"seed_played":"4394915604216722571","potions_obtained":[{"floor":1,"key":"Regen Potion"},{"floor":5,"key":"DuplicationPotion"},{"floor":10,"key":"PowerPotion"},{"floor":16,"key":"SpeedPotion"},{"floor":18,"key":"Energy Potion"},{"floor":20,"key":"ColorlessPotion"}],"is_trial":false,"path_per_floor":["M","$","M","?","M","R","M","M","T","E","R","?","R","E","R","B",null,"M","$","M","$","?","R","E","R","T","E"],"character_chosen":"DEFECT","items_purchased":["Self Repair"],"campfire_rested":0,"item_purchase_floors":[2],"current_hp_per_floor":[62,62,69,62,63,63,62,68,68,54,54,54,54,47,47,46,68,70,70,75,75,75,75,26,26,26,0,0],"gold":69,"neow_bonus":"TRANSFORM_TWO_CARDS","is_daily":false,"chose_seed":false,"campfire_upgraded":6,"win_rate":0.0,"timestamp":1610839340,"path_taken":["M","$","M","?","M","R","M","M","T","E","R","?","R","E","R","BOSS","M","$","M","$","?","R","E","R","T","E"],"items_purchased_type":["Card"],"build_version":"2020-12-22","purchased_purges":3,"victory":false,"max_hp_per_floor":[75,75,75,75,75,75,75,75,75,75,75,75,75,75,75,75,75,75,75,75,75,75,75,75,75,75,75,75],"card_choices":[{"not_picked":["Gash","Steam"],"picked":"Streamline","floor":1},{"not_picked":["Gash","Compile Driver","Barrage"],"picked":"SKIP","floor":3},{"not_picked":["Turbo","Tempest"],"picked":"Undo","floor":5},{"not_picked":["Multi-Cast","Redo"],"picked":"Glacier","floor":7},{"not_picked":["Streamline","Doom and Gloom","Rip and Tear"],"picked":"SKIP","floor":8},{"not_picked":["Streamline","Go for the Eyes","Compile Driver"],"picked":"SKIP","floor":10},{"not_picked":["Seek","Gash"],"picked":"Coolheaded","floor":14},{"not_picked":["Amplify","Multi-Cast"],"picked":"Machine Learning","floor":16},{"not_picked":["Ball Lightning+1","Go for the Eyes","Leap"],"picked":"SKIP","floor":18},{"not_picked":["Compile Driver","Cold Snap","Reinforced Body"],"picked":"SKIP","floor":20},{"not_picked":["Scrape","Undo+1"],"picked":"Consume","floor":24}],"player_experience":175014,"relics_obtained":[{"floor":9,"key":"Centennial Puzzle"},{"floor":10,"key":"Tiny Chest"},{"floor":14,"key":"Anchor"},{"floor":24,"key":"Toy Ornithopter"},{"floor":26,"key":"Kunai"}],"event_choices":[{"cards_removed":["Strike_B"],"damage_healed":0,"gold_gain":0,"player_choice":"Card Removal","damage_taken":7,"max_hp_gain":0,"max_hp_loss":0,"event_name":"Golden Wing","floor":4,"gold_loss":0},{"cards_removed":["Strike_B"],"damage_healed":0,"gold_gain":0,"player_choice":"Forget","damage_taken":0,"max_hp_gain":0,"max_hp_loss":0,"event_name":"Living Wall","floor":12,"gold_loss":0},{"damage_healed":0,"gold_gain":0,"player_choice":"Opened","damage_taken":0,"relics_obtained":["Happy Flower"],"max_hp_gain":0,"max_hp_loss":0,"event_name":"The Mausoleum","floor":22,"gold_loss":0,"cards_obtained":["Writhe"]}],"is_beta":false,"boss_relics":[{"not_picked":["Ectoplasm","Pandora\u0027s Box"],"picked":"Astrolabe"}],"items_purged_floors":[2,19,21],"is_endless":false,"potions_floor_spawned":[1,5,10,16,18,20],"killed_by":"Gremlin Leader","ascension_level":10}}