{"host":"mgc7o2tpy0ck407l","time":1610826219,"event":{"mods":["Alarm Clock","AlwaysNeverKeys","BaseMod","Better Altar","Better Match","Better Note","Better Sensory Stone","Better Skull","Better Third Choice","Better Vampires","Block Reminder","Booster Modes","Challenge The Spire","Colored Map","Colored Powertips","Disable Question Mark Monsters","Displayed Cursed Tome","Emptier Cage","Energized Spire","Evolution","Infinite Spire","Minty Spire (QoL Compilation)","Permanent Neow","Quick Restart","Rare Cards Sparkle","Reorder Act Four","Spicy Shops","StSLib","SuperFastMode","Transform Curses","Unceasing Turn Reminder"],"gold_per_floor":[213,173,190,48,60,89,101,101,101,130,130,59,79,96,96,196,196,206,219,219,144,144,178,193,218,242,275,325,325,335,335,335,440,440,459,479,479,39,39,69,69,98,123,123,140,154,185,185,185,185,185,2,2,37,37],"floor_reached":56,"language":"ENG","playtime":1405,"items_purged":["Bash","Thunderclap","Clumsy"],"score":1638,"play_id":"291ec5e2-6853-47ef-ac0c-c2b9f356bf49","local_time":"20210116144339","is_ascension_mode":true,"campfire_choices":[{"data":"Inflame","floor":8.0,"key":"SMITH"},{"data":"Thunderclap","floor":11.0,"key":"SMITH"},{"data":"Armaments","floor":15,"key":"SMITH"},{"data":"Thunderclap","floor":29,"key":"SMITH"},{"data":"Defend_R","floor":32,"key":"SMITH"}],"circlet_count":0,"master_deck":["Thunderclap+1","Thunderclap+1","Thunderclap","Thunderclap","Shrug It Off+1","Defend_R+1","Defend_R","Defend_R+1","Inflame+1","Armaments+1","infinitespire:OneForAll","Limit Break+1","Twin Strike","Inflame+1","Metallicize+1","Battle Trance","Sword Boomerang"],"relics":["Burning Blood","EVO:Axolotl","betterThird:SlimedRelic","Bottled Tornado","infinitespire:ShieldingShard","Ginger","Coffee Dripper","infinitespire:Joker Card","War Paint","Red Skull","Bag of Marbles","Bloody Idol","Blood Vial","Fusion Hammer","Bird Faced Urn","Oddly Smooth Stone","Pen Nib","Boot","Blood Vial","Happy Flower","infinitespire:WardingShard","Vajra","infinitespire:Magic Flask","Bottled Lightning","Membership Card","Anchor","Nunchaku"],"acts_visited":["Exordium","TheCity","TheBeyond","TheEnding"],"potions_floor_usage":[25,33,54,55,55],"damage_taken":[{"damage":3.0,"enemies":"Jaw Worm","floor":1.0,"turns":4.0},{"damage":3.0,"enemies":"Small Slimes","floor":3.0,"turns":3.0},{"damage":0.0,"enemies":"2 Louse","floor":5.0,"turns":1.0},{"damage":10.0,"enemies":"Gremlin Nob","floor":6.0,"turns":3.0},{"damage":6.0,"enemies":"2 Fungi Beasts","floor":7.0,"turns":2.0},{"damage":33.0,"enemies":"Lagavulin","floor":10.0,"turns":5.0},{"damage":0,"enemies":"Large Slime","floor":13,"turns":3},{"damage":0,"enemies":"Lots of Slimes","floor":14,"turns":2},{"damage":9,"enemies":"Hexaghost","floor":16,"turns":10},{"damage":0,"enemies":"Chosen","floor":18,"turns":3},{"damage":0,"enemies":"2 Thieves","floor":19,"turns":3},{"damage":0,"enemies":"Gremlin Leader","floor":23,"turns":3},{"damage":0,"enemies":"Snake Plant","floor":24,"turns":2},{"damage":0,"enemies":"Book of Stabbing","floor":25,"turns":3},{"damage":14,"enemies":"Slavers","floor":27,"turns":2},{"damage":0,"enemies":"Sentry and Sphere","floor":30,"turns":3},{"damage":12,"enemies":"Champ","floor":33,"turns":4},{"damage":0,"enemies":"3 Shapes","floor":35,"turns":3},{"damage":0,"enemies":"Orb Walker","floor":36,"turns":2},{"damage":0,"enemies":"Reptomancer","floor":40,"turns":3},{"damage":0,"enemies":"Giant Head","floor":42,"turns":4},{"damage":0,"enemies":"4 Shapes","floor":45,"turns":1},{"damage":0,"enemies":"Maw","floor":46,"turns":4},{"damage":0,"enemies":"Reptomancer","floor":47,"turns":2},{"damage":0,"enemies":"Time Eater","floor":50,"turns":4},{"damage":0,"enemies":"Shield and Spear","floor":54,"turns":3},{"damage":56,"enemies":"The Heart","floor":55,"turns":6}],"seed_played":"8513120948700951297","potions_obtained":[{"floor":3.0,"key":"Explosive Potion"},{"floor":5.0,"key":"EssenceOfSteel"},{"floor":6.0,"key":"HeartOfIron"},{"floor":7.0,"key":"Fire Potion"},{"floor":10.0,"key":"Explosive Potion"},{"floor":23,"key":"infinitespire:BlackPotion"},{"floor":42,"key":"GamblersBrew"},{"floor":47,"key":"ElixirPotion"}],"is_trial":false,"path_per_floor":["M","?","M","$","M","E","M","R","T","E","R","$","M","M","R","B",null,"M","M","?","$","?","E","M","E","T","E","?","R","M","?","R","B",null,"M","M","?","$","?","E","R","E","T","R","M","M","E","AVR","R","B",null,"$","R","E","B",null],"character_chosen":"IRONCLAD","items_purchased":["Inflame","Armaments","Bird Faced Urn","Oddly Smooth Stone","Membership Card","Anchor"],"campfire_rested":0,"item_purchase_floors":[4,12,38,38,52,52],"current_hp_per_floor":[80,69,72,72,78,74,74,74,74,47,47,47,53,59,59,56,80,80,80,80,80,80,80,80,80,80,72,72,72,78,17,17,18,80,80,80,80,80,28,47,47,68,73,73,80,80,80,80,80,80,80,80,80,80,32],"gold":37,"neow_bonus":"HUNDRED_GOLD","is_daily":false,"chose_seed":false,"campfire_upgraded":5,"win_rate":0.0,"timestamp":1610826219,"path_taken":["M","?","M","?","M","E","M","R","T","E","R","$","M","M","R","BOSS","M","M","?","$","?","E","M","E","T","E","?","R","?","?","R","BOSS","M","M","?","$","?","E","R","E","T","R","?","M","E","AVR","R","BOSS","$","R","E","BOSS"],"items_purchased_type":["Card","Card","Relic","Relic","Relic","Relic"],"build_version":"2020-12-22","purchased_purges":3,"victory":true,"max_hp_per_floor":[80,80,80,80,80,80,80,80,80,80,80,80,80,80,80,80,80,80,80,80,80,80,80,80,80,80,80,80,80,80,80,80,80,80,80,80,80,80,80,80,80,80,80,80,80,80,80,80,80,80,80,80,80,80,80],"card_choices":[{"not_picked":["Wild Strike","Sentinel","Dual Wield"],"picked":"SKIP","floor":1.0},{"not_picked":["Wild Strike","Body Slam","Dual Wield"],"picked":"SKIP","floor":3.0},{"not_picked":["Sever Soul","Fire Breathing","Feel No Pain"],"picked":"SKIP","floor":5.0},{"not_picked":["Thunderclap","Perfected Strike","Wild Strike"],"picked":"SKIP","floor":6.0},{"not_picked":["Thunderclap","Perfected Strike","Wild Strike"],"picked":"SKIP","floor":6.0},{"not_picked":["Anger","Searing Blow","Pommel Strike"],"picked":"SKIP","floor":7.0},{"not_picked":["Wild Strike","Anger","Power Through"],"picked":"SKIP","floor":10.0},{"not_picked":["True Grit","Fire Breathing"],"picked":"infinitespire:OneForAll","floor":13},{"not_picked":["Pommel Strike","Impervious","Perfected Strike"],"picked":"SKIP","floor":14},{"not_picked":["Double Tap","Immolate"],"picked":"Limit Break","floor":16},{"not_picked":["Searing Blow","Wild Strike"],"picked":"Twin Strike","floor":18},{"not_picked":["Burning Pact","Havoc","Armaments"],"picked":"SKIP","floor":19},{"not_picked":["Thunderclap","Flex+1","Corruption"],"picked":"SKIP","floor":23},{"not_picked":["Clash+1","Iron Wave","Infernal Blade"],"picked":"SKIP","floor":24},{"not_picked":["Perfected Strike","Barricade","Juggernaut"],"picked":"SKIP","floor":25},{"not_picked":["Shrug It Off","Cleave","infinitespire:OneForAll+1"],"picked":"SKIP","floor":27},{"not_picked":["Wild Strike","Body Slam+1","Shockwave+1"],"picked":"SKIP","floor":30},{"not_picked":["Impervious","Barricade"],"picked":"Berserk","floor":33},{"not_picked":["Shrug It Off","Power Through+1","Rage+1"],"picked":"SKIP","floor":35},{"not_picked":["Flame Barrier","Perfected Strike"],"picked":"Metallicize+1","floor":36},{"not_picked":["Exhume","Perfected Strike+1"],"picked":"Battle Trance","floor":40},{"not_picked":["Disarm+1","Feel No Pain+1","Fire Breathing+1"],"picked":"SKIP","floor":42},{"not_picked":["Rage+1","Body Slam"],"picked":"Sword Boomerang","floor":45},{"not_picked":["Bloodletting+1","Headbutt+1","infinitespire:OneForAll"],"picked":"SKIP","floor":46},{"not_picked":["Bloodletting+1","Clash+1","Flex+1"],"picked":"SKIP","floor":47},{"not_picked":["Clash+1","Anger","Shockwave"],"picked":"SKIP","floor":54}],"player_experience":754830,"relics_obtained":[{"floor":6.0,"key":"Bottled Tornado"},{"floor":9.0,"key":"infinitespire:ShieldingShard"},{"floor":10.0,"key":"Ginger"},{"floor":23,"key":"infinitespire:Joker Card"},{"floor":25,"key":"War Paint"},{"floor":26,"key":"Red Skull"},{"floor":27,"key":"Bag of Marbles"},{"floor":40,"key":"Happy Flower"},{"floor":42,"key":"infinitespire:WardingShard"},{"floor":43,"key":"Vajra"},{"floor":47,"key":"infinitespire:Magic Flask"},{"floor":54,"key":"Nunchaku"}],"event_choices":[{"damage_healed":0.0,"max_hp_gain":0.0,"max_hp_loss":0.0,"gold_gain":0.0,"event_name":"betterThird:BetterGoop","player_choice":"Slimed","floor":2.0,"gold_loss":40.0,"damage_taken":11.0},{"damage_healed":0,"gold_gain":0,"player_choice":"Copied","damage_taken":0,"max_hp_gain":0,"max_hp_loss":0,"event_name":"Duplicator","floor":20,"gold_loss":0,"cards_obtained":["Inflame"]},{"damage_healed":0,"gold_gain":0,"player_choice":"Forge","damage_taken":0,"max_hp_gain":0,"max_hp_loss":0,"event_name":"Accursed Blacksmith","floor":22,"gold_loss":0,"cards_upgraded":["Limit Break"]},{"damage_healed":0,"gold_gain":100,"player_choice":"Bet on Murderer","damage_taken":0,"max_hp_gain":0,"max_hp_loss":0,"event_name":"The Joust","floor":28,"gold_loss":50},{"damage_healed":0,"gold_gain":0,"player_choice":" Idol Vial ","damage_taken":61,"relics_obtained":["Bloody Idol","Blood Vial"],"max_hp_gain":78,"max_hp_loss":17,"event_name":"betterAltar:BetterAltar","floor":31,"potions_obtained":[],"relics_lost":[],"gold_loss":0},{"cards_removed":["Berserk"],"damage_healed":0,"gold_gain":0,"player_choice":"Removed Power","damage_taken":0,"max_hp_gain":0,"max_hp_loss":0,"event_name":"Falling","floor":37,"gold_loss":0},{"damage_healed":0,"gold_gain":0,"player_choice":"RE RE RE ","damage_taken":58,"relics_obtained":["Pen Nib","Boot","Blood Vial"],"max_hp_gain":0,"max_hp_loss":0,"event_name":"betterSkull:BetterSkull","floor":39,"gold_loss":0,"cards_upgraded":[]}],"is_beta":false,"boss_relics":[{"not_picked":["Ectoplasm","Black Star"],"picked":"Coffee Dripper"},{"not_picked":["energizedSpire:RedRose","energizedSpire:NeverEndingSparkler"],"picked":"Fusion Hammer"}],"items_purged_floors":[21,48,52],"is_endless":false,"potions_floor_spawned":[3,5,6,7,10,23,24,42,47],"ascension_level":1}}