{"host":"7yxt37kap0q16lk4","time":1610837664,"event":{"mods":["2.2 Compatiblity","Act Like it!","BaseMod","Better Third Choice","Better-Laid Plans","Colored Map","Custom Start","Highlight Path","Keyboard Shortcuts","Minty Spire (QoL Compilation)","Quick Restart","Rare Cards Sparkle","Relic Stats","Shop Mod","Slay the Relics Exporter","StSLib","SuperFastMode"],"gold_per_floor":[112,112,25,100,116,116,116,143,143,143,24,52,71,81,81,154,154,170,70,83,133,133,161,161,86,86,98,98,125,25,25,25,98,98,109,109,79,79,98,98,125,125,179,179,192,206,225,242,242,242,242,242,242,59,93,93],"floor_reached":57,"language":"KOR","playtime":2094,"items_purged":["Strike_G","Strike_G","Strike_G","Defend_G"],"score":3202,"play_id":"25fa5bad-92be-4371-938c-573972484b0e","local_time":"20210117075424","is_ascension_mode":true,"campfire_choices":[{"data":"Wraith Form v2","floor":6.0,"key":"SMITH"},{"data":"Reflex","floor":10,"key":"SMITH"},{"data":"Well Laid Plans","floor":15,"key":"SMITH"},{"data":"Prepared","floor":24,"key":"SMITH"},{"floor":28,"key":"RECALL"},{"data":"Grand Finale","floor":32,"key":"SMITH"},{"data":"Reflex","floor":40,"key":"SMITH"},{"data":"Footwork","floor":42,"key":"SMITH"},{"data":"Backflip","floor":44,"key":"SMITH"},{"data":"Backflip","floor":49,"key":"SMITH"},{"floor":53,"key":"REST"}],"circlet_count":0,"master_deck":["AscendersBane","Defend_G","Defend_G","Defend_G","Survivor","Neutralize","PiercingWail","Wraith Form v2+1","Grand Finale+1","Reflex+1","Well Laid Plans+1","Prepared+1","Backflip+1","Backflip+1","Caltrops+1","Footwork+1","Reflex+1","Caltrops+1","Escape Plan+1","Footwork"],"relics":["Ring of the Serpent","Omamori","TungstenRod","Pear","CaptainsWheel","Pocketwatch","Sozu","Eternal Feather","Bird Faced Urn","The Courier","Bag of Preparation","Vajra","Toy Ornithopter"],"acts_visited":["Exordium","TheCity","TheBeyond","TheEnding"],"potions_floor_usage":[8,56,56],"damage_taken":[{"damage":0.0,"enemies":"Small Slimes","floor":1.0,"turns":5.0},{"damage":18.0,"enemies":"Cultist","floor":5.0,"turns":7.0},{"damage":23,"enemies":"Lagavulin","floor":8,"turns":12},{"damage":0,"enemies":"3 Sentries","floor":12,"turns":4},{"damage":0,"enemies":"2 Louse","floor":13,"turns":5},{"damage":0,"enemies":"Blue Slaver","floor":14,"turns":5},{"damage":0,"enemies":"The Guardian","floor":16,"turns":2},{"damage":6,"enemies":"3 Byrds","floor":18,"turns":4},{"damage":0,"enemies":"2 Thieves","floor":20,"turns":2},{"damage":7,"enemies":"Slavers","floor":23,"turns":3},{"damage":0,"enemies":"3 Cultists","floor":27,"turns":4},{"damage":0,"enemies":"Gremlin Leader","floor":29,"turns":3},{"damage":0,"enemies":"Champ","floor":33,"turns":9},{"damage":0,"enemies":"3 Darklings","floor":35,"turns":2},{"damage":0,"enemies":"Orb Walker","floor":39,"turns":5},{"damage":0,"enemies":"Giant Head","floor":41,"turns":5},{"damage":0,"enemies":"4 Shapes","floor":45,"turns":3},{"damage":0,"enemies":"3 Darklings","floor":46,"turns":2},{"damage":7,"enemies":"Writhing Mass","floor":47,"turns":3},{"damage":10,"enemies":"Spire Growth","floor":48,"turns":3},{"damage":13,"enemies":"Time Eater","floor":50,"turns":8},{"damage":0,"enemies":"Donu and Deca","floor":51,"turns":5},{"damage":7,"enemies":"Shield and Spear","floor":55,"turns":5},{"damage":26,"enemies":"The Heart","floor":56,"turns":7}],"seed_played":"3497724465990237652","potions_obtained":[{"floor":5.0,"key":"DuplicationPotion"},{"floor":13,"key":"Dexterity Potion"},{"floor":16,"key":"AttackPotion"}],"is_trial":false,"path_per_floor":["M","?","$","?","M","R","T","E","T","R","$","E","M","M","R","B",null,"M","$","M","?","?","E","R","?","T","M","R","E","$","?","R","B",null,"M","?","$","?","M","R","E","R","T","R","M","M","M","M","R","B","B",null,"R","$","E","B",null],"character_chosen":"THE_SILENT","items_purchased":["Grand Finale","Well Laid Plans","Footwork","Footwork"],"campfire_rested":1,"item_purchase_floors":[3,11,37,54],"current_hp_per_floor":[59,59,59,49,31,31,31,18,18,18,18,18,18,18,18,18,62,56,56,56,56,56,49,58,58,58,62,71,75,75,75,76,76,76,76,76,76,73,76,76,76,76,76,76,76,76,73,66,76,67,76,76,76,76,71,51],"gold":93,"neow_bonus":"ONE_RARE_RELIC","is_daily":false,"chose_seed":false,"campfire_upgraded":9,"win_rate":0.0,"timestamp":1610837664,"path_taken":["M","?","?","?","M","R","?","E","T","R","$","E","?","M","R","BOSS","M","$","M","?","?","E","R","?","T","M","R","E","$","?","R","BOSS","M","?","$","?","M","R","E","R","T","R","M","M","?","M","R","BOSS","BOSS","R","$","E","BOSS"],"items_purchased_type":["Card","Card","Card","Card"],"build_version":"2020-12-22","purchased_purges":4,"victory":true,"max_hp_per_floor":[66,66,66,66,66,66,66,76,76,76,76,76,76,76,76,76,76,76,76,76,76,76,76,76,76,76,76,76,76,76,76,76,76,76,76,76,76,76,76,76,76,76,76,76,76,76,76,76,76,76,76,76,76,76,76,76],"relic_stats":{"Sozu":6,"counters":[24,113],"Bird Faced Urn":[34],"Eternal Feather":29,"Bag of Preparation":[16],"obtain_stats":[{"Pear":8,"Vajra":43,"Eternal Feather":23,"The Courier":29,"Omamori":0,"Bag of Preparation":41,"Sozu":17,"CaptainsWheel":9,"Bird Faced Urn":26,"Ectoplasm":17,"TungstenRod":0,"Ring of the Serpent":34,"Toy Ornithopter":55,"Ring of the Snake":0,"Pocketwatch":12},{"Pear":3,"Vajra":16,"Eternal Feather":10,"The Courier":12,"Omamori":0,"Bag of Preparation":16,"Sozu":7,"CaptainsWheel":3,"Bird Faced Urn":10,"Ectoplasm":7,"TungstenRod":0,"Ring of the Serpent":13,"Toy Ornithopter":23,"Ring of the Snake":0,"Pocketwatch":4},{"Pear":24,"Vajra":77,"Eternal Feather":49,"The Courier":56,"Omamori":0,"Bag of Preparation":77,"Sozu":40,"CaptainsWheel":24,"Bird Faced Urn":49,"Ectoplasm":40,"TungstenRod":0,"Ring of the Serpent":65,"Toy Ornithopter":106,"Ring of the Snake":0,"Pocketwatch":28}],"TungstenRod":62,"Toy Ornithopter":5,"Pocketwatch":[41]},"card_choices":[{"not_picked":["Acrobatics","Dodge and Roll"],"picked":"PiercingWail","floor":1.0},{"not_picked":["Quick Slash","Deflect"],"picked":"Reflex","floor":5.0},{"not_picked":["After Image","Flying Knee","Cloak And Dagger"],"picked":"SKIP","floor":8},{"not_picked":["Blur","Masterful Stab","Crippling Poison"],"picked":"SKIP","floor":12},{"not_picked":["Dash","PiercingWail"],"picked":"Prepared","floor":13},{"not_picked":["Sucker Punch","Expertise","Bane"],"picked":"SKIP","floor":14},{"not_picked":["Sucker Punch","Expertise","Bane"],"picked":"SKIP","floor":14},{"not_picked":["Well Laid Plans","Deflect","Prepared"],"picked":"SKIP","floor":18},{"not_picked":["Concentrate","Deflect+1"],"picked":"Backflip","floor":20},{"not_picked":["Poisoned Stab","Die Die Die","Terror"],"picked":"SKIP","floor":23},{"not_picked":["Poisoned Stab","Die Die Die","Terror"],"picked":"SKIP","floor":23},{"not_picked":["Deadly Poison","Dodge and Roll","Caltrops+1"],"picked":"SKIP","floor":27},{"not_picked":["Sucker Punch","Blade Dance"],"picked":"Backflip","floor":29},{"not_picked":["Quick Slash","Setup","Caltrops+1"],"picked":"SKIP","floor":35},{"not_picked":["Quick Slash","Setup","Caltrops+1"],"picked":"SKIP","floor":35},{"not_picked":["Quick Slash","Setup"],"picked":"Caltrops+1","floor":35},{"not_picked":["Slice+1","Noxious Fumes"],"picked":"Reflex","floor":39},{"not_picked":["Setup","Flechettes","Distraction"],"picked":"SKIP","floor":41},{"not_picked":["Dagger Throw","Prepared+1"],"picked":"Caltrops+1","floor":45},{"not_picked":["Dodge and Roll","Slice"],"picked":"Escape Plan+1","floor":46},{"not_picked":["Infinite Blades","Escape Plan","Poisoned Stab+1"],"picked":"SKIP","floor":47},{"not_picked":["Dagger Throw","Deadly Poison","Backflip"],"picked":"SKIP","floor":48},{"not_picked":["Dagger Spray","Blade Dance","Leg Sweep"],"picked":"SKIP","floor":55}],"player_experience":1046038,"relics_obtained":[{"floor":8,"key":"Pear"},{"floor":9,"key":"CaptainsWheel"},{"floor":12,"key":"Pocketwatch"},{"floor":23,"key":"Eternal Feather"},{"floor":26,"key":"Bird Faced Urn"},{"floor":29,"key":"The Courier"},{"floor":41,"key":"Bag of Preparation"},{"floor":43,"key":"Vajra"},{"floor":55,"key":"Toy Ornithopter"}],"event_choices":[{"damage_healed":0.0,"max_hp_gain":0.0,"max_hp_loss":0.0,"gold_gain":0.0,"cards_transformed":["Strike_G"],"event_name":"Transmorgrifier","player_choice":"Transformed","floor":2.0,"gold_loss":0.0,"damage_taken":0.0,"cards_obtained":["Wraith Form v2"]},{"damage_healed":0.0,"max_hp_gain":0.0,"max_hp_loss":0.0,"gold_gain":75.0,"event_name":"betterThird:BetterGoop","player_choice":"Gold","floor":4.0,"gold_loss":0.0,"damage_taken":11.0},{"damage_healed":0,"gold_gain":50,"player_choice":"Steal","damage_taken":0,"max_hp_gain":0,"max_hp_loss":0,"event_name":"betterThird:BetterNest","floor":21,"gold_loss":0},{"damage_healed":0,"gold_gain":0,"player_choice":"Ignored","damage_taken":0,"max_hp_gain":0,"max_hp_loss":0,"event_name":"The Mausoleum","floor":22,"gold_loss":0},{"cards_removed":["Strike_G"],"damage_healed":0,"gold_gain":0,"player_choice":"Gave Gold","damage_taken":0,"max_hp_gain":0,"max_hp_loss":0,"event_name":"Beggar","floor":25,"gold_loss":75},{"damage_healed":0,"gold_gain":0,"player_choice":"Ignored","damage_taken":0,"max_hp_gain":0,"max_hp_loss":0,"event_name":"Cursed Tome","floor":31,"gold_loss":0},{"cards_removed":["Defend_G"],"damage_healed":0,"gold_gain":0,"player_choice":"Removed Skill","damage_taken":0,"max_hp_gain":0,"max_hp_loss":0,"event_name":"Falling","floor":36,"gold_loss":0},{"damage_healed":0,"gold_gain":0,"player_choice":"Bought 0 Potions","damage_taken":0,"max_hp_gain":0,"max_hp_loss":0,"event_name":"The Woman in Blue","floor":38,"gold_loss":0}],"is_beta":false,"boss_relics":[{"not_picked":["Cursed Key","SacredBark"],"picked":"Ectoplasm"},{"not_picked":["WristBlade","Coffee Dripper"],"picked":"Ring of the Serpent"}],"items_purged_floors":[11,19,30,54],"is_endless":false,"potions_floor_spawned":[5,13,16,18,23,39,45,47,55],"ascension_level":20}}