{"host":"mydft8i2zzydgggw","time":1610830096,"event":{"mods":["AchievementEnabler","BaseMod","BetterRewards","Colored Map","Colored Powertips","DeckTracker","Keyboard Shortcuts","Minty Spire (QoL Compilation)","Rare Cards Sparkle","StSLib","SuperFastMode","everything is the same but u backflip on backflip"],"gold_per_floor":[13,13,13,13,24,53,53,66,66,94,94,119,137,77,77,180,180,191,191,205,221,26,53,69,69,95,95,112,131,150,163,163,163,163],"floor_reached":33,"language":"KOR","playtime":939,"items_purged":["Strike_B","Strike_B"],"score":405,"play_id":"1ba49fd0-b0c3-4900-b20e-8b4dcfa421e9","local_time":"20210117054816","is_ascension_mode":true,"campfire_choices":[{"data":"FTL","floor":7,"key":"SMITH"},{"data":"Coolheaded","floor":11,"key":"SMITH"},{"floor":15,"key":"REST"},{"data":"Dualcast","floor":25,"key":"SMITH"},{"data":"Biased Cognition","floor":27,"key":"SMITH"},{"floor":32,"key":"REST"}],"circlet_count":0,"master_deck":["Strike_B","Strike_B","Defend_B","Defend_B","Defend_B","Defend_B","Zap+1","Dualcast+1","Sweeping Beam","FTL+1","Biased Cognition+1","Coolheaded+1","Chill","Creative AI","Coolheaded"],"relics":["Cracked Core","FossilizedHelix","Symbiotic Virus","The Courier","White Beast Statue","Kunai","Pocketwatch","Busted Crown","Happy Flower","Centennial Puzzle","Orichalcum"],"acts_visited":["Exordium","TheCity"],"potions_floor_usage":[16,21,23,23,28,30,31,33,33],"damage_taken":[{"damage":0,"enemies":"Cultist","floor":1,"turns":3},{"damage":0,"enemies":"2 Louse","floor":5,"turns":2},{"damage":17,"enemies":"Gremlin Nob","floor":6,"turns":4},{"damage":0,"enemies":"Jaw Worm","floor":8,"turns":3},{"damage":20,"enemies":"3 Sentries","floor":10,"turns":6},{"damage":2,"enemies":"Lagavulin","floor":12,"turns":6},{"damage":0,"enemies":"Red Slaver","floor":13,"turns":3},{"damage":33,"enemies":"Hexaghost","floor":16,"turns":12},{"damage":9,"enemies":"Shell Parasite","floor":18,"turns":3},{"damage":0,"enemies":"Spheric Guardian","floor":20,"turns":3},{"damage":9,"enemies":"Cultist and Chosen","floor":21,"turns":5},{"damage":10,"enemies":"Slavers","floor":23,"turns":6},{"damage":0,"enemies":"Snecko","floor":24,"turns":4},{"damage":8,"enemies":"Snake Plant","floor":28,"turns":3},{"damage":0,"enemies":"Centurion and Healer","floor":29,"turns":4},{"damage":1,"enemies":"Chosen and Byrds","floor":30,"turns":4},{"damage":15,"enemies":"Sentry and Sphere","floor":31,"turns":6},{"damage":58,"enemies":"Collector","floor":33,"turns":11}],"seed_played":"-4696723400239661342","potions_obtained":[{"floor":1,"key":"FairyPotion"},{"floor":6,"key":"SmokeBomb"},{"floor":10,"key":"SpeedPotion"},{"floor":16,"key":"FearPotion"},{"floor":18,"key":"PowerPotion"},{"floor":19,"key":"Energy Potion"},{"floor":21,"key":"FearPotion"},{"floor":23,"key":"Strength Potion"},{"floor":24,"key":"Fire Potion"},{"floor":28,"key":"GamblersBrew"},{"floor":29,"key":"AttackPotion"},{"floor":30,"key":"Dexterity Potion"},{"floor":31,"key":"Energy Potion"}],"is_trial":false,"path_per_floor":["M","$","?","?","M","E","R","M","T","E","R","E","M","$","R","B",null,"M","?","M","M","$","E","M","R","T","R","M","M","M","M","R","B"],"character_chosen":"DEFECT","items_purchased":["Happy Flower"],"campfire_rested":2,"item_purchase_floors":[22],"current_hp_per_floor":[68,68,61,61,61,44,44,44,44,24,24,22,22,22,44,11,59,50,50,50,41,41,31,31,31,31,31,23,23,22,7,29,0,0],"gold":163,"neow_bonus":"ONE_RARE_RELIC","is_daily":false,"chose_seed":false,"campfire_upgraded":4,"win_rate":0.0,"timestamp":1610830096,"path_taken":["M","?","?","?","M","E","R","?","T","E","R","E","M","$","R","BOSS","M","?","M","M","$","E","M","R","T","R","M","M","M","M","R","BOSS"],"items_purchased_type":["Relic"],"build_version":"2020-12-22","purchased_purges":2,"victory":false,"max_hp_per_floor":[75,75,75,75,75,75,75,75,75,75,75,75,75,75,75,75,75,75,75,75,75,75,75,75,75,75,75,75,75,75,75,75,75,75],"card_choices":[{"not_picked":["Static Discharge","Auto Shields","Stack"],"picked":"SKIP","floor":1},{"not_picked":["Chaos","Stack"],"picked":"Sweeping Beam","floor":5},{"not_picked":["Self Repair","Barrage"],"picked":"FTL","floor":6},{"not_picked":["Reprogram","Conserve Battery"],"picked":"Biased Cognition","floor":8},{"not_picked":["Go for the Eyes","Conserve Battery"],"picked":"Coolheaded","floor":10},{"not_picked":["Amplify","Auto Shields"],"picked":"Chill","floor":12},{"not_picked":["Hologram","Leap","Cold Snap"],"picked":"SKIP","floor":13},{"not_picked":["Fission","Biased Cognition"],"picked":"Creative AI","floor":16},{"not_picked":["Barrage"],"picked":"SKIP","floor":18},{"not_picked":["Conserve Battery"],"picked":"SKIP","floor":20},{"not_picked":["Steam+1"],"picked":"SKIP","floor":21},{"not_picked":["Steam"],"picked":"SKIP","floor":23},{"not_picked":["Hologram"],"picked":"SKIP","floor":24},{"not_picked":["Conserve Battery"],"picked":"SKIP","floor":28},{"not_picked":["Ball Lightning+1"],"picked":"SKIP","floor":29},{"not_picked":["Beam Cell"],"picked":"SKIP","floor":30},{"not_picked":[],"picked":"Coolheaded","floor":31}],"player_experience":166155,"relics_obtained":[{"floor":6,"key":"The Courier"},{"floor":9,"key":"White Beast Statue"},{"floor":10,"key":"Kunai"},{"floor":12,"key":"Pocketwatch"},{"floor":23,"key":"Centennial Puzzle"},{"floor":26,"key":"Orichalcum"}],"event_choices":[{"damage_healed":0,"gold_gain":0,"player_choice":"Success","damage_taken":7,"relics_obtained":["Symbiotic Virus"],"max_hp_gain":0,"max_hp_loss":0,"event_name":"Scrap Ooze","floor":3,"gold_loss":0},{"damage_healed":0,"gold_gain":0,"player_choice":"Upgraded","damage_taken":0,"max_hp_gain":0,"max_hp_loss":0,"event_name":"Upgrade Shrine","floor":4,"gold_loss":0,"cards_upgraded":["Zap"]},{"damage_healed":0,"gold_gain":0,"player_choice":"Got Potions","damage_taken":0,"max_hp_gain":0,"max_hp_loss":0,"event_name":"Lab","floor":19,"gold_loss":0}],"is_beta":false,"boss_relics":[{"not_picked":["Runic Dome","Runic Pyramid"],"picked":"Busted Crown"}],"items_purged_floors":[14,22],"is_endless":false,"potions_floor_spawned":[1,6,10,12,13,16,18,20,21,23,24,28,29,30,31],"killed_by":"Collector","ascension_level":8}}