{"host":"iml8x8es9od4zowg","time":1610801432,"event":{"mods":["2.2 Compatiblity","BaseMod","Marisa£¨Ùöéë¡¡Øª×âÞÞ£©","Minty Spire (QoL Compilation)","StSLib","Td1madao Mod","The Bug Knight","The Jungle","¡¼?Úª?ø«¡½REMEMod"],"gold_per_floor":[119,294,294,294,305,305,338,356,356,391,404,14,31,48,48,150,150,162,162,162,181,200,200,227,25,48,48,67,102,102,122,122,222,222,240,252,302,302,12,39,39,39,39,39,68,78,92,17,17,17,17,17,7,42,42,42],"floor_reached":55,"language":"KOR","playtime":3765,"items_purged":["Doubt","Strike_MRS","Strike_MRS","Defend_MRS"],"score":940,"play_id":"ee222876-ad99-41b4-9399-4d3e27b0a38f","local_time":"20210116215032","is_ascension_mode":true,"campfire_choices":[{"data":"Dramatic Entrance","floor":6,"key":"SMITH"},{"floor":15,"key":"REST"},{"floor":23,"key":"REST"},{"floor":30,"key":"REST"},{"floor":32,"key":"REST"},{"data":"Apotheosis","floor":41,"key":"SMITH"},{"floor":44,"key":"RECALL"},{"floor":49,"key":"REST"},{"floor":52,"key":"DIG"}],"circlet_count":0,"master_deck":["Strike_MRS","Strike_MRS","Defend_MRS","Defend_MRS","Defend_MRS","MasterSpark","UpSweep","6A","Dramatic Entrance+1","GrandCross","WitchLeyline","ShootingEcho","StarlightTyphoon","ManaConvection","StarBarrage","ShootingEcho","SuperNova+1","PowerUp","Orbital","DoubleSpark+1","FairyDestructionRay","JA","PulseMagic","6A+1","AsteroidBelt+1","Madness","Madness","Apotheosis+1","Singularity","Finesse","DragonMeteor","WitchLeyline+1","UnstableBomb","Parasite","Parasite","GasGiant+1"],"relics":["BewitchedHakkero","REME_ComplimentaryCards","NeowsBlessing","Question Card","Darkstone Periapt","Sundial","Membership Card","Matryoshka","Nunchaku","Regal Pillow","AmplifyWand","Shovel","Oddly Smooth Stone","Medical Kit","Anchor","Orichalcum","Lantern","theJungle:WildStrawberry","The Courier","Black Star","SproutingBranch","HandmadeGrimoire","Mummified Hand","Turnip","REME_PuzzleBoxRelic","Toy Ornithopter","HollowMod:PaleOreRelic","Pantograph","ShroomBag","Bottled Tornado"],"acts_visited":["Exordium","Exordium","TheBeyond","TheEnding"],"potions_floor_usage":[10,24,28,35,47,50,50,55],"damage_taken":[{"damage":0,"enemies":"Jaw Worm","floor":1,"turns":1},{"damage":0,"enemies":"2 Louse","floor":5,"turns":1},{"damage":0,"enemies":"Lagavulin","floor":7,"turns":1},{"damage":3,"enemies":"Cultist","floor":8,"turns":3},{"damage":11,"enemies":"Gremlin Nob","floor":10,"turns":3},{"damage":5,"enemies":"Red Slaver","floor":11,"turns":2},{"damage":0,"enemies":"3 Louse","floor":13,"turns":2},{"damage":9,"enemies":"Exordium Thugs","floor":14,"turns":3},{"damage":26,"enemies":"Slime Boss","floor":16,"turns":8},{"damage":2,"enemies":"theJungle:MUSHROOMGANG","floor":18,"turns":3},{"damage":5,"enemies":"theJungle:5_Spyders","floor":21,"turns":5},{"damage":29,"enemies":"Snake Plant","floor":22,"turns":5},{"damage":0,"enemies":"theJungle:MamaSnecko","floor":24,"turns":3},{"damage":0,"enemies":"theJungle:Lyon","floor":28,"turns":2},{"damage":37,"enemies":"theJungle:Cassacara","floor":29,"turns":6},{"damage":15,"enemies":"theJungle:SlimyTreeVines","floor":31,"turns":4},{"damage":14,"enemies":"theJungle:QueenSpyder","floor":33,"turns":9},{"damage":15,"enemies":"3 Shapes","floor":35,"turns":3},{"damage":1,"enemies":"Orb Walker","floor":36,"turns":3},{"damage":0,"enemies":"Mind Bloom Boss Battle","floor":37,"turns":7},{"damage":13,"enemies":"Giant Head","floor":40,"turns":7},{"damage":32,"enemies":"Reptomancer","floor":45,"turns":6},{"damage":0,"enemies":"4 Shapes","floor":46,"turns":3},{"damage":40,"enemies":"Writhing Mass","floor":47,"turns":8},{"damage":72,"enemies":"Time Eater","floor":50,"turns":10},{"damage":42,"enemies":"Shield and Spear","floor":54,"turns":6},{"damage":103,"enemies":"The Heart","floor":55,"turns":6}],"seed_played":"2145509430680754431","potions_obtained":[{"floor":5,"key":"ShroomBrew"},{"floor":10,"key":"LiquidBronze"},{"floor":11,"key":"BlessingOfTheForge"},{"floor":13,"key":"SpeedPotion"},{"floor":18,"key":"Explosive Potion"},{"floor":21,"key":"Fire Potion"},{"floor":28,"key":"Fire Potion"},{"floor":35,"key":"AttackPotion"},{"floor":40,"key":"LiquidMemories"},{"floor":45,"key":"PowerPotion"},{"floor":47,"key":"SmokeBomb"},{"floor":54,"key":"Weak Potion"}],"is_trial":false,"path_per_floor":["M","?","?","?","M","R","E","M","T","E","M","$","M","M","R","B",null,"M","T","?","M","M","R","E","$","T","?","M","E","R","M","R","B",null,"M","M","?","?","$","E","R","?","T","R","E","M","M","$","R","B",null,"R","$","E","B"],"character_chosen":"MARISA","items_purchased":["Membership Card","Matryoshka","Nunchaku","Medical Kit","Anchor","Apotheosis","HandmadeGrimoire","Singularity","Finesse","UnstableBomb"],"campfire_rested":5,"item_purchase_floors":[12,12,12,25,25,39,39,39,39,53],"current_hp_per_floor":[75,75,72,72,72,72,72,69,69,58,53,53,53,44,66,40,75,73,73,51,46,17,54,54,54,54,47,47,10,49,39,78,64,82,67,66,66,56,56,58,58,58,58,58,41,50,30,30,69,22,82,82,82,62,0,0],"gold":42,"neow_bonus":"THREE_ENEMY_KILL","is_daily":false,"chose_seed":false,"campfire_upgraded":2,"win_rate":0.0,"timestamp":1610801432,"path_taken":["M","?","?","?","?","R","E","M","T","E","M","$","M","M","R","BOSS","M","?","?","M","?","R","E","$","T","?","M","E","R","M","R","BOSS","M","M","?","?","?","E","R","?","T","R","E","M","?","$","R","BOSS","R","$","E","BOSS"],"items_purchased_type":["Relic","Relic","Relic","Relic","Relic","Card","Relic","Card","Card","Card"],"build_version":"2020-12-22","purchased_purges":4,"victory":false,"max_hp_per_floor":[75,75,75,75,75,75,75,75,75,75,75,75,75,75,75,75,75,75,75,75,75,75,75,75,75,75,82,82,82,82,82,82,82,82,82,82,82,82,82,82,82,82,82,82,82,82,82,82,82,82,82,82,82,94,94,94],"card_choices":[{"not_picked":["DarkMatter","OrrerysSun"],"picked":"6A","floor":1},{"not_picked":["DeepEcoloBomb","OneTimeOff","Singularity"],"picked":"GrandCross","floor":5},{"not_picked":["DoubleSpark","StarDustReverie","GrandCross"],"picked":"WitchLeyline","floor":7},{"not_picked":["GravityBeat","OrrerysSun","6A"],"picked":"ShootingEcho","floor":8},{"not_picked":["DC","GalacticHalo","GasGiant"],"picked":"StarlightTyphoon","floor":10},{"not_picked":["6A","Acceleration","StarDustReverie"],"picked":"ManaConvection","floor":11},{"not_picked":["ChargingUp","GalacticHalo","EventHorizon"],"picked":"StarBarrage","floor":13},{"not_picked":["ManaConvection","BlazeAway","AsteroidBelt"],"picked":"ShootingEcho","floor":14},{"not_picked":["BinaryStars","EscapeVelocity","BigCrunch"],"picked":"SuperNova","floor":16},{"not_picked":["ChargeUpSpray","OneTimeOff","DragonMeteor"],"picked":"PowerUp","floor":18},{"not_picked":["UnstableBomb","SprinkleStarSeal","ChargingUp"],"picked":"Orbital","floor":21},{"not_picked":["SporeBomb+1","AsteroidBelt","DragonMeteor"],"picked":"DoubleSpark+1","floor":22},{"not_picked":["AlicesGift","DoubleSpark","SporeBomb"],"picked":"FairyDestructionRay","floor":24},{"not_picked":["SporeBomb","FairyDestructionRay","AsteroidBelt","PowerUp"],"picked":"SKIP","floor":28},{"not_picked":["OortCloud","IllusionStar","ShootingEcho+1"],"picked":"JA","floor":29},{"not_picked":["FairyDestructionRay","LuminesStrike","WitchOfGreed"],"picked":"PulseMagic","floor":31},{"not_picked":["WitchOfGreed+1","SporeBomb+1","ChargingUp"],"picked":"6A+1","floor":35},{"not_picked":["MilkyWay","6A","PowerUp+1"],"picked":"AsteroidBelt+1","floor":36},{"not_picked":["AsteroidBelt+1","NonDirectionalLaser+1","MeteoricShower+1"],"picked":"DragonMeteor","floor":40},{"not_picked":["MilkyWay","ManaConvection","BinaryStars","AbsoluteMagnitude"],"picked":"SKIP","floor":45},{"not_picked":["ShootingEcho","Orbital+1","WitchOfGreed+1"],"picked":"WitchLeyline+1","floor":46},{"not_picked":["UnstableBomb","6A","Occultation","BigCrunch"],"picked":"SKIP","floor":47},{"not_picked":["AsteroidBelt+1","OortCloud","FairyDestructionRay"],"picked":"GasGiant+1","floor":54}],"player_experience":575322,"relics_obtained":[{"floor":7,"key":"Darkstone Periapt"},{"floor":10,"key":"Sundial"},{"floor":19,"key":"Regal Pillow"},{"floor":19,"key":"AmplifyWand"},{"floor":24,"key":"Oddly Smooth Stone"},{"floor":26,"key":"Orichalcum"},{"floor":26,"key":"Lantern"},{"floor":29,"key":"The Courier"},{"floor":37,"key":"SproutingBranch"},{"floor":40,"key":"Mummified Hand"},{"floor":40,"key":"Turnip"},{"floor":43,"key":"REME_PuzzleBoxRelic"},{"floor":45,"key":"Toy Ornithopter"},{"floor":45,"key":"HollowMod:PaleOreRelic"},{"floor":52,"key":"Pantograph"},{"floor":54,"key":"ShroomBag"},{"floor":54,"key":"Bottled Tornado"}],"event_choices":[{"damage_healed":0,"gold_gain":175,"player_choice":"AGREE","damage_taken":0,"max_hp_gain":0,"max_hp_loss":0,"event_name":"Liars Game","floor":2,"gold_loss":0,"cards_obtained":["Doubt"]},{"damage_healed":0,"gold_gain":0,"player_choice":"Success","damage_taken":3,"relics_obtained":["Question Card"],"max_hp_gain":0,"max_hp_loss":0,"event_name":"Scrap Ooze","floor":3,"gold_loss":0},{"damage_healed":0,"gold_gain":0,"cards_transformed":["Mayhem"],"player_choice":"Transformed","damage_taken":0,"max_hp_gain":0,"max_hp_loss":0,"event_name":"Transmorgrifier","floor":4,"gold_loss":0,"cards_obtained":["Dramatic Entrance"]},{"damage_healed":0,"gold_gain":0,"player_choice":"Fight","damage_taken":0,"max_hp_gain":0,"max_hp_loss":0,"event_name":"MindBloom","floor":37,"gold_loss":0},{"damage_healed":0,"gold_gain":0,"player_choice":"Embrace Madness","damage_taken":10,"max_hp_gain":0,"max_hp_loss":0,"event_name":"Winding Halls","floor":38,"gold_loss":0,"cards_obtained":["Madness","Madness"]},{"damage_healed":0,"gold_gain":0,"player_choice":"Forge","damage_taken":0,"max_hp_gain":0,"max_hp_loss":0,"event_name":"Accursed Blacksmith","floor":42,"gold_loss":0,"cards_upgraded":["SuperNova"]}],"is_beta":false,"boss_relics":[{"not_picked":["REME_DemonsWealth","Runic Dome"],"picked":"BewitchedHakkero"},{"not_picked":["Runic Pyramid","Coffee Dripper"],"picked":"Black Star"}],"items_purged_floors":[12,25,39,48],"is_endless":false,"potions_floor_spawned":[5,10,11,13,18,21,28,35,40,45,47,54],"killed_by":"The Heart","ascension_level":1}}