{"host":"hzinic87vu8p95wn","time":1610811078,"event":{"mods":["BaseMod","Minty Spire (QoL Compilation)"],"gold_per_floor":[117,128,128,128,147,147,180,196,196,121,155,165,165,177,177,177,177],"floor_reached":16,"language":"ENG","playtime":474,"items_purged":["Strike_P"],"score":213,"play_id":"9a6696e0-b095-4f7b-91eb-5a2c11f071da","local_time":"20210117023118","is_ascension_mode":true,"campfire_choices":[{"floor":6.0,"key":"REST"},{"floor":13,"key":"REST"},{"data":"Eruption","floor":15,"key":"SMITH"}],"circlet_count":0,"master_deck":["AscendersBane","Strike_P","Strike_P","Strike_P","Defend_P+1","Defend_P","Defend_P","Defend_P+1","Eruption+1","Vigilance","Consecrate","CarveReality","LikeWater","JustLucky","FlurryOfBlows"],"relics":["PureWater","NeowsBlessing","Pear","Gremlin Horn","Eternal Feather"],"acts_visited":["Exordium"],"potions_floor_usage":[7],"damage_taken":[{"damage":0.0,"enemies":"2 Louse","floor":1.0,"turns":1.0},{"damage":0.0,"enemies":"Jaw Worm","floor":2.0,"turns":1.0},{"damage":0.0,"enemies":"Cultist","floor":5.0,"turns":1.0},{"damage":3,"enemies":"Gremlin Nob","floor":7,"turns":3},{"damage":16,"enemies":"Exordium Wildlife","floor":8,"turns":6},{"damage":28,"enemies":"3 Sentries","floor":11,"turns":7},{"damage":3,"enemies":"Blue Slaver","floor":12,"turns":3},{"damage":9,"enemies":"Looter","floor":14,"turns":3},{"damage":22,"enemies":"Hexaghost","floor":16,"turns":7}],"seed_played":"-3999946676971577491","potions_obtained":[{"floor":2.0,"key":"Ancient Potion"},{"floor":4.0,"key":"FearPotion"},{"floor":4.0,"key":"Ambrosia"},{"floor":14,"key":"Energy Potion"}],"is_trial":false,"path_per_floor":["M","M","?","?","M","R","E","M","T","$","E","M","R","M","R","B"],"character_chosen":"WATCHER","items_purchased":[],"campfire_rested":2,"item_purchase_floors":[],"current_hp_per_floor":[61,61,41,41,41,61,68,52,52,52,24,21,50,41,50,28,28],"gold":177,"neow_bonus":"THREE_ENEMY_KILL","is_daily":false,"chose_seed":false,"campfire_upgraded":1,"win_rate":0.0,"timestamp":1610811078,"path_taken":["M","M","?","?","?","R","E","M","T","$","E","M","R","M","R","BOSS"],"items_purchased_type":[],"build_version":"2020-12-22","purchased_purges":1,"victory":false,"max_hp_per_floor":[68,68,68,68,68,68,78,78,78,78,78,78,78,78,78,78,78],"card_choices":[{"not_picked":["Halt","ClearTheMind"],"picked":"Consecrate","floor":1.0},{"not_picked":["SashWhip","ForeignInfluence","CrushJoints"],"picked":"SKIP","floor":2.0},{"not_picked":["WreathOfFlame","FlyingSleeves"],"picked":"CarveReality","floor":5.0},{"not_picked":["SashWhip","Protect","BowlingBash"],"picked":"SKIP","floor":7},{"not_picked":["InnerPeace","Consecrate","WindmillStrike"],"picked":"SKIP","floor":8},{"not_picked":["Evaluate","ClearTheMind"],"picked":"LikeWater","floor":11},{"not_picked":["Blasphemy","BowlingBash"],"picked":"JustLucky","floor":12},{"not_picked":["PathToVictory","Protect"],"picked":"FlurryOfBlows","floor":14}],"player_experience":1575749,"relics_obtained":[{"floor":7,"key":"Pear"},{"floor":9,"key":"Gremlin Horn"},{"floor":11,"key":"Eternal Feather"}],"event_choices":[{"damage_healed":0.0,"max_hp_gain":0.0,"max_hp_loss":0.0,"gold_gain":0.0,"event_name":"Shining Light","player_choice":"Entered Light","floor":3.0,"gold_loss":0.0,"damage_taken":20.0,"cards_upgraded":["Defend_P","Defend_P"]},{"damage_healed":0.0,"max_hp_gain":0.0,"max_hp_loss":0.0,"gold_gain":0.0,"event_name":"Lab","player_choice":"Got Potions","floor":4.0,"gold_loss":0.0,"damage_taken":0.0}],"is_beta":false,"boss_relics":[],"items_purged_floors":[10],"is_endless":false,"potions_floor_spawned":[2,5,14],"killed_by":"Hexaghost","ascension_level":18}}