{"host":"51f0ad793vly1w6u","time":1610771633,"event":{"mods":["BaseMod","Colored Map","DeckTracker","Minty Spire (QoL Compilation)","StSLib","SuperFastMode"],"gold_per_floor":[12,12,32,32,43,81,81,100,127,168,168,197,224,266,266,347,410,438,173,199,218,143,193,193,218,266,294,294,320,320,335,335,419,419,433,448,4,4,59,92,110,122,145,145,173,173,48,86,86,86,86,86,86,40,81,81],"floor_reached":57,"language":"KOR","playtime":1885,"items_purged":["Anger","Anger","Parasite"],"score":2797,"play_id":"7efb3610-389b-4f02-b576-e9e2f84939b8","local_time":"20210116133353","is_ascension_mode":true,"campfire_choices":[{"data":"Bludgeon","floor":7.0,"key":"SMITH"},{"data":"Inflame","floor":15.0,"key":"SMITH"},{"data":"Demon Form","floor":24.0,"key":"SMITH"},{"data":"Body Slam","floor":32,"key":"SMITH"},{"data":"Apotheosis","floor":44,"key":"SMITH"},{"data":"Barricade","floor":46,"key":"SMITH"},{"data":"Feel No Pain","floor":49,"key":"SMITH"},{"data":"Offering","floor":53,"key":"SMITH"}],"circlet_count":0,"master_deck":["AscendersBane","Bash","True Grit+1","Bludgeon+1","Ghostly Armor","Shrug It Off","Inflame+1","Reaper","Wild Strike","Barricade+1","Feed","Demon Form+1","Disarm","Feed","Intimidate","Dark Embrace+1","Power Through","Shrug It Off","Sentinel+1","Body Slam+1","Evolve","Shockwave","Offering+1","Apotheosis+1","Impervious","Feel No Pain+1","Body Slam","Seeing Red+1"],"relics":["Burning Blood","CeramicFish","Toy Ornithopter","Bag of Marbles","Mango","Vajra","Pandora\u0027s Box","Medical Kit","Centennial Puzzle","SlaversCollar","Oddly Smooth Stone","Turnip","White Beast Statue","PreservedInsect","Pear","Dead Branch"],"acts_visited":["Exordium","TheCity","TheBeyond","TheEnding"],"potions_floor_usage":[31,33,41,45,55,56],"damage_taken":[{"damage":3.0,"enemies":"2 Louse","floor":1.0,"turns":3.0},{"damage":1.0,"enemies":"Cultist","floor":3.0,"turns":3.0},{"damage":7.0,"enemies":"Jaw Worm","floor":5.0,"turns":2.0},{"damage":32.0,"enemies":"Gremlin Nob","floor":6.0,"turns":4.0},{"damage":0.0,"enemies":"Lots of Slimes","floor":8.0,"turns":1.0},{"damage":20.0,"enemies":"Lagavulin","floor":10.0,"turns":5.0},{"damage":13.0,"enemies":"3 Louse","floor":12.0,"turns":3.0},{"damage":4.0,"enemies":"2 Fungi Beasts","floor":13.0,"turns":3.0},{"damage":11.0,"enemies":"Gremlin Nob","floor":14.0,"turns":3.0},{"damage":31.0,"enemies":"Hexaghost","floor":16.0,"turns":7.0},{"damage":8.0,"enemies":"2 Thieves","floor":18.0,"turns":3.0},{"damage":10.0,"enemies":"Shell Parasite","floor":20.0,"turns":5.0},{"damage":33.0,"enemies":"Sentry and Sphere","floor":21.0,"turns":5.0},{"damage":18.0,"enemies":"3 Cultists","floor":25.0,"turns":5.0},{"damage":14.0,"enemies":"Snecko","floor":27.0,"turns":4.0},{"damage":16,"enemies":"Centurion and Healer","floor":29,"turns":19},{"damage":18,"enemies":"Chosen and Byrds","floor":31,"turns":5},{"damage":38,"enemies":"Champ","floor":33,"turns":13},{"damage":15,"enemies":"3 Darklings","floor":35,"turns":2},{"damage":9,"enemies":"Orb Walker","floor":36,"turns":3},{"damage":39,"enemies":"2 Orb Walkers","floor":39,"turns":7},{"damage":15,"enemies":"Nemesis","floor":40,"turns":7},{"damage":6,"enemies":"Maw","floor":41,"turns":7},{"damage":33,"enemies":"3 Darklings","floor":42,"turns":10},{"damage":44,"enemies":"Writhing Mass","floor":45,"turns":19},{"damage":10,"enemies":"Reptomancer","floor":48,"turns":3},{"damage":26,"enemies":"Donu and Deca","floor":50,"turns":6},{"damage":66,"enemies":"Awakened One","floor":51,"turns":9},{"damage":106,"enemies":"Shield and Spear","floor":55,"turns":14},{"damage":22,"enemies":"The Heart","floor":56,"turns":8}],"seed_played":"-4886181080188456235","potions_obtained":[{"floor":5.0,"key":"Swift Potion"},{"floor":6.0,"key":"Fire Potion"},{"floor":13.0,"key":"Fire Potion"},{"floor":20.0,"key":"Weak Potion"},{"floor":29,"key":"ColorlessPotion"},{"floor":31,"key":"BlessingOfTheForge"},{"floor":33,"key":"SpeedPotion"},{"floor":39,"key":"LiquidMemories"},{"floor":41,"key":"BlessingOfTheForge"},{"floor":45,"key":"SpeedPotion"},{"floor":55,"key":"BloodPotion"}],"is_trial":false,"path_per_floor":["M","?","M","?","M","E","R","M","T","E","T","M","M","E","R","B",null,"M","$","M","M","?","?","R","M","T","M","?","M","?","M","R","B",null,"M","M","$","?","?","E","M","M","T","R","M","R","$","E","R","B","B",null,"R","$","E","B",null],"character_chosen":"IRONCLAD","items_purchased":["Medical Kit","Power Through","Apotheosis","Oddly Smooth Stone","Body Slam"],"campfire_rested":0,"item_purchase_floors":[19,19,37,37,54],"current_hp_per_floor":[71,71,75,75,74,48,48,54,54,40,54,47,49,44,44,19,72,83,83,94,67,67,67,67,61,61,61,61,86,86,87,87,83,104,95,95,95,95,83,78,119,99,99,99,123,123,123,129,129,113,115,138,138,138,108,112],"gold":81,"neow_bonus":"TRANSFORM_TWO_CARDS","is_daily":false,"chose_seed":false,"campfire_upgraded":8,"win_rate":0.0,"timestamp":1610771633,"path_taken":["M","?","M","?","M","E","R","?","T","E","?","M","?","E","R","BOSS","M","$","M","M","?","?","R","M","T","M","?","M","?","M","R","BOSS","M","M","$","?","?","E","M","M","T","R","?","R","?","E","R","BOSS","BOSS","R","$","E","BOSS"],"items_purchased_type":["Relic","Card","Card","Relic","Card"],"build_version":"2020-12-22","purchased_purges":3,"victory":true,"max_hp_per_floor":[75,75,75,75,75,75,75,75,75,75,89,89,89,89,89,89,89,92,92,95,95,95,95,95,101,101,104,104,104,104,107,107,111,111,111,114,114,114,122,126,126,126,126,126,126,126,123,133,133,137,145,145,145,145,145,145],"card_choices":[{"not_picked":["Anger","Spot Weakness"],"picked":"Whirlwind","floor":1.0},{"not_picked":["Twin Strike","Rupture"],"picked":"True Grit","floor":3.0},{"not_picked":["Cleave","Rampage","Rupture"],"picked":"SKIP","floor":5.0},{"not_picked":["Body Slam","Pommel Strike"],"picked":"Bludgeon","floor":6.0},{"not_picked":["Cleave","Sentinel","True Grit"],"picked":"SKIP","floor":8.0},{"not_picked":["Iron Wave","Entrench"],"picked":"Ghostly Armor","floor":10.0},{"not_picked":["Thunderclap","Cleave"],"picked":"Shrug It Off","floor":12.0},{"not_picked":["Iron Wave","Cleave"],"picked":"Spot Weakness","floor":13.0},{"not_picked":["Ghostly Armor","Cleave"],"picked":"Inflame","floor":14.0},{"not_picked":["Bludgeon","Double Tap"],"picked":"Reaper","floor":16.0},{"not_picked":["Inflame","Cleave"],"picked":"Dark Embrace+1","floor":18.0},{"not_picked":["Reckless Charge","Combust"],"picked":"Shrug It Off","floor":20.0},{"not_picked":["Clash","Cleave"],"picked":"Sentinel+1","floor":21.0},{"not_picked":["Wild Strike","Shrug It Off"],"picked":"Body Slam","floor":25.0},{"not_picked":["Flex+1","Iron Wave"],"picked":"Evolve","floor":27.0},{"not_picked":["Pummel+1","Twin Strike"],"picked":"Shockwave","floor":29},{"not_picked":["Burning Pact","Iron Wave","Searing Blow"],"picked":"SKIP","floor":31},{"not_picked":["Reaper","Feed"],"picked":"Offering","floor":33},{"not_picked":["Clash","Iron Wave","Rampage"],"picked":"SKIP","floor":35},{"not_picked":["Armaments","Iron Wave+1","Disarm"],"picked":"SKIP","floor":36},{"not_picked":["Clash","Shockwave","Reckless Charge"],"picked":"SKIP","floor":40},{"not_picked":["Cleave","Searing Blow+1","Headbutt"],"picked":"SKIP","floor":41},{"not_picked":["Twin Strike","Cleave","Wild Strike"],"picked":"SKIP","floor":42},{"not_picked":["Anger","Pummel+1"],"picked":"Impervious","floor":45},{"not_picked":["Intimidate","Flex","Inflame"],"picked":"SKIP","floor":48},{"not_picked":["Intimidate","Flex","Inflame"],"picked":"SKIP","floor":48},{"not_picked":["Shrug It Off","Reckless Charge"],"picked":"Seeing Red+1","floor":55}],"player_experience":1392780,"relics_obtained":[{"floor":6.0,"key":"CeramicFish"},{"floor":9.0,"key":"Toy Ornithopter"},{"floor":10.0,"key":"Bag of Marbles"},{"floor":11.0,"key":"Mango"},{"floor":14.0,"key":"Vajra"},{"floor":26.0,"key":"Centennial Puzzle"},{"floor":39,"key":"Turnip"},{"floor":40,"key":"White Beast Statue"},{"floor":43,"key":"PreservedInsect"},{"floor":48,"key":"Pear"},{"floor":55,"key":"Dead Branch"}],"event_choices":[{"damage_healed":0.0,"max_hp_gain":0.0,"max_hp_loss":0.0,"gold_gain":0.0,"event_name":"Living Wall","player_choice":"Grow","floor":2.0,"gold_loss":0.0,"damage_taken":0.0,"cards_upgraded":["Whirlwind"]},{"damage_healed":0.0,"max_hp_gain":0.0,"max_hp_loss":0.0,"gold_gain":0.0,"event_name":"Upgrade Shrine","player_choice":"Upgraded","floor":4.0,"gold_loss":0.0,"damage_taken":0.0,"cards_upgraded":["True Grit"]},{"cards_removed":["Spot Weakness"],"damage_healed":0.0,"max_hp_gain":0.0,"max_hp_loss":0.0,"gold_gain":0.0,"event_name":"Beggar","player_choice":"Gave Gold","floor":22.0,"gold_loss":75.0,"damage_taken":0.0},{"damage_healed":0.0,"max_hp_gain":0.0,"max_hp_loss":0.0,"gold_gain":50.0,"event_name":"Nest","player_choice":"Stole From Cult","floor":23.0,"gold_loss":0.0,"damage_taken":0.0},{"damage_healed":0.0,"max_hp_gain":0.0,"max_hp_loss":0.0,"gold_gain":0.0,"event_name":"The Mausoleum","player_choice":"Ignored","floor":28.0,"gold_loss":0.0,"damage_taken":0.0},{"damage_healed":0,"gold_gain":0,"player_choice":"Ignored","damage_taken":0,"max_hp_gain":0,"max_hp_loss":0,"event_name":"Ghosts","floor":30,"gold_loss":0},{"cards_removed":["Whirlwind"],"damage_healed":0,"gold_gain":0,"player_choice":"Removed Attack","damage_taken":0,"max_hp_gain":0,"max_hp_loss":0,"event_name":"Falling","floor":38,"gold_loss":0},{"damage_healed":0,"gold_gain":0,"player_choice":"Fight","damage_taken":0,"max_hp_gain":0,"max_hp_loss":0,"event_name":"Mysterious Sphere","floor":39,"gold_loss":0}],"is_beta":false,"boss_relics":[{"not_picked":["Empty Cage","Philosopher\u0027s Stone"],"picked":"Pandora\u0027s Box"},{"not_picked":["Runic Pyramid","SacredBark"],"picked":"SlaversCollar"}],"items_purged_floors":[19,37,47],"is_endless":false,"potions_floor_spawned":[5,6,13,20,29,31,33,39,40,41,42,45,48,55],"ascension_level":20}}