{"host":"3qkmyeoym75lj4wn","time":1610829555,"event":{"mods":["2.2 Compatiblity","BaseMod","Block Reminder","Colored Powertips","Highlight Path","Minty Spire (QoL Compilation)","Permanent Neow","Potion Indicator Mod","Rare Cards Sparkle","Relic Stats","StSLib","Unceasing Turn Reminder"],"gold_per_floor":[111,111,129,129,86,86,8,42,69,98,98,111,124,89,89,163,163,176,176,187,7,7,7,42,42,96,196,221,248,21,41,41,113,113,126,138,138,86,36,36,70,70,152,162,5,30,60,71,71,71,71,71],"floor_reached":51,"language":"ENG","playtime":2068,"items_purged":["Strike_R"],"score":1519,"play_id":"0ef422ff-cdf0-474d-bb26-b614ccb746a9","local_time":"20210116203915","is_ascension_mode":true,"campfire_choices":[{"data":"Bash","floor":6.0,"key":"SMITH"},{"data":"Disarm","floor":11.0,"key":"SMITH"},{"data":"Hemokinesis","floor":15.0,"key":"SMITH"},{"data":"Heavy Blade","floor":23.0,"key":"SMITH"},{"floor":25.0,"key":"REST"},{"floor":32,"key":"REST"},{"data":"Good Instincts","floor":40,"key":"SMITH"},{"floor":42,"key":"RECALL"},{"floor":49,"key":"REST"}],"circlet_count":0,"master_deck":["AscendersBane","Defend_R","Defend_R","Defend_R","Defend_R","Bash+1","Inflame","Spot Weakness","Disarm+1","Thunderclap","Shrug It Off","Headbutt","Hemokinesis+1","Pommel Strike+1","Thunderclap+1","Twin Strike","Good Instincts+1","Heavy Blade+1","Offering","Demon Form+1","Shrug It Off"],"relics":["Burning Blood","NeowsBlessing","Singing Bowl","Paper Frog","Centennial Puzzle","Pocketwatch","Astrolabe","Mercury Hourglass","MealTicket","CaptainsWheel","White Beast Statue","Nunchaku","Bag of Marbles","Sozu","Letter Opener","HornCleat","OrangePellets","Thread and Needle","StrikeDummy"],"acts_visited":["Exordium","TheCity","TheBeyond"],"potions_floor_usage":[29,33,33,34],"damage_taken":[{"damage":0.0,"enemies":"Cultist","floor":1.0,"turns":1.0},{"damage":0.0,"enemies":"2 Louse","floor":3.0,"turns":2.0},{"damage":0.0,"enemies":"3 Sentries","floor":8.0,"turns":2.0},{"damage":11.0,"enemies":"Gremlin Nob","floor":10.0,"turns":3.0},{"damage":0.0,"enemies":"Small Slimes","floor":12.0,"turns":4.0},{"damage":17.0,"enemies":"3 Louse","floor":13.0,"turns":4.0},{"damage":19.0,"enemies":"Hexaghost","floor":16.0,"turns":9.0},{"damage":3.0,"enemies":"3 Byrds","floor":18.0,"turns":4.0},{"damage":26.0,"enemies":"Spheric Guardian","floor":20.0,"turns":5.0},{"damage":35.0,"enemies":"Gremlin Leader","floor":24.0,"turns":8.0},{"damage":22.0,"enemies":"Colosseum Slavers","floor":27.0,"turns":4.0},{"damage":30.0,"enemies":"Colosseum Nobs","floor":27.0,"turns":4.0},{"damage":5,"enemies":"Slavers","floor":29,"turns":4},{"damage":6,"enemies":"Chosen and Byrds","floor":31,"turns":4},{"damage":47,"enemies":"Automaton","floor":33,"turns":8},{"damage":0,"enemies":"3 Shapes","floor":35,"turns":7},{"damage":6,"enemies":"Orb Walker","floor":36,"turns":1},{"damage":23,"enemies":"Nemesis","floor":41,"turns":3},{"damage":14,"enemies":"Sphere and 2 Shapes","floor":44,"turns":5},{"damage":6,"enemies":"Mind Bloom Boss Battle","floor":46,"turns":5},{"damage":31,"enemies":"Giant Head","floor":47,"turns":5},{"damage":21,"enemies":"Transient","floor":48,"turns":6},{"damage":76,"enemies":"Donu and Deca","floor":50,"turns":7},{"damage":20,"enemies":"Awakened One","floor":51,"turns":3}],"seed_played":"8960135460199784220","potions_obtained":[{"floor":3.0,"key":"Strength Potion"},{"floor":16.0,"key":"SneckoOil"},{"floor":18.0,"key":"HeartOfIron"},{"floor":27.0,"key":"DistilledChaos"},{"floor":29,"key":"EssenceOfSteel"},{"floor":33,"key":"EntropicBrew"}],"is_trial":false,"path_per_floor":["M","?","M","?","$","R","$","E","T","E","R","M","M","?","R","B",null,"M","?","M","$","?","R","E","R","T","?","T","E","$","M","R","B",null,"M","M","?","$","?","R","E","R","T","M","$","?","E","M","R","B","B"],"character_chosen":"IRONCLAD","items_purchased":["Spot Weakness","Disarm","Good Instincts","Bag of Marbles","SteroidPotion","Shrug It Off","OrangePellets"],"campfire_rested":3,"item_purchase_floors":[5,7,21,30,30,38,45],"current_hp_per_floor":[74,48,56,56,56,56,56,62,62,57,57,63,52,71,71,60,74,79,79,59,59,59,59,32,56,56,18,18,19,34,36,62,21,71,79,81,81,91,91,91,76,76,76,70,85,87,64,51,81,11,0,0],"gold":71,"neow_bonus":"THREE_ENEMY_KILL","is_daily":false,"chose_seed":false,"campfire_upgraded":5,"win_rate":0.0,"timestamp":1610829555,"path_taken":["M","?","M","?","$","R","$","E","T","E","R","?","M","?","R","BOSS","M","?","M","$","?","R","E","R","T","?","?","E","$","?","R","BOSS","M","M","?","$","?","R","E","R","T","?","?","?","E","M","R","BOSS","BOSS"],"items_purchased_type":["Card","Card","Card","Relic","Potion","Card","Relic"],"build_version":"2020-12-22","purchased_purges":1,"victory":false,"max_hp_per_floor":[75,75,77,77,77,77,77,77,77,77,77,77,77,77,77,79,79,81,81,81,81,81,81,83,83,83,85,85,85,85,87,87,87,87,89,91,91,91,91,91,93,93,93,95,95,97,99,101,101,101,101,101],"relic_stats":{"Singing Bowl":26,"counters":[24,106],"Astrolabe":["Warcry","Pommel Strike","Thunderclap"],"Letter Opener":[43],"Burning Blood":138,"Mercury Hourglass":[268],"Sozu":9,"OrangePellets":[0],"Centennial Puzzle":[57],"Nunchaku":[7],"MealTicket":40,"obtain_stats":[{"NeowsBlessing":0,"Singing Bowl":2,"Astrolabe":17,"Thread and Needle":46,"Letter Opener":41,"Burning Blood":0,"White Beast Statue":27,"Mercury Hourglass":24,"Sozu":34,"OrangePellets":45,"Centennial Puzzle":9,"CaptainsWheel":27,"Nunchaku":29,"HornCleat":43,"MealTicket":26,"Bag of Marbles":30,"StrikeDummy":47,"Paper Frog":8,"Pocketwatch":10},{"NeowsBlessing":0,"Singing Bowl":1,"Astrolabe":7,"Thread and Needle":20,"Letter Opener":18,"Burning Blood":0,"White Beast Statue":12,"Mercury Hourglass":10,"Sozu":15,"OrangePellets":19,"Centennial Puzzle":3,"CaptainsWheel":12,"Nunchaku":13,"HornCleat":18,"MealTicket":10,"Bag of Marbles":13,"StrikeDummy":21,"Paper Frog":3,"Pocketwatch":4},{"NeowsBlessing":0,"Singing Bowl":1,"Astrolabe":25,"Thread and Needle":85,"Letter Opener":76,"Burning Blood":0,"White Beast Statue":50,"Mercury Hourglass":42,"Sozu":66,"OrangePellets":81,"Centennial Puzzle":5,"CaptainsWheel":50,"Nunchaku":54,"HornCleat":76,"MealTicket":42,"Bag of Marbles":54,"StrikeDummy":90,"Paper Frog":5,"Pocketwatch":8}],"Pocketwatch":[142]},"card_choices":[{"not_picked":["Perfected Strike","Dual Wield"],"picked":"Inflame","floor":1.0},{"not_picked":["Infernal Blade","Anger","Bloodletting"],"picked":"Singing Bowl","floor":3.0},{"not_picked":["Double Tap","Battle Trance"],"picked":"Thunderclap","floor":8.0},{"not_picked":["Rupture","Iron Wave"],"picked":"Shrug It Off","floor":10.0},{"not_picked":["Clothesline","True Grit"],"picked":"Headbutt","floor":12.0},{"not_picked":["Shrug It Off","Cleave"],"picked":"Hemokinesis","floor":13.0},{"not_picked":["Exhume","Barricade","Bludgeon"],"picked":"Singing Bowl","floor":16.0},{"not_picked":["Blood for Blood","Sentinel","Warcry"],"picked":"Singing Bowl","floor":18.0},{"not_picked":["Reckless Charge","Rage"],"picked":"Twin Strike","floor":20.0},{"not_picked":["Warcry","Anger","Thunderclap"],"picked":"Singing Bowl","floor":24.0},{"not_picked":["Flex","Headbutt","Pommel Strike"],"picked":"Singing Bowl","floor":27.0},{"not_picked":["True Grit","Armaments"],"picked":"Offering","floor":29},{"not_picked":["Infernal Blade+1","Thunderclap","Havoc"],"picked":"Singing Bowl","floor":31},{"not_picked":["Impervious","Fiend Fire"],"picked":"Demon Form","floor":33},{"not_picked":["Armaments+1","Twin Strike","Inflame"],"picked":"Singing Bowl","floor":35},{"not_picked":["Flex","Sword Boomerang","Dual Wield+1"],"picked":"Singing Bowl","floor":36},{"not_picked":["Wild Strike","Body Slam","Fiend Fire"],"picked":"Singing Bowl","floor":41},{"not_picked":["Flex","Cleave","Havoc+1"],"picked":"Singing Bowl","floor":44},{"not_picked":["True Grit","Feel No Pain","Sever Soul"],"picked":"Singing Bowl","floor":46},{"not_picked":["Armaments+1","Fiend Fire","Iron Wave"],"picked":"Singing Bowl","floor":47},{"not_picked":["Warcry","True Grit","Combust"],"picked":"Singing Bowl","floor":48}],"player_experience":1684921,"relics_obtained":[{"floor":8.0,"key":"Paper Frog"},{"floor":9.0,"key":"Centennial Puzzle"},{"floor":10.0,"key":"Pocketwatch"},{"floor":24.0,"key":"Mercury Hourglass"},{"floor":26.0,"key":"MealTicket"},{"floor":27.0,"key":"CaptainsWheel"},{"floor":27.0,"key":"White Beast Statue"},{"floor":29,"key":"Nunchaku"},{"floor":41,"key":"Letter Opener"},{"floor":43,"key":"HornCleat"},{"floor":46,"key":"Thread and Needle"},{"floor":47,"key":"StrikeDummy"}],"event_choices":[{"damage_healed":0.0,"max_hp_gain":0.0,"max_hp_loss":0.0,"gold_gain":0.0,"event_name":"Scrap Ooze","player_choice":"Success","floor":2.0,"gold_loss":0.0,"damage_taken":26.0,"relics_obtained":["Singing Bowl"]},{"cards_removed":["Strike_R"],"damage_healed":0.0,"max_hp_gain":0.0,"max_hp_loss":0.0,"gold_gain":0.0,"event_name":"Purifier","player_choice":"Purged","floor":4.0,"gold_loss":0.0,"damage_taken":0.0},{"damage_healed":19.0,"max_hp_gain":0.0,"max_hp_loss":0.0,"gold_gain":0.0,"event_name":"The Cleric","player_choice":"Healed","floor":14.0,"gold_loss":35.0,"damage_taken":0.0},{"damage_healed":0.0,"max_hp_gain":0.0,"max_hp_loss":0.0,"gold_gain":0.0,"event_name":"The Mausoleum","player_choice":"Ignored","floor":19.0,"gold_loss":0.0,"damage_taken":0.0},{"damage_healed":0.0,"max_hp_gain":0.0,"max_hp_loss":0.0,"gold_gain":0.0,"event_name":"The Library","player_choice":"Read","floor":22.0,"gold_loss":0.0,"damage_taken":0.0,"cards_obtained":["Heavy Blade"]},{"damage_healed":0.0,"max_hp_gain":0.0,"max_hp_loss":0.0,"gold_gain":0.0,"event_name":"Colosseum","player_choice":"Fight","floor":27.0,"gold_loss":0.0,"damage_taken":0.0},{"damage_healed":0.0,"max_hp_gain":0.0,"max_hp_loss":0.0,"gold_gain":0.0,"event_name":"Colosseum","player_choice":"Fought Nobs","floor":27.0,"gold_loss":0.0,"damage_taken":0.0},{"cards_removed":["Warcry"],"damage_healed":0,"gold_gain":0,"player_choice":"Removed Skill","damage_taken":0,"max_hp_gain":0,"max_hp_loss":0,"event_name":"Falling","floor":37,"gold_loss":0},{"damage_healed":0,"gold_gain":0,"player_choice":"Upgrade","damage_taken":0,"max_hp_gain":0,"max_hp_loss":0,"event_name":"Designer","floor":39,"gold_loss":50,"cards_upgraded":["Demon Form"]},{"damage_healed":0,"gold_gain":0,"player_choice":"Fight","damage_taken":0,"max_hp_gain":0,"max_hp_loss":0,"event_name":"MindBloom","floor":46,"gold_loss":0}],"is_beta":false,"boss_relics":[{"not_picked":["SacredBark","Busted Crown"],"picked":"Astrolabe"},{"not_picked":["Runic Pyramid","Velvet Choker"],"picked":"Sozu"}],"items_purged_floors":[21],"is_endless":false,"potions_floor_spawned":[3,16,18,27,27,29,31,33,35,36,41,44,46,47,48],"killed_by":"Awakened One","ascension_level":20}}