{"host":"tknto047uabgu3zm","time":1610821264,"event":{"mods":["AchievementEnabler","BaseMod","Bestiary","Block Reminder","Colored Map","Colored Powertips","Highlight Path","Minty Spire (QoL Compilation)","MonsterHotkey","Permanent Neow","Random Character Button","Rare Cards Sparkle","Relic Sorter","Relic Stats","StSLib"],"gold_per_floor":[113,113,113,127,127,127,127,145,145,175,190,190,21,98,98,98,98],"floor_reached":16,"language":"ENG","playtime":528,"items_purged":[],"score":181,"play_id":"b5f84817-f93f-42f2-8fd0-71e3e8798609","local_time":"20210116102104","is_ascension_mode":true,"campfire_choices":[{"data":"Neutralize","floor":6,"key":"SMITH"},{"floor":12,"key":"REST"},{"data":"Poisoned Stab","floor":15,"key":"SMITH"}],"circlet_count":0,"master_deck":["AscendersBane","Strike_G","Strike_G","Strike_G","Strike_G","Strike_G","Defend_G","Defend_G","Defend_G","Defend_G","Survivor","Neutralize+1","Heel Hook","Deadly Poison","Parasite","Reflex","Masterful Stab","Poisoned Stab+1"],"relics":["Ring of the Snake","The Specimen","Akabeko","Blue Candle","Bag of Marbles","PreservedInsect","Bottled Flame"],"acts_visited":["Exordium"],"potions_floor_usage":[10,10,16],"damage_taken":[{"damage":0,"enemies":"2 Louse","floor":1,"turns":4},{"damage":1,"enemies":"Cultist","floor":4,"turns":3},{"damage":0,"enemies":"Jaw Worm","floor":8,"turns":4},{"damage":19,"enemies":"Lagavulin","floor":10,"turns":8},{"damage":7,"enemies":"Large Slime","floor":11,"turns":5},{"damage":57,"enemies":"Slime Boss","floor":16,"turns":14}],"seed_played":"-7371432754315313129","potions_obtained":[{"floor":1,"key":"SpeedPotion"},{"floor":8,"key":"BlessingOfTheForge"},{"floor":10,"key":"Energy Potion"}],"is_trial":false,"path_per_floor":["M","?","?","M","?","R","?","M","T","E","M","R","$","T","R","B"],"character_chosen":"THE_SILENT","items_purchased":["PreservedInsect"],"campfire_rested":1,"item_purchase_floors":[13],"current_hp_per_floor":[44,39,39,38,43,43,60,60,60,41,34,55,55,55,55,0,0],"gold":98,"neow_bonus":"ONE_RARE_RELIC","is_daily":false,"chose_seed":false,"campfire_upgraded":2,"win_rate":0.0,"timestamp":1610821264,"path_taken":["M","?","?","?","?","R","?","M","T","E","M","R","$","?","R","BOSS"],"items_purchased_type":["Relic"],"build_version":"2020-12-22","purchased_purges":0,"victory":false,"max_hp_per_floor":[66,66,66,66,71,71,71,71,71,71,71,71,71,71,71,71,71],"relic_stats":{"counters":[6,38],"Blue Candle":[2],"PreservedInsect":0,"obtain_stats":[{"Bottled Flame":14,"The Specimen":0,"Blue Candle":9,"PreservedInsect":13,"Bag of Marbles":10,"Akabeko":2,"Ring of the Snake":0},{"Bottled Flame":5,"The Specimen":0,"Blue Candle":3,"PreservedInsect":5,"Bag of Marbles":4,"Akabeko":1,"Ring of the Snake":0},{"Bottled Flame":24,"The Specimen":0,"Blue Candle":11,"PreservedInsect":24,"Bag of Marbles":19,"Akabeko":4,"Ring of the Snake":0}],"Ring of the Snake":[12]},"card_choices":[{"not_picked":["Flechettes","Underhanded Strike"],"picked":"Heel Hook","floor":1},{"not_picked":["Slice","Choke"],"picked":"Deadly Poison","floor":4},{"not_picked":["Outmaneuver","Deflect"],"picked":"Reflex","floor":8},{"not_picked":["Prepared","Choke"],"picked":"Masterful Stab","floor":10},{"not_picked":["Flying Knee","Heel Hook"],"picked":"Poisoned Stab","floor":11}],"player_experience":495530,"relics_obtained":[{"floor":9,"key":"Blue Candle"},{"floor":10,"key":"Bag of Marbles"},{"floor":14,"key":"Bottled Flame"}],"event_choices":[{"damage_healed":0,"gold_gain":0,"player_choice":"Success","damage_taken":5,"relics_obtained":["Akabeko"],"max_hp_gain":0,"max_hp_loss":0,"event_name":"Scrap Ooze","floor":2,"gold_loss":0},{"cards_removed":["Defend_G"],"damage_healed":0,"gold_gain":0,"player_choice":"Card Removal","damage_taken":0,"max_hp_gain":0,"max_hp_loss":0,"event_name":"Wheel of Change","floor":3,"gold_loss":0},{"damage_healed":0,"gold_gain":0,"player_choice":"Donut","damage_taken":0,"max_hp_gain":5,"max_hp_loss":0,"event_name":"Big Fish","floor":5,"gold_loss":0},{"damage_healed":17,"gold_gain":0,"player_choice":"Healed and dodged fight","damage_taken":0,"max_hp_gain":0,"max_hp_loss":0,"event_name":"Mushrooms","floor":7,"gold_loss":0,"cards_obtained":["Parasite"]}],"is_beta":false,"boss_relics":[],"items_purged_floors":[],"is_endless":false,"potions_floor_spawned":[1,8,10],"killed_by":"Slime Boss","ascension_level":17}}