{"host":"kh6fvhxn285ncg0o","time":1610768884,"event":{"mods":["Act Like it!","BaseMod","Colored Map","Friendly Minions","Keyboard Shortcuts","Minty Spire (QoL Compilation)","Quick Restart","Relic Stats","StSLib","SuperFastMode"],"gold_per_floor":[109,124,124,137,137,137,166,166,166,192,204,279,299,64,64,143,143,157,157,16,27,27,55,55,87,158,183,197,217,217,235,235,312,312,329,161,161,84,102,130,130,155,155,155,155,189,203,217,217,217,217,217,217,49,83,83],"floor_reached":57,"language":"KOR","playtime":1864,"items_purged":["Strike_R","Strike_R"],"score":3216,"play_id":"8feb0f20-c7c9-4c76-9e6d-8825b67be205","local_time":"20210116124804","is_ascension_mode":true,"campfire_choices":[{"data":"Feed","floor":6.0,"key":"SMITH"},{"data":"Dark Embrace","floor":15.0,"key":"SMITH"},{"data":"Fiend Fire","floor":24.0,"key":"SMITH"},{"data":"Feel No Pain","floor":30.0,"key":"SMITH"},{"data":"Shockwave","floor":32.0,"key":"SMITH"},{"data":"Deep Breath","floor":41.0,"key":"SMITH"},{"data":"Power Through","floor":45.0,"key":"SMITH"},{"floor":49.0,"key":"RECALL"},{"data":"Seeing Red","floor":53,"key":"SMITH"}],"circlet_count":0,"master_deck":["AscendersBane","Defend_R+1","Defend_R","Bash","Feed+1","Seeing Red+1","Rage+1","Shockwave+1","Dark Embrace+1","Fiend Fire+1","Body Slam+1","Dark Embrace+1","Feel No Pain+1","Dropkick","Seeing Red","Feed+1","Feed+1","Deep Breath+1","Reckless Charge","Power Through+1","Purity","Dark Shackles"],"relics":["Burning Blood","StoneCalendar","Ornamental Fan","Mercury Hourglass","War Paint","Medical Kit","Philosopher\u0027s Stone","CaptainsWheel","Vajra","Singing Bowl","Bottled Tornado","Astrolabe","Meat on the Bone","Oddly Smooth Stone","Bag of Preparation","Unceasing Top"],"acts_visited":["Exordium","TheCity","TheBeyond","TheEnding"],"potions_floor_usage":[56],"damage_taken":[{"damage":2.0,"enemies":"2 Louse","floor":1.0,"turns":3.0},{"damage":11.0,"enemies":"Small Slimes","floor":2.0,"turns":4.0},{"damage":6.0,"enemies":"Cultist","floor":4.0,"turns":3.0},{"damage":30.0,"enemies":"Lagavulin","floor":7.0,"turns":7.0},{"damage":30.0,"enemies":"3 Sentries","floor":10.0,"turns":7.0},{"damage":0.0,"enemies":"2 Fungi Beasts","floor":11.0,"turns":3.0},{"damage":2.0,"enemies":"Exordium Wildlife","floor":13.0,"turns":3.0},{"damage":23.0,"enemies":"Slime Boss","floor":16.0,"turns":9.0},{"damage":24.0,"enemies":"3 Byrds","floor":18.0,"turns":5.0},{"damage":0.0,"enemies":"Chosen","floor":21.0,"turns":3.0},{"damage":0.0,"enemies":"Gremlin Leader","floor":23.0,"turns":5.0},{"damage":9.0,"enemies":"Book of Stabbing","floor":25.0,"turns":3.0},{"damage":37.0,"enemies":"Slavers","floor":27.0,"turns":3.0},{"damage":0.0,"enemies":"Snecko","floor":28.0,"turns":5.0},{"damage":1.0,"enemies":"Cultist and Chosen","floor":29.0,"turns":4.0},{"damage":12.0,"enemies":"Snake Plant","floor":31.0,"turns":4.0},{"damage":18.0,"enemies":"Collector","floor":33.0,"turns":4.0},{"damage":9.0,"enemies":"Orb Walker","floor":35.0,"turns":2.0},{"damage":12.0,"enemies":"3 Darklings","floor":39.0,"turns":3.0},{"damage":0.0,"enemies":"Giant Head","floor":40.0,"turns":3.0},{"damage":8.0,"enemies":"Reptomancer","floor":42.0,"turns":3.0},{"damage":0.0,"enemies":"Giant Head","floor":46.0,"turns":3.0},{"damage":0.0,"enemies":"Spire Growth","floor":47.0,"turns":3.0},{"damage":0.0,"enemies":"Jaw Worm Horde","floor":48.0,"turns":3.0},{"damage":12.0,"enemies":"Time Eater","floor":50.0,"turns":4.0},{"damage":0,"enemies":"Awakened One","floor":51,"turns":3},{"damage":0,"enemies":"Shield and Spear","floor":55,"turns":2},{"damage":6,"enemies":"The Heart","floor":56,"turns":5}],"seed_played":"-7934881247797810881","potions_obtained":[{"floor":4.0,"key":"Dexterity Potion"},{"floor":10.0,"key":"EssenceOfSteel"},{"floor":18.0,"key":"Explosive Potion"},{"floor":23.0,"key":"FairyPotion"},{"floor":25.0,"key":"BloodPotion"},{"floor":28.0,"key":"BlessingOfTheForge"},{"floor":29.0,"key":"Weak Potion"},{"floor":33.0,"key":"BloodPotion"},{"floor":35.0,"key":"Weak Potion"},{"floor":39.0,"key":"Weak Potion"},{"floor":40.0,"key":"Energy Potion"},{"floor":47.0,"key":"LiquidMemories"}],"is_trial":false,"path_per_floor":["M","M","?","M","?","R","E","?","T","E","M","?","M","$","R","B",null,"M","?","$","M","?","E","R","E","T","E","M","M","R","M","R","B",null,"M","$","?","$","M","E","R","E","T","?","R","E","M","M","R","B","B",null,"R","$","E","B",null],"character_chosen":"IRONCLAD","items_purchased":["Medical Kit","Feel No Pain","Deep Breath","Reckless Charge","Power Through","Bag of Preparation"],"campfire_rested":0,"item_purchase_floors":[14,20,36,36,38,54],"current_hp_per_floor":[68,63,68,71,71,71,47,47,47,23,33,22,30,30,30,13,66,52,52,52,62,62,68,68,65,65,40,68,77,77,71,71,61,95,112,112,112,112,112,120,120,124,124,116,116,128,140,150,150,144,162,162,162,162,172,172],"gold":83,"neow_bonus":"ONE_RARE_RELIC","is_daily":false,"chose_seed":false,"campfire_upgraded":8,"win_rate":0.0,"timestamp":1610768884,"path_taken":["M","M","?","M","?","R","E","?","T","E","?","?","M","?","R","BOSS","M","?","?","M","?","E","R","E","T","E","M","M","R","M","R","BOSS","M","$","?","$","M","E","R","E","T","?","R","E","M","M","R","BOSS","BOSS","R","$","E","BOSS"],"items_purchased_type":["Relic","Card","Card","Card","Card","Relic"],"build_version":"2020-12-22","purchased_purges":2,"victory":true,"max_hp_per_floor":[68,68,73,76,76,76,76,76,76,76,80,80,84,84,84,84,84,88,88,88,92,92,92,92,92,92,98,100,104,104,104,104,106,106,112,112,112,112,118,120,120,126,126,128,128,134,140,150,150,150,162,162,162,162,172,172],"relic_stats":{"Singing Bowl":24,"counters":[28,108],"Astrolabe":["Feed","Demon Form","Feed"],"StoneCalendar":[186],"Bag of Preparation":[4],"War Paint":["Rage","Defend_R"],"Medical Kit":[116],"Burning Blood":152,"Mercury Hourglass":[449],"Ornamental Fan":[208],"obtain_stats":[{"Singing Bowl":26,"Astrolabe":34,"Vajra":25,"Oddly Smooth Stone":42,"StoneCalendar":0,"Bag of Preparation":54,"War Paint":10,"Bottled Tornado":27,"Medical Kit":14,"Burning Blood":0,"Mercury Hourglass":9,"CaptainsWheel":23,"Ornamental Fan":7,"Philosopher\u0027s Stone":17,"Unceasing Top":55,"Meat on the Bone":40},{"Singing Bowl":12,"Astrolabe":17,"Vajra":12,"Oddly Smooth Stone":21,"StoneCalendar":0,"Bag of Preparation":26,"War Paint":5,"Bottled Tornado":13,"Medical Kit":7,"Burning Blood":0,"Mercury Hourglass":4,"CaptainsWheel":11,"Ornamental Fan":4,"Philosopher\u0027s Stone":8,"Unceasing Top":27,"Meat on the Bone":20},{"Singing Bowl":54,"Astrolabe":74,"Vajra":54,"Oddly Smooth Stone":85,"StoneCalendar":0,"Bag of Preparation":101,"War Paint":24,"Bottled Tornado":57,"Medical Kit":29,"Burning Blood":0,"Mercury Hourglass":17,"CaptainsWheel":51,"Ornamental Fan":17,"Philosopher\u0027s Stone":38,"Unceasing Top":103,"Meat on the Bone":82}],"Unceasing Top":[0],"Meat on the Bone":0},"card_choices":[{"not_picked":["Clothesline","Blood for Blood","Anger"],"picked":"SKIP","floor":1.0},{"not_picked":["Clothesline","Thunderclap"],"picked":"Feed","floor":2.0},{"not_picked":["Wild Strike","Perfected Strike","Warcry"],"picked":"SKIP","floor":4.0},{"not_picked":["Havoc","Hemokinesis"],"picked":"Seeing Red","floor":7.0},{"not_picked":["Pommel Strike","Thunderclap"],"picked":"Rage","floor":10.0},{"not_picked":["Disarm","Hemokinesis"],"picked":"Shockwave","floor":11.0},{"not_picked":["Perfected Strike","Bloodletting"],"picked":"Dark Embrace","floor":13.0},{"not_picked":["Brutality","Demon Form"],"picked":"Fiend Fire","floor":16.0},{"not_picked":["Disarm","Flex"],"picked":"Body Slam+1","floor":18.0},{"not_picked":["Inflame","Flame Barrier","Sentinel"],"picked":"SKIP","floor":21.0},{"not_picked":["Headbutt","Clothesline","Clash"],"picked":"SKIP","floor":23.0},{"not_picked":["Bloodletting","Infernal Blade","Sever Soul"],"picked":"SKIP","floor":25.0},{"not_picked":["Carnage","Spot Weakness","Wild Strike"],"picked":"Singing Bowl","floor":27.0},{"not_picked":["Clothesline","Shockwave","Bloodletting"],"picked":"Singing Bowl","floor":28.0},{"not_picked":["Shrug It Off","Searing Blow"],"picked":"Dropkick","floor":29.0},{"not_picked":["Fire Breathing","Clothesline"],"picked":"Seeing Red","floor":31.0},{"not_picked":["Demon Form","Brutality","Reaper"],"picked":"Singing Bowl","floor":33.0},{"not_picked":["Havoc+1","Wild Strike","Rampage"],"picked":"Singing Bowl","floor":35.0},{"not_picked":["Uppercut","Cleave","Twin Strike"],"picked":"Singing Bowl","floor":39.0},{"not_picked":["Combust","Corruption","Shockwave"],"picked":"Singing Bowl","floor":40.0},{"not_picked":["Headbutt","True Grit","Searing Blow"],"picked":"Singing Bowl","floor":42.0},{"not_picked":["Deep Breath","Panache"],"picked":"Purity","floor":44.0},{"not_picked":["Impatience","Discovery","Magnetism"],"picked":"Singing Bowl","floor":44.0},{"not_picked":["Sadistic Nature","Secret Technique"],"picked":"Dark Shackles","floor":44.0},{"not_picked":["Pommel Strike","Twin Strike","Bloodletting"],"picked":"Singing Bowl","floor":46.0},{"not_picked":["Spot Weakness","Pommel Strike","Twin Strike"],"picked":"Singing Bowl","floor":47.0},{"not_picked":["Pommel Strike","Perfected Strike+1","Battle Trance"],"picked":"Singing Bowl","floor":48.0},{"not_picked":["Dark Embrace","Wild Strike+1","Iron Wave+1"],"picked":"Singing Bowl","floor":55}],"player_experience":3457177,"relics_obtained":[{"floor":7.0,"key":"Ornamental Fan"},{"floor":9.0,"key":"Mercury Hourglass"},{"floor":10.0,"key":"War Paint"},{"floor":23.0,"key":"CaptainsWheel"},{"floor":25.0,"key":"Vajra"},{"floor":26.0,"key":"Singing Bowl"},{"floor":27.0,"key":"Bottled Tornado"},{"floor":40.0,"key":"Meat on the Bone"},{"floor":42.0,"key":"Oddly Smooth Stone"},{"floor":55,"key":"Unceasing Top"}],"event_choices":[{"damage_healed":0.0,"max_hp_gain":5.0,"max_hp_loss":0.0,"gold_gain":0.0,"event_name":"Big Fish","player_choice":"Donut","floor":3.0,"gold_loss":0.0,"damage_taken":0.0},{"damage_healed":0.0,"max_hp_gain":0.0,"max_hp_loss":0.0,"gold_gain":0.0,"event_name":"Liars Game","player_choice":"Ignored","floor":5.0,"gold_loss":0.0,"damage_taken":0.0},{"cards_removed":["Strike_R"],"damage_healed":0.0,"max_hp_gain":0.0,"max_hp_loss":0.0,"gold_gain":0.0,"event_name":"Bonfire Elementals","player_choice":"Offered Basic","floor":8.0,"gold_loss":0.0,"damage_taken":0.0},{"damage_healed":0.0,"max_hp_gain":0.0,"max_hp_loss":0.0,"gold_gain":75.0,"event_name":"World of Goop","player_choice":"Gather Gold","floor":12.0,"gold_loss":0.0,"damage_taken":11.0},{"damage_healed":0.0,"max_hp_gain":0.0,"max_hp_loss":0.0,"gold_gain":0.0,"event_name":"Duplicator","player_choice":"Copied","floor":19.0,"gold_loss":0.0,"damage_taken":0.0,"cards_obtained":["Dark Embrace"]},{"cards_removed":["Strike_R"],"damage_healed":0.0,"max_hp_gain":0.0,"max_hp_loss":0.0,"gold_gain":0.0,"event_name":"Back to Basics","player_choice":"Elegance","floor":22.0,"gold_loss":0.0,"damage_taken":0.0},{"cards_removed":["Demon Form"],"damage_healed":0.0,"max_hp_gain":0.0,"max_hp_loss":0.0,"gold_gain":0.0,"event_name":"Falling","player_choice":"Removed Power","floor":37.0,"gold_loss":0.0,"damage_taken":0.0},{"damage_healed":0.0,"max_hp_gain":0.0,"max_hp_loss":0.0,"gold_gain":0.0,"event_name":"SensoryStone","player_choice":"Memory 3","floor":44.0,"gold_loss":0.0,"damage_taken":10.0}],"is_beta":false,"boss_relics":[{"not_picked":["Empty Cage","Fusion Hammer"],"picked":"Philosopher\u0027s Stone"},{"not_picked":["Black Blood","Busted Crown"],"picked":"Astrolabe"}],"items_purged_floors":[14,20],"is_endless":false,"potions_floor_spawned":[4,10,11,13,18,23,25,28,29,33,35,39,40,47],"ascension_level":20}}