{"host":"6to8m083wj0ro91z","time":1610827651,"event":{"mods":["100% Spire Juice","BaseMod","Better Third Choice","BetterRewards","CatGirl Mod","ChefMod","Friendly Minions","GungeonMod","Hubris","Mad Scientist","Marisa????????","Minty Spire (QoL Compilation)","Railgun Mod","Robot Space Explorer","Shade Mod","Spicy Shops","StSLib","The Blackbeard","The Death Knight","The Gatherer","The Marked","The Mystic","The Necromancer","The Servant 0.9.4"],"gold_per_floor":[111,88,102,113,113,113,148,148,175,210,210,210,239,263,263,459,459,471,471,471,484,127,157,157,175,175,175,202,52,52,63,63,165,165,183,194,214,28,48,80,80,110,133,459,459,475,502,515,515,515,515,515,160,195,195],"floor_reached":56,"language":"ENG","playtime":2649,"items_purged":["DeathKnight:Strike_DeathKnight","DeathKnight:Strike_DeathKnight","DeathKnight:Strike_DeathKnight","DeathKnight:Strike_DeathKnight","DeathKnight:Strike_DeathKnight+1"],"score":2156,"play_id":"0d44272f-3043-4f06-9d24-faa4a6a52786","local_time":"20210116210731","is_ascension_mode":true,"campfire_choices":[{"data":"DeathKnight:Pestilence","floor":6.0,"key":"SMITH"},{"data":"DeathKnight:IceboundArmor","floor":8.0,"key":"SMITH"},{"data":"DeathKnight:RuneStrike","floor":11.0,"key":"SMITH"},{"data":"DeathKnight:RuneTap","floor":15.0,"key":"SMITH"},{"data":"DeathKnight:Runesurge","floor":30.0,"key":"SMITH"},{"data":"Sadistic Nature","floor":32.0,"key":"SMITH"},{"floor":41,"key":"RECALL"},{"data":"DeathKnight:Outbreak","floor":45,"key":"SMITH"},{"data":"DeathKnight:FesteringStrike","floor":49,"key":"SMITH"},{"data":"DeathKnight:Defend_DeathKnight","floor":52,"key":"SMITH"}],"circlet_count":0,"master_deck":["DeathKnight:Defend_DeathKnight+1","DeathKnight:Defend_DeathKnight","DeathKnight:Defend_DeathKnight","DeathKnight:Defend_DeathKnight","DeathKnight:Defend_DeathKnight+1","DeathKnight:RuneTap+1","DeathKnight:RuneStrike+1","DeathKnight:Contagion","DeathKnight:IcyTouch","DeathKnight:ShatteringStrikes+1","DeathKnight:Pestilence+1","DeathKnight:IceboundArmor+1","DeathKnight:Contagion","DeathKnight:UnholyExperiment+1","DeathKnight:Runesurge+1","Sadistic Nature+1","DeathKnight:Outbreak+1","DeathKnight:FesteringStrike+1","DeathKnight:BladedArmor+1","DeathKnight:Hysteria+1","DeathKnight:MutagenicPlague+1","DeathKnight:Pestilence+1"],"relics":["DeathKnight:ReforgedRuneblade","DeathKnight:CorpseWagon","DeathKnight:Scourgestone","DemoMod:ClearGuonStone","Old Coin","DeathKnight:ScourgePlagueSample","ClockworkSouvenir","hubris:Icosahedron","Pen Nib","Whetstone","DeathKnight:TomeOfFrostSpecialization","hubris:Towel","Bag of Preparation","Odd Mushroom","Coffee Dripper","Oddly Smooth Stone","Anchor","hubris:64BitClover","TheAbacus","DemoMod:GlassGuonStoneRelic","DeathKnight:Shadowmourne","Membership Card","Chemical X","hubris:ToyBattleship","DemoMod:Bottle","DemoMod:MonsterBlood","hubris:Zylophone","Bottled Lightning","Gremlin Horn","Kunai","DollysMirror","Torii","War Paint"],"acts_visited":["Exordium","TheCity","TheBeyond","TheEnding"],"potions_floor_usage":[40,55,55,55,55,55],"damage_taken":[{"damage":0.0,"enemies":"Small Slimes","floor":1.0,"turns":4.0},{"damage":0.0,"enemies":"2 Louse","floor":3.0,"turns":2.0},{"damage":0.0,"enemies":"Jaw Worm","floor":4.0,"turns":3.0},{"damage":0.0,"enemies":"Lagavulin","floor":7.0,"turns":5.0},{"damage":0.0,"enemies":"3 Sentries","floor":10.0,"turns":9.0},{"damage":0.0,"enemies":"Gremlin Nob","floor":13.0,"turns":2.0},{"damage":0.0,"enemies":"The Mushroom Lair","floor":14.0,"turns":5.0},{"damage":0.0,"enemies":"Slime Boss","floor":16.0,"turns":5.0},{"damage":0.0,"enemies":"Shell Parasite","floor":18.0,"turns":4.0},{"damage":0.0,"enemies":"Chosen","floor":21.0,"turns":2.0},{"damage":3.0,"enemies":"Slavers","floor":23.0,"turns":4.0},{"damage":0.0,"enemies":"Centurion and Healer","floor":25.0,"turns":2.0},{"damage":0.0,"enemies":"Book of Stabbing","floor":28.0,"turns":3.0},{"damage":0.0,"enemies":"Sentry and Sphere","floor":31.0,"turns":4.0},{"damage":0,"enemies":"Champ","floor":33,"turns":4},{"damage":0,"enemies":"3 Darklings","floor":35,"turns":3},{"damage":0,"enemies":"3 Shapes","floor":36,"turns":2},{"damage":0,"enemies":"Writhing Mass","floor":37,"turns":2},{"damage":0,"enemies":"Jaw Worm Horde","floor":39,"turns":3},{"damage":0,"enemies":"Giant Head","floor":40,"turns":4},{"damage":0,"enemies":"Nemesis","floor":42,"turns":3},{"damage":0,"enemies":"Giant Head","floor":44,"turns":3},{"damage":0,"enemies":"Sphere and 2 Shapes","floor":46,"turns":3},{"damage":0,"enemies":"Reptomancer","floor":47,"turns":3},{"damage":0,"enemies":"Writhing Mass","floor":48,"turns":1},{"damage":0,"enemies":"Donu and Deca","floor":50,"turns":4},{"damage":0,"enemies":"Shield and Spear","floor":54,"turns":3},{"damage":0,"enemies":"The Heart","floor":55,"turns":4}],"seed_played":"8017323731114620910","potions_obtained":[{"floor":1.0,"key":"Regen Potion"},{"floor":10.0,"key":"Regen Potion"},{"floor":16.0,"key":"DistilledChaos"},{"floor":39,"key":"GamblersBrew"}],"is_trial":false,"path_per_floor":["M","$","M","M","?","R","E","R","T","E","R","?","E","?","R","B",null,"M","?","?","M","$","E","T","M","T","?","E","$","R","M","R","B",null,"M","M","M","$","M","E","R","E","T","E","R","M","E","M","R","B",null,"R","$","E","B",null],"character_chosen":"DEATH_KNIGHT","items_purchased":["DeathKnight:CorpseWagon","DeathKnight:Scourgestone","DemoMod:ClearGuonStone","DemoMod:WeirdEgg","DeathKnight:ScourgePlagueSample","ClockworkSouvenir","DeathKnight:Contagion","AttackPotion","Dexterity Potion","DeathKnight:ShatteringStrikes","Sadistic Nature","TheAbacus","Membership Card","Chemical X","Kunai","DollysMirror","Torii","War Paint"],"campfire_rested":0,"item_purchase_floors":[0,0,0,0,0,0,0,0,0,2,22,29,38,38,53,53,53,53],"current_hp_per_floor":[28,28,28,28,28,28,28,28,28,28,28,28,28,28,28,28,75,75,75,75,75,75,72,72,72,72,72,75,75,75,75,75,75,75,75,75,75,75,75,75,75,75,82,82,82,82,82,82,82,82,82,82,82,82,82],"gold":195,"neow_bonus":"","is_daily":false,"chose_seed":false,"campfire_upgraded":9,"win_rate":0.0,"timestamp":1610827651,"path_taken":["M","$","M","M","?","R","E","R","T","E","R","?","E","?","R","BOSS","M","?","?","M","$","E","?","M","T","?","E","?","R","M","R","BOSS","M","M","M","$","M","E","R","E","T","E","R","M","E","M","R","BOSS","R","$","E","BOSS"],"items_purchased_type":["Relic","Relic","Relic","Relic","Relic","Relic","Card","Potion","Potion","Card","Card","Relic","Relic","Relic","Relic","Relic","Relic","Relic"],"build_version":"2020-12-22","purchased_purges":5,"victory":true,"max_hp_per_floor":[75,75,75,75,75,75,75,75,75,75,75,75,75,75,75,75,75,75,75,75,75,75,75,75,75,75,75,75,75,75,75,75,75,75,75,75,75,75,75,75,75,75,82,82,82,82,82,82,82,82,82,82,82,82,82],"card_choices":[{"not_picked":["DeathKnight:BloodEchoes","DeathKnight:BloodPact"],"picked":"DeathKnight:IcyTouch","floor":1.0},{"not_picked":["DeathKnight:Defile","DeathKnight:RaiseAlly"],"picked":"DeathKnight:Pestilence","floor":3.0},{"not_picked":["DeathKnight:PillarOfFrost","DeathKnight:AntiMagicShell","DeathKnight:BloodBoil"],"picked":"SKIP","floor":4.0},{"not_picked":["DeathKnight:UnholyFrenzy","DeathKnight:VampiricBlood"],"picked":"DeathKnight:IceboundArmor","floor":7.0},{"not_picked":["DeathKnight:IcyTouch","DeathKnight:ReapingStrike","DeathKnight:ScourgeStrike"],"picked":"SKIP","floor":10.0},{"not_picked":["DeathKnight:IcyTouch","DeathKnight:ReapingStrike","DeathKnight:ScourgeStrike"],"picked":"SKIP","floor":10.0},{"not_picked":["DeathKnight:DreadStrike","DeathKnight:BloodStrike","DeathKnight:BludPresence"],"picked":"SKIP","floor":13.0},{"not_picked":["DeathKnight:BloodStrike","DeathKnight:Ossuary"],"picked":"DeathKnight:Contagion","floor":14.0},{"not_picked":["DeathKnight:RunicDetonation","DeathKnight:Frostscythe+1"],"picked":"DeathKnight:UnholyExperiment","floor":16.0},{"not_picked":["DeathKnight:Ossuary+1","DeathKnight:BloodEchoes","DeathKnight:DeathGrip"],"picked":"SKIP","floor":18.0},{"not_picked":["DeathKnight:RunicCorruption","DeathKnight:DeathRune","DeathKnight:Rot+1"],"picked":"SKIP","floor":21.0},{"not_picked":["DeathKnight:FrosPresence","DeathKnight:RuneShock","DeathKnight:PathOfFrost+1"],"picked":"SKIP","floor":23.0},{"not_picked":["DeathKnight:HowlingBlast+1","DeathKnight:BludPresence","DeathKnight:UnholyPresence+1"],"picked":"SKIP","floor":25.0},{"not_picked":["DeathKnight:Culling","DeathKnight:RaiseAlly","DeathKnight:DeathGrip"],"picked":"SKIP","floor":28.0},{"not_picked":["DeathKnight:Obliterate+1","DeathKnight:Pestilence","DeathKnight:DeathGrip"],"picked":"SKIP","floor":31.0},{"not_picked":["DeathKnight:MarkOfBlood","DeathKnight:ArmyOfTheDead"],"picked":"DeathKnight:Outbreak","floor":33},{"not_picked":["DeathKnight:AntiMagicShell","DeathKnight:HartStrike"],"picked":"DeathKnight:FesteringStrike","floor":35},{"not_picked":["DeathKnight:ShatteringStrikes","DeathKnight:Ossuary"],"picked":"DeathKnight:BladedArmor+1","floor":36},{"not_picked":["DeathKnight:PlagueStrike+1","DeathKnight:BloodStrike+1","DeathKnight:DancingRuneblade"],"picked":"SKIP","floor":37},{"not_picked":["DeathKnight:BloodTap+1","DeathKnight:UnholyAssault","DeathKnight:DeathsAdvance"],"picked":"SKIP","floor":39},{"not_picked":["DeathKnight:BoneSpear","DeathKnight:Pestilence","DeathKnight:Lichborne+1"],"picked":"SKIP","floor":40},{"not_picked":["DeathKnight:HartStrike+1","DeathKnight:DeathAndDecay+1","DeathKnight:BloodPact"],"picked":"SKIP","floor":42},{"not_picked":["DeathKnight:HartStrike+1","DeathKnight:DeathAndDecay+1","DeathKnight:BloodPact"],"picked":"SKIP","floor":42},{"not_picked":["DeathKnight:RaiseAlly+1","DeathKnight:UnholyFrenzy","DeathKnight:DeathStrike+1"],"picked":"SKIP","floor":44},{"not_picked":["DeathKnight:DeathStrike+1","DeathKnight:HowlingBlast+1"],"picked":"DeathKnight:Hysteria+1","floor":46},{"not_picked":["DeathKnight:HowlingBlast+1","DeathKnight:PillarOfFrost+1"],"picked":"DeathKnight:MutagenicPlague+1","floor":47},{"not_picked":["DeathKnight:BludPresence+1","DeathKnight:Pestilence+1","DeathKnight:Hysteria"],"picked":"SKIP","floor":48},{"not_picked":["DeathKnight:Simulacrum","DeathKnight:MutagenicPlague","DeathKnight:MindFreeze+1"],"picked":"SKIP","floor":54}],"player_experience":1134474,"relics_obtained":[{"floor":7.0,"key":"Pen Nib"},{"floor":9.0,"key":"Whetstone"},{"floor":10.0,"key":"DeathKnight:TomeOfFrostSpecialization"},{"floor":13.0,"key":"Bag of Preparation"},{"floor":14.0,"key":"Odd Mushroom"},{"floor":23.0,"key":"Oddly Smooth Stone"},{"floor":24.0,"key":"Anchor"},{"floor":28.0,"key":"hubris:64BitClover"},{"floor":40,"key":"hubris:ToyBattleship"},{"floor":42,"key":"DemoMod:Bottle"},{"floor":43,"key":"DemoMod:MonsterBlood"},{"floor":44,"key":"hubris:Zylophone"},{"floor":46,"key":"Bottled Lightning"},{"floor":47,"key":"Gremlin Horn"}],"event_choices":[{"damage_healed":0.0,"max_hp_gain":0.0,"max_hp_loss":0.0,"gold_gain":0.0,"event_name":"Mushrooms","player_choice":"Fought Mushrooms","floor":14.0,"gold_loss":0.0,"damage_taken":0.0},{"damage_healed":0.0,"max_hp_gain":0.0,"max_hp_loss":0.0,"gold_gain":0.0,"event_name":"The Library","player_choice":"Read","floor":20.0,"gold_loss":0.0,"damage_taken":0.0,"cards_obtained":["DeathKnight:Runesurge"]},{"damage_healed":0.0,"max_hp_gain":0.0,"max_hp_loss":0.0,"gold_gain":0.0,"event_name":"Ghosts","player_choice":"Ignored","floor":27.0,"gold_loss":0.0,"damage_taken":0.0}],"is_beta":false,"boss_relics":[{"not_picked":["hubris:RunicObelisk","hubris:ScarierMask"],"picked":"Coffee Dripper"},{"not_picked":["Sozu","Philosopher\u0027s Stone"],"picked":"DeathKnight:Shadowmourne"}],"items_purged_floors":[0,0,0,0,22],"is_endless":false,"potions_floor_spawned":[1,4,7,10,16,23,28,35,39,40,48],"ascension_level":1}}