{"host":"c2zlmc1hlq0427cl","time":1610820765,"event":{"mods":["BaseMod","Googly Eyes","Hermit","Minty Spire (QoL Compilation)","Replay The Spire","StSLib","The Hayseed","The Senshi","The Servant 0.9.4"],"gold_per_floor":[118,53,71,86,86,86,119,119,119,146,321,21,51,63,75,87,87],"floor_reached":16,"language":"ENG","playtime":876,"items_purged":["Doubt"],"score":122,"play_id":"1d0535a3-b40d-4a1e-ade8-fae4090998ff","local_time":"20210116121245","is_ascension_mode":true,"campfire_choices":[{"data":"TheSimpletonMod:Artichokes","floor":6,"key":"SMITH"},{"data":"TheSimpletonMod:Germinate","floor":8,"key":"SMITH"},{"floor":15,"key":"DIG"}],"circlet_count":0,"master_deck":["TheSimpletonMod:Strike_TheSimpleton","TheSimpletonMod:Strike_TheSimpleton","TheSimpletonMod:Defend_TheSimpleton","TheSimpletonMod:Defend_TheSimpleton","TheSimpletonMod:Defend_TheSimpleton","TheSimpletonMod:Defend_TheSimpleton","TheSimpletonMod:Haymaker","TheSimpletonMod:ReapAndSow","TheSimpletonMod:Artichokes+1","TheSimpletonMod:Sunchoke","TheSimpletonMod:Sunchoke","TheSimpletonMod:Germinate+1","TheSimpletonMod:Fertilaser","TheSimpletonMod:Sunseed","TheSimpletonMod:Rake","TheSimpletonMod:Surplus"],"relics":["TheSimpletonMod:SpudOfTheInnocent","TheSimpletonMod:NightSoil","TheSimpletonMod:TheHarvester","TheSimpletonMod:Honeycomb","ReplayFunnel","TheSimpletonMod:WoodChipper","Bronze Scales","Bag of Marbles","MawBank","Pet Ghost"],"acts_visited":["Exordium"],"potions_floor_usage":[7,10,13],"damage_taken":[{"damage":1,"enemies":"2 Louse","floor":1,"turns":3},{"damage":6,"enemies":"Cultist","floor":3,"turns":4},{"damage":14,"enemies":"Small Slimes","floor":4,"turns":3},{"damage":20,"enemies":"Gremlin Nob","floor":7,"turns":5},{"damage":19,"enemies":"Lagavulin","floor":10,"turns":8},{"damage":11,"enemies":"3 Sentries","floor":13,"turns":5},{"damage":13,"enemies":"The Guardian","floor":16,"turns":8}],"seed_played":"-9046702512324224363","potions_obtained":[{"floor":3,"key":"SpeedPotion"},{"floor":4,"key":"FearPotion"},{"floor":10,"key":"BlessingOfTheForge"}],"is_trial":false,"path_per_floor":["M","?","M","M","?","R","E","R","T","E","?","$","E","?","R","B"],"character_chosen":"THE_SIMPLETON","items_purchased":["Bag of Marbles","TheSimpletonMod:Rake"],"campfire_rested":0,"item_purchase_floors":[12,12],"current_hp_per_floor":[74,74,69,55,48,48,32,32,32,17,17,17,6,6,6,0,0],"gold":87,"neow_bonus":"TRANSFORM_CARD","is_daily":false,"chose_seed":false,"campfire_upgraded":2,"win_rate":0.0,"timestamp":1610820765,"path_taken":["M","?","M","?","?","R","E","R","T","E","?","$","E","?","R","BOSS"],"items_purchased_type":["Relic","Card"],"build_version":"2020-12-22","purchased_purges":1,"victory":false,"max_hp_per_floor":[75,75,75,75,75,75,75,75,75,75,75,75,75,75,75,75,75],"card_choices":[{"not_picked":["TheSimpletonMod:SaladShooter","TheSimpletonMod:GoToMarket"],"picked":"TheSimpletonMod:Sunchoke","floor":1},{"not_picked":["TheSimpletonMod:CullingStrike","TheSimpletonMod:ToughenUp"],"picked":"TheSimpletonMod:Sunchoke","floor":3},{"not_picked":["TheSimpletonMod:CloseScrape","TheSimpletonMod:Aerate"],"picked":"TheSimpletonMod:Germinate","floor":4},{"not_picked":["TheSimpletonMod:ControlledBurn","TheSimpletonMod:SaladShooter"],"picked":"TheSimpletonMod:Fertilaser","floor":7},{"not_picked":["TheSimpletonMod:SaladShooter","TheSimpletonMod:DoubleBarrel"],"picked":"TheSimpletonMod:Sunseed","floor":10},{"not_picked":["TheSimpletonMod:Sunchoke","TheSimpletonMod:CloseScrape"],"picked":"TheSimpletonMod:Surplus","floor":13}],"player_experience":62480,"relics_obtained":[{"floor":7,"key":"ReplayFunnel"},{"floor":9,"key":"TheSimpletonMod:WoodChipper"},{"floor":10,"key":"Bronze Scales"},{"floor":13,"key":"MawBank"},{"floor":15,"key":"Pet Ghost"}],"event_choices":[{"damage_healed":0,"gold_gain":0,"player_choice":"Paid Gold","damage_taken":0,"relics_obtained":["TheSimpletonMod:Honeycomb"],"max_hp_gain":0,"max_hp_loss":0,"event_name":"WeMeetAgain","floor":2,"gold_loss":65},{"cards_removed":["TheSimpletonMod:Strike_TheSimpleton"],"damage_healed":0,"gold_gain":0,"player_choice":"Card Removal","damage_taken":7,"max_hp_gain":0,"max_hp_loss":0,"event_name":"Golden Wing","floor":5,"gold_loss":0},{"damage_healed":0,"gold_gain":175,"player_choice":"AGREE","damage_taken":0,"max_hp_gain":0,"max_hp_loss":0,"event_name":"Liars Game","floor":11,"gold_loss":0,"cards_obtained":["Doubt"]},{"damage_healed":0,"gold_gain":0,"player_choice":"Ignored","damage_taken":0,"max_hp_gain":0,"max_hp_loss":0,"event_name":"Shining Light","floor":14,"gold_loss":0}],"is_beta":false,"boss_relics":[],"items_purged_floors":[12],"is_endless":false,"potions_floor_spawned":[3,4,10],"killed_by":"The Guardian","ascension_level":1}}