{"host":"utqe55yv0jihe4d6","time":1610763434,"event":{"mods":["2.2 Compatiblity","AchievementEnabler","BaseMod","Block Reminder","Colored Map","Colored Powertips","Minty Spire (QoL Compilation)","Quick Restart","Rare Cards Sparkle","Relic Stats","SuperFastMode"],"gold_per_floor":[116,135,54,69,69,69,84,84,153,153,184,184,208,208,208],"floor_reached":14,"language":"ENG","playtime":313,"items_purged":[],"score":180,"play_id":"1a724693-c593-4cb9-8b0a-19ad1054de00","local_time":"20210115211714","is_ascension_mode":true,"campfire_choices":[{"floor":6.0,"key":"REST"},{"floor":12,"key":"REST"}],"circlet_count":0,"master_deck":["AscendersBane","Strike_R","Strike_R","Strike_R","Defend_R","Defend_R","Defend_R","Bash","Clothesline","Twin Strike","Immolate","Dual Wield","Armaments","Corruption"],"relics":["Burning Blood","Golden Idol","Mummified Hand","Art of War"],"acts_visited":["Exordium"],"potions_floor_usage":[11],"damage_taken":[{"damage":7.0,"enemies":"2 Louse","floor":1.0,"turns":4.0},{"damage":4.0,"enemies":"Jaw Worm","floor":2.0,"turns":3.0},{"damage":0.0,"enemies":"Cultist","floor":4.0,"turns":3.0},{"damage":22,"enemies":"Lots of Slimes","floor":7,"turns":3},{"damage":25,"enemies":"3 Sentries","floor":11,"turns":4},{"damage":11,"enemies":"3 Louse","floor":13,"turns":3},{"damage":30,"enemies":"Gremlin Nob","floor":14,"turns":3}],"seed_played":"4598103990821633583","potions_obtained":[{"floor":4.0,"key":"Swift Potion"}],"is_trial":false,"path_per_floor":["M","M","$","M","?","R","M","?","T","?","E","R","M","E"],"character_chosen":"IRONCLAD","items_purchased":["Immolate"],"campfire_rested":2,"item_purchase_floors":[3],"current_hp_per_floor":[49,51,51,57,31,53,37,30,30,30,11,33,28,0,0],"gold":208,"neow_bonus":"REMOVE_TWO","is_daily":false,"chose_seed":false,"campfire_upgraded":0,"win_rate":0.0,"timestamp":1610763434,"path_taken":["M","M","$","M","?","R","M","?","T","?","E","R","M","E"],"items_purchased_type":["Card"],"build_version":"2020-12-22","purchased_purges":0,"victory":false,"max_hp_per_floor":[75,75,75,75,75,75,75,75,75,75,75,75,75,75,75],"relic_stats":{"counters":[7,23],"Golden Idol":14,"Mummified Hand":[1],"Art of War":[0],"obtain_stats":[{"Golden Idol":5,"Mummified Hand":9,"Art of War":11,"Burning Blood":0},{"Golden Idol":3,"Mummified Hand":4,"Art of War":5,"Burning Blood":0},{"Golden Idol":10,"Mummified Hand":13,"Art of War":17,"Burning Blood":0}],"Burning Blood":36},"card_choices":[{"not_picked":["Armaments","Shrug It Off"],"picked":"Clothesline","floor":1.0},{"not_picked":["Havoc","Sever Soul"],"picked":"Twin Strike","floor":2.0},{"not_picked":["Cleave","Berserk"],"picked":"Dual Wield","floor":4.0},{"not_picked":["Ghostly Armor","Clothesline"],"picked":"Armaments","floor":7},{"not_picked":["Clothesline","Body Slam"],"picked":"Corruption","floor":11},{"not_picked":["Heavy Blade","Armaments","Thunderclap"],"picked":"SKIP","floor":13}],"player_experience":2941465,"relics_obtained":[{"floor":9,"key":"Mummified Hand"},{"floor":11,"key":"Art of War"}],"event_choices":[{"damage_healed":0.0,"max_hp_gain":0.0,"max_hp_loss":0.0,"gold_gain":0.0,"event_name":"Golden Idol","player_choice":"Take Damage","floor":5.0,"gold_loss":0.0,"damage_taken":26.0,"relics_obtained":["Golden Idol"]},{"cards_removed":["Strike_R"],"damage_healed":0,"gold_gain":0,"player_choice":"Card Removal","damage_taken":7,"max_hp_gain":0,"max_hp_loss":0,"event_name":"Golden Wing","floor":8,"gold_loss":0},{"damage_healed":0,"gold_gain":0,"player_choice":"Ignored","damage_taken":0,"max_hp_gain":0,"max_hp_loss":0,"event_name":"Liars Game","floor":10,"gold_loss":0}],"is_beta":false,"boss_relics":[],"items_purged_floors":[],"is_endless":false,"potions_floor_spawned":[4],"killed_by":"Gremlin Nob","ascension_level":20}}