{"host":"tpbmol9dayg75a5s","time":1610826915,"event":{"mods":["BaseMod","Bestiary","Block Reminder","Colored Powertips","Dark Map","Downfall","Minty Spire (QoL Compilation)","Relic Stats","StSLib"],"gold_per_floor":[99,116,134,145,145,145,145,200,216,116,151,301,301,332,352,452,452,452,466,483,28,28,44,67,96,96,125,125,10,10,23,42,144,144,144,156,173,173,187,187,187,87,120,139,193,218,118,152,167,167,167,199,23,23,23,23],"floor_reached":57,"language":"ENG","playtime":6960,"items_purged":["downfall:Malfunctioning","Guardian:Strike_Guardian","Guardian:Strike_Guardian+1"],"score":1871,"play_id":"260da3db-fe2d-469e-8fad-d684d99b8417","local_time":"20210116165515","is_ascension_mode":true,"campfire_choices":[{"floor":1,"key":"RECALL"},{"floor":10,"key":"REST"},{"data":"Guardian:Clone","floor":13,"key":"SMITH"},{"data":"Dramatic Entrance","floor":18,"key":"SMITH"},{"floor":26,"key":"REST"},{"data":"Guardian:Clone","floor":28,"key":"SMITH"},{"data":"Guardian:ArmoredProtocol","floor":40,"key":"SMITH"},{"data":"Secret Weapon","floor":42,"key":"SMITH"},{"data":"downfall:Icky","floor":47,"key":"PURGE"},{"data":"Guardian:ArmoredProtocol","floor":54,"key":"SMITH"}],"circlet_count":0,"master_deck":["Guardian:Strike_Guardian+1","Guardian:Defend_Guardian+1","Guardian:Defend_Guardian","Guardian:Defend_Guardian","Guardian:Defend_Guardian","Guardian:CurlUp","Guardian:TwinSlam","Guardian:BodySlam+1","Guardian:ShieldCharger","Guardian:AncientConstruct+1","Guardian:Preprogram","Guardian:Clone+1","Guardian:TimeBomb","Guardian:ExploitGems","Guardian:Incinerate+1","Guardian:TemporalShield","Guardian:Clone+1","Secret Weapon+1","Guardian:TemporalStrike+1","Guardian:Repulse+1","Guardian:PrimingBeam","Guardian:ArmoredProtocol+1","Guardian:GatlingBeam","Guardian:TimeCapacitor+1","Guardian:DecasProtection+1","Guardian:ArmoredProtocol+1","Guardian:VentSteam+1","Guardian:TimeSifter","Guardian:BodySlam+1"],"relics":["Guardian:ModeShifterPlus","Guardian:PickAxe","Matryoshka","MealTicket","downfall:HeartBlessingRed","Pear","CaptainsWheel","Runic Pyramid","Regal Pillow","Guardian:StasisCodex","Blood Vial","InkBottle","Toy Ornithopter","Mummified Hand","downfall:HeartBlessingBlue","Whetstone","Peace Pipe","Centennial Puzzle","downfall:HeartBlessingGreen","Sundial","Strawberry"],"acts_visited":["Exordium","TheCity","TheBeyond","TheEnding"],"potions_floor_usage":[11,16,27,27,39,50],"damage_taken":[{"damage":7,"enemies":"Jaw Worm","floor":2,"turns":3},{"damage":0,"enemies":"Small Slimes","floor":3,"turns":4},{"damage":0,"enemies":"2 Louse","floor":4,"turns":2},{"damage":13,"enemies":"2 Louse","floor":5,"turns":5},{"damage":14,"enemies":"3 Sentries","floor":8,"turns":11},{"damage":7,"enemies":"2 Fungi Beasts","floor":9,"turns":4},{"damage":17,"enemies":"Lagavulin","floor":11,"turns":6},{"damage":16,"enemies":"Gremlin Nob","floor":14,"turns":5},{"damage":0,"enemies":"3 Louse","floor":15,"turns":2},{"damage":16,"enemies":"SI_SHIV_ARCHETYPE","floor":16,"turns":7},{"damage":12,"enemies":"Chosen","floor":19,"turns":5},{"damage":5,"enemies":"Shell Parasite","floor":20,"turns":5},{"damage":2,"enemies":"downfall:FleeingMerchant","floor":21,"turns":4},{"damage":35,"enemies":"Snake Plant","floor":23,"turns":3},{"damage":13,"enemies":"Gremlin Leader","floor":25,"turns":5},{"damage":24,"enemies":"Slavers","floor":27,"turns":4},{"damage":4,"enemies":"downfall:FleeingMerchant","floor":29,"turns":4},{"damage":12,"enemies":"Chosen and Byrds","floor":31,"turns":3},{"damage":8,"enemies":"3 Cultists","floor":32,"turns":3},{"damage":25,"enemies":"IC_MUSHROOM_ARCHETYPE","floor":33,"turns":5},{"damage":3,"enemies":"Orb Walker","floor":36,"turns":2},{"damage":11,"enemies":"3 Shapes","floor":37,"turns":4},{"damage":0,"enemies":"Writhing Mass","floor":39,"turns":5},{"damage":0,"enemies":"Giant Head","floor":43,"turns":3},{"damage":0,"enemies":"Maw","floor":44,"turns":5},{"damage":0,"enemies":"2 Orb Walkers","floor":45,"turns":5},{"damage":0,"enemies":"Nemesis","floor":46,"turns":3},{"damage":0,"enemies":"Giant Head","floor":48,"turns":3},{"damage":0,"enemies":"Transient","floor":49,"turns":5},{"damage":0,"enemies":"WA_ARCHETYPE_DIVINITY","floor":50,"turns":7},{"damage":0,"enemies":"downfall:CharBossMerchant","floor":52,"turns":5},{"damage":0,"enemies":"downfall:NeowBoss","floor":55,"turns":10},{"damage":4,"enemies":"downfall:NeowBossFinal","floor":56,"turns":6}],"seed_played":"8501210117197814999","potions_obtained":[{"floor":2,"key":"Energy Potion"},{"floor":9,"key":"hexamod:SoulburnPotion"},{"floor":11,"key":"Fire Potion"},{"floor":19,"key":"FairyPotion"},{"floor":20,"key":"EntropicBrew"},{"floor":32,"key":"Guardian:AcceleratePotion"},{"floor":39,"key":"Ancient Potion"}],"is_trial":false,"path_per_floor":["R","M","M","M","?","?","T","?","M","R","E","?","R","E","M","B",null,"R","M","M","$","?","M","T","E","R","E","R","$","?","M","M","B",null,"R","M","M","?","M","R","T","R","E","M","?","E","R","E","M","B",null,"E","$","R","B","B",null],"character_chosen":"GUARDIAN","items_purchased":["Secret Weapon","Regal Pillow","Guardian:TemporalStrike","Guardian:Gem_Lightblue"],"campfire_rested":2,"item_purchase_floors":[21,21,21,53],"current_hp_per_floor":[72,65,65,65,52,52,52,38,31,55,48,48,48,32,32,16,72,72,60,55,68,68,33,33,22,64,42,42,55,47,37,31,8,70,70,69,60,60,67,67,67,77,79,81,83,85,85,87,89,96,99,107,107,107,107,103],"gold":23,"neow_bonus":"RANDOM_COLORLESS","is_daily":false,"chose_seed":false,"campfire_upgraded":6,"win_rate":0.0,"timestamp":1610826915,"path_taken":["R","M","M","M","?","?","T","?","M","R","E","?","R","E","M","BOSS","R","M","M","$","?","M","T","E","R","E","R","$","?","M","M","BOSS","R","M","?","?","M","R","T","R","E","M","?","E","R","E","M","BOSS","E","$","R","BOSS","BOSS"],"items_purchased_type":["Card","Relic","Card","Card"],"build_version":"2020-12-22","purchased_purges":3,"victory":true,"max_hp_per_floor":[80,80,80,80,80,80,80,80,80,80,90,90,90,90,90,90,90,90,90,90,90,90,90,90,90,90,90,90,90,90,90,90,90,90,90,90,90,90,90,90,90,100,100,100,100,100,100,100,100,100,100,107,107,107,107,107],"relic_stats":{"Blood Vial":33,"Peace Pipe":2,"Regal Pillow":15,"Centennial Puzzle":[3],"counters":[33,152],"Mummified Hand":[78],"Sundial":[4],"MealTicket":30,"Whetstone":["Guardian:Strike_Guardian","Guardian:TemporalStrike"],"obtain_stats":[{"Regal Pillow":21,"Pear":11,"downfall:HeartBlessingRed":10,"Guardian:ModeShifterPlus":34,"Guardian:ModeShifter":0,"Guardian:StasisCodex":24,"downfall:HeartBlessingGreen":47,"Whetstone":43,"Guardian:PickAxe":5,"Blood Vial":24,"Peace Pipe":45,"CaptainsWheel":14,"Centennial Puzzle":46,"Matryoshka":7,"Mummified Hand":41,"downfall:HeartBlessingBlue":42,"Sundial":48,"Strawberry":52,"MealTicket":8,"InkBottle":25,"Toy Ornithopter":27,"Runic Pyramid":17},{"Regal Pillow":13,"Pear":7,"downfall:HeartBlessingRed":6,"Guardian:ModeShifterPlus":20,"Guardian:ModeShifter":0,"Guardian:StasisCodex":14,"downfall:HeartBlessingGreen":27,"Whetstone":24,"Guardian:PickAxe":4,"Blood Vial":14,"Peace Pipe":26,"CaptainsWheel":8,"Centennial Puzzle":27,"Matryoshka":4,"Mummified Hand":23,"downfall:HeartBlessingBlue":23,"Sundial":28,"Strawberry":31,"MealTicket":5,"InkBottle":15,"Toy Ornithopter":16,"Runic Pyramid":10},{"Regal Pillow":63,"Pear":35,"downfall:HeartBlessingRed":29,"Guardian:ModeShifterPlus":90,"Guardian:ModeShifter":0,"Guardian:StasisCodex":66,"downfall:HeartBlessingGreen":116,"Whetstone":103,"Guardian:PickAxe":14,"Blood Vial":66,"Peace Pipe":113,"CaptainsWheel":40,"Centennial Puzzle":116,"Matryoshka":14,"Mummified Hand":100,"downfall:HeartBlessingBlue":100,"Sundial":119,"Strawberry":136,"MealTicket":25,"InkBottle":71,"Toy Ornithopter":75,"Runic Pyramid":49}],"InkBottle":[45],"Toy Ornithopter":10},"card_choices":[{"not_picked":["Finesse","Impatience"],"picked":"Dramatic Entrance","floor":0},{"not_picked":["Guardian:Reroute","Guardian:Preprogram"],"picked":"Guardian:BodySlam","floor":2},{"not_picked":["Guardian:ArmoredProtocol","Guardian:Incinerate"],"picked":"Guardian:Gem_White","floor":3},{"not_picked":["Guardian:Gem_Yellow","Guardian:PiercingHide"],"picked":"Guardian:ShieldCharger","floor":4},{"not_picked":["Guardian:PrismaticBarrier","Guardian:ShieldSpikes"],"picked":"Guardian:AncientConstruct","floor":8},{"not_picked":["Guardian:RollAttack","Guardian:Gem_Green"],"picked":"Guardian:Preprogram","floor":9},{"not_picked":["Guardian:Repulse","Guardian:WalkerClaw"],"picked":"Guardian:Clone","floor":11},{"not_picked":["Guardian:Gem_Cyan","Guardian:FloatingOrbs"],"picked":"Guardian:Gem_White","floor":14},{"not_picked":["Guardian:Gem_Green","Guardian:Recover"],"picked":"Guardian:TimeBomb","floor":15},{"not_picked":["Guardian:TimeSifter","Guardian:GemFinder"],"picked":"Guardian:ExploitGems","floor":16},{"not_picked":["Guardian:RollAttack","Guardian:FloatingOrbs"],"picked":"Guardian:Incinerate+1","floor":19},{"not_picked":["Guardian:BodySlam","Guardian:ShieldCharger"],"picked":"Guardian:TemporalShield","floor":20},{"not_picked":["Guardian:AncientConstruct","Guardian:BronzeArmor"],"picked":"Guardian:Clone","floor":21},{"not_picked":["Guardian:ChargeCore+1","Guardian:Gem_Cyan"],"picked":"Guardian:Repulse+1","floor":23},{"not_picked":["Guardian:TemporalShield","Guardian:EvasiveProtocol"],"picked":"Guardian:PrimingBeam","floor":25},{"not_picked":["Guardian:Reroute","Guardian:Suspension+1","Guardian:PrismaticBarrier+1"],"picked":"SKIP","floor":27},{"not_picked":["Guardian:Reroute","Guardian:TemporalStrike"],"picked":"Guardian:ArmoredProtocol","floor":29},{"not_picked":["Guardian:MultiBeam","Guardian:RevengeProtocol","Guardian:SentryBeam+1"],"picked":"SKIP","floor":31},{"not_picked":["Guardian:BronzeOrb+1","Guardian:Reroute+1"],"picked":"Guardian:Gem_Crimson","floor":32},{"not_picked":["Guardian:GemFire","Guardian:SphericShield"],"picked":"Guardian:GatlingBeam","floor":33},{"not_picked":["Guardian:MultiBeam","Guardian:Gem_Lightblue","Guardian:PrimingBeam+1"],"picked":"SKIP","floor":36},{"not_picked":["Guardian:TemporalStrike","Guardian:PrimingBeam"],"picked":"Guardian:TimeCapacitor+1","floor":37},{"not_picked":["Guardian:ChargeCore+1","Guardian:TemporalStrike"],"picked":"Guardian:DecasProtection+1","floor":39},{"not_picked":["Guardian:Reroute","Guardian:TemporalShield+1"],"picked":"Guardian:ArmoredProtocol","floor":43},{"not_picked":["Guardian:TimeBomb","Guardian:Preprogram","Guardian:CrystalBeam+1"],"picked":"SKIP","floor":44},{"not_picked":["Guardian:BodySlam","Guardian:Recover"],"picked":"Guardian:VentSteam+1","floor":45},{"not_picked":["Guardian:Gem_Lightblue","Guardian:ChargeCore"],"picked":"Guardian:TimeSifter","floor":46},{"not_picked":["Guardian:Gem_Lightblue","Guardian:BronzeArmor","Guardian:Gem_Yellow"],"picked":"SKIP","floor":48},{"not_picked":["Guardian:BodySlam","Guardian:Planning+1","Guardian:DecasProtection+1"],"picked":"SKIP","floor":49},{"not_picked":["Guardian:GuardianWhirl+1","Guardian:Emergency"],"picked":"Guardian:BodySlam+1","floor":52}],"player_experience":1035579,"relics_obtained":[{"floor":7,"key":"Matryoshka"},{"floor":8,"key":"MealTicket"},{"floor":11,"key":"Pear"},{"floor":14,"key":"CaptainsWheel"},{"floor":24,"key":"Guardian:StasisCodex"},{"floor":24,"key":"Blood Vial"},{"floor":25,"key":"InkBottle"},{"floor":27,"key":"Toy Ornithopter"},{"floor":41,"key":"Mummified Hand"},{"floor":43,"key":"Whetstone"},{"floor":45,"key":"Peace Pipe"},{"floor":46,"key":"Centennial Puzzle"},{"floor":48,"key":"Sundial"},{"floor":52,"key":"Strawberry"}],"event_choices":[{"damage_healed":0,"gold_gain":0,"player_choice":"Read","damage_taken":0,"max_hp_gain":0,"max_hp_loss":0,"event_name":"The Library","floor":22,"gold_loss":0,"cards_obtained":["Guardian:Gem_Yellow"]},{"cards_removed":["Dramatic Entrance"],"damage_healed":0,"gold_gain":0,"player_choice":"Removed Attack","damage_taken":0,"max_hp_gain":0,"max_hp_loss":0,"event_name":"Falling","floor":38,"gold_loss":0},{"damage_healed":0,"gold_gain":0,"player_choice":"Fight","damage_taken":0,"max_hp_gain":0,"max_hp_loss":0,"event_name":"Mysterious Sphere","floor":45,"gold_loss":0}],"is_beta":false,"boss_relics":[{"not_picked":["Fusion Hammer","Coffee Dripper"],"picked":"Runic Pyramid"},{"not_picked":["SlaversCollar","Guardian:StasisSlotReductionRelic"],"picked":"Guardian:ModeShifterPlus"}],"items_purged_floors":[21,29,53],"is_endless":false,"potions_floor_spawned":[2,5,9,11,19,20,31,32,39,43,44,49],"ascension_level":8}}