{"host":"by3dnjj711vo194a","time":1610818122,"event":{"mods":["2.2 Compatiblity","AchievementEnabler","BaseMod","Colored Map","DeckTracker","KOR Keyword Fix","Keyboard Shortcuts","Minty Spire (QoL Compilation)","Permanent Neow","Quick Restart","StSLib","SuperFastMode","everything is the same but u backflip on backflip"],"gold_per_floor":[113,125,125,138,138,172,191,191,191,211,246,263,263,283,283,386,386,398,323,339,352,366,366,20,20,20,20,20,37,65,15,15,115,115,125,164,205,205,266,266,347,102,102,202,281,155,155,30,30,30],"floor_reached":51,"language":"KOR","playtime":2069,"items_purged":["Strike_P","Defend_P","Strike_P","Defend_P","Defend_P"],"score":1289,"play_id":"0a561bb5-918b-4efd-9f77-ef7f990a5e26","local_time":"20210117022842","is_ascension_mode":true,"campfire_choices":[{"floor":8.0,"key":"REST"},{"floor":13.0,"key":"REST"},{"floor":15.0,"key":"REST"},{"data":"Vault","floor":23.0,"key":"SMITH"},{"data":"FearNoEvil","floor":25.0,"key":"SMITH"},{"floor":32.0,"key":"REST"},{"floor":40,"key":"REST"},{"floor":47,"key":"REST"},{"data":"Prostrate","floor":49,"key":"SMITH"}],"circlet_count":0,"master_deck":["Strike_P","Strike_P","Defend_P","Eruption+1","Vigilance","FollowUp","Halt","Prostrate+1","CutThroughFate","DevaForm+1","Tantrum","Vault+1","InnerPeace+1","FearNoEvil+1","Omniscience","Ghostly","Ghostly","Ghostly","Ghostly","Ghostly","Wish","Omniscience"],"relics":["PureWater","Akabeko","TungstenRod","Frozen Egg 2","VioletLotus","Membership Card","Potion Belt","WingedGreaves","Nunchaku","Busted Crown","Smiling Mask","Ice Cream","InkBottle","StoneCalendar","Ornamental Fan","Bag of Preparation","DollysMirror"],"acts_visited":["Exordium","TheCity","TheBeyond"],"potions_floor_usage":[39,41,50],"damage_taken":[{"damage":0.0,"enemies":"Small Slimes","floor":1.0,"turns":2.0},{"damage":0.0,"enemies":"Jaw Worm","floor":2.0,"turns":1.0},{"damage":0.0,"enemies":"Cultist","floor":4.0,"turns":2.0},{"damage":58.0,"enemies":"Lagavulin","floor":6.0,"turns":6.0},{"damage":0.0,"enemies":"Exordium Thugs","floor":7.0,"turns":1.0},{"damage":0.0,"enemies":"Looter","floor":10.0,"turns":1.0},{"damage":6.0,"enemies":"Gremlin Nob","floor":11.0,"turns":4.0},{"damage":11.0,"enemies":"Large Slime","floor":12.0,"turns":4.0},{"damage":0.0,"enemies":"2 Fungi Beasts","floor":14.0,"turns":1.0},{"damage":25.0,"enemies":"The Guardian","floor":16.0,"turns":9.0},{"damage":0.0,"enemies":"Spheric Guardian","floor":18.0,"turns":2.0},{"damage":19.0,"enemies":"Shell Parasite","floor":20.0,"turns":4.0},{"damage":24.0,"enemies":"Sentry and Sphere","floor":21.0,"turns":6.0},{"damage":8.0,"enemies":"Chosen and Byrds","floor":22.0,"turns":4.0},{"damage":0.0,"enemies":"Cultist and Chosen","floor":29.0,"turns":5.0},{"damage":0.0,"enemies":"Slavers","floor":30.0,"turns":7.0},{"damage":0.0,"enemies":"Collector","floor":33.0,"turns":7.0},{"damage":0.0,"enemies":"3 Shapes","floor":35.0,"turns":7.0},{"damage":1.0,"enemies":"Orb Walker","floor":36.0,"turns":6.0},{"damage":10.0,"enemies":"Jaw Worm Horde","floor":37.0,"turns":7.0},{"damage":11,"enemies":"4 Shapes","floor":39,"turns":11},{"damage":0,"enemies":"Reptomancer","floor":41,"turns":7},{"damage":20,"enemies":"Mind Bloom Boss Battle","floor":44,"turns":10},{"damage":0,"enemies":"Giant Head","floor":45,"turns":6},{"damage":30,"enemies":"Awakened One","floor":50,"turns":9}],"seed_played":"3475636022447838231","potions_obtained":[{"floor":2.0,"key":"LiquidBronze"},{"floor":4.0,"key":"LiquidBronze"},{"floor":10.0,"key":"BlessingOfTheForge"},{"floor":14.0,"key":"ColorlessPotion"},{"floor":22.0,"key":"DistilledChaos"},{"floor":29.0,"key":"AttackPotion"},{"floor":33.0,"key":"Ancient Potion"},{"floor":36.0,"key":"Weak Potion"},{"floor":39,"key":"PowerPotion"}],"is_trial":false,"path_per_floor":["M","M","?","M","?","E","M","R","T","M","E","M","R","M","R","B",null,"M","$","M","M","M","R","$","R","T","?","?","M","E","?","R","B",null,"M","M","M","?","M","R","E","$","T","?","E","$","R","$","R","B",null],"character_chosen":"WATCHER","items_purchased":["Membership Card","FearNoEvil","EntropicBrew","Potion Belt","Ice Cream","FairyPotion","Bag of Preparation","DollysMirror"],"campfire_rested":6,"item_purchase_floors":[24,24,24,24,42,42,46,48],"current_hp_per_floor":[65,65,65,65,65,7,7,28,28,28,22,11,32,32,53,28,61,61,61,42,18,10,10,10,10,10,10,10,19,19,19,29,29,34,34,33,23,23,12,22,22,22,22,2,2,2,12,12,12,10],"gold":30,"neow_bonus":"RANDOM_COMMON_RELIC","is_daily":false,"chose_seed":false,"campfire_upgraded":3,"win_rate":0.0,"timestamp":1610818122,"path_taken":["M","M","?","M","?","E","?","R","T","M","E","M","R","M","R","BOSS","M","$","M","M","M","R","$","R","T","?","?","M","E","?","R","BOSS","M","M","M","?","M","R","E","$","T","?","E","$","R","$","R","BOSS"],"items_purchased_type":["Relic","Card","Potion","Relic","Relic","Potion","Relic","Relic"],"build_version":"2020-12-22","purchased_purges":5,"victory":true,"max_hp_per_floor":[72,72,72,72,72,72,72,72,72,72,72,72,72,72,72,72,72,72,72,72,72,72,72,72,72,72,72,36,36,36,36,36,36,36,36,36,36,36,36,36,36,36,36,36,36,36,36,36,36,36],"card_choices":[{"not_picked":["SashWhip","Consecrate"],"picked":"FollowUp","floor":1.0},{"not_picked":["FlurryOfBlows","BattleHymn"],"picked":"Halt","floor":2.0},{"not_picked":["CrushJoints","DeceiveReality"],"picked":"Prostrate","floor":4.0},{"not_picked":["Protect","JustLucky"],"picked":"CutThroughFate","floor":6.0},{"not_picked":["FlurryOfBlows","SashWhip","PathToVictory"],"picked":"SKIP","floor":7.0},{"not_picked":["Protect","FlyingSleeves"],"picked":"DevaForm+1","floor":10.0},{"not_picked":["Nirvana+1","WaveOfTheHand"],"picked":"Tantrum","floor":11.0},{"not_picked":["Vengeance","Halt","SashWhip"],"picked":"SKIP","floor":12.0},{"not_picked":["JustLucky","PathToVictory","CutThroughFate"],"picked":"SKIP","floor":14.0},{"not_picked":["Alpha","DeusExMachina"],"picked":"Vault","floor":16.0},{"not_picked":["WindmillStrike+1","BowlingBash","CutThroughFate"],"picked":"SKIP","floor":18.0},{"not_picked":["CarveReality+1","JustLucky"],"picked":"InnerPeace+1","floor":20.0},{"not_picked":["JustLucky","EmptyBody","DeceiveReality+1"],"picked":"SKIP","floor":21.0},{"not_picked":["PathToVictory+1","CarveReality+1","Consecrate"],"picked":"SKIP","floor":22.0},{"not_picked":["Tantrum","Weave+1","Halt"],"picked":"SKIP","floor":29.0},{"not_picked":["DevaForm+1","WindmillStrike","ForeignInfluence"],"picked":"SKIP","floor":30.0},{"not_picked":["Ragnarok","SpiritShield"],"picked":"Wish","floor":33.0},{"not_picked":["ThirdEye+1"],"picked":"SKIP","floor":35.0},{"not_picked":["Protect"],"picked":"SKIP","floor":36.0},{"not_picked":["Crescendo+1"],"picked":"SKIP","floor":37.0},{"not_picked":["ReachHeaven+1"],"picked":"SKIP","floor":39},{"not_picked":["CarveReality+1"],"picked":"SKIP","floor":41},{"not_picked":["ClearTheMind"],"picked":"SKIP","floor":45}],"player_experience":173105,"relics_obtained":[{"floor":6.0,"key":"TungstenRod"},{"floor":9.0,"key":"Frozen Egg 2"},{"floor":26.0,"key":"WingedGreaves"},{"floor":30.0,"key":"Nunchaku"},{"floor":41,"key":"Smiling Mask"},{"floor":43,"key":"InkBottle"},{"floor":44,"key":"StoneCalendar"},{"floor":45,"key":"Ornamental Fan"}],"event_choices":[{"damage_healed":0.0,"max_hp_gain":0.0,"max_hp_loss":0.0,"gold_gain":0.0,"event_name":"Liars Game","player_choice":"Ignored","floor":3.0,"gold_loss":0.0,"damage_taken":0.0},{"damage_healed":0.0,"max_hp_gain":0.0,"max_hp_loss":0.0,"gold_gain":0.0,"event_name":"Upgrade Shrine","player_choice":"Upgraded","floor":5.0,"gold_loss":0.0,"damage_taken":0.0,"cards_upgraded":["Eruption"]},{"damage_healed":0.0,"max_hp_gain":0.0,"max_hp_loss":0.0,"gold_gain":0.0,"event_name":"The Library","player_choice":"Read","floor":27.0,"gold_loss":0.0,"damage_taken":0.0,"cards_obtained":["Omniscience"]},{"damage_healed":0.0,"max_hp_gain":0.0,"max_hp_loss":36.0,"gold_gain":0.0,"event_name":"Ghosts","player_choice":"Became a Ghost","floor":28.0,"gold_loss":0.0,"damage_taken":0.0,"cards_obtained":["Ghostly","Ghostly","Ghostly","Ghostly","Ghostly"]},{"damage_healed":0.0,"max_hp_gain":0.0,"max_hp_loss":0.0,"gold_gain":0.0,"event_name":"The Joust","player_choice":"Bet on Murderer","floor":31.0,"gold_loss":50.0,"damage_taken":0.0},{"damage_healed":0.0,"max_hp_gain":0.0,"max_hp_loss":0.0,"gold_gain":0.0,"event_name":"Tomb of Lord Red Mask","player_choice":"Ignored","floor":38.0,"gold_loss":0.0,"damage_taken":0.0},{"damage_healed":0,"gold_gain":0,"player_choice":"Fight","damage_taken":0,"max_hp_gain":0,"max_hp_loss":0,"event_name":"MindBloom","floor":44,"gold_loss":0}],"is_beta":false,"boss_relics":[{"not_picked":["Velvet Choker","Coffee Dripper"],"picked":"VioletLotus"},{"not_picked":["Black Star","Snecko Eye"],"picked":"Busted Crown"}],"items_purged_floors":[19,24,42,46,48],"is_endless":false,"potions_floor_spawned":[2,4,10,14,22,29,33,36,39],"ascension_level":9}}