{"host":"zkr2i7yla699av24","time":1610767924,"event":{"mods":["AchievementEnabler","BaseMod","GungeonMod","Lobotomy","Minty Spire (QoL Compilation)","Permanent Neow","Prisma Mod","READ ME - Guardian Mod","READ ME - Snecko Mod","StSLib","The Bug Knight","The Construct","The Cursed","The Disciple","The Hierophant","The Jungle","The Mystic","The Servant 0.9.4","TheFirefly"],"gold_per_floor":[114,114,130,145,145,177,177,177,177,21,36,67,67,83,83,182,182,196,211,211,235,280,332,344,371,410,422,496,572,584,671,683,842,854,880,953,981,993,1017,1111,1123,1135,1147,536,559,636,636,648,648,698,698,698,178,257,257,257],"floor_reached":55,"language":"ENG","playtime":9812,"items_purged":["PrismaMod:MiyuCommonAttack","PrismaMod:MiyuCommonAttack","PrismaMod:MiyuCommonAttack"],"score":1007,"play_id":"8d939e92-df98-4433-80dc-09f03ec69ead","local_time":"20210116043204","is_ascension_mode":false,"campfire_choices":[{"data":"1","floor":7.0,"key":"LIFT"},{"data":"2","floor":13.0,"key":"LIFT"},{"data":"PrismaMod:MiyuUncommonDexBuff","floor":15.0,"key":"SMITH"},{"data":"3","floor":24.0,"key":"LIFT"},{"data":"PrismaMod:MiyuUncommonPlate","floor":32.0,"key":"SMITH"},{"data":"PrismaMod:MiyuBride","floor":41.0,"key":"SMITH"},{"data":"PrismaMod:MiyuUncommonDefend","floor":47.0,"key":"SMITH"},{"floor":49,"key":"RECALL"},{"data":"PrismaMod:MiyuCheapChannelAttack","floor":52,"key":"SMITH"}],"circlet_count":0,"master_deck":["PrismaMod:MiyuCommonDefend","PrismaMod:MiyuCommonDefend+1","PrismaMod:MiyuCommonDefend","PrismaMod:MiyuCommonDefend+1","PrismaMod:MiyuCheapChannelAttack","PrismaMod:MiyuCheapChannelDefend+1","PrismaMod:MiyuUberAOEAttack+1","PrismaMod:MiyuCheapChannelAttack+1","PrismaMod:MiyuCarnivalAttack","PrismaMod:MiyuDevil","PrismaMod:MiyuUncommonPlate+1","PrismaMod:MiyuUncommonDefend+1","PrismaMod:MiyuUncommonDexBuff+1","PrismaMod:MiyuUberAOEAttack+1","PrismaMod:MiyuCarnivalAttack+1","PrismaMod:MiyuEvokeBuffStr+1","PrismaMod:MiyuCheapChannelAttack+1","PrismaMod:MiyuCheapPlate","PrismaMod:MiyuCheapEvoke+1","PrismaMod:MiyuCommonAOEAttack","PrismaMod:MiyuOrbIncreasePerm","PrismaMod:MiyuDefenseRemoval+1","PrismaMod:MiyuBride+1","PrismaMod:MiyuCheapEvoke+1","PrismaMod:MiyuCheapEvoke+1","Finesse+1","Thinking Ahead+1","Mayhem"],"relics":["PrismaMod:PrismaSapphire","Tiny Chest","Girya","InkBottle","White Beast Statue","Black Star","DemoMod:WhiteGuonStone","MawBank","War Paint","DemoMod:LamentConfigurum","DemoMod:MeltedRock","Matryoshka","construct:RocketBooster","Busted Crown","DemoMod:JetPack","Toxic Egg 2","FossilizedHelix","Bag of Preparation","Gremlin Horn","HornCleat","Darkstone Periapt","Oddly Smooth Stone","DemoMod:PoisonVial","DemoMod:MemoryAlloy","Boot","Pocketwatch","Bird Faced Urn"],"acts_visited":["Exordium","Exordium","TheBeyond","TheEnding"],"potions_floor_usage":[48,55,55],"damage_taken":[{"damage":1.0,"enemies":"Jaw Worm","floor":1.0,"turns":4.0},{"damage":0.0,"enemies":"Cultist","floor":3.0,"turns":4.0},{"damage":0.0,"enemies":"Small Slimes","floor":4.0,"turns":4.0},{"damage":7.0,"enemies":"3 Sentries","floor":6.0,"turns":7.0},{"damage":0.0,"enemies":"Blue Slaver","floor":11.0,"turns":3.0},{"damage":0.0,"enemies":"Lagavulin","floor":12.0,"turns":9.0},{"damage":0.0,"enemies":"Exordium Wildlife","floor":14.0,"turns":5.0},{"damage":0.0,"enemies":"The Guardian","floor":16.0,"turns":9.0},{"damage":2.0,"enemies":"theJungle:MUSHROOMGANG","floor":18.0,"turns":4.0},{"damage":6.0,"enemies":"theJungle:Flameango_and_Byrd","floor":19.0,"turns":4.0},{"damage":0.0,"enemies":"theJungle:Lyon","floor":22.0,"turns":5.0},{"damage":6.0,"enemies":"theJungle:2_Phrogs","floor":23.0,"turns":11.0},{"damage":14.0,"enemies":"theJungle:2_Snecko_Cultists","floor":25.0,"turns":3.0},{"damage":19.0,"enemies":"theJungle:2_Flameangoes","floor":28.0,"turns":5.0},{"damage":16.0,"enemies":"Snake Plant","floor":29.0,"turns":4.0},{"damage":0.0,"enemies":"theJungle:QueenSpyder","floor":33.0,"turns":10.0},{"damage":12.0,"enemies":"3 Darklings","floor":35.0,"turns":2.0},{"damage":0.0,"enemies":"3 Shapes","floor":36.0,"turns":3.0},{"damage":10.0,"enemies":"Sphere and 2 Shapes","floor":37.0,"turns":3.0},{"damage":7.0,"enemies":"4 Shapes","floor":39.0,"turns":3.0},{"damage":7.0,"enemies":"Nemesis","floor":40.0,"turns":9.0},{"damage":0.0,"enemies":"Reptomancer","floor":46.0,"turns":4.0},{"damage":0,"enemies":"Maw","floor":48,"turns":5},{"damage":4,"enemies":"Donu and Deca","floor":50,"turns":6},{"damage":0,"enemies":"Shield and Spear","floor":54,"turns":6},{"damage":0,"enemies":"The Heart","floor":55,"turns":4}],"seed_played":"7103401393868752393","potions_obtained":[{"floor":1.0,"key":"SpeedPotion"},{"floor":4.0,"key":"DuplicationPotion"},{"floor":11.0,"key":"Regen Potion"},{"floor":14.0,"key":"Explosive Potion"},{"floor":16.0,"key":"ColorlessPotion"},{"floor":18.0,"key":"FearPotion"},{"floor":19.0,"key":"Fire Potion"},{"floor":22.0,"key":"BlessingOfTheForge"},{"floor":23.0,"key":"Dexterity Potion"},{"floor":28.0,"key":"Regen Potion"},{"floor":29.0,"key":"DemoMod:LeadSkinPotion"},{"floor":33.0,"key":"Dexterity Potion"},{"floor":35.0,"key":"EssenceOfSteel"},{"floor":36.0,"key":"Explosive Potion"},{"floor":37.0,"key":"SpeedPotion"},{"floor":39.0,"key":"SkillPotion"},{"floor":40.0,"key":"Energy Potion"},{"floor":46.0,"key":"Swift Potion"},{"floor":48,"key":"Weak Potion"}],"is_trial":false,"path_per_floor":["M","?","M","M","?","E","R","T","T","$","M","E","R","M","R","B",null,"M","M","?","T","M","E","R","M","T","?","M","M","T","T","R","B",null,"M","M","M","?","M","E","R","?","T","$","T","E","R","M","R","B",null,"R","$","E","B"],"character_chosen":"MIYU","items_purchased":["PrismaMod:MiyuUncommonPlate","HornCleat","Finesse+1","Thinking Ahead+1","Mayhem","Swift Potion","Boot"],"campfire_rested":0,"item_purchase_floors":[10,44,44,44,53,53,53],"current_hp_per_floor":[74,74,74,74,59,52,52,52,52,52,52,52,52,52,52,52,75,73,67,57,57,57,66,66,52,52,52,33,29,29,29,29,29,75,63,63,53,53,46,39,39,39,39,39,39,39,39,39,39,35,75,75,75,75,75,75],"gold":257,"neow_bonus":"RANDOM_COMMON_RELIC","is_daily":false,"chose_seed":false,"campfire_upgraded":5,"win_rate":0.0,"timestamp":1610767924,"path_taken":["M","?","?","M","?","E","R","?","T","?","?","E","R","M","R","BOSS","M","M","?","?","M","E","R","M","T","?","M","?","?","?","R","BOSS","M","M","?","?","M","E","R","?","T","$","?","E","R","M","R","BOSS","R","$","E","BOSS"],"items_purchased_type":["Card","Relic","Card","Card","Card","Potion","Relic"],"build_version":"2020-12-22","purchased_purges":3,"victory":false,"max_hp_per_floor":[75,75,75,75,75,75,75,75,75,75,75,75,75,75,75,75,75,75,75,75,75,75,75,75,75,75,75,75,75,75,75,75,75,75,75,75,75,75,75,75,75,75,75,75,75,75,75,75,75,75,75,75,75,75,75,75],"card_choices":[{"not_picked":["PrismaMod:MiyuCheapChannelVul","PrismaMod:MiyuDefenseExplosion"],"picked":"PrismaMod:MiyuUberAOEAttack","floor":1.0},{"not_picked":["PrismaMod:MiyuCheapChannelRandom","PrismaMod:MiyuCarnivalAttack"],"picked":"PrismaMod:MiyuCheapChannelAttack","floor":3.0},{"not_picked":["PrismaMod:MiyuCheapStrBuff","PrismaMod:MiyuCheapAttack2"],"picked":"PrismaMod:MiyuCarnivalAttack","floor":4.0},{"not_picked":["PrismaMod:MiyuCheapChannelDefend","PrismaMod:MiyuCheapChannelHeal"],"picked":"PrismaMod:MiyuDevil","floor":6.0},{"not_picked":["PrismaMod:MiyuCheapChannelHeal","PrismaMod:MiyuCarnivalAttack"],"picked":"PrismaMod:MiyuUncommonDefend","floor":11.0},{"not_picked":["PrismaMod:MiyuCheapAttack2","PrismaMod:MiyuAttackChannelWeak"],"picked":"PrismaMod:MiyuUncommonDexBuff","floor":12.0},{"not_picked":["PrismaMod:MiyuUncommonStrBuff","PrismaMod:MiyuUncommonDefend"],"picked":"PrismaMod:MiyuUberAOEAttack","floor":14.0},{"not_picked":["PrismaMod:MiyuEvokeAllAttack","PrismaMod:MiyuDefenseAbsorbMinor"],"picked":"PrismaMod:MiyuChannelAttackEvoke","floor":16.0},{"not_picked":["PrismaMod:MiyuEvokeCheapDefend","PrismaMod:MiyuUberAOEAttack+1"],"picked":"PrismaMod:MiyuCarnivalAttack+1","floor":18.0},{"not_picked":["PrismaMod:MiyuUncommonAttack","PrismaMod:MiyuCommonAOEAttack"],"picked":"PrismaMod:MiyuEvokeBuffStr","floor":19.0},{"not_picked":["PrismaMod:MiyuDefenseExplosion","PrismaMod:MiyuCheapDexBuff+1"],"picked":"PrismaMod:MiyuCheapChannelAttack+1","floor":22.0},{"not_picked":["PrismaMod:MiyuCheapDefend1","PrismaMod:MiyuCommonAOEAttack+1"],"picked":"PrismaMod:MiyuCheapPlate","floor":23.0},{"not_picked":["PrismaMod:MiyuCheapChannelWeak+1","PrismaMod:MiyuCheapAttack2"],"picked":"PrismaMod:MiyuCheapEvoke","floor":25.0},{"not_picked":["PrismaMod:MiyuUncommonDefend","PrismaMod:MiyuUncommonDexBuff"],"picked":"PrismaMod:MiyuOrbIncreasePerm","floor":28.0},{"not_picked":["PrismaMod:MiyuAttackChannelVul+1","PrismaMod:MiyuCommonAOEAttack"],"picked":"PrismaMod:MiyuDefenseRemoval+1","floor":29.0},{"not_picked":["PrismaMod:MiyuEvokeAllAttack","PrismaMod:MiyuChannelDefendEvoke"],"picked":"PrismaMod:MiyuBride","floor":33.0},{"not_picked":["PrismaMod:MiyuAttackChannelWeak"],"picked":"SKIP","floor":35.0},{"not_picked":["PrismaMod:MiyuAttackChannelAttack"],"picked":"SKIP","floor":36.0},{"not_picked":[],"picked":"PrismaMod:MiyuCheapEvoke+1","floor":37.0},{"not_picked":["PrismaMod:MiyuCheapAttack2"],"picked":"SKIP","floor":39.0},{"not_picked":[],"picked":"PrismaMod:MiyuCheapEvoke+1","floor":40.0},{"not_picked":["PrismaMod:MiyuCommonAOEAttack+1"],"picked":"SKIP","floor":46.0},{"not_picked":["PrismaMod:MiyuEvokeBuffDex+1"],"picked":"SKIP","floor":48},{"not_picked":["PrismaMod:MiyuCheapChannelVul+1"],"picked":"SKIP","floor":54}],"player_experience":111116,"relics_obtained":[{"floor":6.0,"key":"Girya"},{"floor":8.0,"key":"InkBottle"},{"floor":12.0,"key":"White Beast Statue"},{"floor":21.0,"key":"DemoMod:WhiteGuonStone"},{"floor":23.0,"key":"MawBank"},{"floor":23.0,"key":"War Paint"},{"floor":26.0,"key":"DemoMod:LamentConfigurum"},{"floor":30.0,"key":"DemoMod:MeltedRock"},{"floor":31.0,"key":"Matryoshka"},{"floor":40.0,"key":"Toxic Egg 2"},{"floor":40.0,"key":"FossilizedHelix"},{"floor":43.0,"key":"Bag of Preparation"},{"floor":43.0,"key":"Gremlin Horn"},{"floor":45.0,"key":"Darkstone Periapt"},{"floor":45.0,"key":"Oddly Smooth Stone"},{"floor":46.0,"key":"DemoMod:PoisonVial"},{"floor":46.0,"key":"DemoMod:MemoryAlloy"},{"floor":54,"key":"Pocketwatch"},{"floor":54,"key":"Bird Faced Urn"}],"event_choices":[{"cards_removed":["PrismaMod:MiyuCommonAttack"],"damage_healed":0.0,"max_hp_gain":0.0,"max_hp_loss":0.0,"gold_gain":0.0,"event_name":"Purifier","player_choice":"Purged","floor":2.0,"gold_loss":0.0,"damage_taken":0.0},{"damage_healed":0.0,"max_hp_gain":0.0,"max_hp_loss":0.0,"gold_gain":0.0,"event_name":"Shining Light","player_choice":"Entered Light","floor":5.0,"gold_loss":0.0,"damage_taken":15.0,"cards_upgraded":["PrismaMod:MiyuCommonDefend","PrismaMod:MiyuCheapChannelDefend"]},{"damage_healed":0.0,"max_hp_gain":0.0,"max_hp_loss":0.0,"gold_gain":0.0,"cards_transformed":["PrismaMod:MiyuCommonDefend"],"event_name":"Transmorgrifier","player_choice":"Transformed","floor":27.0,"gold_loss":0.0,"damage_taken":0.0,"cards_obtained":["PrismaMod:MiyuCommonAOEAttack"]},{"damage_healed":0.0,"max_hp_gain":0.0,"max_hp_loss":0.0,"gold_gain":0.0,"event_name":"Tomb of Lord Red Mask","player_choice":"Ignored","floor":38.0,"gold_loss":0.0,"damage_taken":0.0},{"cards_removed":["PrismaMod:MiyuChannelAttackEvoke"],"damage_healed":0.0,"max_hp_gain":0.0,"max_hp_loss":0.0,"gold_gain":0.0,"event_name":"Falling","player_choice":"Removed Attack","floor":42.0,"gold_loss":0.0,"damage_taken":0.0}],"is_beta":false,"boss_relics":[{"not_picked":["Runic Pyramid","Tiny House"],"picked":"Black Star"},{"not_picked":["Runic Dome","Fusion Hammer"],"picked":"Busted Crown"}],"items_purged_floors":[10,44,53],"is_endless":false,"potions_floor_spawned":[1,4,11,14,16,18,19,22,23,25,28,29,33,35,36,37,39,40,46,48,54],"killed_by":"The Heart","ascension_level":0}}