{"host":"hn99riirbf0lv0ml","time":1610814075,"event":{"mods":["AchievementEnabler","Act Like it!","Bard","BaseMod","Beaked The Cultist","Colored Map","Colored Powertips","Conspire","Duelist Mod","Friendly Minions","Gensokyo","GifTheSpireLib","Glutton Mod","Halation","Jorbs\u0027s Wanderer Trilogy","Mad Scientist","Marisa????????","Minty Spire (QoL Compilation)","Rare Cards Sparkle","Replay The Spire","StSLib","The Blackbeard","The Bug Knight","The Construct","The Cursed","The Disciple","The Mystic","The Runesmith","The Servant 0.9.4","The Witch"],"gold_per_floor":[114,126,3,22,102,102,102,131,184,184,184,406,406,429,429,451,451],"floor_reached":16,"language":"ENG","playtime":1495,"items_purged":[],"score":98,"play_id":"f6d82e21-c689-42be-8b9d-22b6e447b45d","local_time":"20210116112115","is_ascension_mode":false,"campfire_choices":[{"floor":6,"key":"REST"},{"floor":10,"key":"REST"},{"data":"Dualcast","floor":13,"key":"SMITH"},{"floor":15,"key":"REST"}],"circlet_count":0,"master_deck":["Strike_B","Strike_B","Strike_B","Defend_B","Defend_B","Defend_B","Defend_B","Zap","Dualcast+1","Rebound","Panic Button","Sweeping Beam","Mirror Shield","Hologram","Ball Lightning"],"relics":["Cracked Core","halation:PinkSoulGem","Replay:Rubber Ducky","Replay:Bandana","Shuriken","Pet Ghost"],"acts_visited":["Gensokyo:Gensokyo"],"potions_floor_usage":[16,16],"damage_taken":[{"damage":2,"enemies":"Gensokyo:2_Kodama","floor":1,"turns":3},{"damage":9,"enemies":"Gensokyo:Gryphon","floor":2,"turns":4},{"damage":15,"enemies":"Gensokyo:Python","floor":4,"turns":6},{"damage":27,"enemies":"Gensokyo:Mamizou","floor":8,"turns":9},{"damage":16,"enemies":"Gensokyo:2_Rabbits","floor":12,"turns":4},{"damage":72,"enemies":"Gensokyo:Reimu","floor":16,"turns":9}],"seed_played":"-3030826117041661475","potions_obtained":[{"floor":1,"key":"SteroidPotion"},{"floor":2,"key":"Milkshake"}],"is_trial":false,"path_per_floor":["M","M","COS","M","?","R","?","E","T","R","?","M","R","T","R","B"],"character_chosen":"DEFECT","items_purchased":[],"campfire_rested":3,"item_purchase_floors":[],"current_hp_per_floor":[73,64,64,49,49,71,71,44,44,66,66,50,50,50,72,0,0],"gold":451,"neow_bonus":"REMOVE_CARD","is_daily":false,"chose_seed":false,"campfire_upgraded":1,"win_rate":0.0,"timestamp":1610814075,"path_taken":["M","M","COS","M","?","R","?","E","T","R","?","?","R","?","R","BOSS"],"items_purchased_type":[],"build_version":"2020-12-22","purchased_purges":0,"victory":false,"max_hp_per_floor":[75,75,75,75,75,75,75,75,75,75,75,75,75,75,75,75,75],"card_choices":[{"not_picked":["Recycle","Capacitor"],"picked":"Rebound","floor":1},{"not_picked":["Stack","Gash"],"picked":"Panic Button","floor":2},{"not_picked":["BasicCrystalCard","Panic Button"],"picked":"Sweeping Beam","floor":4},{"not_picked":["Machine Learning","ReplayTheSpireMod:Fabricate Wheel"],"picked":"Mirror Shield","floor":8},{"not_picked":["Steam Power","Recycle"],"picked":"Hologram","floor":8},{"not_picked":["Stack","Leap"],"picked":"Ball Lightning","floor":12}],"player_experience":166568,"relics_obtained":[{"floor":8,"key":"Replay:Rubber Ducky"},{"floor":9,"key":"Replay:Bandana"},{"floor":14,"key":"Pet Ghost"}],"event_choices":[],"is_beta":false,"boss_relics":[],"items_purged_floors":[],"is_endless":false,"potions_floor_spawned":[1,2],"killed_by":"Gensokyo:Reimu","ascension_level":0}}