{"host":"1a3cjta80tad0aqj","time":1610818904,"event":{"mods":["2.2 Compatiblity","AchievementEnabler","BaseMod","Colored Map","DeckTracker","KOR Keyword Fix","Keyboard Shortcuts","Minty Spire (QoL Compilation)","Permanent Neow","Quick Restart","Random Character Button","StSLib","SuperFastMode","everything is the same but u backflip on backflip"],"gold_per_floor":[117,129,26,26,26,54,54,74,120,120,120,139,139,171,171,171,171],"floor_reached":16,"language":"KOR","playtime":654,"items_purged":[],"score":113,"play_id":"0e60b128-80ed-44a6-832c-4a3f67be4e76","local_time":"20210117024144","is_ascension_mode":true,"campfire_choices":[{"floor":7.0,"key":"REST"},{"floor":10.0,"key":"RECALL"},{"floor":13,"key":"REST"},{"data":"Double Energy","floor":15,"key":"SMITH"}],"circlet_count":0,"master_deck":["Strike_B","Strike_B+1","Strike_B","Strike_B","Defend_B","Defend_B","Defend_B","Defend_B","Zap","Dualcast+1","Sunder","BootSequence+1","Leap","Melter","All For One","Hologram","Rebound","Reinforced Body","Go for the Eyes","Double Energy+1"],"relics":["Cracked Core","Blood Vial","Dream Catcher","Ancient Tea Set","Art of War"],"acts_visited":["Exordium"],"potions_floor_usage":[],"damage_taken":[{"damage":6.0,"enemies":"Small Slimes","floor":1.0,"turns":3.0},{"damage":6.0,"enemies":"2 Louse","floor":2.0,"turns":2.0},{"damage":6.0,"enemies":"Gremlin Nob","floor":6.0,"turns":4.0},{"damage":2.0,"enemies":"Jaw Worm","floor":8.0,"turns":3.0},{"damage":3,"enemies":"Lots of Slimes","floor":12,"turns":3},{"damage":18,"enemies":"3 Sentries","floor":14,"turns":7},{"damage":54,"enemies":"Hexaghost","floor":16,"turns":9}],"seed_played":"-7512441418184972896","potions_obtained":[{"floor":1.0,"key":"Block Potion"},{"floor":6.0,"key":"Swift Potion"}],"is_trial":false,"path_per_floor":["M","M","$","?","?","E","R","M","T","R","?","M","R","E","R","B"],"character_chosen":"DEFECT","items_purchased":["Leap","Melter"],"campfire_rested":2,"item_purchase_floors":[3,3],"current_hp_per_floor":[69,63,63,48,41,37,59,59,59,59,64,63,80,62,62,10,10],"gold":171,"neow_bonus":"UPGRADE_CARD","is_daily":false,"chose_seed":false,"campfire_upgraded":1,"win_rate":0.0,"timestamp":1610818904,"path_taken":["M","M","$","?","?","E","R","M","T","R","?","M","R","E","R","BOSS"],"items_purchased_type":["Card","Card"],"build_version":"2020-12-22","purchased_purges":0,"victory":false,"max_hp_per_floor":[75,75,75,75,75,75,75,75,75,75,80,80,80,80,80,80,80],"card_choices":[{"not_picked":["Chill","Stack"],"picked":"Sunder","floor":1.0},{"not_picked":["Turbo","Sweeping Beam"],"picked":"BootSequence","floor":2.0},{"not_picked":["Turbo","Amplify"],"picked":"All For One","floor":6.0},{"not_picked":["Barrage","Hello World"],"picked":"Hologram","floor":7.0},{"not_picked":["Reprogram","Sunder"],"picked":"Rebound","floor":8.0},{"not_picked":["Hello World","Leap"],"picked":"Reinforced Body","floor":12},{"not_picked":["Hello World","Scrape"],"picked":"Go for the Eyes","floor":13},{"not_picked":["Cold Snap","Gash"],"picked":"Double Energy","floor":14}],"player_experience":683072,"relics_obtained":[{"floor":6.0,"key":"Dream Catcher"},{"floor":9.0,"key":"Ancient Tea Set"},{"floor":14,"key":"Art of War"}],"event_choices":[{"damage_healed":0.0,"max_hp_gain":0.0,"max_hp_loss":0.0,"gold_gain":0.0,"event_name":"Shining Light","player_choice":"Entered Light","floor":4.0,"gold_loss":0.0,"damage_taken":15.0,"cards_upgraded":["Strike_B","BootSequence"]},{"damage_healed":0.0,"max_hp_gain":0.0,"max_hp_loss":0.0,"gold_gain":0.0,"event_name":"Scrap Ooze","player_choice":"Success","floor":5.0,"gold_loss":0.0,"damage_taken":7.0,"relics_obtained":["Blood Vial"]},{"damage_healed":0,"gold_gain":0,"player_choice":"Donut","damage_taken":0,"max_hp_gain":5,"max_hp_loss":0,"event_name":"Big Fish","floor":11,"gold_loss":0}],"is_beta":false,"boss_relics":[],"items_purged_floors":[],"is_endless":false,"potions_floor_spawned":[1,6],"killed_by":"Hexaghost","ascension_level":1}}