{"host":"x5anfo2w8aotfuta","time":1610763843,"event":{"mods":["AchievementEnabler","BaseMod","Bestiary","Block Reminder","Colored Map","Colored Powertips","DeckTracker","Highlight Path","Minty Spire (QoL Compilation)","Quick Restart","Rare Cards Sparkle","Relic Stats","StSLib"],"gold_per_floor":[112,122,135,135,152,178,178,207,207,207,225,235,235,248,248,344,344,358,383,396,411,427,427,460,476,476,493,522,522,536,569,569,672,672,684,701,716,340,354,384,396,43,43,43,265,292,164,177,177,177,177,177,47,77,77,77],"floor_reached":55,"language":"ENG","playtime":4877,"items_purged":["Strike_P","Defend_P","Consecrate"],"score":1035,"play_id":"378cf935-cda4-4720-a852-1334213676dd","local_time":"20210115182403","is_ascension_mode":true,"campfire_choices":[{"data":"Wallop","floor":7.0,"key":"SMITH"},{"data":"Eruption","floor":10.0,"key":"SMITH"},{"data":"CutThroughFate","floor":13.0,"key":"SMITH"},{"data":"Tantrum","floor":15.0,"key":"SMITH"},{"data":"EmptyBody","floor":23,"key":"SMITH"},{"floor":29,"key":"REST"},{"floor":32,"key":"REST"},{"data":"TalkToTheHand","floor":41,"key":"SMITH"},{"floor":49,"key":"RECALL"},{"data":"MentalFortress","floor":52,"key":"SMITH"}],"circlet_count":0,"master_deck":["Defend_P+1","Defend_P","Eruption+1","Vigilance+1","PathToVictory+1","EmptyFist+1","ThirdEye+1","Wallop+1","CutThroughFate+1","EmptyBody+1","Tantrum+1","DeusExMachina","CurseOfTheBell","FlurryOfBlows","Perseverance+1","FlurryOfBlows+1","TalkToTheHand+1","FlurryOfBlows","EmptyBody+1","Tantrum","EmptyBody","Halt","ClearTheMind+1","ThirdEye","MentalFortress+1","WheelKick+1","DeusExMachina","Wallop+1","Wireheading+1","DeceiveReality","TalkToTheHand","Wallop+1"],"relics":["Astrolabe","Smiling Mask","Oddly Smooth Stone","Calling Bell","Happy Flower","Blue Candle","StoneCalendar","Red Mask","Shuriken","Bottled Lightning","War Paint","Boot","Philosopher\u0027s Stone","Pen Nib","Toolbox","MawBank","Bag of Preparation","Orrery","Damaru","White Beast Statue","Nunchaku"],"acts_visited":["Exordium","TheCity","TheBeyond","TheEnding"],"potions_floor_usage":[22,24,25,37,50,55],"damage_taken":[{"damage":0.0,"enemies":"Jaw Worm","floor":1.0,"turns":2.0},{"damage":0.0,"enemies":"Cultist","floor":2.0,"turns":2.0},{"damage":0.0,"enemies":"Small Slimes","floor":3.0,"turns":3.0},{"damage":2.0,"enemies":"2 Fungi Beasts","floor":5.0,"turns":4.0},{"damage":0.0,"enemies":"Gremlin Nob","floor":6.0,"turns":2.0},{"damage":10.0,"enemies":"3 Sentries","floor":8.0,"turns":10.0},{"damage":0.0,"enemies":"Looter","floor":11.0,"turns":2.0},{"damage":0.0,"enemies":"Large Slime","floor":12.0,"turns":3.0},{"damage":0.0,"enemies":"Blue Slaver","floor":14.0,"turns":1.0},{"damage":27.0,"enemies":"Hexaghost","floor":16.0,"turns":7.0},{"damage":0.0,"enemies":"Shell Parasite","floor":18.0,"turns":2.0},{"damage":11.0,"enemies":"Masked Bandits","floor":19.0,"turns":3.0},{"damage":0.0,"enemies":"Chosen","floor":20.0,"turns":4.0},{"damage":13.0,"enemies":"Snake Plant","floor":21.0,"turns":4.0},{"damage":2,"enemies":"Centurion and Healer","floor":22,"turns":4},{"damage":18,"enemies":"Slavers","floor":24,"turns":3},{"damage":4,"enemies":"Shelled Parasite and Fungi","floor":25,"turns":3},{"damage":10,"enemies":"Snake Plant","floor":27,"turns":3},{"damage":0,"enemies":"Book of Stabbing","floor":28,"turns":4},{"damage":3,"enemies":"Centurion and Healer","floor":30,"turns":3},{"damage":21,"enemies":"Slavers","floor":31,"turns":4},{"damage":2,"enemies":"Collector","floor":33,"turns":5},{"damage":1,"enemies":"Orb Walker","floor":35,"turns":4},{"damage":0,"enemies":"3 Shapes","floor":36,"turns":5},{"damage":13,"enemies":"Writhing Mass","floor":37,"turns":4},{"damage":0,"enemies":"3 Darklings","floor":39,"turns":4},{"damage":3,"enemies":"Giant Head","floor":40,"turns":7},{"damage":11,"enemies":"Reptomancer","floor":46,"turns":3},{"damage":0,"enemies":"4 Shapes","floor":48,"turns":2},{"damage":28,"enemies":"Awakened One","floor":50,"turns":8},{"damage":11,"enemies":"Shield and Spear","floor":54,"turns":6},{"damage":81,"enemies":"The Heart","floor":55,"turns":5}],"seed_played":"3454912300961794802","potions_obtained":[{"floor":1.0,"key":"DistilledChaos"},{"floor":5.0,"key":"FearPotion"},{"floor":6.0,"key":"Dexterity Potion"},{"floor":11.0,"key":"SpeedPotion"},{"floor":16.0,"key":"Dexterity Potion"},{"floor":18.0,"key":"SteroidPotion"},{"floor":20.0,"key":"SkillPotion"},{"floor":22,"key":"SteroidPotion"},{"floor":24,"key":"FairyPotion"},{"floor":30,"key":"CultistPotion"},{"floor":33,"key":"Ancient Potion"},{"floor":36,"key":"AttackPotion"},{"floor":39,"key":"SpeedPotion"},{"floor":48,"key":"LiquidBronze"},{"floor":54,"key":"BottledMiracle"}],"is_trial":false,"path_per_floor":["M","M","M","?","M","E","R","E","T","R","M","M","R","M","R","B",null,"M","?","M","M","M","R","E","M","T","M","E","R","M","E","R","B",null,"M","M","M","$","M","E","R","$","T","?","?","E","$","M","R","B",null,"R","$","E","B"],"character_chosen":"WATCHER","items_purchased":["Halt","Pen Nib","Toolbox","MentalFortress","Bag of Preparation","Orrery","Regen Potion","TalkToTheHand"],"campfire_rested":2,"item_purchase_floors":[38,38,38,42,42,42,47,53],"current_hp_per_floor":[72,72,72,72,70,70,70,60,60,60,60,60,60,60,60,33,62,62,51,51,38,36,36,18,14,14,4,4,25,22,1,22,20,59,58,58,45,45,45,42,42,42,42,42,42,31,31,31,31,18,59,59,59,48,0,0],"gold":77,"neow_bonus":"BOSS_RELIC","is_daily":false,"chose_seed":false,"campfire_upgraded":7,"win_rate":0.0,"timestamp":1610763843,"path_taken":["M","M","M","?","M","E","R","E","T","R","M","M","R","?","R","BOSS","M","?","M","M","M","R","E","M","T","M","E","R","M","E","R","BOSS","M","M","M","$","M","E","R","$","T","?","?","E","$","M","R","BOSS","R","$","E","BOSS"],"items_purchased_type":["Card","Relic","Relic","Card","Relic","Relic","Potion","Card"],"build_version":"2020-12-22","purchased_purges":3,"victory":false,"max_hp_per_floor":[72,72,72,72,72,72,72,72,72,72,72,72,72,72,72,72,72,72,72,72,72,72,72,72,72,72,72,72,72,72,72,72,72,72,72,72,72,72,72,72,72,72,72,72,72,72,72,72,72,72,72,72,72,72,72,72],"relic_stats":{"Happy Flower":[30],"counters":[32,126],"Astrolabe":["PathToVictory","EmptyFist","ThirdEye"],"Blue Candle":[1],"StoneCalendar":[52],"Pen Nib":[14],"Bag of Preparation":[10],"War Paint":["Vigilance","Defend_P"],"Smiling Mask":150,"Boot":[88],"MawBank":24,"Nunchaku":[2],"Shuriken":[67],"obtain_stats":[{"Happy Flower":17,"Astrolabe":0,"Blue Candle":17,"Oddly Smooth Stone":8,"Damaru":43,"StoneCalendar":17,"Pen Nib":38,"Bag of Preparation":42,"War Paint":28,"Smiling Mask":6,"Boot":31,"MawBank":40,"White Beast Statue":46,"Calling Bell":17,"Nunchaku":54,"Shuriken":24,"Toolbox":38,"Orrery":42,"Philosopher\u0027s Stone":34,"Red Mask":19,"Bottled Lightning":26,"PureWater":0},{"Happy Flower":10,"Astrolabe":0,"Blue Candle":10,"Oddly Smooth Stone":6,"Damaru":27,"StoneCalendar":10,"Pen Nib":25,"Bag of Preparation":27,"War Paint":19,"Smiling Mask":5,"Boot":21,"MawBank":27,"White Beast Statue":28,"Calling Bell":10,"Nunchaku":31,"Shuriken":16,"Toolbox":25,"Orrery":27,"Philosopher\u0027s Stone":22,"Red Mask":12,"Bottled Lightning":17,"PureWater":0},{"Happy Flower":36,"Astrolabe":0,"Blue Candle":36,"Oddly Smooth Stone":23,"Damaru":102,"StoneCalendar":36,"Pen Nib":91,"Bag of Preparation":102,"War Paint":66,"Smiling Mask":13,"Boot":73,"MawBank":102,"White Beast Statue":105,"Calling Bell":36,"Nunchaku":121,"Shuriken":56,"Toolbox":91,"Orrery":102,"Philosopher\u0027s Stone":78,"Red Mask":41,"Bottled Lightning":59,"PureWater":0}]},"card_choices":[{"not_picked":["LikeWater","SandsOfTime"],"picked":"Consecrate","floor":1.0},{"not_picked":["CrushJoints","BowlingBash","WreathOfFlame"],"picked":"SKIP","floor":2.0},{"not_picked":["FlyingSleeves","Prostrate","CarveReality"],"picked":"SKIP","floor":3.0},{"not_picked":["ReachHeaven","Protect"],"picked":"Wallop","floor":5.0},{"not_picked":["JustLucky","EmptyMind"],"picked":"CutThroughFate","floor":6.0},{"not_picked":["FlyingSleeves","ReachHeaven","Nirvana"],"picked":"SKIP","floor":8.0},{"not_picked":["JustLucky","Pray"],"picked":"EmptyBody","floor":11.0},{"not_picked":["CrushJoints","ReachHeaven"],"picked":"Tantrum","floor":12.0},{"not_picked":["EmptyFist","BowlingBash","Crescendo"],"picked":"SKIP","floor":14.0},{"not_picked":["ConjureBlade","Alpha"],"picked":"DeusExMachina","floor":16.0},{"not_picked":["Prostrate+1","WheelKick+1"],"picked":"FlurryOfBlows","floor":18.0},{"not_picked":["EmptyBody","FlyingSleeves"],"picked":"Perseverance+1","floor":19.0},{"not_picked":["Consecrate","Halt"],"picked":"FlurryOfBlows+1","floor":20.0},{"not_picked":["ClearTheMind","Adaptation"],"picked":"TalkToTheHand","floor":21},{"not_picked":["Evaluate","SashWhip"],"picked":"FlurryOfBlows","floor":22},{"not_picked":["FlurryOfBlows","BattleHymn+1","ThirdEye"],"picked":"SKIP","floor":24},{"not_picked":["Vengeance","SandsOfTime+1","CrushJoints"],"picked":"SKIP","floor":25},{"not_picked":["Devotion","FlurryOfBlows"],"picked":"EmptyBody+1","floor":27},{"not_picked":["EmptyMind","PathToVictory","Swivel+1"],"picked":"SKIP","floor":28},{"not_picked":["EmptyMind","PathToVictory","Swivel+1"],"picked":"SKIP","floor":28},{"not_picked":["Consecrate","EmptyFist","WindmillStrike+1"],"picked":"SKIP","floor":30},{"not_picked":["Sanctity+1","SandsOfTime+1"],"picked":"Tantrum","floor":31},{"not_picked":["Crescendo+1","FlurryOfBlows+1","SandsOfTime"],"picked":"SKIP","floor":35},{"not_picked":["WreathOfFlame+1","Crescendo+1","Evaluate"],"picked":"SKIP","floor":36},{"not_picked":["Vengeance","PathToVictory","EmptyBody"],"picked":"SKIP","floor":37},{"not_picked":["Vengeance","PathToVictory"],"picked":"EmptyBody","floor":37},{"not_picked":["PathToVictory","WreathOfFlame"],"picked":"ClearTheMind+1","floor":39},{"not_picked":["Crescendo+1","Blasphemy"],"picked":"ThirdEye","floor":40},{"not_picked":["ConjureBlade","DeceiveReality"],"picked":"WheelKick+1","floor":42},{"not_picked":["ConjureBlade","FollowUp+1"],"picked":"DeusExMachina","floor":42},{"not_picked":["Study","Perseverance+1"],"picked":"Wallop+1","floor":42},{"not_picked":["CrushJoints","SignatureMove+1"],"picked":"Wireheading+1","floor":42},{"not_picked":["Consecrate+1","ReachHeaven"],"picked":"DeceiveReality","floor":46},{"not_picked":["PathToVictory+1","SashWhip","Collect"],"picked":"SKIP","floor":48},{"not_picked":["EmptyBody","JustLucky+1"],"picked":"Wallop+1","floor":54}],"player_experience":450200,"relics_obtained":[{"floor":6.0,"key":"Smiling Mask"},{"floor":8.0,"key":"Oddly Smooth Stone"},{"floor":17.0,"key":"Happy Flower"},{"floor":17.0,"key":"Blue Candle"},{"floor":17.0,"key":"StoneCalendar"},{"floor":19.0,"key":"Red Mask"},{"floor":24,"key":"Shuriken"},{"floor":26,"key":"Bottled Lightning"},{"floor":28,"key":"War Paint"},{"floor":31,"key":"Boot"},{"floor":40,"key":"MawBank"},{"floor":43,"key":"Damaru"},{"floor":46,"key":"White Beast Statue"},{"floor":54,"key":"Nunchaku"}],"event_choices":[{"cards_removed":["Strike_P"],"damage_healed":0.0,"max_hp_gain":0.0,"max_hp_loss":0.0,"gold_gain":0.0,"event_name":"Bonfire Elementals","player_choice":"Offered Basic","floor":4.0,"gold_loss":0.0,"damage_taken":0.0},{"damage_healed":0.0,"max_hp_gain":0.0,"max_hp_loss":0.0,"gold_gain":0.0,"event_name":"Masked Bandits","player_choice":"Fought Bandits","floor":19.0,"gold_loss":0.0,"damage_taken":0.0},{"damage_healed":0,"gold_gain":0,"player_choice":"Ignored","damage_taken":0,"max_hp_gain":0,"max_hp_loss":0,"event_name":"Mysterious Sphere","floor":44,"gold_loss":0},{"damage_healed":0,"gold_gain":222,"player_choice":"Wore Mask","damage_taken":0,"max_hp_gain":0,"max_hp_loss":0,"event_name":"Tomb of Lord Red Mask","floor":45,"gold_loss":0}],"is_beta":false,"boss_relics":[{"not_picked":["SlaversCollar","Runic Dome"],"picked":"Calling Bell"},{"not_picked":["Coffee Dripper","Velvet Choker"],"picked":"Philosopher\u0027s Stone"}],"items_purged_floors":[38,47,53],"is_endless":false,"potions_floor_spawned":[1,5,6,11,16,18,20,22,24,30,33,36,39,48,54],"killed_by":"The Heart","ascension_level":5}}