{"host":"oehe2dxjvdgux73m","time":1610811137,"event":{"mods":["AchievementEnabler","BaseMod","Colored Map","Colored Powertips","DeckTracker","Keyboard Shortcuts","Minty Spire (QoL Compilation)","Permanent Neow","Quick Restart","StSLib","SuperFastMode"],"gold_per_floor":[212,4,4,14,25,25,100,135,135,135,135,147,159,174,174,248,248,263,263,273,284,199,199,216,249,249,249,13,25,56,68,68,143,143,155,80,97,111,127,127,162,181,181,181,181,22,42,42,42,42],"floor_reached":51,"language":"KOR","playtime":2433,"items_purged":["Strike_G","Strike_G"],"score":1319,"play_id":"7d9d847b-30df-477b-9d08-f274545270ab","local_time":"20210117003217","is_ascension_mode":true,"campfire_choices":[{"data":"Apotheosis","floor":6.0,"key":"SMITH"},{"floor":11.0,"key":"REST"},{"data":"Dash","floor":15.0,"key":"SMITH"},{"data":"Neutralize","floor":23.0,"key":"SMITH"},{"data":"Footwork","floor":27.0,"key":"SMITH"},{"data":"Noxious Fumes","floor":32.0,"key":"SMITH"},{"data":"A Thousand Cuts","floor":40.0,"key":"SMITH"},{"data":"Underhanded Strike","floor":44.0,"key":"SMITH"},{"data":"Heel Hook","floor":49,"key":"SMITH"}],"circlet_count":0,"master_deck":["AscendersBane","Defend_G","Defend_G","Defend_G","Defend_G","Defend_G","Survivor","Neutralize+1","Dash+1","Apotheosis+1","Underhanded Strike+1","Dagger Spray","PiercingWail+1","Noxious Fumes+1","Crippling Poison+1","Footwork+1","Venomology+1","Blade Dance+1","Noxious Fumes+1","Escape Plan+1","Calculated Gamble+1","Tactician+1","Well Laid Plans","Heel Hook+1","Acrobatics+1","Prepared+1","A Thousand Cuts+1","PiercingWail+1","Dodge and Roll+1","Blur+1","Outmaneuver+1","Deadly Poison+1"],"relics":["Ring of the Snake","Toxic Egg 2","Bottled Lightning","InkBottle","Coffee Dripper","Gambling Chip","Red Mask","Centennial Puzzle","Eternal Feather","Empty Cage","Boot"],"acts_visited":["Exordium","TheCity","TheBeyond"],"potions_floor_usage":[47,50,50],"damage_taken":[{"damage":6.0,"enemies":"Cultist","floor":1.0,"turns":5.0},{"damage":4.0,"enemies":"Small Slimes","floor":4.0,"turns":4.0},{"damage":2.0,"enemies":"Jaw Worm","floor":5.0,"turns":4.0},{"damage":32.0,"enemies":"Lagavulin","floor":8.0,"turns":7.0},{"damage":0.0,"enemies":"3 Louse","floor":12.0,"turns":3.0},{"damage":4.0,"enemies":"2 Fungi Beasts","floor":13.0,"turns":3.0},{"damage":0.0,"enemies":"Red Slaver","floor":14.0,"turns":4.0},{"damage":5.0,"enemies":"The Guardian","floor":16.0,"turns":12.0},{"damage":0.0,"enemies":"3 Byrds","floor":18.0,"turns":4.0},{"damage":20.0,"enemies":"Spheric Guardian","floor":20.0,"turns":6.0},{"damage":4.0,"enemies":"Centurion and Healer","floor":21.0,"turns":6.0},{"damage":5.0,"enemies":"Snecko","floor":24.0,"turns":4.0},{"damage":9.0,"enemies":"Masked Bandits","floor":25.0,"turns":4.0},{"damage":5.0,"enemies":"3 Cultists","floor":29.0,"turns":4.0},{"damage":2.0,"enemies":"Book of Stabbing","floor":30.0,"turns":5.0},{"damage":4.0,"enemies":"Centurion and Healer","floor":31.0,"turns":5.0},{"damage":12.0,"enemies":"Collector","floor":33.0,"turns":9.0},{"damage":6.0,"enemies":"3 Shapes","floor":35.0,"turns":5.0},{"damage":14.0,"enemies":"3 Darklings","floor":37.0,"turns":4.0},{"damage":6.0,"enemies":"Sphere and 2 Shapes","floor":38.0,"turns":5.0},{"damage":3.0,"enemies":"Transient","floor":39.0,"turns":6.0},{"damage":8.0,"enemies":"Giant Head","floor":41.0,"turns":10.0},{"damage":0.0,"enemies":"Maw","floor":42.0,"turns":7.0},{"damage":4,"enemies":"3 Darklings","floor":47,"turns":4},{"damage":58,"enemies":"Awakened One","floor":50,"turns":14}],"seed_played":"8159308732230722399","potions_obtained":[{"floor":1.0,"key":"AttackPotion"},{"floor":8.0,"key":"SpeedPotion"},{"floor":12.0,"key":"LiquidBronze"},{"floor":16.0,"key":"DuplicationPotion"},{"floor":21.0,"key":"Regen Potion"},{"floor":24.0,"key":"FearPotion"},{"floor":31.0,"key":"SpeedPotion"},{"floor":35.0,"key":"FearPotion"}],"is_trial":false,"path_per_floor":["M","$","$","M","M","R","?","E","T","T","R","M","M","M","R","B",null,"M","?","M","M","?","R","M","?","T","R","$","M","E","M","R","B",null,"M","?","M","M","M","R","E","M","T","R","?","$","M","$","R","B",null],"character_chosen":"THE_SILENT","items_purchased":["Apotheosis","Tactician+1","Well Laid Plans","Deadly Poison+1"],"campfire_rested":1,"item_purchase_floors":[2,28,28,46],"current_hp_per_floor":[53,53,53,49,47,47,36,4,4,4,23,23,19,19,19,14,53,53,53,47,43,43,43,52,43,43,43,43,38,36,32,50,38,59,53,53,39,33,30,48,40,40,40,58,58,58,54,54,63,5],"gold":42,"neow_bonus":"HUNDRED_GOLD","is_daily":false,"chose_seed":false,"campfire_upgraded":8,"win_rate":0.0,"timestamp":1610811137,"path_taken":["M","?","$","M","M","R","?","E","T","?","R","M","M","M","R","BOSS","M","?","M","M","?","R","M","?","T","R","$","M","E","M","R","BOSS","M","?","M","M","?","R","E","M","T","R","?","?","M","$","R","BOSS"],"items_purchased_type":["Card","Card","Card","Card"],"build_version":"2020-12-22","purchased_purges":2,"victory":true,"max_hp_per_floor":[66,66,66,66,66,66,66,66,66,66,66,66,66,66,66,66,66,66,66,66,66,66,66,66,66,66,66,66,66,66,66,66,66,66,66,66,66,66,66,66,66,66,66,66,63,63,63,63,63,63],"card_choices":[{"not_picked":["Eviscerate","Caltrops"],"picked":"Dash","floor":1.0},{"not_picked":["Sucker Punch","Acrobatics"],"picked":"Underhanded Strike","floor":4.0},{"not_picked":["Eviscerate","Flying Knee"],"picked":"Dagger Spray","floor":5.0},{"not_picked":["Dash","Expertise+1"],"picked":"PiercingWail+1","floor":8.0},{"not_picked":["Distraction+1","Reflex+1"],"picked":"Noxious Fumes","floor":12.0},{"not_picked":["Poisoned Stab","Blade Dance+1"],"picked":"Crippling Poison+1","floor":13.0},{"not_picked":["Quick Slash","Outmaneuver+1"],"picked":"Footwork","floor":14.0},{"not_picked":["Doppelganger+1","Glass Knife"],"picked":"Venomology+1","floor":16.0},{"not_picked":["Outmaneuver+1","Underhanded Strike","Caltrops"],"picked":"SKIP","floor":18.0},{"not_picked":["Slice","Dodge and Roll+1"],"picked":"Blade Dance+1","floor":20.0},{"not_picked":["Flying Knee","Envenom"],"picked":"Noxious Fumes+1","floor":21.0},{"not_picked":["Infinite Blades","Dodge and Roll+1"],"picked":"Escape Plan+1","floor":24.0},{"not_picked":["PiercingWail+1","Setup+1"],"picked":"Calculated Gamble+1","floor":25.0},{"not_picked":["Slice","All Out Attack"],"picked":"Heel Hook","floor":29.0},{"not_picked":["Accuracy","Finisher"],"picked":"Acrobatics+1","floor":30.0},{"not_picked":["Dagger Spray","Outmaneuver+1"],"picked":"Prepared+1","floor":31.0},{"not_picked":["Venomology+1","Phantasmal Killer+1"],"picked":"A Thousand Cuts","floor":33.0},{"not_picked":["Calculated Gamble+1","Underhanded Strike"],"picked":"PiercingWail+1","floor":35.0},{"not_picked":["Outmaneuver+1","Bane+1","Infinite Blades"],"picked":"SKIP","floor":37.0},{"not_picked":["Noxious Fumes+1","Poisoned Stab"],"picked":"Dodge and Roll+1","floor":38.0},{"not_picked":["Expertise+1","Poisoned Stab+1"],"picked":"Blur+1","floor":39.0},{"not_picked":["Riddle With Holes","Bane","All Out Attack"],"picked":"SKIP","floor":41.0},{"not_picked":["Acrobatics+1","Quick Slash"],"picked":"Outmaneuver+1","floor":42.0},{"not_picked":["Deflect+1","Heel Hook","Unload"],"picked":"SKIP","floor":47}],"player_experience":240209,"relics_obtained":[{"floor":8.0,"key":"Toxic Egg 2"},{"floor":9.0,"key":"Bottled Lightning"},{"floor":10.0,"key":"InkBottle"},{"floor":25.0,"key":"Red Mask"},{"floor":26.0,"key":"Centennial Puzzle"},{"floor":30.0,"key":"Eternal Feather"},{"floor":41.0,"key":"Boot"}],"event_choices":[{"damage_healed":0.0,"max_hp_gain":0.0,"max_hp_loss":0.0,"gold_gain":75.0,"event_name":"World of Goop","player_choice":"Gather Gold","floor":7.0,"gold_loss":0.0,"damage_taken":11.0},{"damage_healed":0.0,"max_hp_gain":0.0,"max_hp_loss":0.0,"gold_gain":0.0,"event_name":"Ghosts","player_choice":"Ignored","floor":19.0,"gold_loss":0.0,"damage_taken":0.0},{"damage_healed":0.0,"max_hp_gain":0.0,"max_hp_loss":0.0,"gold_gain":0.0,"event_name":"Addict","player_choice":"Obtained Relic","floor":22.0,"gold_loss":85.0,"damage_taken":0.0,"relics_obtained":["Gambling Chip"]},{"damage_healed":0.0,"max_hp_gain":0.0,"max_hp_loss":0.0,"gold_gain":0.0,"event_name":"Masked Bandits","player_choice":"Fought Bandits","floor":25.0,"gold_loss":0.0,"damage_taken":0.0},{"cards_removed":["Strike_G"],"damage_healed":0.0,"max_hp_gain":0.0,"max_hp_loss":0.0,"gold_gain":0.0,"event_name":"Designer","player_choice":"Single Remove","floor":36.0,"gold_loss":75.0,"damage_taken":0.0},{"damage_healed":0.0,"max_hp_gain":0.0,"max_hp_loss":3.0,"gold_gain":0.0,"event_name":"Winding Halls","player_choice":"Max HP","floor":45.0,"gold_loss":0.0,"damage_taken":0.0}],"is_beta":false,"boss_relics":[{"not_picked":["Runic Pyramid","Cursed Key"],"picked":"Coffee Dripper"},{"not_picked":["Fusion Hammer","Black Star"],"picked":"Empty Cage"}],"items_purged_floors":[28,46],"is_endless":false,"potions_floor_spawned":[1,8,12,16,21,24,31,35,39,47],"ascension_level":19}}