{"host":"kh6fvhxn285ncg0o","time":1610801583,"event":{"mods":["Act Like it!","BaseMod","Colored Map","Friendly Minions","Keyboard Shortcuts","Minty Spire (QoL Compilation)","Quick Restart","Relic Stats","StSLib","SuperFastMode"],"gold_per_floor":[111,111,36,36,51,51,82,82,108,108,146,162,203,219,219,312,312,333,1,1,1,25,64,64,103,126,126,126],"floor_reached":27,"language":"KOR","playtime":880,"items_purged":["Strike_R"],"score":534,"play_id":"259b166d-6e7d-4d63-af77-10467fff93a2","local_time":"20210116215303","is_ascension_mode":true,"campfire_choices":[{"data":"Apotheosis","floor":6.0,"key":"SMITH"},{"floor":10.0,"key":"REST"},{"floor":15.0,"key":"REST"},{"floor":24.0,"key":"REST"}],"circlet_count":0,"master_deck":["AscendersBane","Defend_R","Defend_R","Defend_R","Defend_R","Bash","Apotheosis+1","Dropkick","Feel No Pain","Battle Trance","Flame Barrier","Battle Trance","Fiend Fire","Fire Breathing","Carnage","Flex","Writhe","Evolve+1","Dual Wield","Barricade+1"],"relics":["Burning Blood","Golden Idol","Happy Flower","NlothsMask","Dream Catcher","Self Forming Clay","Empty Cage","Red Skull","Toolbox","Orichalcum","Mercury Hourglass","Frozen Egg 2"],"acts_visited":["Exordium","TheCity"],"potions_floor_usage":[],"damage_taken":[{"damage":11.0,"enemies":"Small Slimes","floor":1.0,"turns":4.0},{"damage":6.0,"enemies":"2 Louse","floor":5.0,"turns":4.0},{"damage":39.0,"enemies":"Gremlin Nob","floor":7.0,"turns":4.0},{"damage":12.0,"enemies":"Lagavulin","floor":11.0,"turns":7.0},{"damage":0.0,"enemies":"Jaw Worm","floor":12.0,"turns":3.0},{"damage":8.0,"enemies":"3 Sentries","floor":13.0,"turns":13.0},{"damage":0.0,"enemies":"Exordium Wildlife","floor":14.0,"turns":3.0},{"damage":16.0,"enemies":"The Guardian","floor":16.0,"turns":15.0},{"damage":2.0,"enemies":"Chosen","floor":18.0,"turns":7.0},{"damage":4.0,"enemies":"Spheric Guardian","floor":22.0,"turns":4.0},{"damage":39.0,"enemies":"Book of Stabbing","floor":23.0,"turns":5.0},{"damage":49.0,"enemies":"Gremlin Leader","floor":25.0,"turns":5.0},{"damage":9,"enemies":"Colosseum Slavers","floor":27,"turns":3},{"damage":10,"enemies":"Colosseum Nobs","floor":27,"turns":2}],"seed_played":"6718591930320141441","potions_obtained":[{"floor":5.0,"key":"SpeedPotion"},{"floor":7.0,"key":"Block Potion"},{"floor":11.0,"key":"Energy Potion"},{"floor":12.0,"key":"AttackPotion"},{"floor":16.0,"key":"BlessingOfTheForge"}],"is_trial":false,"path_per_floor":["M","?","$","?","M","R","E","?","T","R","E","M","E","M","R","B",null,"M","$","?","?","M","E","R","E","T","?"],"character_chosen":"IRONCLAD","items_purchased":["Red Skull","Toolbox"],"campfire_rested":3,"item_purchase_floors":[19,19],"current_hp_per_floor":[45,45,45,45,45,45,12,12,12,32,26,32,30,36,56,46,63,67,67,67,67,68,35,55,12,12,0,0],"gold":126,"neow_bonus":"RANDOM_COLORLESS_2","is_daily":false,"chose_seed":false,"campfire_upgraded":1,"win_rate":0.0,"timestamp":1610801583,"path_taken":["M","?","$","?","?","R","E","?","T","R","E","M","E","?","R","BOSS","M","$","?","?","M","E","R","E","T","?"],"items_purchased_type":["Relic","Relic"],"build_version":"2020-12-22","purchased_purges":1,"victory":false,"max_hp_per_floor":[75,68,68,68,68,68,68,68,68,68,68,68,68,68,68,68,68,68,68,68,68,68,68,68,68,68,68,68],"relic_stats":{"Dream Catcher":2,"Happy Flower":[22],"counters":[14,79],"Golden Idol":108,"Self Forming Clay":[57],"Orichalcum":[24],"obtain_stats":[{"Dream Catcher":11,"Happy Flower":7,"Golden Idol":2,"Self Forming Clay":13,"Toolbox":19,"Orichalcum":21,"Frozen Egg 2":25,"Empty Cage":17,"Burning Blood":0,"Red Skull":19,"NlothsMask":8,"Mercury Hourglass":23},{"Dream Catcher":4,"Happy Flower":3,"Golden Idol":1,"Self Forming Clay":6,"Toolbox":9,"Orichalcum":9,"Frozen Egg 2":12,"Empty Cage":8,"Burning Blood":0,"Red Skull":9,"NlothsMask":3,"Mercury Hourglass":11},{"Dream Catcher":19,"Happy Flower":12,"Golden Idol":4,"Self Forming Clay":35,"Toolbox":60,"Orichalcum":60,"Frozen Egg 2":74,"Empty Cage":53,"Burning Blood":0,"Red Skull":60,"NlothsMask":12,"Mercury Hourglass":69}],"Burning Blood":77,"Mercury Hourglass":[54]},"card_choices":[{"not_picked":["Secret Technique","Mayhem"],"picked":"Apotheosis","floor":0.0},{"not_picked":["Anger","Dark Embrace"],"picked":"Dropkick","floor":5.0},{"not_picked":["Havoc","Perfected Strike","Berserk"],"picked":"SKIP","floor":7.0},{"not_picked":["Pommel Strike","Armaments","Anger"],"picked":"SKIP","floor":11.0},{"not_picked":["Dark Embrace","Havoc"],"picked":"Feel No Pain","floor":12.0},{"not_picked":["Sword Boomerang","Sentinel"],"picked":"Battle Trance","floor":13.0},{"not_picked":["Body Slam","Carnage"],"picked":"Flame Barrier","floor":14.0},{"not_picked":["Rupture","True Grit"],"picked":"Battle Trance","floor":15.0},{"not_picked":["Bludgeon","Feed"],"picked":"Fiend Fire","floor":16.0},{"not_picked":["True Grit","Seeing Red"],"picked":"Fire Breathing","floor":18.0},{"not_picked":["Iron Wave","Warcry"],"picked":"Evolve+1","floor":22.0},{"not_picked":["Flex","Havoc"],"picked":"Dual Wield","floor":23.0},{"not_picked":["Bloodletting","Shrug It Off"],"picked":"Barricade+1","floor":25}],"player_experience":3464745,"relics_obtained":[{"floor":7.0,"key":"Happy Flower"},{"floor":11.0,"key":"Dream Catcher"},{"floor":13.0,"key":"Self Forming Clay"},{"floor":23.0,"key":"Mercury Hourglass"},{"floor":25,"key":"Frozen Egg 2"}],"event_choices":[{"damage_healed":0.0,"max_hp_gain":0.0,"max_hp_loss":7.0,"gold_gain":0.0,"event_name":"Golden Idol","player_choice":"Lose Max HP","floor":2.0,"gold_loss":0.0,"damage_taken":0.0,"relics_obtained":["Golden Idol"]},{"damage_healed":0.0,"max_hp_gain":0.0,"max_hp_loss":0.0,"gold_gain":0.0,"event_name":"Shining Light","player_choice":"Ignored","floor":4.0,"gold_loss":0.0,"damage_taken":0.0},{"damage_healed":0.0,"max_hp_gain":0.0,"max_hp_loss":0.0,"gold_gain":0.0,"event_name":"FaceTrader","player_choice":"Trade","floor":8.0,"gold_loss":0.0,"damage_taken":0.0,"relics_obtained":["NlothsMask"]},{"damage_healed":0.0,"max_hp_gain":0.0,"max_hp_loss":0.0,"gold_gain":0.0,"cards_transformed":["Strike_R","Strike_R"],"event_name":"Drug Dealer","player_choice":"Became Test Subject","floor":20.0,"gold_loss":0.0,"damage_taken":0.0,"cards_obtained":["Carnage","Flex"]},{"damage_healed":0.0,"max_hp_gain":0.0,"max_hp_loss":0.0,"gold_gain":0.0,"event_name":"The Mausoleum","player_choice":"Opened","floor":21.0,"gold_loss":0.0,"damage_taken":0.0,"relics_obtained":["Orichalcum"],"cards_obtained":["Writhe"]},{"damage_healed":0,"gold_gain":0,"player_choice":"Fight","damage_taken":0,"max_hp_gain":0,"max_hp_loss":0,"event_name":"Colosseum","floor":27,"gold_loss":0},{"damage_healed":0,"gold_gain":0,"player_choice":"Fought Nobs","damage_taken":0,"max_hp_gain":0,"max_hp_loss":0,"event_name":"Colosseum","floor":27,"gold_loss":0}],"is_beta":false,"boss_relics":[{"not_picked":["Snecko Eye","Runic Cube"],"picked":"Empty Cage"}],"items_purged_floors":[3],"is_endless":false,"potions_floor_spawned":[5,7,11,12,16],"killed_by":"Colosseum Nobs","ascension_level":20}}