{"host":"1a3cjta80tad0aqj","time":1610833622,"event":{"mods":["2.2 Compatiblity","AchievementEnabler","BaseMod","Colored Map","DeckTracker","KOR Keyword Fix","Keyboard Shortcuts","Minty Spire (QoL Compilation)","Permanent Neow","Quick Restart","Random Character Button","StSLib","SuperFastMode","everything is the same but u backflip on backflip"],"gold_per_floor":[217,230,5,21,37,37,66,76,154,3,3,54,90,90,90,220,220,241,256,193,211,250,250,285,297,361,373,418,430,430],"floor_reached":29,"language":"KOR","playtime":2139,"items_purged":["Strike_B","Defend_B","Strike_B"],"score":336,"play_id":"52bbfdf3-406e-44b1-b299-f5c01efc8a3d","local_time":"20210117064702","is_ascension_mode":true,"campfire_choices":[{"data":"Defragment","floor":6.0,"key":"SMITH"},{"floor":15.0,"key":"REST"},{"floor":23.0,"key":"RECALL"}],"circlet_count":0,"master_deck":["Strike_B","Strike_B","Defend_B+1","Defend_B","Defend_B","Zap","Dualcast+1","Consume","Defragment+1","Skim","Chill","FTL","Turbo","Capacitor","Apotheosis","Injury","Biased Cognition","Hologram+1","FTL","Skim+1","Loop"],"relics":["Cracked Core","Membership Card","Bird Faced Urn","Pear","Golden Idol","War Paint","Torii","CultistMask","Fusion Hammer","Red Mask","MawBank","Ancient Tea Set"],"acts_visited":["Exordium","TheCity"],"potions_floor_usage":[],"damage_taken":[{"damage":1.0,"enemies":"Cultist","floor":1.0,"turns":4.0},{"damage":10.0,"enemies":"Jaw Worm","floor":2.0,"turns":4.0},{"damage":2.0,"enemies":"Small Slimes","floor":4.0,"turns":4.0},{"damage":8.0,"enemies":"Gremlin Gang","floor":5.0,"turns":3.0},{"damage":36.0,"enemies":"Gremlin Nob","floor":7.0,"turns":4.0},{"damage":6.0,"enemies":"Looter","floor":8.0,"turns":4.0},{"damage":19.0,"enemies":"3 Sentries","floor":13.0,"turns":8.0},{"damage":34.0,"enemies":"The Guardian","floor":16.0,"turns":10.0},{"damage":5.0,"enemies":"3 Byrds","floor":18.0,"turns":5.0},{"damage":6.0,"enemies":"2 Thieves","floor":19.0,"turns":5.0},{"damage":1.0,"enemies":"Centurion and Healer","floor":21.0,"turns":7.0},{"damage":1.0,"enemies":"Masked Bandits","floor":22.0,"turns":5.0},{"damage":4.0,"enemies":"Gremlin Leader","floor":24.0,"turns":6.0},{"damage":0.0,"enemies":"Slavers","floor":28.0,"turns":5.0},{"damage":6,"enemies":"Colosseum Slavers","floor":29,"turns":4},{"damage":99,"enemies":"Colosseum Nobs","floor":29,"turns":5}],"seed_played":"-9124635222978443195","potions_obtained":[{"floor":1.0,"key":"Fruit Juice"},{"floor":4.0,"key":"Explosive Potion"},{"floor":13.0,"key":"BlessingOfTheForge"},{"floor":18.0,"key":"Block Potion"},{"floor":21.0,"key":"Block Potion"},{"floor":22.0,"key":"DistilledChaos"}],"is_trial":false,"path_per_floor":["M","M","$","M","M","R","E","M","T","$","?","T","E","?","R","B",null,"M","M","$","M","?","R","E","$","T","$","E","?"],"character_chosen":"DEFECT","items_purchased":["Membership Card","Defragment","Capacitor","Apotheosis"],"campfire_rested":1,"item_purchase_floors":[3,3,10,10],"current_hp_per_floor":[79,69,69,67,59,59,23,19,29,29,29,29,14,14,41,11,90,89,86,86,90,90,90,88,88,88,88,90,0,0],"gold":430,"neow_bonus":"HUNDRED_GOLD","is_daily":false,"chose_seed":true,"campfire_upgraded":1,"win_rate":0.0,"timestamp":1610833622,"path_taken":["M","M","$","M","?","R","E","M","T","$","?","?","E","?","R","BOSS","M","?","$","M","?","R","E","?","T","$","E","?"],"items_purchased_type":["Relic","Card","Card","Card"],"build_version":"2020-12-22","purchased_purges":3,"victory":false,"max_hp_per_floor":[80,80,80,80,80,80,80,80,90,90,90,90,90,90,90,90,90,90,90,90,90,90,90,90,90,90,90,90,90,90],"card_choices":[{"not_picked":["Rip and Tear","Streamline"],"picked":"Consume","floor":1.0},{"not_picked":["Leap","Reprogram","Force Field"],"picked":"SKIP","floor":2.0},{"not_picked":["Hologram","Cold Snap"],"picked":"Skim","floor":4.0},{"not_picked":["Conserve Battery","Rebound"],"picked":"Chill","floor":5.0},{"not_picked":["Static Discharge","Reprogram"],"picked":"FTL","floor":7.0},{"not_picked":["Auto Shields","Skim"],"picked":"Turbo","floor":8.0},{"not_picked":["Multi-Cast","Rebound","Beam Cell"],"picked":"SKIP","floor":13.0},{"not_picked":["Multi-Cast","Rainbow"],"picked":"Biased Cognition","floor":16.0},{"not_picked":["Leap","Streamline+1","Reprogram+1"],"picked":"SKIP","floor":18.0},{"not_picked":["Tempest","Redo+1"],"picked":"Hologram+1","floor":19.0},{"not_picked":["Go for the Eyes+1","Auto Shields"],"picked":"FTL","floor":21.0},{"not_picked":["Streamline","Go for the Eyes+1"],"picked":"Skim+1","floor":22.0},{"not_picked":["Go for the Eyes+1","Sweeping Beam+1","Consume"],"picked":"SKIP","floor":24.0},{"not_picked":["Rebound","Reinforced Body+1"],"picked":"Loop","floor":28.0}],"player_experience":693949,"relics_obtained":[{"floor":7.0,"key":"Bird Faced Urn"},{"floor":9.0,"key":"Pear"},{"floor":12.0,"key":"War Paint"},{"floor":13.0,"key":"Torii"},{"floor":22.0,"key":"Red Mask"},{"floor":24.0,"key":"MawBank"},{"floor":28.0,"key":"Ancient Tea Set"}],"event_choices":[{"damage_healed":0.0,"max_hp_gain":0.0,"max_hp_loss":0.0,"gold_gain":0.0,"event_name":"Golden Idol","player_choice":"Take Wound","floor":11.0,"gold_loss":0.0,"damage_taken":0.0,"relics_obtained":["Golden Idol"],"cards_obtained":["Injury"]},{"damage_healed":0.0,"max_hp_gain":0.0,"max_hp_loss":0.0,"gold_gain":0.0,"event_name":"FaceTrader","player_choice":"Trade","floor":14.0,"gold_loss":0.0,"damage_taken":0.0,"relics_obtained":["CultistMask"]},{"damage_healed":0.0,"max_hp_gain":0.0,"max_hp_loss":0.0,"gold_gain":0.0,"event_name":"Masked Bandits","player_choice":"Fought Bandits","floor":22.0,"gold_loss":0.0,"damage_taken":0.0},{"damage_healed":0,"gold_gain":0,"player_choice":"Fight","damage_taken":0,"max_hp_gain":0,"max_hp_loss":0,"event_name":"Colosseum","floor":29,"gold_loss":0},{"damage_healed":0,"gold_gain":0,"player_choice":"Fought Nobs","damage_taken":0,"max_hp_gain":0,"max_hp_loss":0,"event_name":"Colosseum","floor":29,"gold_loss":0}],"is_beta":false,"boss_relics":[{"not_picked":["Sozu","Black Star"],"picked":"Fusion Hammer"}],"items_purged_floors":[3,10,20],"is_endless":false,"potions_floor_spawned":[1,4,13,18,21,22],"killed_by":"Colosseum Nobs","ascension_level":1}}