{"host":"760a56s19xsdubqb","time":1610821212,"event":{"mods":["BaseMod","Minty Spire (QoL Compilation)","Quick Restart","Remove Card Discount Mod","StSLib"],"gold_per_floor":[114,114,60,135,135,135,66,66,91,121,136,136,151,151,151,251,251,266,281,281,23,38,53,83,83,133,145,157,169,196,223,235,347,359,386,413,440,452,479,521,533,575,637,679,721,733,520,535,535,535,535],"floor_reached":50,"language":"ENG","playtime":2949,"items_purged":["Strike_G","Regret","Strike_G","Strike_G","Strike_G","Strike_G","Defend_G","Defend_G","Defend_G","Defend_G"],"score":598,"play_id":"ff273d6b-61a6-40e6-884b-eccfbf3856c8","local_time":"20210116132012","daily_mods":["Allstar","Flight","Night Terrors"],"is_ascension_mode":false,"campfire_choices":[{"data":"Blade Dance","floor":6,"key":"SMITH"},{"floor":8,"key":"REST"},{"data":"Accuracy","floor":15,"key":"SMITH"},{"floor":27,"key":"REST"},{"data":"Infinite Blades","floor":28,"key":"SMITH"},{"data":"Envenom","floor":32,"key":"SMITH"},{"floor":41,"key":"REST"},{"data":"Phantasmal Killer","floor":49,"key":"SMITH"}],"circlet_count":0,"master_deck":["Defend_G+1","Survivor","Neutralize+1","Impatience","Dark Shackles","Panacea","Mayhem","PanicButton","Noxious Fumes","Blade Dance+1","Accuracy+1","Leg Sweep+1","Crippling Poison","Blade Dance","Deadly Poison","Storm of Steel","Slice+1","Infinite Blades+1","Backflip+1","Blade Dance","Envenom+1","Backstab","Backstab","Phantasmal Killer+1","Acrobatics+1","Footwork+1","PanicButton","Underhanded Strike","Backflip","Blade Dance","All Out Attack+1","Dash","Acrobatics+1"],"relics":["Ring of the Snake","PreservedInsect","Orichalcum","HornCleat","Philosopher\u0027s Stone","TwistedFunnel","Blood Vial","MawBank","Busted Crown","Letter Opener","Oddly Smooth Stone","Thread and Needle","Bottled Lightning","Whetstone"],"acts_visited":["Exordium","TheCity","TheBeyond"],"potions_floor_usage":[22,30,40,44,44],"damage_taken":[{"damage":0,"enemies":"2 Louse","floor":1,"turns":4},{"damage":9,"enemies":"Gremlin Nob","floor":10,"turns":4},{"damage":0,"enemies":"Small Slimes","floor":11,"turns":3},{"damage":0,"enemies":"Jaw Worm","floor":13,"turns":4},{"damage":20,"enemies":"Slime Boss","floor":16,"turns":9},{"damage":10,"enemies":"2 Thieves","floor":18,"turns":4},{"damage":17,"enemies":"Spheric Guardian","floor":19,"turns":5},{"damage":1,"enemies":"3 Cultists","floor":22,"turns":4},{"damage":1,"enemies":"Cultist and Chosen","floor":23,"turns":6},{"damage":15,"enemies":"Gremlin Leader","floor":24,"turns":3},{"damage":0,"enemies":"Centurion and Healer","floor":30,"turns":4},{"damage":0,"enemies":"Snake Plant","floor":31,"turns":3},{"damage":61,"enemies":"Collector","floor":33,"turns":7},{"damage":0,"enemies":"3 Darklings","floor":35,"turns":5},{"damage":0,"enemies":"Orb Walker","floor":36,"turns":4},{"damage":0,"enemies":"Jaw Worm Horde","floor":37,"turns":3},{"damage":7,"enemies":"Maw","floor":39,"turns":5},{"damage":28,"enemies":"Reptomancer","floor":40,"turns":5},{"damage":2,"enemies":"Giant Head","floor":42,"turns":7},{"damage":10,"enemies":"2 Orb Walkers","floor":44,"turns":3},{"damage":5,"enemies":"Nemesis","floor":45,"turns":5},{"damage":12,"enemies":"4 Shapes","floor":48,"turns":6},{"damage":51,"enemies":"Time Eater","floor":50,"turns":8}],"seed_played":"2700428786693623746","potions_obtained":[{"floor":10,"key":"LiquidMemories"},{"floor":19,"key":"SkillPotion"},{"floor":22,"key":"Poison Potion"},{"floor":30,"key":"BlessingOfTheForge"},{"floor":40,"key":"LiquidMemories"},{"floor":48,"key":"Explosive Potion"}],"is_trial":false,"path_per_floor":["M","$","$","?","?","R","$","R","T","E","M","?","M","?","R","B",null,"M","M","?","$","M","M","E","?","T","R","R","?","M","M","R","B",null,"M","M","M","?","M","E","R","E","T","?","E","?","$","M","R","B"],"character_chosen":"THE_SILENT","items_purchased":["Blade Dance","Accuracy","TwistedFunnel","Fruit Juice","Whetstone","Dash"],"campfire_rested":3,"item_purchase_floors":[3,7,21,21,47,47],"current_hp_per_floor":[70,70,70,59,59,59,59,65,65,56,56,43,43,43,43,23,65,55,38,38,38,42,41,26,13,13,70,70,70,70,70,70,9,70,70,70,70,70,63,37,65,63,63,55,52,52,52,42,42,0,0],"gold":535,"neow_bonus":"","is_daily":true,"chose_seed":false,"campfire_upgraded":5,"win_rate":0.0,"timestamp":1610821212,"path_taken":["M","$","$","?","?","R","?","R","T","E","M","?","M","?","R","BOSS","M","M","?","$","M","M","E","?","T","R","R","?","M","M","R","BOSS","M","M","M","?","M","E","R","E","T","?","E","?","$","M","R","BOSS"],"items_purchased_type":["Card","Card","Relic","Potion","Relic","Card"],"build_version":"2020-12-22","purchased_purges":10,"victory":false,"max_hp_per_floor":[70,70,70,70,70,70,70,65,65,65,65,65,65,65,65,65,65,65,65,65,65,70,70,70,75,75,70,70,70,70,70,70,70,70,70,70,70,70,70,70,65,65,65,65,65,65,65,65,65,65,65],"card_choices":[{"not_picked":["Deadly Poison","Blade Dance"],"picked":"Noxious Fumes","floor":1},{"not_picked":["Sucker Punch","Prepared"],"picked":"Leg Sweep","floor":10},{"not_picked":["Deadly Poison","Leg Sweep"],"picked":"Crippling Poison","floor":11},{"not_picked":["Outmaneuver","Endless Agony"],"picked":"Blade Dance","floor":13},{"not_picked":["Tools of the Trade","Malaise"],"picked":"Storm of Steel","floor":16},{"not_picked":["Dagger Spray","Riddle With Holes"],"picked":"Slice+1","floor":18},{"not_picked":["Flying Knee","Dagger Throw"],"picked":"Infinite Blades","floor":19},{"not_picked":["Bane","Prepared"],"picked":"Backflip+1","floor":22},{"not_picked":["Deflect","Concentrate","Underhanded Strike"],"picked":"SKIP","floor":23},{"not_picked":["Masterful Stab+1","Footwork+1"],"picked":"Blade Dance","floor":24},{"not_picked":["Finisher","Catalyst+1"],"picked":"Backstab","floor":30},{"not_picked":["Riddle With Holes","Dagger Throw"],"picked":"Backstab","floor":31},{"not_picked":["Doppelganger","Malaise"],"picked":"Phantasmal Killer","floor":33},{"not_picked":["PiercingWail"],"picked":"SKIP","floor":35},{"not_picked":[],"picked":"Acrobatics+1","floor":36},{"not_picked":[],"picked":"Footwork+1","floor":37},{"not_picked":[],"picked":"PanicButton","floor":38},{"not_picked":["Flying Knee"],"picked":"SKIP","floor":39},{"not_picked":[],"picked":"Underhanded Strike","floor":40},{"not_picked":["Flying Knee"],"picked":"SKIP","floor":42},{"not_picked":[],"picked":"Backflip","floor":44},{"not_picked":["Prepared"],"picked":"SKIP","floor":45},{"not_picked":[],"picked":"Acrobatics+1","floor":48}],"player_experience":951550,"relics_obtained":[{"floor":9,"key":"Orichalcum"},{"floor":10,"key":"HornCleat"},{"floor":24,"key":"Blood Vial"},{"floor":26,"key":"MawBank"},{"floor":42,"key":"Letter Opener"},{"floor":43,"key":"Oddly Smooth Stone"},{"floor":44,"key":"Thread and Needle"},{"floor":45,"key":"Bottled Lightning"}],"event_choices":[{"damage_healed":0,"gold_gain":75,"player_choice":"Gather Gold","damage_taken":11,"max_hp_gain":0,"max_hp_loss":0,"event_name":"World of Goop","floor":4,"gold_loss":0},{"damage_healed":0,"gold_gain":0,"player_choice":"Box","damage_taken":0,"relics_obtained":["PreservedInsect"],"max_hp_gain":0,"max_hp_loss":0,"event_name":"Big Fish","floor":5,"gold_loss":0,"cards_obtained":["Regret"]},{"damage_healed":0,"gold_gain":0,"player_choice":"Entered Light","damage_taken":13,"max_hp_gain":0,"max_hp_loss":0,"event_name":"Shining Light","floor":12,"gold_loss":0,"cards_upgraded":["Leg Sweep","Defend_G"]},{"damage_healed":0,"gold_gain":0,"player_choice":"1 cards matched","damage_taken":0,"max_hp_gain":0,"max_hp_loss":0,"event_name":"Match and Keep!","floor":14,"gold_loss":0,"cards_obtained":["Deadly Poison"]},{"damage_healed":0,"gold_gain":0,"player_choice":"Ignored","damage_taken":0,"max_hp_gain":0,"max_hp_loss":0,"event_name":"Ghosts","floor":20,"gold_loss":0},{"damage_healed":0,"gold_gain":0,"player_choice":"Shed Blood","damage_taken":18,"max_hp_gain":5,"max_hp_loss":0,"event_name":"Forgotten Altar","floor":25,"gold_loss":0},{"damage_healed":0,"gold_gain":0,"player_choice":"Read","damage_taken":0,"max_hp_gain":0,"max_hp_loss":0,"event_name":"The Library","floor":29,"gold_loss":0,"cards_obtained":["Envenom"]},{"damage_healed":0,"gold_gain":0,"player_choice":"Memory 1","damage_taken":0,"max_hp_gain":0,"max_hp_loss":0,"event_name":"SensoryStone","floor":38,"gold_loss":0},{"damage_healed":0,"gold_gain":0,"player_choice":"Fight","damage_taken":0,"max_hp_gain":0,"max_hp_loss":0,"event_name":"Mysterious Sphere","floor":44,"gold_loss":0},{"damage_healed":0,"gold_gain":0,"player_choice":"2 cards matched","damage_taken":0,"max_hp_gain":0,"max_hp_loss":0,"event_name":"Match and Keep!","floor":46,"gold_loss":0,"cards_obtained":["Blade Dance","All Out Attack"]}],"is_beta":false,"boss_relics":[{"not_picked":["Runic Dome","Fusion Hammer"],"picked":"Philosopher\u0027s Stone"},{"not_picked":["SlaversCollar","Runic Pyramid"],"picked":"Busted Crown"}],"items_purged_floors":[3,7,21,21,21,21,47,47,47,47],"is_endless":false,"potions_floor_spawned":[10,19,22,24,30,37,40,42,48],"killed_by":"Time Eater","ascension_level":0}}