{"host":"Ruben","time":1610810652,"event":{"mods":["AchievementEnabler","Aspiration","BaseMod","Better Altar","Better Match","Better Note","Better Sensory Stone","Better Skull","Better Third Choice","BetterRewards","Colored Map","Conspire","Downfall","GifTheSpireLib","Googly Eyes","Highlight Path","Hubris","Minty Spire (QoL Compilation)","Permanent Neow","Shop Mod","Spicy Shops","StSLib","Stuff the Spire","The IronCluck","everything is the same but u backflip on backflip","slay the spire mod where everything is the same but ironclad has a cowboy hat"],"gold_per_floor":[118,118,137,60,78,106,106,31,56,73,73,105,105,105,105,207,207,219,219,239,239,111,111,111,141,141,161,161,171,203,216,216,314,314,332,332,124,124,124,124,149,193,193,93,93,113,140,140,140,145],"floor_reached":51,"language":"ENG","playtime":2801,"items_purged":["Defend_B","conspire:GhostlyStrike","Mind Blast","conspire:GhostlyDefend","conspire:GhostlyDefend"],"score":721,"play_id":"8abf4308-7cf7-4aab-a86c-3a5f04c24a86","local_time":"20210116162412","is_ascension_mode":false,"campfire_choices":[{"floor":13,"key":"REST"},{"floor":15,"key":"REST"},{"floor":23,"key":"REST"},{"floor":28,"key":"REST"},{"floor":32,"key":"REST"},{"data":"StuffTheSpire:Synthwave","floor":40,"key":"SMITH"},{"data":"Echo Form","floor":45,"key":"SMITH"},{"floor":49,"key":"REST"}],"circlet_count":0,"master_deck":["conspire:GhostlyDefend","Zap+1","Leap+1","Loop+1","Gash","Sweeping Beam+1","Gash","Sweeping Beam","Acrobatics+1","StuffTheSpire:Synthwave+1","Self Repair","Gash+1","Acrobatics","Echo Form+1","Underhanded Strike","StuffTheSpire:FreeRealEstate","Defragment+1"],"relics":["Cracked Core","Eternal Feather","StuffTheSpire:Barrel","Oddly Smooth Stone","aspiration:SilentSkillbook","Smiling Mask","aspiration:Stabinomicon","StuffTheSpire:PointBlank","Lantern","aspiration:Stellarator","hubris:EmptyBottle","hubris:Towel","hubris:BottledRain","hubris:Metronome"],"acts_visited":["Exordium","TheCity","TheBeyond"],"potions_floor_usage":[12,18,25,29,33,47,50,50,50,50],"damage_taken":[{"damage":1,"enemies":"Jaw Worm","floor":1,"turns":3},{"damage":0,"enemies":"Cultist","floor":3,"turns":3},{"damage":1,"enemies":"Small Slimes","floor":5,"turns":3},{"damage":26,"enemies":"3 Sentries","floor":6,"turns":8},{"damage":10,"enemies":"Looter","floor":10,"turns":3},{"damage":13,"enemies":"Gremlin Nob","floor":12,"turns":4},{"damage":47,"enemies":"Hexaghost","floor":16,"turns":8},{"damage":7,"enemies":"3 Byrds","floor":18,"turns":3},{"damage":20,"enemies":"2 Thieves","floor":20,"turns":4},{"damage":19,"enemies":"Book of Stabbing","floor":25,"turns":5},{"damage":5,"enemies":"Snecko","floor":27,"turns":4},{"damage":23,"enemies":"Snake Plant","floor":29,"turns":3},{"damage":20,"enemies":"Gremlin Leader","floor":30,"turns":4},{"damage":20,"enemies":"Centurion and Healer","floor":31,"turns":3},{"damage":34,"enemies":"Champ","floor":33,"turns":5},{"damage":23,"enemies":"3 Shapes","floor":35,"turns":4},{"damage":4,"enemies":"Orb Walker","floor":41,"turns":3},{"damage":26,"enemies":"Giant Head","floor":42,"turns":5},{"damage":20,"enemies":"Jaw Worm Horde","floor":46,"turns":2},{"damage":29,"enemies":"3 Darklings","floor":47,"turns":5},{"damage":91,"enemies":"Donu and Deca","floor":50,"turns":6}],"seed_played":"-6860082596501256504","potions_obtained":[{"floor":6,"key":"Guardian:BlockOnCardUsePotion"},{"floor":10,"key":"SkillPotion"},{"floor":16,"key":"Explosive Potion"},{"floor":18,"key":"champ:CounterPotion"},{"floor":25,"key":"PowerPotion"},{"floor":29,"key":"conspire:TimeTravelPotion"},{"floor":41,"key":"champ:CounterPotion"},{"floor":42,"key":"FocusPotion"},{"floor":47,"key":"sneckomod:MuddlingPotion"}],"is_trial":false,"path_per_floor":["M","?","M","$","M","E","?","$","T","M","?","E","R","?","R","B",null,"M","?","M","?","$","R","?","E","T","M","R","M","E","M","R","B",null,"M","?","$","?","?","R","M","E","T","$","R","M","M","?","R","B",null],"character_chosen":"DEFECT","items_purchased":["Loop","StuffTheSpire:Synthwave","hubris:EmptyBottle","StuffTheSpire:FreeRealEstate"],"campfire_rested":6,"item_purchase_floors":[4,22,37,37],"current_hp_per_floor":[74,74,74,74,73,47,47,47,47,45,45,32,60,45,73,26,75,68,53,33,33,33,61,61,42,42,44,75,59,46,26,57,30,75,59,59,59,59,59,68,71,59,59,59,68,48,49,49,75,17],"gold":145,"neow_bonus":"REMOVE_CARD","is_daily":false,"chose_seed":false,"campfire_upgraded":2,"win_rate":0.0,"timestamp":1610810652,"path_taken":["M","?","?","$","M","E","?","$","T","M","?","E","R","?","R","BOSS","M","?","?","?","?","R","?","E","T","M","R","M","E","M","R","BOSS","M","?","$","?","?","R","M","E","T","?","R","?","M","?","R","BOSS"],"items_purchased_type":["Card","Card","Relic","Card"],"build_version":"2020-12-18","purchased_purges":5,"victory":true,"max_hp_per_floor":[75,75,75,75,75,75,75,75,75,75,75,75,75,75,75,75,75,75,75,75,75,75,75,75,75,75,75,75,75,75,75,75,75,75,75,75,75,75,75,75,75,75,75,75,75,75,75,75,75,75],"card_choices":[{"not_picked":["Steam","Coolheaded"],"picked":"Leap","floor":1},{"not_picked":["Stack","Conserve Battery","Turbo"],"picked":"SKIP","floor":3},{"not_picked":["Reinforced Body","Leap"],"picked":"Gash","floor":5},{"not_picked":["Blizzard","hubris:SpecializedCircuitry"],"picked":"Sweeping Beam","floor":6},{"not_picked":["Chill","StuffTheSpire:GlassShard","Undo"],"picked":"SKIP","floor":10},{"not_picked":["Barrage","Hologram"],"picked":"Gash","floor":12},{"not_picked":["Sucker Punch+1","Backstab","Go for the Eyes"],"picked":"Sweeping Beam","floor":18},{"not_picked":["Outmaneuver","Backflip","Quick Slash"],"picked":"Acrobatics+1","floor":20},{"not_picked":["Acrobatics+1","Compile Driver","StuffTheSpire:ClusterCrunch+1"],"picked":"Self Repair","floor":25},{"not_picked":["Turbo+1","Streamline","Cold Snap"],"picked":"Gash+1","floor":27},{"not_picked":["Well Laid Plans+1","Barrage","Poisoned Stab","A Thousand Cuts"],"picked":"SKIP","floor":29},{"not_picked":["Sweeping Beam","Leap+1","Riddle With Holes+1"],"picked":"Acrobatics","floor":30},{"not_picked":["Deadly Poison","PiercingWail","Turbo","Choke+1"],"picked":"SKIP","floor":31},{"not_picked":["Multi-Cast","Tools of the Trade","Meteor Strike"],"picked":"Echo Form","floor":33},{"not_picked":["Steam+1","Bane+1","Dagger Spray"],"picked":"Underhanded Strike","floor":35},{"not_picked":["Sweeping Beam+1","StuffTheSpire:Fury","PiercingWail"],"picked":"Defragment+1","floor":41},{"not_picked":["Ball Lightning","StuffTheSpire:Injection","Infinite Blades+1","Lockon"],"picked":"SKIP","floor":42},{"not_picked":["Footwork","StuffTheSpire:ShieldGenerator","Double Energy","Dodge and Roll+1"],"picked":"SKIP","floor":46},{"not_picked":["Undo","Acrobatics+1","Cloak And Dagger","Rebound"],"picked":"SKIP","floor":47}],"player_experience":278550,"relics_obtained":[{"floor":6,"key":"Eternal Feather"},{"floor":9,"key":"StuffTheSpire:Barrel"},{"floor":12,"key":"Oddly Smooth Stone"},{"floor":25,"key":"aspiration:Stabinomicon"},{"floor":26,"key":"StuffTheSpire:PointBlank"},{"floor":30,"key":"Lantern"},{"floor":42,"key":"hubris:BottledRain"},{"floor":43,"key":"hubris:Metronome"}],"event_choices":[{"damage_healed":0,"gold_gain":0,"player_choice":"Forge","damage_taken":0,"max_hp_gain":0,"max_hp_loss":0,"event_name":"Accursed Blacksmith","floor":2,"gold_loss":0,"cards_upgraded":["Zap"]},{"cards_removed":["Strike_B"],"damage_healed":0,"gold_gain":0,"player_choice":"Forget","damage_taken":0,"max_hp_gain":0,"max_hp_loss":0,"event_name":"Living Wall","floor":7,"gold_loss":0},{"damage_healed":0,"gold_gain":0,"player_choice":"Agree","damage_taken":0,"max_hp_gain":0,"max_hp_loss":0,"event_name":"conspire:LoneGhost","floor":11,"gold_loss":0},{"damage_healed":60,"gold_gain":0,"player_choice":"Upgrade","damage_taken":15,"max_hp_gain":0,"max_hp_loss":75,"event_name":"betterThird:BetterShining","floor":14,"gold_loss":0,"cards_upgraded":["Sweeping Beam","Leap"]},{"damage_healed":0,"gold_gain":0,"player_choice":"RE ","damage_taken":17,"relics_obtained":["Smiling Mask"],"max_hp_gain":0,"max_hp_loss":0,"event_name":"betterSkull:BetterSkull","floor":19,"gold_loss":0,"cards_upgraded":[]},{"cards_removed":["Dualcast"],"damage_healed":0,"gold_gain":0,"player_choice":"Offered Basic","damage_taken":0,"max_hp_gain":0,"max_hp_loss":0,"event_name":"Bonfire Elementals","floor":21,"gold_loss":0},{"damage_healed":0,"gold_gain":0,"cards_transformed":["conspire:GhostlyStrike"],"player_choice":"Transformed","damage_taken":0,"max_hp_gain":0,"max_hp_loss":0,"event_name":"Transmorgrifier","floor":24,"gold_loss":0,"cards_obtained":["Mind Blast"]},{"damage_healed":0,"gold_gain":0,"player_choice":"Ignored","damage_taken":0,"max_hp_gain":0,"max_hp_loss":0,"event_name":"Tomb of Lord Red Mask","floor":36,"gold_loss":0},{"damage_healed":0,"gold_gain":0,"player_choice":"Leave","damage_taken":0,"max_hp_gain":0,"max_hp_loss":0,"event_name":"conspire:Investor","floor":38,"gold_loss":0},{"damage_healed":0,"gold_gain":0,"player_choice":"Upgraded","damage_taken":0,"max_hp_gain":0,"max_hp_loss":0,"event_name":"Upgrade Shrine","floor":48,"gold_loss":0,"cards_upgraded":["Loop"]}],"is_beta":true,"boss_relics":[{"not_picked":["conspire:SpecialSausage","hubris:TerracottaHorce"],"picked":"aspiration:SilentSkillbook"},{"not_picked":["Runic Dome","Velvet Choker"],"picked":"aspiration:Stellarator"}],"items_purged_floors":[8,22,37,44,44],"is_endless":false,"potions_floor_spawned":[6,10,16,18,25,29,41,42,47],"ascension_level":0}}