{"host":"hxqmxu97ax4h93y4","time":1610822255,"event":{"mods":["BaseMod","Downfall","Hermit","Marisa????????","Minty Spire (QoL Compilation)","Random Character Button","StSLib","The Cursed","The Necromancer","The Runesmith"],"gold_per_floor":[111,128,53,53,69,69,84,84,154,254,269,269,285,303,303,399,399,409,422,442,442,459,213,224,224,224,274,294,294,294],"floor_reached":29,"language":"ENG","playtime":1215,"items_purged":["Strike_R","Strike_R"],"score":221,"play_id":"34e48d4d-c950-4c87-9e28-aa8dcf2945a5","local_time":"20210116103735","is_ascension_mode":false,"campfire_choices":[{"floor":8,"key":"REST"},{"data":"Armaments","floor":12,"key":"SMITH"},{"data":"Dropkick","floor":15,"key":"SMITH"},{"floor":25,"key":"REST"}],"circlet_count":0,"master_deck":["Strike_R","Strike_R","Strike_R","Defend_R","Defend_R","Defend_R","Defend_R","Bash","Pommel Strike","Armaments+1","Inflame","Thunderclap","Juggernaut","Evolve","Dropkick+1","Impervious","Cleave","Clash","Shrug It Off","Feed","Blood for Blood","Pommel Strike+1"],"relics":["Burning Blood","NeowsBlessing","Self Forming Clay","SacredBark","Lantern","Runesmith:Nanobots"],"acts_visited":["Exordium","TheCity"],"potions_floor_usage":[16,20,22,24],"damage_taken":[{"damage":0,"enemies":"2 Louse","floor":1,"turns":1},{"damage":0,"enemies":"Jaw Worm","floor":2,"turns":1},{"damage":0,"enemies":"Small Slimes","floor":5,"turns":1},{"damage":46,"enemies":"Gremlin Gang","floor":7,"turns":6},{"damage":7,"enemies":"Looter","floor":11,"turns":3},{"damage":7,"enemies":"Red Slaver","floor":13,"turns":4},{"damage":15,"enemies":"Large Slime","floor":14,"turns":5},{"damage":48,"enemies":"The Guardian","floor":16,"turns":10},{"damage":38,"enemies":"Spheric Guardian","floor":18,"turns":8},{"damage":21,"enemies":"Chosen","floor":19,"turns":5},{"damage":28,"enemies":"Snake Plant","floor":20,"turns":4},{"damage":19,"enemies":"Centurion and Healer","floor":22,"turns":7},{"damage":5,"enemies":"Cultist and Chosen","floor":24,"turns":6},{"damage":14,"enemies":"Snake Plant","floor":28,"turns":3},{"damage":44,"enemies":"Shelled Parasite and Fungi","floor":29,"turns":5}],"seed_played":"49497799293127366","potions_obtained":[{"floor":7,"key":"ElixirPotion"},{"floor":11,"key":"bronze:BurnAndBuffPotion"},{"floor":13,"key":"BloodPotion"},{"floor":14,"key":"ColorlessPotion"},{"floor":19,"key":"DuplicationPotion"},{"floor":20,"key":"ColorlessPotion"}],"is_trial":false,"path_per_floor":["M","M","$","?","M","?","M","R","T","?","M","R","M","M","R","B",null,"M","M","M","?","M","$","M","R","T","?","M","M"],"character_chosen":"IRONCLAD","items_purchased":["Lantern"],"campfire_rested":2,"item_purchase_floors":[23],"current_hp_per_floor":[80,80,80,85,85,85,45,70,70,70,69,69,68,59,59,17,85,53,38,50,34,21,21,22,49,49,49,41,0,0],"gold":294,"neow_bonus":"THREE_ENEMY_KILL","is_daily":false,"chose_seed":false,"campfire_upgraded":2,"win_rate":0.0,"timestamp":1610822255,"path_taken":["M","M","$","?","M","?","M","R","T","?","?","R","M","M","R","BOSS","M","M","M","?","M","$","M","R","T","?","?","M"],"items_purchased_type":["Relic"],"build_version":"2020-12-22","purchased_purges":2,"victory":false,"max_hp_per_floor":[80,80,80,85,85,85,85,85,85,85,85,85,85,85,85,85,85,85,85,85,90,90,90,90,90,90,90,90,93,93],"card_choices":[{"not_picked":["Sword Boomerang","Thunderclap"],"picked":"Pommel Strike","floor":1},{"not_picked":["Clash","Cleave"],"picked":"Armaments","floor":2},{"not_picked":["Cleave","Carnage"],"picked":"Inflame","floor":5},{"not_picked":["Anger","Clash"],"picked":"Thunderclap","floor":7},{"not_picked":["Shrug It Off","Heavy Blade"],"picked":"Juggernaut","floor":11},{"not_picked":["Thunderclap","Wild Strike"],"picked":"Evolve","floor":13},{"not_picked":["Armaments","Rampage"],"picked":"Dropkick","floor":14},{"not_picked":["Corruption","Juggernaut"],"picked":"Impervious","floor":16},{"not_picked":["Shockwave","Anger"],"picked":"Cleave","floor":18},{"not_picked":["True Grit+1","Evolve"],"picked":"Clash","floor":19},{"not_picked":["Body Slam+1","Sword Boomerang"],"picked":"Shrug It Off","floor":20},{"not_picked":["Carnage","Armaments"],"picked":"Feed","floor":22},{"not_picked":["Dark Embrace","Shrug It Off"],"picked":"Blood for Blood","floor":24},{"not_picked":["Spot Weakness","Shrug It Off+1"],"picked":"Pommel Strike+1","floor":28}],"player_experience":52556,"relics_obtained":[{"floor":9,"key":"Self Forming Clay"},{"floor":26,"key":"Runesmith:Nanobots"}],"event_choices":[{"damage_healed":0,"gold_gain":0,"player_choice":"Donut","damage_taken":0,"max_hp_gain":5,"max_hp_loss":0,"event_name":"Big Fish","floor":4,"gold_loss":0},{"damage_healed":0,"gold_gain":0,"player_choice":"Ignored","damage_taken":0,"max_hp_gain":0,"max_hp_loss":0,"event_name":"Golden Idol","floor":6,"gold_loss":0},{"damage_healed":0,"gold_gain":100,"player_choice":"Pray","damage_taken":0,"max_hp_gain":0,"max_hp_loss":0,"event_name":"Golden Shrine","floor":10,"gold_loss":0},{"damage_healed":0,"gold_gain":0,"player_choice":"Shed Blood","damage_taken":21,"max_hp_gain":5,"max_hp_loss":0,"event_name":"Forgotten Altar","floor":21,"gold_loss":0},{"damage_healed":0,"gold_gain":100,"player_choice":"Bet on Murderer","damage_taken":0,"max_hp_gain":0,"max_hp_loss":0,"event_name":"The Joust","floor":27,"gold_loss":50}],"is_beta":false,"boss_relics":[{"not_picked":["Ectoplasm","Runic Pyramid"],"picked":"SacredBark"}],"items_purged_floors":[3,23],"is_endless":false,"potions_floor_spawned":[7,11,13,14,19,20],"killed_by":"Shelled Parasite and Fungi","ascension_level":0}}