{"host":"qxeepl7ydvsgmfdb","time":1610806006,"event":{"mods":["AchievementEnabler","BaseMod","Colored Powertips","Minty Spire (QoL Compilation)","Quick Restart","slay the spire mod where everything is the same but ironclad has a cowboy hat"],"gold_per_floor":[113,113,131,131,157,188,198,209,261,279,354,122,132,158,158,262,262,272,272,287,306,62,95,115,115,115,115,115,115,115,125,125,224,224,237,237,249,249,249,249,524,542,542,542,559,593,165,176,176,176,176],"floor_reached":50,"language":"ENG","playtime":2081,"items_purged":["Regret","Strike_P","Regret"],"score":602,"play_id":"d7a7a98a-3c1a-4bb3-a395-fdb44fb1d489","local_time":"20210116090646","is_ascension_mode":false,"campfire_choices":[{"floor":15.0,"key":"REST"},{"data":"Consecrate","floor":25.0,"key":"SMITH"},{"data":"Conclude","floor":32.0,"key":"SMITH"},{"data":"Consecrate","floor":40.0,"key":"SMITH"},{"data":"BattleHymn","floor":44.0,"key":"SMITH"},{"floor":49.0,"key":"REST"}],"circlet_count":0,"master_deck":["Strike_P","Strike_P+1","Strike_P","Defend_P","Defend_P","Defend_P","Defend_P","Eruption+1","Vigilance","Consecrate+1","BattleHymn+1","Consecrate+1","PathToVictory+1","Evaluate+1","DeceiveReality+1","Conclude+1","Judgement+1","Scrawl+1","FollowUp+1","PathToVictory+1","Halt+1","DeusExMachina+1","ForeignInfluence+1"],"relics":["HolyWater","NeowsBlessing","Question Card","Toxic Egg 2","Omamori","Pocketwatch","Whetstone","Strawberry","Letter Opener","Calling Bell","Bag of Marbles","HornCleat","Calipers","Lee\u0027s Waffle","Anchor","Incense Burner","Vajra","MutagenicStrength","Singing Bowl","Gremlin Horn","Nunchaku","Orichalcum","Melange"],"acts_visited":["Exordium","TheCity","TheBeyond"],"potions_floor_usage":[50],"damage_taken":[{"damage":0.0,"enemies":"Jaw Worm","floor":1.0,"turns":1.0},{"damage":0.0,"enemies":"2 Louse","floor":3.0,"turns":2.0},{"damage":0.0,"enemies":"Lagavulin","floor":6.0,"turns":1.0},{"damage":0.0,"enemies":"Small Slimes","floor":7.0,"turns":2.0},{"damage":13.0,"enemies":"Blue Slaver","floor":8.0,"turns":4.0},{"damage":1.0,"enemies":"Large Slime","floor":10.0,"turns":2.0},{"damage":11.0,"enemies":"Red Slaver","floor":13.0,"turns":3.0},{"damage":21.0,"enemies":"Gremlin Nob","floor":14.0,"turns":3.0},{"damage":0.0,"enemies":"Slime Boss","floor":16.0,"turns":4.0},{"damage":0.0,"enemies":"Chosen","floor":18.0,"turns":3.0},{"damage":0.0,"enemies":"3 Byrds","floor":20.0,"turns":2.0},{"damage":10.0,"enemies":"Cultist and Chosen","floor":21.0,"turns":4.0},{"damage":7.0,"enemies":"Book of Stabbing","floor":23.0,"turns":3.0},{"damage":0.0,"enemies":"Snecko","floor":24.0,"turns":3.0},{"damage":0.0,"enemies":"Snake Plant","floor":31.0,"turns":1.0},{"damage":49.0,"enemies":"Automaton","floor":33.0,"turns":6.0},{"damage":0.0,"enemies":"3 Shapes","floor":35.0,"turns":2.0},{"damage":1.0,"enemies":"3 Darklings","floor":37.0,"turns":2.0},{"damage":0.0,"enemies":"Jaw Worm Horde","floor":42.0,"turns":3.0},{"damage":0.0,"enemies":"4 Shapes","floor":45.0,"turns":1.0},{"damage":34.0,"enemies":"Reptomancer","floor":46.0,"turns":4.0},{"damage":0.0,"enemies":"Transient","floor":48.0,"turns":5.0},{"damage":90,"enemies":"Time Eater","floor":50,"turns":7}],"seed_played":"-3949146634054036455","potions_obtained":[{"floor":6.0,"key":"FearPotion"},{"floor":10.0,"key":"FearPotion"},{"floor":13.0,"key":"Block Potion"},{"floor":18.0,"key":"DuplicationPotion"},{"floor":21.0,"key":"SpeedPotion"},{"floor":35.0,"key":"Strength Potion"}],"is_trial":false,"path_per_floor":["M","?","M","?","T","E","M","M","T","M","?","$","M","E","R","B",null,"M","?","M","M","$","E","M","R","T","?","?","$","$","M","R","B",null,"M","T","M","?","?","R","?","M","T","R","M","E","$","M","R","B"],"character_chosen":"WATCHER","items_purchased":["Strawberry","Lee\u0027s Waffle","Orichalcum","Melange"],"campfire_rested":2,"item_purchase_floors":[12,22,47,47],"current_hp_per_floor":[72,72,72,54,54,54,54,41,41,40,29,36,25,4,27,27,79,79,64,64,54,91,84,84,84,84,84,84,84,84,84,84,35,91,91,91,92,92,88,88,88,90,90,90,92,60,60,62,90,0,0],"gold":176,"neow_bonus":"THREE_ENEMY_KILL","is_daily":false,"chose_seed":false,"campfire_upgraded":4,"win_rate":0.0,"timestamp":1610806006,"path_taken":["M","?","M","?","?","E","M","M","T","M","?","$","M","E","R","BOSS","M","?","M","M","$","E","M","R","T","?","?","?","$","M","R","BOSS","M","?","M","?","?","R","?","M","T","R","?","E","?","M","R","BOSS"],"items_purchased_type":["Relic","Relic","Relic","Relic"],"build_version":"2020-12-22","purchased_purges":3,"victory":false,"max_hp_per_floor":[72,72,72,72,72,72,72,72,72,72,72,79,79,79,79,79,79,79,84,84,84,91,91,91,91,91,91,91,91,91,91,91,91,91,91,91,93,93,88,88,88,90,90,90,92,94,94,96,96,96,96],"card_choices":[{"not_picked":["Protect","SashWhip"],"picked":"Consecrate","floor":1.0},{"not_picked":["WaveOfTheHand","Crescendo","Study"],"picked":"BattleHymn","floor":3.0},{"not_picked":["Wallop","FlurryOfBlows","Protect+1"],"picked":"Consecrate","floor":6.0},{"not_picked":["SashWhip","DeceiveReality+1","ReachHeaven"],"picked":"PathToVictory+1","floor":7.0},{"not_picked":["ClearTheMind+1","BowlingBash","Prostrate+1"],"picked":"Evaluate+1","floor":8.0},{"not_picked":["Nirvana","BowlingBash","SashWhip"],"picked":"DeceiveReality+1","floor":10.0},{"not_picked":["Vault+1","CrushJoints","PathToVictory+1"],"picked":"Conclude","floor":13.0},{"not_picked":["Protect+1","Halt+1","FearNoEvil"],"picked":"Judgement+1","floor":14.0},{"not_picked":["Blasphemy+1","Brilliance","DeusExMachina+1"],"picked":"Scrawl+1","floor":16.0},{"not_picked":["ClearTheMind+1","SashWhip","Halt+1"],"picked":"FollowUp+1","floor":18.0},{"not_picked":["FlurryOfBlows","Omniscience+1","FlyingSleeves","Collect+1"],"picked":"SKIP","floor":20.0},{"not_picked":["Sanctity+1","EmptyFist","WheelKick+1","Pray+1"],"picked":"SKIP","floor":21.0},{"not_picked":["Halt+1","Nirvana+1","EmptyFist"],"picked":"PathToVictory+1","floor":23.0},{"not_picked":["FlyingSleeves+1","PathToVictory+1","Vault+1","BowlingBash"],"picked":"SKIP","floor":24.0},{"not_picked":["Consecrate","Crescendo+1","FlurryOfBlows"],"picked":"Halt+1","floor":31.0},{"not_picked":["Scrawl+1","LessonLearned","ConjureBlade+1"],"picked":"DeusExMachina+1","floor":33.0},{"not_picked":["Prostrate+1","Consecrate+1","ClearTheMind+1"],"picked":"ForeignInfluence+1","floor":35.0},{"not_picked":["EmptyMind+1","FlyingSleeves+1","Tantrum","Evaluate+1"],"picked":"Singing Bowl","floor":37.0},{"not_picked":["SashWhip","EmptyBody+1","Nirvana+1","InnerPeace+1"],"picked":"Singing Bowl","floor":42.0},{"not_picked":["Study","FlyingSleeves","EmptyBody+1","PathToVictory+1"],"picked":"Singing Bowl","floor":45.0},{"not_picked":["JustLucky+1","WreathOfFlame+1","PathToVictory+1","Consecrate"],"picked":"Singing Bowl","floor":46.0},{"not_picked":["Tantrum+1","Perseverance+1","Prostrate+1","PathToVictory+1"],"picked":"Singing Bowl","floor":48.0}],"player_experience":154020,"relics_obtained":[{"floor":5.0,"key":"Omamori"},{"floor":6.0,"key":"Pocketwatch"},{"floor":9.0,"key":"Whetstone"},{"floor":14.0,"key":"Letter Opener"},{"floor":17.0,"key":"Bag of Marbles"},{"floor":17.0,"key":"HornCleat"},{"floor":17.0,"key":"Calipers"},{"floor":23.0,"key":"Anchor"},{"floor":26.0,"key":"Incense Burner"},{"floor":36.0,"key":"Singing Bowl"},{"floor":43.0,"key":"Gremlin Horn"},{"floor":46.0,"key":"Nunchaku"}],"event_choices":[{"damage_healed":0.0,"max_hp_gain":0.0,"max_hp_loss":0.0,"gold_gain":0.0,"event_name":"Big Fish","player_choice":"Box","floor":2.0,"gold_loss":0.0,"damage_taken":0.0,"relics_obtained":["Question Card"],"cards_obtained":["Regret"]},{"damage_healed":0.0,"max_hp_gain":0.0,"max_hp_loss":0.0,"gold_gain":0.0,"event_name":"Scrap Ooze","player_choice":"Success","floor":4.0,"gold_loss":0.0,"damage_taken":18.0,"relics_obtained":["Toxic Egg 2"]},{"damage_healed":0.0,"max_hp_gain":0.0,"max_hp_loss":0.0,"gold_gain":75.0,"event_name":"World of Goop","player_choice":"Gather Gold","floor":11.0,"gold_loss":0.0,"damage_taken":11.0},{"damage_healed":0.0,"max_hp_gain":5.0,"max_hp_loss":0.0,"gold_gain":0.0,"event_name":"Forgotten Altar","player_choice":"Shed Blood","floor":19.0,"gold_loss":0.0,"damage_taken":20.0},{"damage_healed":0.0,"max_hp_gain":0.0,"max_hp_loss":0.0,"gold_gain":0.0,"event_name":"Addict","player_choice":"Stole Relic","floor":27.0,"gold_loss":0.0,"damage_taken":0.0,"relics_obtained":["Vajra"],"cards_obtained":["Shame"]},{"damage_healed":0.0,"max_hp_gain":0.0,"max_hp_loss":0.0,"gold_gain":0.0,"event_name":"Drug Dealer","player_choice":"Inject Mutagens","floor":28.0,"gold_loss":0.0,"damage_taken":0.0,"relics_obtained":["MutagenicStrength"]},{"damage_healed":0.0,"max_hp_gain":0.0,"max_hp_loss":0.0,"gold_gain":0.0,"event_name":"Tomb of Lord Red Mask","player_choice":"Ignored","floor":38.0,"gold_loss":0.0,"damage_taken":0.0},{"damage_healed":0.0,"max_hp_gain":0.0,"max_hp_loss":5.0,"gold_gain":0.0,"event_name":"Winding Halls","player_choice":"Max HP","floor":39.0,"gold_loss":0.0,"damage_taken":0.0},{"damage_healed":0.0,"max_hp_gain":0.0,"max_hp_loss":0.0,"gold_gain":275.0,"event_name":"Golden Shrine","player_choice":"Desecrate","floor":41.0,"gold_loss":0.0,"damage_taken":0.0,"cards_obtained":["Regret"]}],"is_beta":false,"boss_relics":[{"not_picked":["Busted Crown","Black Star"],"picked":"Calling Bell"},{"not_picked":["Astrolabe","Sozu"],"picked":"HolyWater"}],"items_purged_floors":[12,22,47],"is_endless":false,"potions_floor_spawned":[6,10,13,14,18,21,24,35,45,46],"killed_by":"Time Eater","ascension_level":0}}