{"host":"5x08nt64u3vxxcfi","time":1610761446,"event":{"mods":["BaseMod","Minty Spire (QoL Compilation)","StSLib","SuperFastMode"],"gold_per_floor":[119,119,130,52,52,52,32,32,56,91,103,131,150,182,182,182,182],"floor_reached":16,"language":"KOR","playtime":294,"items_purged":[],"score":265,"play_id":"a32543b5-1dba-4864-956f-eebb81c9e078","local_time":"20210116104406","is_ascension_mode":true,"campfire_choices":[{"floor":6,"key":"REST"},{"floor":8,"key":"REST"},{"data":"Footwork","floor":15,"key":"SMITH"}],"circlet_count":0,"master_deck":["AscendersBane","Strike_G","Strike_G","Strike_G","Strike_G","Defend_G","Defend_G","Defend_G","Defend_G","Defend_G","Survivor","Neutralize","Accuracy","Distraction","Infinite Blades","Poisoned Stab","Phantasmal Killer","Escape Plan","Footwork+1","Acrobatics","Adrenaline","Escape Plan"],"relics":["Ring of the Snake","NeowsBlessing","Dream Catcher","Lantern","Pen Nib","FossilizedHelix","Regal Pillow"],"acts_visited":["Exordium"],"potions_floor_usage":[12,12],"damage_taken":[{"damage":0,"enemies":"2 Louse","floor":1,"turns":1},{"damage":0,"enemies":"Small Slimes","floor":3,"turns":1},{"damage":0,"enemies":"Lagavulin","floor":10,"turns":1},{"damage":6,"enemies":"Cultist","floor":11,"turns":3},{"damage":25,"enemies":"Gremlin Nob","floor":12,"turns":4},{"damage":17,"enemies":"Exordium Thugs","floor":13,"turns":6},{"damage":3,"enemies":"3 Sentries","floor":14,"turns":5},{"damage":13,"enemies":"The Guardian","floor":16,"turns":11}],"seed_played":"1256685952403217286","potions_obtained":[{"floor":1,"key":"ColorlessPotion"},{"floor":7,"key":"EssenceOfSteel"},{"floor":10,"key":"SteroidPotion"}],"is_trial":false,"path_per_floor":["M","?","M","$","?","R","?","R","T","E","M","E","M","E","R","B"],"character_chosen":"THE_SILENT","items_purchased":["Infinite Blades"],"campfire_rested":2,"item_purchase_floors":[4],"current_hp_per_floor":[59,52,52,52,26,45,45,64,64,64,58,33,16,13,13,0,0],"gold":182,"neow_bonus":"THREE_ENEMY_KILL","is_daily":false,"chose_seed":false,"campfire_upgraded":1,"win_rate":0.0,"timestamp":1610761446,"path_taken":["M","?","M","$","?","R","?","R","T","E","M","E","M","E","R","BOSS"],"items_purchased_type":["Card"],"build_version":"2020-12-22","purchased_purges":0,"victory":false,"max_hp_per_floor":[66,66,66,66,66,66,66,66,66,66,66,66,66,66,66,66,66],"card_choices":[{"not_picked":["Backstab","Slice"],"picked":"Accuracy","floor":1},{"not_picked":["Eviscerate","Flying Knee"],"picked":"Distraction","floor":3},{"not_picked":["Acrobatics","Backflip"],"picked":"Poisoned Stab","floor":6},{"not_picked":["Tactician","Concentrate"],"picked":"Phantasmal Killer","floor":8},{"not_picked":["Bane","Eviscerate"],"picked":"Escape Plan","floor":10},{"not_picked":["Slice","Quick Slash"],"picked":"Footwork","floor":11},{"not_picked":["Heel Hook","Slice"],"picked":"Acrobatics","floor":12},{"not_picked":["Underhanded Strike","Dagger Spray"],"picked":"Adrenaline","floor":13},{"not_picked":["Dagger Throw","Poisoned Stab"],"picked":"Escape Plan","floor":14}],"player_experience":111895,"relics_obtained":[{"floor":9,"key":"Lantern"},{"floor":10,"key":"Pen Nib"},{"floor":12,"key":"FossilizedHelix"},{"floor":14,"key":"Regal Pillow"}],"event_choices":[{"cards_removed":["Strike_G"],"damage_healed":0,"gold_gain":0,"player_choice":"Card Removal","damage_taken":7,"max_hp_gain":0,"max_hp_loss":0,"event_name":"Golden Wing","floor":2,"gold_loss":0},{"damage_healed":0,"gold_gain":0,"player_choice":"Success","damage_taken":26,"relics_obtained":["Dream Catcher"],"max_hp_gain":0,"max_hp_loss":0,"event_name":"Scrap Ooze","floor":5,"gold_loss":0},{"damage_healed":0,"gold_gain":0,"player_choice":"Bought 1 Potion","damage_taken":0,"max_hp_gain":0,"max_hp_loss":0,"event_name":"The Woman in Blue","floor":7,"gold_loss":0}],"is_beta":false,"boss_relics":[],"items_purged_floors":[],"is_endless":false,"potions_floor_spawned":[1,10,11],"killed_by":"The Guardian","ascension_level":17}}