{"host":"a7ive3y9k7sy3f3w","time":1610795060,"event":{"mods":["2.2 Compatiblity","AchievementEnabler","BaseMod","Colored Map","DeckTracker","Highlight Path","Minty Spire (QoL Compilation)","Random Character Button","Rare Cards Sparkle"],"gold_per_floor":[109,124,124,135,135,135,152,152,152,130,130,145,105,126,126,246,246,225,195,220,243,287,287,287],"floor_reached":23,"language":"POL","playtime":1773,"items_purged":[],"score":183,"play_id":"dbcd2bc5-5534-400e-b75a-d1cb9f721978","local_time":"20210116120420","is_ascension_mode":false,"campfire_choices":[{"data":"Skewer","floor":6,"key":"SMITH"},{"floor":15,"key":"REST"}],"circlet_count":0,"master_deck":["Strike_G","Strike_G","Strike_G+1","Strike_G","Strike_G","Defend_G+1","Defend_G","Defend_G","Defend_G","Defend_G","Survivor","Neutralize","Poisoned Stab+1","Skewer+1","Outmaneuver","Night Terror","Infinite Blades","Sucker Punch","Phantasmal Killer","CurseOfTheBell","Bouncing Flask+1","Slice+1","PiercingWail+1","Catalyst+1"],"relics":["Ring of the Snake","Ice Cream","Golden Idol","Calling Bell","Juzu Bracelet","HornCleat","Calipers","Red Mask"],"acts_visited":["Exordium","TheCity"],"potions_floor_usage":[16,16,18,20,21,23],"damage_taken":[{"damage":0,"enemies":"Small Slimes","floor":1,"turns":3},{"damage":4,"enemies":"Jaw Worm","floor":2,"turns":9},{"damage":4,"enemies":"Cultist","floor":4,"turns":4},{"damage":2,"enemies":"3 Louse","floor":7,"turns":5},{"damage":0,"enemies":"2 Fungi Beasts","floor":12,"turns":3},{"damage":0,"enemies":"Large Slime","floor":14,"turns":5},{"damage":55,"enemies":"Slime Boss","floor":16,"turns":11},{"damage":37,"enemies":"2 Thieves","floor":18,"turns":5},{"damage":7,"enemies":"Chosen","floor":20,"turns":5},{"damage":14,"enemies":"Centurion and Healer","floor":21,"turns":5},{"damage":36,"enemies":"Masked Bandits","floor":22,"turns":6},{"damage":18,"enemies":"Cultist and Chosen","floor":23,"turns":5}],"seed_played":"7493452324386454907","potions_obtained":[{"floor":1,"key":"Fire Potion"},{"floor":12,"key":"Swift Potion"},{"floor":16,"key":"ColorlessPotion"},{"floor":18,"key":"FearPotion"},{"floor":19,"key":"LiquidMemories"},{"floor":19,"key":"FairyPotion"},{"floor":22,"key":"DistilledChaos"}],"is_trial":false,"path_per_floor":["M","M","?","M","?","R","M","?","T","?","?","M","$","M","R","B",null,"M","?","M","M","?","M"],"character_chosen":"THE_SILENT","items_purchased":["Infinite Blades"],"campfire_rested":1,"item_purchase_floors":[13],"current_hp_per_floor":[77,73,58,54,59,59,57,57,57,57,38,38,38,38,61,6,77,40,40,33,19,17,0,0],"gold":287,"neow_bonus":"TEN_PERCENT_HP_BONUS","is_daily":false,"chose_seed":false,"campfire_upgraded":1,"win_rate":0.0,"timestamp":1610795060,"path_taken":["M","M","?","M","?","R","?","?","T","?","?","M","?","M","R","BOSS","M","?","M","M","?","M"],"items_purchased_type":["Card"],"build_version":"2020-12-22","purchased_purges":0,"victory":false,"max_hp_per_floor":[77,77,77,77,77,77,77,77,77,77,77,77,77,77,77,77,77,77,77,77,77,77,77,77],"card_choices":[{"not_picked":["Riddle With Holes","Slice"],"picked":"Deflect","floor":1},{"not_picked":["Sucker Punch","Dagger Throw"],"picked":"Poisoned Stab","floor":2},{"not_picked":["Footwork","Deflect"],"picked":"Skewer","floor":4},{"not_picked":["Escape Plan","Quick Slash"],"picked":"Outmaneuver","floor":7},{"not_picked":["Expertise","Finisher"],"picked":"Night Terror","floor":12},{"not_picked":["Dagger Spray","Distraction"],"picked":"Sucker Punch","floor":14},{"not_picked":["Tools of the Trade","Unload"],"picked":"Phantasmal Killer","floor":16},{"not_picked":["Footwork","Prepared"],"picked":"Bouncing Flask+1","floor":18},{"not_picked":["Underhanded Strike+1","Dagger Spray"],"picked":"Slice+1","floor":20},{"not_picked":["Quick Slash","Outmaneuver"],"picked":"PiercingWail+1","floor":21},{"not_picked":["Poisoned Stab+1","Infinite Blades"],"picked":"Catalyst+1","floor":22}],"player_experience":41124,"relics_obtained":[{"floor":9,"key":"Ice Cream"},{"floor":17,"key":"Juzu Bracelet"},{"floor":17,"key":"HornCleat"},{"floor":17,"key":"Calipers"},{"floor":22,"key":"Red Mask"}],"event_choices":[{"damage_healed":0,"gold_gain":0,"player_choice":"Entered Light","damage_taken":15,"max_hp_gain":0,"max_hp_loss":0,"event_name":"Shining Light","floor":3,"gold_loss":0,"cards_upgraded":["Defend_G","Strike_G"]},{"cards_removed":["Deflect"],"damage_healed":5,"gold_gain":0,"player_choice":"Offered Common","damage_taken":0,"max_hp_gain":0,"max_hp_loss":0,"event_name":"Bonfire Elementals","floor":5,"gold_loss":0},{"cards_removed":["Deflect"],"damage_healed":5,"gold_gain":0,"player_choice":"Offered Special","damage_taken":0,"max_hp_gain":0,"max_hp_loss":0,"event_name":"Bonfire Elementals","floor":5,"gold_loss":0},{"damage_healed":0,"gold_gain":0,"player_choice":"Grow","damage_taken":0,"max_hp_gain":0,"max_hp_loss":0,"event_name":"Living Wall","floor":8,"gold_loss":0,"cards_upgraded":["Poisoned Stab"]},{"damage_healed":0,"gold_gain":0,"player_choice":"Left Gold","damage_taken":0,"max_hp_gain":0,"max_hp_loss":0,"event_name":"World of Goop","floor":10,"gold_loss":22},{"damage_healed":0,"gold_gain":0,"player_choice":"Take Damage","damage_taken":19,"relics_obtained":["Golden Idol"],"max_hp_gain":0,"max_hp_loss":0,"event_name":"Golden Idol","floor":11,"gold_loss":0},{"damage_healed":0,"gold_gain":0,"player_choice":"Bought 2 Potions","damage_taken":0,"max_hp_gain":0,"max_hp_loss":0,"event_name":"The Woman in Blue","floor":19,"gold_loss":0},{"damage_healed":0,"gold_gain":0,"player_choice":"Fought Bandits","damage_taken":0,"max_hp_gain":0,"max_hp_loss":0,"event_name":"Masked Bandits","floor":22,"gold_loss":0}],"is_beta":false,"boss_relics":[{"not_picked":["Sozu","SacredBark"],"picked":"Calling Bell"}],"items_purged_floors":[],"is_endless":false,"potions_floor_spawned":[1,12,16,18,22],"killed_by":"Cultist and Chosen","ascension_level":0}}