{"host":"7zdktqb5xjtif29d","time":1610813398,"event":{"mods":["AchievementEnabler","BaseMod","Colored Map","Colored Powertips","Dark Map","Highlight Path","Minty Spire (QoL Compilation)","Rare Cards Sparkle","SuperFastMode","Waifu the Spire","everything is the same but u backflip on backflip"],"gold_per_floor":[118,21,21,21,35,52,52,78,132,167,70,81,81,113,113,216,216,234,91,91,108,123,148,167,199,276,276,289,315,315,327,327,422,422,434,451,505,505,456,485,485,495,547,560,589,426,426,446,446,446],"floor_reached":51,"language":"ENG","playtime":1791,"items_purged":["Bash"],"score":909,"play_id":"6c944a50-bc4e-4b3c-9268-f806b5c8705c","local_time":"20210116160958","is_ascension_mode":true,"campfire_choices":[{"data":"Pommel Strike","floor":7.0,"key":"SMITH"},{"floor":13.0,"key":"REST"},{"data":"Double Tap","floor":15.0,"key":"SMITH"},{"floor":27.0,"key":"REST"},{"floor":32.0,"key":"REST"},{"floor":41.0,"key":"REST"},{"data":"Inflame","floor":47,"key":"SMITH"},{"data":"Flex","floor":49,"key":"SMITH"}],"circlet_count":0,"master_deck":["Strike_R","Strike_R","Strike_R","Strike_R+1","Strike_R","Defend_R","Defend_R","Defend_R","Defend_R","Perfected Strike+1","Pommel Strike+1","Double Tap+1","Wild Strike","Pommel Strike","Inflame+1","Corruption","Wild Strike","Perfected Strike+1","Pommel Strike","Twin Strike","Twin Strike","Pommel Strike+1","Flex+1","Demon Form+1","Flex+1","Perfected Strike+1","Pommel Strike+1","Flex+1","Flex+1","Clash+1"],"relics":["Burning Blood","Potion Belt","MealTicket","Pantograph","Oddly Smooth Stone","Black Star","Happy Flower","Self Forming Clay","Question Card","Meat on the Bone","Frozen Egg 2","Darkstone Periapt","Molten Egg 2","Kunai","Bottled Flame","SlaversCollar","FossilizedHelix","Vajra","The Courier","Juzu Bracelet","Prayer Wheel","Toy Ornithopter"],"acts_visited":["Exordium","TheCity","TheBeyond"],"potions_floor_usage":[45,48,50,50],"damage_taken":[{"damage":5.0,"enemies":"Cultist","floor":1.0,"turns":5.0},{"damage":3.0,"enemies":"2 Louse","floor":5.0,"turns":2.0},{"damage":9.0,"enemies":"Jaw Worm","floor":6.0,"turns":3.0},{"damage":35.0,"enemies":"Lagavulin","floor":8.0,"turns":6.0},{"damage":16.0,"enemies":"Gremlin Nob","floor":10.0,"turns":3.0},{"damage":13.0,"enemies":"Red Slaver","floor":12.0,"turns":3.0},{"damage":26.0,"enemies":"Lagavulin","floor":14.0,"turns":5.0},{"damage":37.0,"enemies":"The Guardian","floor":16.0,"turns":12.0},{"damage":6.0,"enemies":"Chosen","floor":18.0,"turns":3.0},{"damage":30.0,"enemies":"3 Byrds","floor":21.0,"turns":5.0},{"damage":0.0,"enemies":"Centurion and Healer","floor":22.0,"turns":4.0},{"damage":26.0,"enemies":"Slavers","floor":23.0,"turns":5.0},{"damage":18.0,"enemies":"Chosen and Byrds","floor":24.0,"turns":6.0},{"damage":37.0,"enemies":"Book of Stabbing","floor":25.0,"turns":5.0},{"damage":0.0,"enemies":"Cultist and Chosen","floor":28.0,"turns":2.0},{"damage":35.0,"enemies":"Gremlin Leader","floor":29.0,"turns":4.0},{"damage":14.0,"enemies":"Centurion and Healer","floor":31.0,"turns":4.0},{"damage":54.0,"enemies":"Automaton","floor":33.0,"turns":6.0},{"damage":0.0,"enemies":"Orb Walker","floor":35.0,"turns":1.0},{"damage":11.0,"enemies":"3 Shapes","floor":36.0,"turns":4.0},{"damage":80.0,"enemies":"2 Orb Walkers","floor":37.0,"turns":5.0},{"damage":44.0,"enemies":"Nemesis","floor":40.0,"turns":3.0},{"damage":10.0,"enemies":"Maw","floor":42.0,"turns":7.0},{"damage":28.0,"enemies":"3 Darklings","floor":44.0,"turns":8.0},{"damage":9,"enemies":"Reptomancer","floor":45,"turns":2},{"damage":22,"enemies":"Writhing Mass","floor":48,"turns":3},{"damage":80,"enemies":"Awakened One","floor":50,"turns":7}],"seed_played":"957276600281443999","potions_obtained":[{"floor":1.0,"key":"BlessingOfTheForge"},{"floor":6.0,"key":"Explosive Potion"},{"floor":8.0,"key":"Block Potion"},{"floor":12.0,"key":"GamblersBrew"},{"floor":14.0,"key":"Energy Potion"},{"floor":21.0,"key":"SpeedPotion"},{"floor":24.0,"key":"SteroidPotion"},{"floor":28.0,"key":"PowerPotion"},{"floor":29.0,"key":"ColorlessPotion"},{"floor":33.0,"key":"FearPotion"},{"floor":35.0,"key":"BloodPotion"},{"floor":37.0,"key":"Ancient Potion"},{"floor":40.0,"key":"SkillPotion"}],"is_trial":false,"path_per_floor":["M","$","?","?","M","M","R","E","T","E","$","M","R","E","R","B",null,"M","$","?","M","M","E","M","E","T","R","M","E","T","M","R","B",null,"M","M","?","?","$","E","R","M","T","M","E","$","R","M","R","B",null],"character_chosen":"IRONCLAD","items_purchased":["Perfected Strike","Pommel Strike","Pommel Strike","Happy Flower","Pommel Strike+1","Flex","FairyPotion","BloodPotion"],"campfire_rested":4,"item_purchase_floors":[2,2,11,19,39,46,46,46],"current_hp_per_floor":[88,88,93,74,77,74,74,45,45,35,50,43,70,50,50,44,93,93,93,93,69,75,55,43,12,12,39,57,40,40,44,71,57,93,93,88,44,44,59,33,60,56,56,46,55,70,70,77,77,36],"gold":446,"neow_bonus":"TEN_PERCENT_HP_BONUS","is_daily":false,"chose_seed":false,"campfire_upgraded":4,"win_rate":0.0,"timestamp":1610813398,"path_taken":["M","?","?","?","M","?","R","E","T","E","?","M","R","E","R","BOSS","M","?","?","?","M","E","M","E","T","R","M","E","?","M","R","BOSS","M","M","?","?","$","E","R","M","T","M","E","$","R","M","R","BOSS"],"items_purchased_type":["Card","Card","Card","Relic","Card","Card","Potion","Potion"],"build_version":"2020-12-22","purchased_purges":1,"victory":true,"max_hp_per_floor":[88,88,93,93,93,93,93,93,93,93,93,93,93,93,93,93,93,93,93,93,93,93,93,93,93,93,93,93,93,93,93,93,93,93,93,93,93,93,93,93,93,93,93,93,93,93,93,93,93,93],"card_choices":[{"not_picked":["Intimidate","Iron Wave","Heavy Blade"],"picked":"SKIP","floor":1.0},{"not_picked":["Dual Wield","Iron Wave","Anger"],"picked":"SKIP","floor":5.0},{"not_picked":["Rampage","Burning Pact","Headbutt"],"picked":"SKIP","floor":6.0},{"not_picked":["Bloodletting","Shrug It Off"],"picked":"Double Tap","floor":8.0},{"not_picked":["Iron Wave","Clothesline"],"picked":"Wild Strike","floor":10.0},{"not_picked":["Power Through","Ghostly Armor","Anger"],"picked":"SKIP","floor":12.0},{"not_picked":["Intimidate","Shockwave"],"picked":"Inflame","floor":14.0},{"not_picked":["Exhume","Reaper"],"picked":"Corruption","floor":16.0},{"not_picked":["Headbutt","True Grit","Flex"],"picked":"SKIP","floor":18.0},{"not_picked":["Warcry+1","Body Slam"],"picked":"Perfected Strike+1","floor":21.0},{"not_picked":["Limit Break","Whirlwind"],"picked":"Pommel Strike","floor":22.0},{"not_picked":["Reckless Charge","Blood for Blood+1","Second Wind"],"picked":"SKIP","floor":23.0},{"not_picked":["Clash+1","Second Wind","Shrug It Off"],"picked":"Twin Strike","floor":24.0},{"not_picked":["Iron Wave","Flame Barrier+1","Clash"],"picked":"Twin Strike","floor":25.0},{"not_picked":["Feed","Blood for Blood","Headbutt","Thunderclap"],"picked":"SKIP","floor":28.0},{"not_picked":["Clothesline+1","Shrug It Off","Searing Blow+1"],"picked":"Pommel Strike+1","floor":29.0},{"not_picked":["Feel No Pain+1","Body Slam+1","Evolve+1"],"picked":"Flex+1","floor":31.0},{"not_picked":["Bludgeon+1","Brutality+1","Juggernaut+1"],"picked":"Demon Form+1","floor":33.0},{"not_picked":["Sword Boomerang+1","Cleave+1","Entrench","Havoc+1"],"picked":"SKIP","floor":35.0},{"not_picked":["Combust+1","True Grit+1","Iron Wave+1"],"picked":"Flex+1","floor":36.0},{"not_picked":["Heavy Blade+1","Thunderclap+1","Headbutt+1","Clothesline+1"],"picked":"SKIP","floor":40.0},{"not_picked":["Thunderclap+1","Sword Boomerang+1","Havoc","Body Slam+1"],"picked":"SKIP","floor":42.0},{"not_picked":["Sword Boomerang+1","Shockwave+1","Barricade+1"],"picked":"Flex+1","floor":44.0},{"not_picked":["Cleave+1","Uppercut+1","Sever Soul+1","Havoc+1"],"picked":"SKIP","floor":45},{"not_picked":["Headbutt+1","Clothesline+1","Disarm"],"picked":"Clash+1","floor":48},{"not_picked":["Cleave+1","Dual Wield","Warcry","Armaments"],"picked":"SKIP","floor":48}],"player_experience":230750,"relics_obtained":[{"floor":8.0,"key":"Potion Belt"},{"floor":9.0,"key":"MealTicket"},{"floor":10.0,"key":"Pantograph"},{"floor":14.0,"key":"Oddly Smooth Stone"},{"floor":23.0,"key":"Self Forming Clay"},{"floor":23.0,"key":"Question Card"},{"floor":25.0,"key":"Meat on the Bone"},{"floor":25.0,"key":"Frozen Egg 2"},{"floor":26.0,"key":"Darkstone Periapt"},{"floor":29.0,"key":"Molten Egg 2"},{"floor":29.0,"key":"Kunai"},{"floor":30.0,"key":"Bottled Flame"},{"floor":37.0,"key":"FossilizedHelix"},{"floor":40.0,"key":"Vajra"},{"floor":40.0,"key":"The Courier"},{"floor":43.0,"key":"Juzu Bracelet"},{"floor":45,"key":"Prayer Wheel"},{"floor":45,"key":"Toy Ornithopter"}],"event_choices":[{"damage_healed":0.0,"max_hp_gain":5.0,"max_hp_loss":0.0,"gold_gain":0.0,"event_name":"Big Fish","player_choice":"Donut","floor":3.0,"gold_loss":0.0,"damage_taken":0.0},{"damage_healed":0.0,"max_hp_gain":0.0,"max_hp_loss":0.0,"gold_gain":0.0,"event_name":"Shining Light","player_choice":"Entered Light","floor":4.0,"gold_loss":0.0,"damage_taken":19.0,"cards_upgraded":["Strike_R","Perfected Strike"]},{"damage_healed":0.0,"max_hp_gain":0.0,"max_hp_loss":0.0,"gold_gain":0.0,"event_name":"Match and Keep!","player_choice":"1 cards matched","floor":20.0,"gold_loss":0.0,"damage_taken":0.0,"cards_obtained":["Wild Strike"]},{"damage_healed":0.0,"max_hp_gain":0.0,"max_hp_loss":0.0,"gold_gain":0.0,"event_name":"Mysterious Sphere","player_choice":"Fight","floor":37.0,"gold_loss":0.0,"damage_taken":0.0},{"damage_healed":0.0,"max_hp_gain":0.0,"max_hp_loss":0.0,"gold_gain":0.0,"event_name":"Duplicator","player_choice":"Copied","floor":38.0,"gold_loss":0.0,"damage_taken":0.0,"cards_obtained":["Perfected Strike"]}],"is_beta":false,"boss_relics":[{"not_picked":["Pandora\u0027s Box","Calling Bell"],"picked":"Black Star"},{"not_picked":["Fusion Hammer","Coffee Dripper"],"picked":"SlaversCollar"}],"items_purged_floors":[11],"is_endless":false,"potions_floor_spawned":[1,6,8,12,14,21,24,28,29,33,35,37,40],"ascension_level":2}}