{"host":"fm9e0lfunjlbhzxv","time":1610781094,"event":{"mods":["Alarm Clock","BaseMod","Bestiary","Better Match","Better Skull","Better Third Choice","Colored Map","Colored Powertips","Downfall","Key Reminder","Minty Spire (QoL Compilation)","Permanent Neow","Rare Cards Sparkle","Relic Stats","StSLib","slay the spire mod where everything is the same but ironclad has a cowboy hat"],"gold_per_floor":[0,14,25,45,55,505,505,523,523,542,542,542,560,572,585,585,585],"floor_reached":16,"language":"ENG","playtime":1029,"items_purged":[],"score":123,"play_id":"0f7c0152-153c-46d1-a95f-b6bb56b54b4f","local_time":"20210115231134","is_ascension_mode":false,"campfire_choices":[{"data":"bronze:Goto","floor":1,"key":"SMITH"},{"data":"bronze:Repulsor","floor":9,"key":"SMITH"},{"floor":12,"key":"RECALL"}],"circlet_count":0,"master_deck":["bronze:Strike","bronze:Strike","bronze:Defend","bronze:Defend","bronze:Defend","bronze:Replicate","bronze:Goto+1","bronze:FineTuning","bronze:OilSpill","bronze:Branch","bronze:Repulsor+1","downfall:Icky","downfall:Icky","downfall:Icky","bronze:Format","bronze:ItsAFeature","downfall:Aged","bronze:Branch"],"relics":["bronze:BronzeCore","Singing Bowl","keyreminder:keyreminder"],"acts_visited":["Exordium"],"potions_floor_usage":[16,16],"damage_taken":[{"damage":8,"enemies":"Jaw Worm","floor":2,"turns":4},{"damage":5,"enemies":"Small Slimes","floor":3,"turns":4},{"damage":0,"enemies":"Cultist","floor":4,"turns":3},{"damage":13,"enemies":"Lots of Slimes","floor":5,"turns":4},{"damage":0,"enemies":"3 Louse","floor":8,"turns":4},{"damage":8,"enemies":"2 Fungi Beasts","floor":10,"turns":3},{"damage":6,"enemies":"Exordium Wildlife","floor":13,"turns":4},{"damage":9,"enemies":"Exordium Thugs","floor":14,"turns":4},{"damage":18,"enemies":"Red Slaver","floor":15,"turns":4},{"damage":28,"enemies":"DF_ARCHETYPE_STREAMLINE","floor":16,"turns":6}],"seed_played":"-2368469292923037912","potions_obtained":[{"floor":3,"key":"hexamod:SoulburnPotion"},{"floor":5,"key":"BlessingOfTheForge"},{"floor":8,"key":"champ:CounterPotion"}],"is_trial":false,"path_per_floor":["R","M","M","M","M","?","T","M","R","M","?","R","M","M","M","B"],"character_chosen":"THE_AUTOMATON","items_purchased":[],"campfire_rested":0,"item_purchase_floors":[],"current_hp_per_floor":[84,76,71,71,58,58,58,58,58,50,50,50,46,39,21,0,0],"gold":585,"neow_bonus":"TWENTY_PERCENT_HP_BONUS","is_daily":false,"chose_seed":false,"campfire_upgraded":2,"win_rate":0.0,"timestamp":1610781094,"path_taken":["R","M","M","M","M","?","T","M","R","M","?","R","?","?","M","BOSS"],"items_purchased_type":[],"build_version":"2020-12-22","purchased_purges":0,"victory":false,"max_hp_per_floor":[84,84,84,84,84,84,84,84,84,84,84,84,86,88,88,88,88],"relic_stats":{"Singing Bowl":4,"counters":[10,40],"obtain_stats":[{"keyreminder:keyreminder":12,"bronze:BronzeCore":0,"Singing Bowl":7},{"keyreminder:keyreminder":6,"bronze:BronzeCore":0,"Singing Bowl":4},{"keyreminder:keyreminder":22,"bronze:BronzeCore":0,"Singing Bowl":15}]},"card_choices":[{"not_picked":["bronze:Overheat","bronze:BugBarrage"],"picked":"bronze:FineTuning","floor":2},{"not_picked":["bronze:Overheat","bronze:Shield"],"picked":"bronze:OilSpill","floor":3},{"not_picked":["bronze:MaxOutput","bronze:BuggyMess"],"picked":"bronze:Branch","floor":4},{"not_picked":["bronze:Safeguard","bronze:ForceShield"],"picked":"bronze:Repulsor","floor":5},{"not_picked":["bronze:OilSpill","bronze:Safeguard"],"picked":"bronze:Format","floor":8},{"not_picked":["bronze:OilSpill","bronze:NullPointer"],"picked":"bronze:ItsAFeature","floor":10},{"not_picked":["bronze:CutThrough","bronze:DigitalCarnage","bronze:DelayedSlice"],"picked":"Singing Bowl","floor":13},{"not_picked":["bronze:Shield","bronze:WhirlingStrike","bronze:CleanCode"],"picked":"Singing Bowl","floor":14},{"not_picked":["bronze:Shield","bronze:Safeguard"],"picked":"bronze:Branch","floor":15}],"player_experience":489374,"relics_obtained":[{"floor":7,"key":"Singing Bowl"}],"event_choices":[],"is_beta":false,"boss_relics":[],"items_purged_floors":[],"is_endless":false,"potions_floor_spawned":[3,5,8],"killed_by":"DF_ARCHETYPE_STREAMLINE","ascension_level":0}}