{"host":"8fuipfsvjht9cgcs","time":1610782071,"event":{"mods":["AchievementEnabler","BaseMod","Colored Map","Colored Powertips","DeckTracker","Friendly Minions","Kiyohime£¨?ýï£©","Marisa£¨Ùöéë¡¡Øª×âÞÞ£©","Minty Spire (QoL Compilation)","Prisma Mod","Replay The Spire","StSLib","SuperFastMode","The Cursed","The Gatherer"],"gold_per_floor":[367,139,159,159,109,109,127,127,127,127,127,127,141,141,141,272,272,287,301,74,74,74,74,104,104,104,26,26,37,68,79,79,79,79],"floor_reached":33,"language":"KOR","playtime":1090,"items_purged":["Strike_R","Strike_R","ReplayReversal"],"score":498,"play_id":"a76eb221-bf7f-4149-9580-7fc6c4859657","local_time":"20210116202751","is_ascension_mode":true,"campfire_choices":[{"data":"Whirlwind","floor":6.0,"key":"SMITH"},{"data":"Flex","floor":8,"key":"SMITH"},{"data":"Bash","floor":10,"key":"SMITH"},{"data":"Ghostly Armor","floor":12,"key":"SMITH"},{"floor":15,"key":"DIG"},{"floor":23,"key":"REST"},{"data":"Armaments","floor":25,"key":"SMITH"},{"floor":32,"key":"DIG"}],"circlet_count":0,"master_deck":["AscendersBane","Bash+1","Twin Strike","Whirlwind+1","Flex+1","Dropkick+1","Ghostly Armor+1","Bloodletting","Offering","Juggernaut","Double Tap","Sever Soul","Shockwave","Hemokinesis","Abandon+1","Dark Embrace","Shrug It Off","Finesse","Madness","Pain","Pot Of Greed","Pot Of Greed","Armaments+1","Flex"],"relics":["Burning Blood","Membership Card","Champion Belt","Question Card","Pandora\u0027s Box","ReplayTheSpireMod:ShopPack","Akabeko","WarpedTongs","Grinning Jar","Meat on the Bone","Juzu Bracelet","Nloth\u0027s Gift","HornCleat","Gremlin Food"],"acts_visited":["Exordium","TheCity"],"potions_floor_usage":[16,16,29,30],"damage_taken":[{"damage":3.0,"enemies":"2 Louse","floor":1.0,"turns":3.0},{"damage":2.0,"enemies":"Small Slimes","floor":3.0,"turns":4.0},{"damage":6,"enemies":"Cultist","floor":7,"turns":3},{"damage":7,"enemies":"Lots of Slimes","floor":13,"turns":2},{"damage":53,"enemies":"Hexaghost","floor":16,"turns":12},{"damage":22,"enemies":"Shell Parasite","floor":18,"turns":3},{"damage":32,"enemies":"2 Thieves","floor":19,"turns":3},{"damage":18,"enemies":"Book of Stabbing","floor":24,"turns":3},{"damage":32,"enemies":"Cultist and Chosen","floor":29,"turns":4},{"damage":12,"enemies":"Replay:Snechameleon","floor":30,"turns":3},{"damage":16,"enemies":"Snake Plant","floor":31,"turns":2},{"damage":42,"enemies":"Collector","floor":33,"turns":3}],"seed_played":"2413865553248609611","potions_obtained":[{"floor":3.0,"key":"Dexterity Potion"},{"floor":7,"key":"DuplicationPotion"},{"floor":24,"key":"AttackPotion"},{"floor":29,"key":"AttackPotion"},{"floor":31,"key":"SteroidPotion"}],"is_trial":false,"path_per_floor":["M","$","M","?","$","R","M","R","T","R","?","R","M","?","R_BF","B",null,"M","M","$","?","?","R","E","R","T","$","?","M","E","M","R_BF","B"],"character_chosen":"IRONCLAD","items_purchased":["Membership Card","Whirlwind","ReplayTheSpireMod:ShopPack","Shrug It Off","Akabeko","Juzu Bracelet"],"campfire_rested":1,"item_purchase_floors":[2,2,20,20,20,27],"current_hp_per_floor":[72,72,72,72,72,72,72,72,72,72,77,77,76,57,57,10,60,44,18,18,18,18,41,34,34,34,34,34,20,26,28,28,0,0],"gold":79,"neow_bonus":"TWO_FIFTY_GOLD","is_daily":false,"chose_seed":false,"campfire_upgraded":5,"win_rate":0.0,"timestamp":1610782071,"path_taken":["M","$","M","?","$","R","M","R","T","R","?","R","M","?","R_BF","BOSS","M","M","$","?","?","R","E","R","T","$","?","M","E","M","R_BF","BOSS"],"items_purchased_type":["Relic","Card","Relic","Card","Relic","Relic"],"build_version":"2020-12-22","purchased_purges":3,"victory":false,"max_hp_per_floor":[72,72,72,72,72,72,72,72,72,72,77,77,77,77,77,77,77,77,77,77,77,77,77,77,77,77,77,77,77,77,77,77,77,77],"card_choices":[{"not_picked":["Perfected Strike","ReplayTheSpireMod:Strike From Hell"],"picked":"Twin Strike","floor":1.0},{"not_picked":["Searing Blow","Wild Strike"],"picked":"Flex","floor":3.0},{"not_picked":["Rampage","Sever Soul"],"picked":"Ghostly Armor","floor":7},{"not_picked":["Power Through","Reaper"],"picked":"Bloodletting","floor":13},{"not_picked":["Juggernaut","Feed","Immolate"],"picked":"Offering","floor":16},{"not_picked":["Cleave","Infernal Blade","Shrug It Off"],"picked":"Abandon+1","floor":18},{"not_picked":["Thunderclap","Heavy Blade","Entrench"],"picked":"Dark Embrace","floor":19},{"not_picked":["Good Instincts","Jack Of All Trades","Mind Blast"],"picked":"Finesse","floor":20},{"not_picked":["Swift Strike","Transmutation","Deep Breath"],"picked":"Madness","floor":20},{"not_picked":["Disarm","Demon Form","Pommel Strike"],"picked":"Armaments","floor":24},{"not_picked":["Thunderclap","Carnage","Clothesline","ReplayTheSpireMod:Corrosion Curse+1"],"picked":"SKIP","floor":29},{"not_picked":["Feel No Pain","ReplayTheSpireMod:Strike From Hell","Barricade","Metallicize"],"picked":"SKIP","floor":30},{"not_picked":["Sword Boomerang","Wild Strike","Clash"],"picked":"Flex","floor":31}],"player_experience":411998,"relics_obtained":[{"floor":9,"key":"Champion Belt"},{"floor":15,"key":"Question Card"},{"floor":24,"key":"Grinning Jar"},{"floor":26,"key":"Meat on the Bone"},{"floor":30,"key":"HornCleat"},{"floor":32,"key":"Gremlin Food"}],"event_choices":[{"damage_healed":0,"gold_gain":0,"player_choice":"Donut","damage_taken":0,"max_hp_gain":5,"max_hp_loss":0,"event_name":"Big Fish","floor":11,"gold_loss":0},{"damage_healed":0,"gold_gain":0,"player_choice":"Take Damage","damage_taken":19,"relics_obtained":["Golden Idol"],"max_hp_gain":0,"max_hp_loss":0,"event_name":"Golden Idol","floor":14,"gold_loss":0},{"damage_healed":0,"gold_gain":0,"player_choice":"Gave Idol","damage_taken":0,"relics_obtained":["Bloody Idol"],"max_hp_gain":0,"max_hp_loss":0,"event_name":"Forgotten Altar","floor":21,"relics_lost":["Golden Idol"],"gold_loss":0},{"damage_healed":0,"gold_gain":0,"player_choice":"Rummage","damage_taken":0,"relics_obtained":["WarpedTongs"],"max_hp_gain":0,"max_hp_loss":0,"event_name":"Accursed Blacksmith","floor":22,"gold_loss":0,"cards_obtained":["Pain"]},{"damage_healed":0,"gold_gain":0,"player_choice":"Traded Relic","damage_taken":0,"relics_obtained":["Nloth\u0027s Gift"],"max_hp_gain":0,"max_hp_loss":0,"event_name":"N\u0027loth","floor":28,"relics_lost":["Bloody Idol"],"gold_loss":0}],"is_beta":false,"boss_relics":[{"not_picked":["Busted Crown","Replay:Wanted Poster"],"picked":"Pandora\u0027s Box"}],"items_purged_floors":[2,5,20],"is_endless":false,"potions_floor_spawned":[3,7,24,29,31],"killed_by":"Collector","ascension_level":11}}