{"host":"17xjy7b7ubl548g2","time":1610772344,"event":{"mods":["2.2 Compatiblity","Act Like it!","Aspiration","Astrologer","Bard","BaseMod","Bestiary","Challenge The Spire","ChefMod","Colored Map","Conspire","Elementarium","Energized Spire","Gensokyo","GifTheSpireLib","Halation","Hallownest","Hubris","Infinite Spire","Jedi Mod","Jorbs\u0027s Wanderer Trilogy","Marisa（霧雨　魔理沙）","Marked Mod","Menagerie","Minty Spire (QoL Compilation)","Pale of the Ancients","Permanent Neow","Puzzle Mod","Replay The Spire","Robot Space Explorer","Spicy Shops","StSLib","Stuff the Spire","The Blue Laboratory","The Bug Knight","The Construct","The Disciple","The Factory","The Hayseed","The Hierophant","The Marked","The Runesmith","The Sage","TheFirefly"],"gold_per_floor":[118,153,167,167,25,25,25,25],"floor_reached":7,"language":"ENG","playtime":778,"items_purged":[],"score":51,"play_id":"526b4125-53a1-41b6-a976-e0522ec4032c","local_time":"20210115234544","is_ascension_mode":true,"campfire_choices":[{"data":"astrologer:Strength","floor":6,"key":"SMITH"}],"circlet_count":0,"master_deck":["astrologer:Strike","astrologer:Strike","astrologer:Strike","astrologer:Defend","astrologer:Defend","astrologer:Defend","astrologer:Defend","astrologer:NorthStar","astrologer:TheFool","astrologer:Strength+1","astrologer:MeteorShower"],"relics":["astrologer:SkyMirror","Bag of Marbles","Sundial","StuffTheSpire:DarkSteelAnvil"],"acts_visited":["Exordium"],"potions_floor_usage":[7],"damage_taken":[{"damage":0,"enemies":"Menagerie:MonstrousExperiment","floor":1,"turns":4},{"damage":30,"enemies":"conspire:MimicChest","floor":2,"turns":7},{"damage":0,"enemies":"Menagerie:StygianBoar","floor":3,"turns":3},{"damage":27,"enemies":"Menagerie:MaskedSummoner","floor":7,"turns":11}],"seed_played":"626454428304468918","potions_obtained":[{"floor":2,"key":"Languid Potion"},{"floor":3,"key":"blueLaboratory:AbyssPotion"}],"is_trial":false,"path_per_floor":["M","?","M","T","$","R","E"],"character_chosen":"ASTROLOGER","items_purchased":["StuffTheSpire:DarkSteelAnvil","astrologer:MeteorShower"],"campfire_rested":0,"item_purchase_floors":[5,5],"current_hp_per_floor":[63,33,33,33,33,33,6,6],"gold":25,"neow_bonus":"REMOVE_CARD","is_daily":false,"chose_seed":false,"campfire_upgraded":1,"win_rate":0.0,"timestamp":1610772344,"path_taken":["M","?","M","?","$","R","E"],"items_purchased_type":["Relic","Card"],"build_version":"2020-12-22","purchased_purges":0,"victory":false,"max_hp_per_floor":[70,70,70,70,70,70,70,70],"card_choices":[{"not_picked":["astrologer:Moonlight","astrologer:SpaceDust"],"picked":"astrologer:Strength","floor":1},{"not_picked":["astrologer:ReadTheStars","astrologer:Stardust","astrologer:TheHermit"],"picked":"SKIP","floor":3}],"player_experience":1800120,"relics_obtained":[{"floor":2,"key":"Bag of Marbles"},{"floor":4,"key":"Sundial"}],"event_choices":[],"is_beta":false,"boss_relics":[],"items_purged_floors":[],"is_endless":false,"potions_floor_spawned":[2,3],"killed_by":"Menagerie:MaskedSummoner","ascension_level":6}}