{"host":"vyjryxuuuxkt43k4","time":1610819958,"event":{"mods":["AchievementEnabler","BaseMod","Colored Map","DeckTracker","Minty Spire (QoL Compilation)","Permanent Neow","Quick Restart","StSLib","SuperFastMode","everything is the same but u backflip on backflip"],"gold_per_floor":[367,378,21,38,57,57,84,84,139,168,168,184,184,36,36,131,131,141,56,56,56,72,106,161,161,215,245,260,197,232,232,232,336,336,353,119,143,143,243,243,273,284,308,148,166,177,190,72,72,72,72,72,24,58,58,58],"floor_reached":55,"language":"KOR","playtime":3145,"items_purged":["Strike_R","Strike_R","Strike_R","Strike_R","Shrug It Off","Defend_R"],"score":1090,"play_id":"c3c38caa-8dcc-4608-a3d3-47186bacc20a","local_time":"20210117025918","is_ascension_mode":true,"campfire_choices":[{"data":"Rampage","floor":6,"key":"SMITH"},{"data":"Battle Trance","floor":11,"key":"SMITH"},{"data":"Flex","floor":15,"key":"SMITH"},{"data":"Armaments","floor":25,"key":"SMITH"},{"floor":32,"key":"REST"},{"data":"Demon Form","floor":40,"key":"SMITH"},{"floor":49,"key":"RECALL"},{"floor":52,"key":"REST"}],"circlet_count":0,"master_deck":["Defend_R","Defend_R","Defend_R","Bash","Rampage+1","Pommel Strike","Inflame","Ghostly Armor","Shockwave+1","Battle Trance+1","Shrug It Off","Flex+1","Offering","Pommel Strike+1","Secret Weapon","Battle Trance","Armaments+1","Intimidate","Seeing Red","Headbutt","Demon Form+1","Havoc+1","Exhume","Second Wind"],"relics":["Black Blood","Membership Card","Happy Flower","Tiny Chest","Eternal Feather","Bronze Scales","Bag of Marbles","OrangePellets","SlaversCollar","Gremlin Horn","Lantern","Nunchaku","Bag of Preparation","Toy Ornithopter","Pen Nib","Kunai","Blood Vial","Art of War","ClockworkSouvenir","Boot"],"acts_visited":["Exordium","TheCity","TheBeyond","TheEnding"],"potions_floor_usage":[5,16,23,33,41,45,50,50,54,54],"damage_taken":[{"damage":5,"enemies":"Small Slimes","floor":1,"turns":4},{"damage":6,"enemies":"2 Louse","floor":2,"turns":3},{"damage":4,"enemies":"Jaw Worm","floor":4,"turns":4},{"damage":11,"enemies":"Exordium Wildlife","floor":5,"turns":4},{"damage":12,"enemies":"Gremlin Nob","floor":7,"turns":3},{"damage":20,"enemies":"Lagavulin","floor":10,"turns":6},{"damage":6,"enemies":"Looter","floor":12,"turns":2},{"damage":14,"enemies":"The Guardian","floor":16,"turns":8},{"damage":17,"enemies":"Shell Parasite","floor":18,"turns":4},{"damage":13,"enemies":"Chosen","floor":22,"turns":3},{"damage":27,"enemies":"Gremlin Leader","floor":23,"turns":8},{"damage":16,"enemies":"Book of Stabbing","floor":27,"turns":6},{"damage":9,"enemies":"Snake Plant","floor":28,"turns":5},{"damage":18,"enemies":"Slavers","floor":30,"turns":5},{"damage":6,"enemies":"Collector","floor":33,"turns":7},{"damage":26,"enemies":"3 Darklings","floor":35,"turns":6},{"damage":19,"enemies":"Reptomancer","floor":41,"turns":4},{"damage":15,"enemies":"3 Shapes","floor":42,"turns":4},{"damage":16,"enemies":"Writhing Mass","floor":45,"turns":5},{"damage":24,"enemies":"Spire Growth","floor":46,"turns":4},{"damage":20,"enemies":"Jaw Worm Horde","floor":47,"turns":5},{"damage":69,"enemies":"Awakened One","floor":50,"turns":7},{"damage":57,"enemies":"Shield and Spear","floor":54,"turns":6},{"damage":32,"enemies":"The Heart","floor":55,"turns":2}],"seed_played":"6525069836434384378","potions_obtained":[{"floor":2,"key":"SkillPotion"},{"floor":7,"key":"Strength Potion"},{"floor":12,"key":"SteroidPotion"},{"floor":16,"key":"Weak Potion"},{"floor":18,"key":"SmokeBomb"},{"floor":30,"key":"EssenceOfSteel"},{"floor":33,"key":"SneckoOil"},{"floor":41,"key":"ColorlessPotion"},{"floor":45,"key":"Swift Potion"},{"floor":47,"key":"Energy Potion"}],"is_trial":false,"path_per_floor":["M","M","$","M","M","R","E","?","T","E","R","M","?","$","R","B",null,"M","$","T","?","M","E","T","R","T","E","M","$","E","?","R","B",null,"M","$","T","?","?","R","E","M","T","$","M","M","M","$","R","B",null,"R","$","E","B"],"character_chosen":"IRONCLAD","items_purchased":["Membership Card","Happy Flower","Tiny Chest","Inflame","OrangePellets","Flex","Secret Weapon","Kunai","Regen Potion","ClockworkSouvenir","Second Wind","Energy Potion","SteroidPotion"],"campfire_rested":2,"item_purchase_floors":[3,3,3,3,14,14,19,36,36,44,48,53,53],"current_hp_per_floor":[72,72,72,72,67,67,61,61,61,47,56,56,49,49,58,50,67,56,56,56,56,49,28,28,40,40,30,27,27,15,15,48,53,67,53,53,53,53,53,65,68,65,65,65,68,56,50,50,62,17,55,68,68,29,0,0],"gold":58,"neow_bonus":"TWO_FIFTY_GOLD","is_daily":false,"chose_seed":false,"campfire_upgraded":5,"win_rate":0.0,"timestamp":1610819958,"path_taken":["M","M","$","M","M","R","E","?","T","E","R","M","?","?","R","BOSS","M","$","?","?","M","E","?","R","T","E","M","$","E","?","R","BOSS","M","$","?","?","?","R","E","M","T","$","?","M","M","$","R","BOSS","R","$","E","BOSS"],"items_purchased_type":["Relic","Relic","Relic","Card","Relic","Card","Card","Relic","Potion","Relic","Card","Potion","Potion"],"build_version":"2020-12-22","purchased_purges":6,"victory":false,"max_hp_per_floor":[72,72,72,72,72,72,72,72,72,72,72,72,72,72,72,72,72,72,72,72,72,72,72,72,72,72,72,72,72,72,72,72,72,72,72,72,72,68,68,68,68,68,68,68,68,68,68,68,68,68,68,68,68,68,68,68],"card_choices":[{"not_picked":["Heavy Blade","Iron Wave"],"picked":"Rampage","floor":1},{"not_picked":["Evolve","Intimidate"],"picked":"Pommel Strike","floor":2},{"not_picked":["Cleave","Twin Strike"],"picked":"Ghostly Armor","floor":4},{"not_picked":["Second Wind","Rage"],"picked":"Shockwave","floor":5},{"not_picked":["Spot Weakness","Second Wind"],"picked":"Battle Trance","floor":7},{"not_picked":["Rampage","Heavy Blade"],"picked":"Shrug It Off","floor":10},{"not_picked":["Armaments","Carnage"],"picked":"Shrug It Off","floor":12},{"not_picked":["Juggernaut","Exhume"],"picked":"Offering","floor":16},{"not_picked":["Second Wind","Havoc"],"picked":"Pommel Strike+1","floor":18},{"not_picked":["Clash","Thunderclap+1"],"picked":"Battle Trance","floor":22},{"not_picked":["Pommel Strike","Clash"],"picked":"Armaments","floor":23},{"not_picked":["Rupture","Dark Embrace","Heavy Blade"],"picked":"SKIP","floor":27},{"not_picked":["Barricade","Twin Strike"],"picked":"Intimidate","floor":28},{"not_picked":["Sword Boomerang+1","Heavy Blade"],"picked":"Seeing Red","floor":30},{"not_picked":["Reaper","Feed"],"picked":"Demon Form","floor":33},{"not_picked":["True Grit","Battle Trance","Havoc"],"picked":"SKIP","floor":35},{"not_picked":["Anger+1","Pommel Strike","Rage+1"],"picked":"SKIP","floor":41},{"not_picked":["Entrench","Spot Weakness+1"],"picked":"Havoc+1","floor":42},{"not_picked":["Clash+1","Bloodletting"],"picked":"Exhume","floor":45},{"not_picked":["Clash+1","Shrug It Off+1","Perfected Strike"],"picked":"SKIP","floor":46},{"not_picked":["Cleave+1","Clothesline","Flex"],"picked":"SKIP","floor":47},{"not_picked":["Seeing Red+1","Pommel Strike+1","Iron Wave"],"picked":"SKIP","floor":54}],"player_experience":373450,"relics_obtained":[{"floor":7,"key":"Eternal Feather"},{"floor":9,"key":"Bronze Scales"},{"floor":10,"key":"Bag of Marbles"},{"floor":20,"key":"Gremlin Horn"},{"floor":23,"key":"Lantern"},{"floor":24,"key":"Nunchaku"},{"floor":26,"key":"Bag of Preparation"},{"floor":27,"key":"Toy Ornithopter"},{"floor":30,"key":"Pen Nib"},{"floor":41,"key":"Blood Vial"},{"floor":43,"key":"Art of War"},{"floor":54,"key":"Boot"}],"event_choices":[{"damage_healed":0,"gold_gain":0,"player_choice":"Grow","damage_taken":0,"max_hp_gain":0,"max_hp_loss":0,"event_name":"Living Wall","floor":8,"gold_loss":0,"cards_upgraded":["Shockwave"]},{"cards_removed":["Strike_R"],"damage_healed":0,"gold_gain":0,"player_choice":"Card Removal","damage_taken":7,"max_hp_gain":0,"max_hp_loss":0,"event_name":"Golden Wing","floor":13,"gold_loss":0},{"damage_healed":0,"gold_gain":0,"player_choice":"Ignored","damage_taken":0,"max_hp_gain":0,"max_hp_loss":0,"event_name":"The Mausoleum","floor":21,"gold_loss":0},{"damage_healed":0,"gold_gain":0,"player_choice":"Read","damage_taken":0,"max_hp_gain":0,"max_hp_loss":0,"event_name":"The Library","floor":31,"gold_loss":0,"cards_obtained":["Headbutt"]},{"damage_healed":0,"gold_gain":0,"player_choice":"Max HP","damage_taken":0,"max_hp_gain":0,"max_hp_loss":4,"event_name":"Winding Halls","floor":38,"gold_loss":0},{"damage_healed":0,"gold_gain":100,"player_choice":"Pray","damage_taken":0,"max_hp_gain":0,"max_hp_loss":0,"event_name":"Golden Shrine","floor":39,"gold_loss":0}],"is_beta":false,"boss_relics":[{"not_picked":["Coffee Dripper","Runic Pyramid"],"picked":"SlaversCollar"},{"not_picked":["Tiny House","Runic Dome"],"picked":"Black Blood"}],"items_purged_floors":[3,14,29,36,44,48],"is_endless":false,"potions_floor_spawned":[2,7,12,16,18,22,30,33,41,45,46,47],"killed_by":"The Heart","ascension_level":8}}