{"host":"40gggw0x72bpm5se","time":1610778479,"event":{"mods":["ATMod(°¢èªMod)","Act Like it!","Aspiration","BaseMod","Better Vampires","Colored Map","Conspire","Energized Spire","Friendly Minions","Gensokyo","GungeonMod","Infinite Spire","Koishi","Library of Ruina","Library of Ruina Extra","Lobotomy","LobotomyExtend","Minty Spire (QoL Compilation)","Quarter Circle Forward PUNCH!","Quick Restart","Reimu£¨²©ÀöÁéÃÎ£©","Relic Stats","Replay The Spire","RumiaBox-Â¶Ã×æ«µÄÉñÃØºÐ×Ó","Shop Mod","Spicy Shops","StSLib","The Alterego","UnlockEverythingMod","Waifu the Spire","Youmu£¨»êÆÇÑýÃÎ£©","vexMod","¡¾¹¦ÄÜMod¡¿»ìãçÖ®»·ÐÞ¸´²¹¶¡","¡¾ÒÅÎï¿¨ÅÆ¡¿REMEMod"],"gold_per_floor":[120,95,115,115,115,115,-110,-77,-77,35,66,66,94,129,129,231,231,256,273,233,252,402,433,467,502,579,609,609,609,609],"floor_reached":29,"language":"ZHS","playtime":1157,"items_purged":["Replay:Hysterical Blindness"],"score":597,"play_id":"3f7365a2-fbdf-409e-8716-65c572d89ee3","local_time":"20210116142759","daily_mods":["Heirloom","Flight","DeadlyEvents","Elite Swarm"],"is_ascension_mode":true,"campfire_choices":[{"data":"IrresoluteSoul","floor":6.0,"key":"SMITH"},{"floor":15.0,"key":"RECALL"},{"data":"alterego_mod:AlterEgo","floor":28,"key":"SMITH"}],"circlet_count":0,"master_deck":["alterego_mod:Strike","alterego_mod:Strike","alterego_mod:Strike","alterego_mod:Strike","alterego_mod:Defend","alterego_mod:Defend","alterego_mod:Defend","alterego_mod:Defend","alterego_mod:Impale","alterego_mod:BigMeatyClaws","alterego_mod:BrynhildrsRune","IrresoluteSoul+1","AT_BreakingExtremeWeapon","alterego_mod:DiscoLights","alterego_mod:IndependentAction","alterego_mod:TrashNCrash","alterego_mod:PerceptionDisorder","alterego_mod:InsideBaseball","alterego_mod:IdEs","alterego_mod:TrickOrTreatment","alterego_mod:BrynhildrRomantia","alterego_mod:IdEs","alterego_mod:Venus+1","alterego_mod:Collar","Spreading Infection","Gensokyo:AllTheWorldsEvil","alterego_mod:Bounce","alterego_mod:ClassAdvantage","alterego_mod:AlterEgo+1"],"relics":["alterego_mod:MasochisticConstitution","qcfpunch:Army_Boots","qcfpunch:Chain_With_Nametags","qcfpunch:Combat_Fatigues","REME_ComplimentaryCards","AT_ATBox","DemoMod:ResourcefulSack","Baka","LetterFromLob","PageOfLaetitia","PageOfLaetitia","Pear","Pet Ghost","Girya","PageOfLittleHelper","vexMod:Dragonfruit","Lizard Tail","Lizard Tail","GodSword6","vexMod:CardConverter","vexMod:BarristanHead","Replay:Grab Bag","Sozu","aspiration:PoetsPen_weak","PageOfBlackSwan","ReplayTheSpireMod:CursedCoin","DemoMod:GlassGuonStoneRelic","Replay:Bottled Steam","Kunai","Pear","MealTicket","aspiration:StickyExplosives_weak","RedMistMask"],"acts_visited":["Gensokyo:Gensokyo","Gensokyo:Gensokyoer"],"potions_floor_usage":[],"damage_taken":[{"damage":1.0,"enemies":"Gensokyo:2_Kodama","floor":1.0,"turns":3.0},{"damage":0.0,"enemies":"Gensokyo:Python","floor":3.0,"turns":4.0},{"damage":24.0,"enemies":"Gensokyo:Cirno","floor":7.0,"turns":7.0},{"damage":2.0,"enemies":"Gensokyo:Aya","floor":8.0,"turns":3.0},{"damage":0.0,"enemies":"Gensokyo:Cirno","floor":10.0,"turns":7.0},{"damage":25.0,"enemies":"Gensokyo:Aya","floor":11.0,"turns":5.0},{"damage":16.0,"enemies":"Gensokyo:Cirno","floor":12.0,"turns":6.0},{"damage":44.0,"enemies":"Gensokyo:Aya","floor":13.0,"turns":3.0},{"damage":0.0,"enemies":"Gensokyo:Mamizou","floor":14.0,"turns":1.0},{"damage":10.0,"enemies":"Gensokyo:Kokoro","floor":16.0,"turns":7.0},{"damage":0.0,"enemies":"Gensokyo:CosmicMonolith","floor":18.0,"turns":1.0},{"damage":5.0,"enemies":"Gensokyo:AngelMirror","floor":19.0,"turns":1.0},{"damage":0.0,"enemies":"Gensokyo:Slime_Group","floor":21.0,"turns":2.0},{"damage":9.0,"enemies":"Nightmare","floor":23.0,"turns":2.0},{"damage":1.0,"enemies":"Gensokyo:Reisen","floor":24.0,"turns":3.0},{"damage":0.0,"enemies":"Gensokyo:Koishi","floor":25.0,"turns":2.0},{"damage":0,"enemies":"Gensokyo:Tenshi","floor":27,"turns":1},{"damage":0,"enemies":"Gensokyo:Reisen","floor":29,"turns":1}],"seed_played":"6149113893309562414","potions_obtained":[{"floor":1.0,"key":"Swift Potion"},{"floor":7.0,"key":"AttackPotion"},{"floor":8.0,"key":"LifebloodPotion"},{"floor":10.0,"key":"SpeedPotion"},{"floor":14.0,"key":"Ancient Potion"},{"floor":16.0,"key":"ColorlessPotion"}],"is_trial":true,"path_per_floor":["M","?","M","?","?","R","E","E","T","E","E","E","E","E","R_BF","B",null,"M","M","?","M","AVR","NM","E","E","T","E","R","E"],"character_chosen":"The_Alterego","items_purchased":[],"campfire_rested":0,"item_purchase_floors":[],"current_hp_per_floor":[70,70,70,65,65,65,42,41,41,46,32,17,8,17,17,18,93,95,95,95,101,103,97,97,109,109,109,109,109,109],"gold":609,"neow_bonus":"","is_daily":false,"chose_seed":false,"campfire_upgraded":2,"win_rate":0.0,"timestamp":1610778479,"path_taken":["M","?","?","?","?","R","E","E","T","E","E","E","E","E","R_BF","BOSS","M","?","?","?","AVR","NM","E","E","T","E","R","E"],"items_purchased_type":[],"build_version":"2020-12-22","purchased_purges":1,"victory":false,"max_hp_per_floor":[71,71,71,81,81,81,82,83,83,88,89,90,91,92,92,93,93,95,95,95,101,103,106,107,119,119,119,119,119,119],"relic_stats":{"Sozu":4,"Lizard Tail":0,"counters":[18,59],"MealTicket":0,"Kunai":[8],"obtain_stats":[{"AT_ATBox":0,"DemoMod:GlassGuonStoneRelic":1,"aspiration:PoetsPen_weak":17,"Pet Ghost":7,"aspiration:StickyExplosives_weak":27,"Sozu":17,"Frozen Eye":25,"Lizard Tail":11,"vexMod:CardConverter":13,"MealTicket":25,"Kunai":24,"qcfpunch:Chain_With_Nametags":0,"Replay:Bottled Steam":23,"qcfpunch:Army_Boots":0,"Girya":8,"alterego_mod:MasochisticConstitution":0,"Pear":4,"ReplayTheSpireMod:CursedCoin":22,"Replay:Grab Bag":17,"PageOfLittleHelper":9,"Baka":1,"qcfpunch:Combat_Fatigues":0,"vexMod:Dragonfruit":10,"vexMod:BarristanHead":14,"PageOfBlackSwan":17,"PageOfLaetitia":3,"RedMistMask":27,"LetterFromLob":1,"GodSword6":12,"DemoMod:ResourcefulSack":0,"REME_ComplimentaryCards":0},{"AT_ATBox":0,"DemoMod:GlassGuonStoneRelic":1,"aspiration:PoetsPen_weak":10,"Pet Ghost":3,"aspiration:StickyExplosives_weak":17,"Sozu":10,"Frozen Eye":15,"Lizard Tail":6,"vexMod:CardConverter":8,"MealTicket":16,"Kunai":15,"qcfpunch:Chain_With_Nametags":0,"Replay:Bottled Steam":14,"qcfpunch:Army_Boots":0,"Girya":4,"alterego_mod:MasochisticConstitution":0,"Pear":2,"ReplayTheSpireMod:CursedCoin":13,"Replay:Grab Bag":10,"PageOfLittleHelper":4,"Baka":1,"qcfpunch:Combat_Fatigues":0,"vexMod:Dragonfruit":5,"vexMod:BarristanHead":9,"PageOfBlackSwan":10,"PageOfLaetitia":2,"RedMistMask":17,"LetterFromLob":1,"GodSword6":7,"DemoMod:ResourcefulSack":0,"REME_ComplimentaryCards":0},{"AT_ATBox":0,"DemoMod:GlassGuonStoneRelic":3,"aspiration:PoetsPen_weak":46,"Pet Ghost":14,"aspiration:StickyExplosives_weak":58,"Sozu":46,"Frozen Eye":55,"Lizard Tail":29,"vexMod:CardConverter":38,"MealTicket":57,"Kunai":55,"qcfpunch:Chain_With_Nametags":0,"Replay:Bottled Steam":52,"qcfpunch:Army_Boots":0,"Girya":17,"alterego_mod:MasochisticConstitution":0,"Pear":7,"ReplayTheSpireMod:CursedCoin":50,"Replay:Grab Bag":46,"PageOfLittleHelper":17,"Baka":3,"qcfpunch:Combat_Fatigues":0,"vexMod:Dragonfruit":24,"vexMod:BarristanHead":39,"PageOfBlackSwan":46,"PageOfLaetitia":7,"RedMistMask":58,"LetterFromLob":3,"GodSword6":35,"DemoMod:ResourcefulSack":0,"REME_ComplimentaryCards":0}]},"card_choices":[{"not_picked":["alterego_mod:GoddessCore","alterego_mod:Maid"],"picked":"alterego_mod:DiscoLights","floor":1.0},{"not_picked":["alterego_mod:1TonWallop","alterego_mod:Bunnysuit"],"picked":"alterego_mod:IndependentAction","floor":3.0},{"not_picked":["alterego_mod:Pet","alterego_mod:Santa"],"picked":"alterego_mod:TrashNCrash","floor":5.0},{"not_picked":["alterego_mod:Lingerie","alterego_mod:Maid"],"picked":"alterego_mod:PerceptionDisorder","floor":5.0},{"not_picked":["alterego_mod:GIGAMILK","alterego_mod:Vow","alterego_mod:PainIsPleasure"],"picked":"SKIP","floor":7.0},{"not_picked":["alterego_mod:VirginLaserPalladion","alterego_mod:RingBreak"],"picked":"alterego_mod:InsideBaseball","floor":8.0},{"not_picked":["alterego_mod:ClassAdvantage","alterego_mod:Vow"],"picked":"alterego_mod:IdEs","floor":10.0},{"not_picked":["alterego_mod:Rake","alterego_mod:GIGAMILK"],"picked":"alterego_mod:BrynhildrRomantia","floor":11.0},{"not_picked":["alterego_mod:InsideBaseball","alterego_mod:PainIsPleasure"],"picked":"alterego_mod:IdEs","floor":12.0},{"not_picked":["alterego_mod:BrynhildrRomantia","alterego_mod:Weigh","alterego_mod:Alter"],"picked":"SKIP","floor":13.0},{"not_picked":["alterego_mod:Lift","alterego_mod:AlterEgo"],"picked":"alterego_mod:Venus","floor":14.0},{"not_picked":["alterego_mod:RocketPunch+1","alterego_mod:Complex"],"picked":"alterego_mod:Collar","floor":18.0},{"not_picked":["alterego_mod:BreastValley+1","alterego_mod:Skirt","alterego_mod:GachaTicket"],"picked":"SKIP","floor":19.0},{"not_picked":["alterego_mod:1TonWallop","alterego_mod:Undulate"],"picked":"alterego_mod:Bounce","floor":21.0},{"not_picked":["alterego_mod:Vow","alterego_mod:PainIsPleasure","alterego_mod:Rake"],"picked":"SKIP","floor":23.0},{"not_picked":["alterego_mod:IdEs","alterego_mod:PainIsPleasure","alterego_mod:Lift"],"picked":"SKIP","floor":24.0},{"not_picked":["alterego_mod:GIGAMILK","alterego_mod:ClassAdvantage"],"picked":"alterego_mod:AlterEgo","floor":25.0},{"not_picked":["alterego_mod:STier","alterego_mod:Valkyrie","alterego_mod:Antipathy"],"picked":"SKIP","floor":27}],"player_experience":59910,"relics_obtained":[{"floor":1.0,"key":"Baka"},{"floor":1.0,"key":"LetterFromLob"},{"floor":3.0,"key":"PageOfLaetitia"},{"floor":3.0,"key":"PageOfLaetitia"},{"floor":7.0,"key":"Pet Ghost"},{"floor":8.0,"key":"Girya"},{"floor":9.0,"key":"PageOfLittleHelper"},{"floor":10.0,"key":"vexMod:Dragonfruit"},{"floor":11.0,"key":"Lizard Tail"},{"floor":12.0,"key":"Lizard Tail"},{"floor":12.0,"key":"GodSword6"},{"floor":13.0,"key":"vexMod:CardConverter"},{"floor":14.0,"key":"vexMod:BarristanHead"},{"floor":23.0,"key":"Replay:Bottled Steam"},{"floor":24.0,"key":"Kunai"},{"floor":25.0,"key":"Pear"},{"floor":25.0,"key":"MealTicket"},{"floor":27,"key":"aspiration:StickyExplosives_weak"},{"floor":27,"key":"RedMistMask"}],"event_choices":[],"is_beta":false,"boss_relics":[{"not_picked":["Abe\u0027s Treasure","aspiration:SecretTechniqueScroll"],"picked":"Replay:Grab Bag"},{"not_picked":["energizedSpire:MagnifyingGlass","vexMod:EndlessSickness"],"picked":"Sozu"},{"not_picked":["qcfpunch:Dark_Gi","vexMod:MegatonBomb"],"picked":"aspiration:PoetsPen_weak"},{"not_picked":["Ring of Chaos","conspire:SpecialSausage"],"picked":"PageOfBlackSwan"}],"items_purged_floors":[22],"is_endless":false,"potions_floor_spawned":[1,7,8,10,14,16,18,21,24,25],"killed_by":"Gensokyo:Reisen","ascension_level":1}}