{"host":"dwqr8rfkubzfvfti","time":1610822839,"event":{"mods":["BaseMod","Colored Map","Colored Powertips","Minty Spire (QoL Compilation)","Rare Cards Sparkle","Relic Stats"],"gold_per_floor":[368,368,388,164,175,175,187,199,253,277,309,309,309,326,326,326,326],"floor_reached":16,"language":"ENG","playtime":569,"items_purged":[],"score":153,"play_id":"ac2d5d59-25d6-403e-8223-bea8f3177dbe","local_time":"20210116134719","is_ascension_mode":true,"campfire_choices":[{"data":"Dash","floor":6,"key":"SMITH"},{"floor":12,"key":"REST"},{"floor":15,"key":"REST"}],"circlet_count":0,"master_deck":["AscendersBane","Strike_G","Strike_G","Strike_G","Strike_G","Strike_G","Defend_G","Defend_G","Defend_G","Defend_G","Defend_G","Survivor","Neutralize","Sucker Punch+1","Dagger Spray","Dash+1","Slice","Choke","Corpse Explosion","Slice","Backstab"],"relics":["Ring of the Snake","Strawberry","PreservedInsect","Odd Mushroom","White Beast Statue"],"acts_visited":["Exordium"],"potions_floor_usage":[10,11,16],"damage_taken":[{"damage":4,"enemies":"2 Louse","floor":1,"turns":4},{"damage":9,"enemies":"Jaw Worm","floor":3,"turns":7},{"damage":0,"enemies":"Small Slimes","floor":5,"turns":4},{"damage":17,"enemies":"Gremlin Gang","floor":7,"turns":4},{"damage":8,"enemies":"Exordium Wildlife","floor":8,"turns":5},{"damage":0,"enemies":"The Mushroom Lair","floor":10,"turns":1},{"damage":20,"enemies":"Gremlin Nob","floor":11,"turns":4},{"damage":10,"enemies":"Exordium Thugs","floor":14,"turns":3},{"damage":52,"enemies":"Slime Boss","floor":16,"turns":9}],"seed_played":"-539210864893685998","potions_obtained":[{"floor":1,"key":"AttackPotion"},{"floor":10,"key":"Swift Potion"},{"floor":14,"key":"Fire Potion"}],"is_trial":false,"path_per_floor":["M","?","M","$","M","R","M","M","T","?","E","R","?","M","R","B"],"character_chosen":"THE_SILENT","items_purchased":["Strawberry","Dash"],"campfire_rested":2,"item_purchase_floors":[4,4],"current_hp_per_floor":[59,59,50,57,57,57,40,32,32,32,12,35,35,25,48,0,0],"gold":326,"neow_bonus":"TWO_FIFTY_GOLD","is_daily":false,"chose_seed":false,"campfire_upgraded":1,"win_rate":0.0,"timestamp":1610822839,"path_taken":["M","?","M","$","M","R","M","M","T","?","E","R","?","M","R","BOSS"],"items_purchased_type":["Relic","Card"],"build_version":"2020-12-22","purchased_purges":0,"victory":false,"max_hp_per_floor":[70,70,70,77,77,77,77,77,77,77,77,77,77,77,77,77,77],"relic_stats":{"counters":[9,41],"PreservedInsect":23,"obtain_stats":[{"Strawberry":4,"PreservedInsect":9,"Odd Mushroom":10,"White Beast Statue":11,"Ring of the Snake":0},{"Strawberry":2,"PreservedInsect":5,"Odd Mushroom":6,"White Beast Statue":7,"Ring of the Snake":0},{"Strawberry":11,"PreservedInsect":24,"Odd Mushroom":25,"White Beast Statue":29,"Ring of the Snake":0}],"Ring of the Snake":[18]},"card_choices":[{"not_picked":["Calculated Gamble","Dagger Throw"],"picked":"Sucker Punch","floor":1},{"not_picked":["Backflip","Deadly Poison"],"picked":"Dagger Spray","floor":3},{"not_picked":["Setup","Outmaneuver"],"picked":"Slice","floor":5},{"not_picked":["Flying Knee","Prepared"],"picked":"Choke","floor":7},{"not_picked":["Predator","Flying Knee"],"picked":"Corpse Explosion","floor":8},{"not_picked":["Eviscerate","Catalyst"],"picked":"Slice","floor":11},{"not_picked":["Deadly Poison","Masterful Stab"],"picked":"Backstab","floor":14}],"player_experience":487992,"relics_obtained":[{"floor":9,"key":"PreservedInsect"},{"floor":10,"key":"Odd Mushroom"},{"floor":11,"key":"White Beast Statue"}],"event_choices":[{"cards_removed":["Injury"],"damage_healed":0,"gold_gain":0,"player_choice":"Forget","damage_taken":0,"max_hp_gain":0,"max_hp_loss":0,"event_name":"Living Wall","floor":2,"gold_loss":0},{"damage_healed":0,"gold_gain":0,"player_choice":"Fought Mushrooms","damage_taken":0,"max_hp_gain":0,"max_hp_loss":0,"event_name":"Mushrooms","floor":10,"gold_loss":0},{"damage_healed":0,"gold_gain":0,"player_choice":"Forge","damage_taken":0,"max_hp_gain":0,"max_hp_loss":0,"event_name":"Accursed Blacksmith","floor":13,"gold_loss":0,"cards_upgraded":["Sucker Punch"]}],"is_beta":false,"boss_relics":[],"items_purged_floors":[],"is_endless":false,"potions_floor_spawned":[1,10,14],"killed_by":"Slime Boss","ascension_level":10}}