{"host":"utcbn1j9ebmpc40m","time":1610826184,"event":{"mods":["BaseMod","Better Altar","Better Match","GifTheSpireLib","Minty Spire (QoL Compilation)","Poor People Problems","StSLib","SuperFastMode","The IronCluck","The Servant 0.9.4"],"gold_per_floor":[111,121,71,71,86,86,117,117,117,49,49,49,49,70,70,193,193,211,211,211,211],"floor_reached":20,"language":"ENG","playtime":310,"items_purged":[],"score":221,"play_id":"b3cb35fb-5476-4108-9376-8e5e233b6cec","local_time":"20210116144304","is_ascension_mode":true,"campfire_choices":[{"data":"Hologram","floor":6,"key":"SMITH"},{"floor":8,"key":"REST"},{"data":"Zap","floor":11,"key":"SMITH"},{"data":"Streamline","floor":13,"key":"SMITH"},{"data":"Self Repair","floor":15,"key":"SMITH"}],"circlet_count":0,"master_deck":["Strike_B","Strike_B","Strike_B","Strike_B","Defend_B","Defend_B","Defend_B","Defend_B","Zap+1","Dualcast","Blizzard","Streamline+1","Turbo","Hologram+1","Self Repair+1","Capacitor","Injury","Rebound","Creative AI"],"relics":["Cracked Core","NeowsBlessing","Peace Pipe","Toxic Egg 2","Eternal Feather","Golden Idol","Busted Crown","Enchiridion"],"acts_visited":["Exordium","TheCity"],"potions_floor_usage":[7],"damage_taken":[{"damage":0,"enemies":"Cultist","floor":1,"turns":1},{"damage":0,"enemies":"2 Louse","floor":2,"turns":1},{"damage":0,"enemies":"Jaw Worm","floor":5,"turns":1},{"damage":19,"enemies":"Gremlin Nob","floor":7,"turns":4},{"damage":7,"enemies":"Looter","floor":14,"turns":3},{"damage":60,"enemies":"Slime Boss","floor":16,"turns":10},{"damage":20,"enemies":"Chosen","floor":18,"turns":5},{"damage":37,"enemies":"3 Byrds","floor":20,"turns":4}],"seed_played":"3413562575108379135","potions_obtained":[{"floor":2,"key":"Weak Potion"},{"floor":16,"key":"PotionOfCapacity"}],"is_trial":false,"path_per_floor":["M","M","$","?","M","R","E","R","T","$","R","?","R","M","R","B",null,"M","?","M"],"character_chosen":"DEFECT","items_purchased":["Turbo","Capacitor"],"campfire_rested":1,"item_purchase_floors":[3,10],"current_hp_per_floor":[68,68,68,56,56,56,37,59,59,59,68,68,75,75,75,25,63,53,37,0,0],"gold":211,"neow_bonus":"THREE_ENEMY_KILL","is_daily":false,"chose_seed":false,"campfire_upgraded":4,"win_rate":0.0,"timestamp":1610826184,"path_taken":["M","M","?","?","?","R","E","R","T","$","R","?","R","M","R","BOSS","M","?","M"],"items_purchased_type":["Card","Card"],"build_version":"2020-12-22","purchased_purges":0,"victory":false,"max_hp_per_floor":[75,75,75,75,75,75,75,75,75,75,75,75,75,75,75,75,75,75,75,75,75],"card_choices":[{"not_picked":["Compile Driver","Beam Cell"],"picked":"Blizzard","floor":1},{"not_picked":["Sweeping Beam","Aggregate"],"picked":"Streamline","floor":2},{"not_picked":["Heatsinks","Beam Cell"],"picked":"Hologram","floor":5},{"not_picked":["Reprogram+1","Multi-Cast+1"],"picked":"Self Repair","floor":7},{"not_picked":["Static Discharge","Barrage"],"picked":"Rebound","floor":14},{"not_picked":["Hyperbeam","All For One"],"picked":"Creative AI","floor":16},{"not_picked":["Gash"],"picked":"SKIP","floor":18}],"player_experience":497230,"relics_obtained":[{"floor":7,"key":"Toxic Egg 2"},{"floor":9,"key":"Eternal Feather"},{"floor":19,"key":"Enchiridion"}],"event_choices":[{"damage_healed":0,"gold_gain":0,"player_choice":"Success","damage_taken":12,"relics_obtained":["Peace Pipe"],"max_hp_gain":0,"max_hp_loss":0,"event_name":"Scrap Ooze","floor":4,"gold_loss":0},{"damage_healed":0,"gold_gain":0,"player_choice":"Take Wound","damage_taken":0,"relics_obtained":["Golden Idol"],"max_hp_gain":0,"max_hp_loss":0,"event_name":"Golden Idol","floor":12,"gold_loss":0,"cards_obtained":["Injury"]},{"damage_healed":0,"gold_gain":0,"player_choice":"Obtained Book","damage_taken":16,"max_hp_gain":0,"max_hp_loss":0,"event_name":"Cursed Tome","floor":19,"gold_loss":0}],"is_beta":false,"boss_relics":[{"not_picked":["Philosopher\u0027s Stone","Tiny House"],"picked":"Busted Crown"}],"items_purged_floors":[],"is_endless":false,"potions_floor_spawned":[2,16],"killed_by":"3 Byrds","ascension_level":6}}