{"host":"h4qgcirtxz6qax9j","time":1610814654,"event":{"mods":["AchievementEnabler","Astrologer","BaseMod","Colored Powertips","Minty Spire (QoL Compilation)","StSLib","SuperFastMode"],"gold_per_floor":[109,129,129,144,161,161,175,175,175,175,202,219,219,238,238,341,341,357,357,367,378,378,413,512,512,535,535,635,660,435,450,450,450,450],"floor_reached":33,"language":"KOR","playtime":1201,"items_purged":[],"score":287,"play_id":"7341811e-d5b8-4421-ac9a-a148e520fe18","local_time":"20210117013054","is_ascension_mode":false,"campfire_choices":[{"data":"astrologer:Shine","floor":6,"key":"SMITH"},{"floor":10,"key":"REST"},{"floor":15,"key":"REST"},{"floor":25,"key":"REST"},{"floor":27,"key":"REST"},{"floor":32,"key":"REST"}],"circlet_count":0,"master_deck":["astrologer:Strike+1","astrologer:Strike+1","astrologer:Strike+1","astrologer:Strike+1","astrologer:Defend+1","astrologer:Defend+1","astrologer:Defend+1","astrologer:Defend+1","astrologer:NorthStar","astrologer:TheFool+1","astrologer:Radiance+1","astrologer:FrozenStar","astrologer:Shine+1","astrologer:FrozenStar","astrologer:Premeditation","astrologer:FadingStar","astrologer:Eclipse","astrologer:TheChariot","astrologer:Opposition","astrologer:TheStar","astrologer:Radiance","astrologer:Observe","astrologer:FrozenStar+1","astrologer:Nova","astrologer:StarOfMisfortune","astrologer:SolarFlare"],"relics":["astrologer:SkyMirror","NeowsBlessing","Strawberry","Whetstone","White Beast Statue","Velvet Choker","Mummified Hand","Regal Pillow","Girya","Shuriken","Omamori","Juzu Bracelet"],"acts_visited":["Exordium","TheCity"],"potions_floor_usage":[16,23,29,31,33,33],"damage_taken":[{"damage":0,"enemies":"2 Louse","floor":1,"turns":1},{"damage":0,"enemies":"Jaw Worm","floor":2,"turns":1},{"damage":0,"enemies":"Small Slimes","floor":4,"turns":1},{"damage":5,"enemies":"Looter","floor":5,"turns":3},{"damage":6,"enemies":"Red Slaver","floor":7,"turns":4},{"damage":38,"enemies":"3 Sentries","floor":11,"turns":11},{"damage":0,"enemies":"3 Louse","floor":12,"turns":4},{"damage":0,"enemies":"Blue Slaver","floor":14,"turns":4},{"damage":44,"enemies":"The Guardian","floor":16,"turns":13},{"damage":0,"enemies":"Shell Parasite","floor":18,"turns":7},{"damage":0,"enemies":"3 Byrds","floor":20,"turns":7},{"damage":18,"enemies":"Centurion and Healer","floor":21,"turns":7},{"damage":35,"enemies":"Slavers","floor":23,"turns":9},{"damage":6,"enemies":"Colosseum Slavers","floor":28,"turns":4},{"damage":39,"enemies":"Colosseum Nobs","floor":28,"turns":5},{"damage":26,"enemies":"Book of Stabbing","floor":29,"turns":7},{"damage":0,"enemies":"Snake Plant","floor":31,"turns":3},{"damage":71,"enemies":"Automaton","floor":33,"turns":6}],"seed_played":"-5905831511413111608","potions_obtained":[{"floor":2,"key":"Weak Potion"},{"floor":5,"key":"Swift Potion"},{"floor":7,"key":"LiquidMemories"},{"floor":11,"key":"LiquidMemories"},{"floor":16,"key":"ColorlessPotion"},{"floor":23,"key":"PowerPotion"},{"floor":31,"key":"AttackPotion"}],"is_trial":false,"path_per_floor":["M","M","?","M","M","R","M","?","T","R","E","M","?","M","R","B",null,"M","?","M","M","?","E","?","R","T","R","?","E","$","M","R","B"],"character_chosen":"ASTROLOGER","items_purchased":["Juzu Bracelet","astrologer:StarOfMisfortune"],"campfire_rested":5,"item_purchase_floors":[30,30],"current_hp_per_floor":[70,70,59,59,54,54,48,48,48,71,33,33,33,33,56,12,77,77,63,63,45,45,10,10,34,34,73,28,2,2,2,41,0,0],"gold":450,"neow_bonus":"THREE_ENEMY_KILL","is_daily":false,"chose_seed":false,"campfire_upgraded":1,"win_rate":0.0,"timestamp":1610814654,"path_taken":["M","M","?","M","M","R","M","?","T","R","E","M","?","M","R","BOSS","M","?","M","M","?","E","?","R","T","R","?","E","$","M","R","BOSS"],"items_purchased_type":["Relic","Card"],"build_version":"2020-12-22","purchased_purges":0,"victory":false,"max_hp_per_floor":[70,70,77,77,77,77,77,77,77,77,77,77,77,77,77,77,77,77,82,82,82,82,82,82,82,82,82,82,82,82,82,82,82,82],"card_choices":[{"not_picked":["astrologer:Conjunction","astrologer:TheTower"],"picked":"astrologer:Radiance","floor":1},{"not_picked":["astrologer:TheHermit","astrologer:Stardust"],"picked":"astrologer:FrozenStar","floor":2},{"not_picked":["astrologer:Stardust","astrologer:Radiance"],"picked":"astrologer:Shine","floor":4},{"not_picked":["astrologer:Stardust","astrologer:Fireball"],"picked":"astrologer:FrozenStar","floor":5},{"not_picked":["astrologer:FrozenStar","astrologer:SpaceDust"],"picked":"astrologer:Premeditation","floor":7},{"not_picked":["astrologer:CometStrike","astrologer:StarOfCourage"],"picked":"astrologer:FadingStar","floor":11},{"not_picked":["astrologer:Moonlight","astrologer:Premonition"],"picked":"astrologer:Eclipse","floor":12},{"not_picked":["astrologer:Stardust","astrologer:SpaceDust","astrologer:CometStrike"],"picked":"SKIP","floor":14},{"not_picked":["astrologer:Premonition","astrologer:Death"],"picked":"astrologer:TheChariot","floor":16},{"not_picked":["astrologer:NeutronStar","astrologer:FrozenStar"],"picked":"astrologer:Opposition","floor":18},{"not_picked":["astrologer:Prismatic","astrologer:Stardust"],"picked":"astrologer:TheStar","floor":20},{"not_picked":["astrologer:SolarFlare+1","astrologer:Cataclysm"],"picked":"astrologer:Radiance","floor":21},{"not_picked":["astrologer:Justice","astrologer:Conjunction"],"picked":"astrologer:Observe","floor":23},{"not_picked":["astrologer:Eclipse","astrologer:Cataclysm+1"],"picked":"astrologer:FrozenStar+1","floor":28},{"not_picked":["astrologer:Strength","astrologer:Eclipse"],"picked":"astrologer:Nova","floor":29},{"not_picked":["astrologer:ReadTheStars","astrologer:Opposition"],"picked":"astrologer:SolarFlare","floor":31}],"player_experience":50190,"relics_obtained":[{"floor":9,"key":"Whetstone"},{"floor":11,"key":"White Beast Statue"},{"floor":23,"key":"Mummified Hand"},{"floor":26,"key":"Regal Pillow"},{"floor":28,"key":"Girya"},{"floor":28,"key":"Shuriken"},{"floor":29,"key":"Omamori"}],"event_choices":[{"damage_healed":0,"gold_gain":0,"player_choice":"Success","damage_taken":18,"relics_obtained":["Strawberry"],"max_hp_gain":0,"max_hp_loss":0,"event_name":"Scrap Ooze","floor":3,"gold_loss":0},{"damage_healed":0,"gold_gain":0,"player_choice":"Grow","damage_taken":0,"max_hp_gain":0,"max_hp_loss":0,"event_name":"Living Wall","floor":8,"gold_loss":0,"cards_upgraded":["astrologer:TheFool"]},{"damage_healed":0,"gold_gain":0,"player_choice":"Ignored","damage_taken":0,"max_hp_gain":0,"max_hp_loss":0,"event_name":"Liars Game","floor":13,"gold_loss":0},{"damage_healed":0,"gold_gain":0,"player_choice":"Shed Blood","damage_taken":19,"max_hp_gain":5,"max_hp_loss":0,"event_name":"Forgotten Altar","floor":19,"gold_loss":0},{"damage_healed":0,"gold_gain":0,"player_choice":"Simplicity","damage_taken":0,"max_hp_gain":0,"max_hp_loss":0,"event_name":"Back to Basics","floor":22,"gold_loss":0,"cards_upgraded":["astrologer:Strike","astrologer:Strike","astrologer:Strike","astrologer:Defend","astrologer:Defend","astrologer:Defend","astrologer:Defend"]},{"damage_healed":0,"gold_gain":99,"player_choice":"Stole From Cult","damage_taken":0,"max_hp_gain":0,"max_hp_loss":0,"event_name":"Nest","floor":24,"gold_loss":0},{"damage_healed":0,"gold_gain":0,"player_choice":"Fight","damage_taken":0,"max_hp_gain":0,"max_hp_loss":0,"event_name":"Colosseum","floor":28,"gold_loss":0},{"damage_healed":0,"gold_gain":0,"player_choice":"Fought Nobs","damage_taken":0,"max_hp_gain":0,"max_hp_loss":0,"event_name":"Colosseum","floor":28,"gold_loss":0}],"is_beta":false,"boss_relics":[{"not_picked":["SlaversCollar","Coffee Dripper"],"picked":"Velvet Choker"}],"items_purged_floors":[],"is_endless":false,"potions_floor_spawned":[2,5,7,11,12,14,16,18,20,21,23,28,28,29,31],"killed_by":"Automaton","ascension_level":0}}