{"host":"x3q4ieql2tr7v8o6","time":1610810491,"event":{"mods":["BaseMod","Bestiary","Better Altar","Better Match","Better Note","Better Sensory Stone","Better Skull","Better Third Choice","Colored Map","Colored Powertips","Curses Come First","Minty Spire (QoL Compilation)","StSLib"],"gold_per_floor":[113,38,38,38,53,84,104,104,127,127,138,154,184,184,184,255,255,274,45,45,56,5,5,5],"floor_reached":23,"language":"ENG","playtime":566,"items_purged":["Strike_G"],"score":392,"play_id":"929f77ff-c845-42cb-b5fe-ccb0080f53ac","local_time":"20210116152131","is_ascension_mode":true,"campfire_choices":[{"data":"Leg Sweep","floor":8,"key":"SMITH"},{"data":"Predator","floor":10,"key":"SMITH"},{"floor":15,"key":"REST"}],"circlet_count":0,"master_deck":["AscendersBane","Strike_G","Strike_G","Strike_G","Defend_G","Defend_G","Defend_G","Defend_G","Defend_G","Survivor","Neutralize","Blade Dance","Predator+1","Leg Sweep+1","Backflip","Poisoned Stab","Footwork","Blade Dance","Mayhem","Tactician","Phantasmal Killer","Cloak And Dagger","RitualDagger","Heel Hook"],"relics":["Ring of the Snake","NeowsBlessing","Pen Nib","Dream Catcher","Oddly Smooth Stone","Regal Pillow","Black Star","Tiny Chest","Happy Flower"],"acts_visited":["Exordium","TheCity"],"potions_floor_usage":[13,16],"damage_taken":[{"damage":0,"enemies":"Cultist","floor":1,"turns":1},{"damage":0,"enemies":"Jaw Worm","floor":5,"turns":1},{"damage":0,"enemies":"Lagavulin","floor":6,"turns":1},{"damage":3,"enemies":"2 Louse","floor":7,"turns":2},{"damage":2,"enemies":"Looter","floor":11,"turns":4},{"damage":5,"enemies":"3 Louse","floor":12,"turns":3},{"damage":16,"enemies":"Gremlin Nob","floor":13,"turns":3},{"damage":11,"enemies":"Hexaghost","floor":16,"turns":11},{"damage":2,"enemies":"Shell Parasite","floor":18,"turns":5},{"damage":2,"enemies":"Chosen","floor":21,"turns":3},{"damage":55,"enemies":"Book of Stabbing","floor":23,"turns":8}],"seed_played":"9108579271221948938","potions_obtained":[{"floor":6,"key":"LiquidBronze"},{"floor":7,"key":"FearPotion"}],"is_trial":false,"path_per_floor":["M","?","T","$","M","E","M","R","T","R","M","M","E","?","R","B",null,"M","$","?","M","?","E"],"character_chosen":"THE_SILENT","items_purchased":["Tiny Chest"],"campfire_rested":1,"item_purchase_floors":[19],"current_hp_per_floor":[59,59,59,59,59,59,56,56,56,56,54,49,33,33,66,55,63,61,61,55,53,53,0,0],"gold":5,"neow_bonus":"THREE_ENEMY_KILL","is_daily":false,"chose_seed":false,"campfire_upgraded":2,"win_rate":0.0,"timestamp":1610810491,"path_taken":["M","?","?","$","M","E","?","R","T","R","M","M","E","?","R","BOSS","M","$","?","M","?","E"],"items_purchased_type":["Relic"],"build_version":"2020-12-22","purchased_purges":1,"victory":false,"max_hp_per_floor":[66,66,66,66,66,66,66,66,66,66,66,66,66,66,66,66,66,66,66,66,66,66,66,66],"card_choices":[{"not_picked":["Quick Slash","Dagger Spray"],"picked":"Blade Dance","floor":1},{"not_picked":["Blur","Dodge and Roll"],"picked":"Predator","floor":5},{"not_picked":["Prepared","Quick Slash"],"picked":"Leg Sweep","floor":6},{"not_picked":["Outmaneuver","PiercingWail"],"picked":"Backflip","floor":7},{"not_picked":["Corpse Explosion","Escape Plan"],"picked":"Poisoned Stab","floor":11},{"not_picked":["Concentrate","Expertise"],"picked":"Footwork","floor":12},{"not_picked":["Calculated Gamble","Quick Slash"],"picked":"Blade Dance","floor":13},{"not_picked":["Secret Technique","PanicButton"],"picked":"Mayhem","floor":14},{"not_picked":["Well Laid Plans","Leg Sweep"],"picked":"Tactician","floor":15},{"not_picked":["Glass Knife","Wraith Form v2"],"picked":"Phantasmal Killer","floor":16},{"not_picked":["Riddle With Holes","Prepared"],"picked":"Cloak And Dagger","floor":18},{"not_picked":["Underhanded Strike","Catalyst"],"picked":"Heel Hook","floor":21}],"player_experience":722111,"relics_obtained":[{"floor":3,"key":"Pen Nib"},{"floor":6,"key":"Dream Catcher"},{"floor":9,"key":"Oddly Smooth Stone"},{"floor":13,"key":"Regal Pillow"}],"event_choices":[{"cards_removed":["Strike_G"],"damage_healed":0,"gold_gain":0,"player_choice":"Card Removal","damage_taken":0,"max_hp_gain":0,"max_hp_loss":0,"event_name":"The Cleric","floor":2,"gold_loss":75},{"damage_healed":0,"gold_gain":1,"player_choice":"1","damage_taken":0,"max_hp_gain":0,"max_hp_loss":0,"event_name":"betterStone:BetterStone","floor":14,"gold_loss":0},{"damage_healed":0,"gold_gain":0,"player_choice":"Dagger","damage_taken":6,"max_hp_gain":0,"max_hp_loss":0,"event_name":"betterThird:BetterNest","floor":20,"gold_loss":0,"cards_obtained":["RitualDagger"]},{"damage_healed":0,"gold_gain":0,"player_choice":"Paid Gold","damage_taken":0,"relics_obtained":["Happy Flower"],"max_hp_gain":0,"max_hp_loss":0,"event_name":"WeMeetAgain","floor":22,"gold_loss":51}],"is_beta":false,"boss_relics":[{"not_picked":["Coffee Dripper","Ring of the Serpent"],"picked":"Black Star"}],"items_purged_floors":[19],"is_endless":false,"potions_floor_spawned":[6,7,11,12],"killed_by":"Book of Stabbing","ascension_level":15}}