{"host":"40gggw0x72bpm5se","time":1610780001,"event":{"mods":["ATMod(°¢èªMod)","Act Like it!","Aspiration","BaseMod","Better Vampires","Colored Map","Conspire","Energized Spire","Friendly Minions","Gensokyo","GungeonMod","Infinite Spire","Koishi","Library of Ruina","Library of Ruina Extra","Lobotomy","LobotomyExtend","Minty Spire (QoL Compilation)","Quarter Circle Forward PUNCH!","Quick Restart","Reimu£¨²©ÀöÁéÃÎ£©","Relic Stats","Replay The Spire","RumiaBox-Â¶Ã×æ«µÄÉñÃØºÐ×Ó","Shop Mod","Spicy Shops","StSLib","The Alterego","UnlockEverythingMod","Waifu the Spire","Youmu£¨»êÆÇÑýÃÎ£©","vexMod","¡¾¹¦ÄÜMod¡¿»ìãçÖ®»·ÐÞ¸´²¹¶¡","¡¾ÒÅÎï¿¨ÅÆ¡¿REMEMod"],"gold_per_floor":[110,110,110,34,224,22,22,22,22],"floor_reached":8,"language":"ZHS","playtime":264,"items_purged":[],"score":69,"play_id":"26afd2b4-fbff-4438-bd31-fd14a7ca2440","local_time":"20210116145321","daily_mods":["Specialized","Heirloom","Flight"],"is_ascension_mode":true,"campfire_choices":[],"circlet_count":0,"master_deck":["alterego_mod:Strike","alterego_mod:Strike","alterego_mod:Strike","alterego_mod:Strike","alterego_mod:Defend","alterego_mod:Defend","alterego_mod:Defend","alterego_mod:Defend","alterego_mod:Impale","alterego_mod:BigMeatyClaws","alterego_mod:BrynhildrsRune","alterego_mod:Bunnysuit","alterego_mod:Bunnysuit","alterego_mod:Bunnysuit","alterego_mod:Bunnysuit","alterego_mod:Bunnysuit","AT_FamilyPortrait","GoldRush","alterego_mod:BiFurious","alterego_mod:Undulate","alterego_mod:Bounce","infinitespire:TheBestDefense"],"relics":["alterego_mod:MasochisticConstitution","qcfpunch:Duffel_Bag","qcfpunch:Fighting_Gloves","qcfpunch:Red_Headband","REME_ComplimentaryCards","AT_ATBox","Pocketwatch","Baka","LetterFromLob","Membership Card","REME_PuzzleBoxRelic","DemoMod:GlassGuonStoneRelic","vexMod:Spyglass","PageOfQueenBee"],"acts_visited":["Gensokyo:Gensokyo"],"potions_floor_usage":[],"damage_taken":[{"damage":0.0,"enemies":"Gensokyo:Gryphon","floor":1.0,"turns":3.0},{"damage":6.0,"enemies":"conspire:MimicChest","floor":5.0,"turns":4.0},{"damage":2,"enemies":"Gensokyo:Aya","floor":8,"turns":3}],"seed_played":"-6029309335077963226","potions_obtained":[],"is_trial":true,"path_per_floor":["M","?","?","$","?","$","?","E"],"character_chosen":"The_Alterego","items_purchased":["Membership Card","vexMod:Spyglass","PageOfQueenBee"],"campfire_rested":0,"item_purchase_floors":[4,6,6],"current_hp_per_floor":[70,70,70,70,65,65,47,45,45],"gold":22,"neow_bonus":"","is_daily":false,"chose_seed":false,"campfire_upgraded":0,"win_rate":0.0,"timestamp":1610780001,"path_taken":["M","?","?","?","?","$","?","E"],"items_purchased_type":["Relic","Relic","Relic"],"build_version":"2020-12-22","purchased_purges":0,"victory":false,"max_hp_per_floor":[70,70,70,70,71,71,71,71,71],"relic_stats":{"counters":[3,10],"obtain_stats":[{"alterego_mod:MasochisticConstitution":0,"AT_ATBox":0,"DemoMod:GlassGuonStoneRelic":5,"Baka":1,"vexMod:Spyglass":6,"qcfpunch:Duffel_Bag":0,"PageOfQueenBee":6,"qcfpunch:Fighting_Gloves":0,"qcfpunch:Red_Headband":0,"LetterFromLob":1,"Membership Card":4,"REME_PuzzleBoxRelic":5,"REME_ComplimentaryCards":0,"Pocketwatch":0},{"alterego_mod:MasochisticConstitution":0,"AT_ATBox":0,"DemoMod:GlassGuonStoneRelic":2,"Baka":1,"vexMod:Spyglass":2,"qcfpunch:Duffel_Bag":0,"PageOfQueenBee":2,"qcfpunch:Fighting_Gloves":0,"qcfpunch:Red_Headband":0,"LetterFromLob":1,"Membership Card":1,"REME_PuzzleBoxRelic":2,"REME_ComplimentaryCards":0,"Pocketwatch":0},{"alterego_mod:MasochisticConstitution":0,"AT_ATBox":0,"DemoMod:GlassGuonStoneRelic":7,"Baka":3,"vexMod:Spyglass":7,"qcfpunch:Duffel_Bag":0,"PageOfQueenBee":7,"qcfpunch:Fighting_Gloves":0,"qcfpunch:Red_Headband":0,"LetterFromLob":3,"Membership Card":3,"REME_PuzzleBoxRelic":7,"REME_ComplimentaryCards":0,"Pocketwatch":0}],"Pocketwatch":[6]},"card_choices":[{"not_picked":["alterego_mod:Bounce","alterego_mod:Pet"],"picked":"alterego_mod:BiFurious","floor":1.0},{"not_picked":["alterego_mod:Jiggle","alterego_mod:Maid"],"picked":"alterego_mod:Undulate","floor":3.0},{"not_picked":["alterego_mod:MaintainEyeContact","alterego_mod:Exercise"],"picked":"alterego_mod:Bounce","floor":5.0},{"not_picked":["infinitespire:SealOfDarkness+","ReplayTheSpireMod:??????????????????????"],"picked":"infinitespire:TheBestDefense","floor":7.0}],"player_experience":61131,"relics_obtained":[{"floor":1.0,"key":"Baka"},{"floor":1.0,"key":"LetterFromLob"},{"floor":5.0,"key":"REME_PuzzleBoxRelic"}],"event_choices":[],"is_beta":false,"boss_relics":[],"items_purged_floors":[],"is_endless":false,"potions_floor_spawned":[],"killed_by":"Gensokyo:Aya","ascension_level":1}}