{"host":"ojme7g6xlqwffsso","time":1610813243,"event":{"mods":["BaseMod","Downfall","Minty Spire (QoL Compilation)","Shop Mod","StSLib"],"gold_per_floor":[99,99,127,286,286,186,210,248,267,267,291,331,360,369,389,502,502,502,529,529,553,181,181,181,181,207,207,244,129,129,155,166,270,297,297,307,307,39,66,66,66,104,132,153,184,134,134,168,68,68],"floor_reached":51,"language":"ENG","playtime":2906,"items_purged":[],"score":805,"play_id":"68586549-8df5-401d-b186-7c7dc80aebf5","local_time":"20210117010723","is_ascension_mode":false,"campfire_choices":[{"floor":1.0,"key":"RECALL"},{"data":"champ:Taunt","floor":6.0,"key":"SMITH"},{"data":"champ:StanceDance","floor":10.0,"key":"SMITH"},{"floor":18.0,"key":"REST"},{"floor":27.0,"key":"REST"},{"floor":35.0,"key":"REST"},{"floor":40,"key":"REST"},{"floor":49,"key":"REST"}],"circlet_count":0,"master_deck":["champ:Strike","champ:Strike+1","champ:Strike+1","champ:Defend","champ:Execute","champ:Taunt+1","champ:Circumvent","champ:IronFortress","champ:StanceDance+1","champ:GutPunch+1","champ:FalseCounter+1","champ:TornadoPunch+1","champ:FancyFootwork","champ:TripleStrike+1","champ:HeartStrike+1","champ:FanOfKnives+1","champ:SwordThrow+1","champ:DeathBlow+1","champ:EnGarde","champ:Circumvent+1","champ:ShieldSlam+1","champ:FlashCut+1","champ:Devastate+1","champ:CheapShot+1","champ:BerserkersShout+1","champ:Circumvent+1","champ:BerserkersShout+1","champ:EndlessRage","champ:RecklessLeap+1","champ:Backstep","Parasite","champ:HoldFirm","champ:SetATrap+1"],"relics":["champ:ChampionCrown","Dead Branch","CeramicFish","downfall:HeartBlessingRed","Lantern","Molten Egg 2","Fusion Hammer","Happy Flower","Bronze Scales","Gambling Chip","champ:DefensiveTrainingManual","Mummified Hand","MerchantsRug","Astrolabe","Unceasing Top","Bird Faced Urn","MawBank","Smiling Mask","downfall:HeartBlessingBlue"],"acts_visited":["Exordium","TheCity","TheBeyond"],"potions_floor_usage":[38,47,50,50,50],"damage_taken":[{"damage":11.0,"enemies":"Cultist","floor":3.0,"turns":3.0},{"damage":29.0,"enemies":"3 Sentries","floor":8.0,"turns":8.0},{"damage":17.0,"enemies":"Jaw Worm","floor":9.0,"turns":4.0},{"damage":10.0,"enemies":"Small Slimes","floor":11.0,"turns":3.0},{"damage":34.0,"enemies":"Lagavulin","floor":12.0,"turns":7.0},{"damage":10.0,"enemies":"Exordium Thugs","floor":13.0,"turns":5.0},{"damage":0.0,"enemies":"2 Fungi Beasts","floor":15.0,"turns":2.0},{"damage":79.0,"enemies":"WA_ARCHETYPE_RETAIN","floor":16.0,"turns":10.0},{"damage":15.0,"enemies":"3 Byrds","floor":19.0,"turns":5.0},{"damage":34.0,"enemies":"Centurion and Healer","floor":21.0,"turns":5.0},{"damage":15.0,"enemies":"downfall:FleeingMerchant","floor":22.0,"turns":4.0},{"damage":50.0,"enemies":"Cultist and Chosen","floor":26.0,"turns":3.0},{"damage":40.0,"enemies":"Slavers","floor":28.0,"turns":2.0},{"damage":50.0,"enemies":"downfall:FleeingMerchant","floor":29.0,"turns":4.0},{"damage":14.0,"enemies":"Snake Plant","floor":31.0,"turns":3.0},{"damage":30.0,"enemies":"Centurion and Healer","floor":32.0,"turns":5.0},{"damage":98.0,"enemies":"IC_MUSHROOM_ARCHETYPE","floor":33.0,"turns":7.0},{"damage":17.0,"enemies":"3 Shapes","floor":36.0,"turns":3.0},{"damage":40,"enemies":"downfall:FleeingMerchant","floor":38,"turns":4},{"damage":0,"enemies":"Orb Walker","floor":39,"turns":2},{"damage":51,"enemies":"Jaw Worm Horde","floor":42,"turns":4},{"damage":62,"enemies":"Transient","floor":43,"turns":5},{"damage":107,"enemies":"4 Shapes","floor":45,"turns":5},{"damage":147,"enemies":"Giant Head","floor":48,"turns":10},{"damage":155,"enemies":"SI_POISON_ARCHETYPE","floor":50,"turns":10}],"seed_played":"-8389915446825274030","potions_obtained":[{"floor":8.0,"key":"SkillPotion"},{"floor":9.0,"key":"Strength Potion"},{"floor":12.0,"key":"Explosive Potion"},{"floor":16.0,"key":"champ:OpenerPotion"},{"floor":19.0,"key":"Fire Potion"},{"floor":23.0,"key":"CultistPotion"},{"floor":31.0,"key":"champ:TechniquePotion"},{"floor":32.0,"key":"FearPotion"},{"floor":42,"key":"DistilledChaos"},{"floor":47,"key":"Fruit Juice"},{"floor":47,"key":"champ:OpenerPotion"}],"is_trial":false,"path_per_floor":["R","?","M","?","?","R","T","E","M","R","M","E","M","?","M","B",null,"R","M","?","M","$","?","T","?","M","R","E","$","?","M","M","B",null,"R","M","?","$","M","R","T","M","M","?","M","$","?","E","R","B",null],"character_chosen":"THE_CHAMP","items_purchased":["Happy Flower","Bronze Scales","champ:DeathBlow+1","MerchantsRug","Unceasing Top","Bird Faced Urn","champ:EndlessRage","champ:HoldFirm"],"campfire_rested":5,"item_purchase_floors":[22,22,22,29,38,38,38,46],"current_hp_per_floor":[90,83,82,82,82,82,82,73,66,66,66,71,71,71,71,17,104,104,104,83,74,74,74,74,74,64,96,96,96,96,82,82,34,109,109,102,102,102,104,109,109,100,92,92,69,69,74,35,82,3],"gold":68,"neow_bonus":"ONE_RARE_RELIC","is_daily":false,"chose_seed":false,"campfire_upgraded":2,"win_rate":0.0,"timestamp":1610813243,"path_taken":["R","?","M","?","?","R","T","E","M","R","?","E","M","?","M","BOSS","R","M","?","M","$","?","T","?","?","R","E","?","?","?","M","BOSS","R","M","?","$","M","R","T","M","M","?","?","$","?","E","R","BOSS"],"items_purchased_type":["Relic","Relic","Card","Relic","Relic","Relic","Card","Card"],"build_version":"2020-12-22","purchased_purges":0,"victory":true,"max_hp_per_floor":[90,90,90,90,90,90,90,90,90,90,90,104,104,104,104,104,104,104,104,109,109,109,109,109,109,109,109,109,109,109,109,109,109,109,109,109,109,109,109,109,109,109,109,109,109,109,114,114,124,124],"card_choices":[{"not_picked":["champ:SetATrap","champ:Duel"],"picked":"champ:Circumvent","floor":3.0},{"not_picked":["champ:Circumvent","champ:SkillfulDodge"],"picked":"champ:IronFortress","floor":8.0},{"not_picked":["champ:RecklessLeap+1","champ:FalseCounter"],"picked":"champ:StanceDance","floor":9.0},{"not_picked":["champ:FaceSlap+1","champ:ShieldWall"],"picked":"champ:GutPunch+1","floor":11.0},{"not_picked":["champ:SkillfulDodge","champ:AdrenalArmor"],"picked":"champ:FalseCounter","floor":12.0},{"not_picked":["champ:Haymaker+1","champ:BerserkersShout"],"picked":"champ:TornadoPunch+1","floor":13.0},{"not_picked":["champ:AdrenalArmor","champ:ShieldThrow+1"],"picked":"champ:FancyFootwork","floor":15.0},{"not_picked":["champ:SwordThrow+1","champ:CheapShot+1"],"picked":"champ:TripleStrike+1","floor":16.0},{"not_picked":["champ:DefensiveShout","champ:AdrenalArmor"],"picked":"champ:HeartStrike+1","floor":19.0},{"not_picked":["champ:Circumvent","champ:HeartStrike+1"],"picked":"champ:FanOfKnives+1","floor":21.0},{"not_picked":["champ:EnGarde","champ:BringItOn"],"picked":"champ:SwordThrow+1","floor":22.0},{"not_picked":["champ:BladeFlurry+1","champ:BerserkersShout"],"picked":"champ:EnGarde","floor":26.0},{"not_picked":["champ:CrownThrow+1","champ:FocusedDefense"],"picked":"champ:Circumvent+1","floor":28.0},{"not_picked":["champ:GladiatorStyle","champ:Circumvent+1"],"picked":"champ:ShieldSlam+1","floor":29.0},{"not_picked":["champ:Circumvent","champ:StanceDance"],"picked":"champ:FlashCut+1","floor":31.0},{"not_picked":["champ:RisingSlash+1","champ:DefensiveShout","champ:BladeFlurry+1"],"picked":"SKIP","floor":32.0},{"not_picked":["champ:VampiricStrike+1","champ:TripleStrike+1"],"picked":"champ:Devastate+1","floor":33.0},{"not_picked":["champ:CrownThrow+1","champ:FanOfKnives+1","champ:BladeFlurry+1"],"picked":"SKIP","floor":36.0},{"not_picked":["champ:FalseCounter","champ:HeartStrike+1"],"picked":"champ:BerserkersShout+1","floor":38},{"not_picked":["champ:TornadoPunch+1","champ:BringItOn"],"picked":"champ:RecklessLeap+1","floor":39},{"not_picked":["champ:GutPunch+1","champ:DeathBlow+1"],"picked":"champ:Backstep","floor":42},{"not_picked":["champ:Lariat","champ:Parry","champ:FanOfKnives+1"],"picked":"SKIP","floor":43},{"not_picked":["champ:AdrenalArmor","champ:Endure","champ:Lariat+1"],"picked":"SKIP","floor":45},{"not_picked":["champ:DeathBlow+1","champ:BladeFlurry+1"],"picked":"champ:SetATrap+1","floor":48}],"player_experience":858297,"relics_obtained":[{"floor":7.0,"key":"Lantern"},{"floor":8.0,"key":"Molten Egg 2"},{"floor":12.0,"key":"Mango"},{"floor":24.0,"key":"Gambling Chip"},{"floor":25.0,"key":"champ:DefensiveTrainingManual"},{"floor":28.0,"key":"Mummified Hand"},{"floor":41,"key":"MawBank"},{"floor":48,"key":"Smiling Mask"}],"event_choices":[{"damage_healed":0.0,"max_hp_gain":0.0,"max_hp_loss":0.0,"gold_gain":0.0,"event_name":"Scrap Ooze","player_choice":"Success","floor":2.0,"gold_loss":0.0,"damage_taken":7.0,"relics_obtained":["CeramicFish"]},{"cards_removed":["champ:Defend"],"damage_healed":0.0,"max_hp_gain":0.0,"max_hp_loss":0.0,"gold_gain":0.0,"event_name":"Bonfire Elementals","player_choice":"Offered Basic","floor":5.0,"gold_loss":0.0,"damage_taken":0.0},{"damage_healed":0.0,"max_hp_gain":0.0,"max_hp_loss":0.0,"gold_gain":0.0,"event_name":"Wheel of Change","player_choice":"Relic","floor":25.0,"gold_loss":0.0,"damage_taken":0.0},{"damage_healed":0,"gold_gain":0,"player_choice":"Got Potions","damage_taken":0,"max_hp_gain":0,"max_hp_loss":0,"event_name":"Lab","floor":47,"gold_loss":0}],"is_beta":false,"boss_relics":[{"not_picked":["Snecko Eye","Runic Pyramid"],"picked":"Fusion Hammer"},{"not_picked":["Black Star","Empty Cage"],"picked":"Astrolabe"}],"items_purged_floors":[],"is_endless":false,"potions_floor_spawned":[8,9,12,16,19,21,31,32,36,42,45,48],"ascension_level":0}}