{"host":"w9yruvs4bqht6bhw","time":1610824845,"event":{"mods":["BaseMod","Colored Powertips","Minty Spire (QoL Compilation)"],"gold_per_floor":[116,116,139,49,64,64,64,64,64,64,64,96,96,122,122,227,227,242,260,271,196,196,230,230,257,257,299,311,323,335,358,370,478,490,519,531,560,451,451,484,534,534,534,534,544,562,576,603,603,603],"floor_reached":51,"language":"ENG","playtime":1340,"items_purged":["Twin Strike+1"],"score":1238,"play_id":"61d45945-03c8-4ad3-bb11-55583d16fde4","local_time":"20210116142045","is_ascension_mode":true,"campfire_choices":[{"data":"Dramatic Entrance","floor":6,"key":"SMITH"},{"data":"Infernal Blade","floor":8,"key":"SMITH"},{"data":"Bash","floor":10,"key":"SMITH"},{"data":"Strike_R","floor":15,"key":"SMITH"},{"floor":24,"key":"REST"},{"data":"Inflame","floor":28,"key":"SMITH"},{"data":"Spot Weakness","floor":32,"key":"SMITH"},{"data":"Exhume","floor":44,"key":"SMITH"},{"data":"Defend_R","floor":49,"key":"SMITH"}],"circlet_count":0,"master_deck":["AscendersBane","Strike_R+1","Strike_R+1","Strike_R+1","Defend_R","Defend_R","Defend_R","Defend_R+1","Bash+1","Sword Boomerang+1","Dramatic Entrance+1","Infernal Blade+1","Sword Boomerang+1","Carnage+1","Exhume+1","Anger+1","Clothesline+1","RitualDagger+1","Spot Weakness+1","Impervious","Sword Boomerang+1","Feed+1","Flame Barrier+1","Feed+1","Sword Boomerang+1"],"relics":["Burning Blood","NeowsBlessing","Juzu Bracelet","Meat on the Bone","HornCleat","Molten Egg 2","Vajra","Black Star","White Beast Statue","InkBottle","Matryoshka","Tiny Chest","Anchor","Bag of Marbles","MawBank","Turnip","Eternal Feather","SlaversCollar","Toy Ornithopter","Kunai","Orichalcum","Question Card","Ginger","Mercury Hourglass","Torii","Oddly Smooth Stone"],"acts_visited":["Exordium","TheCity","TheBeyond"],"potions_floor_usage":[16,23,23,23,25,27,33,33,40,46,46,46,50,50],"damage_taken":[{"damage":0,"enemies":"Cultist","floor":1,"turns":1},{"damage":0,"enemies":"Jaw Worm","floor":5,"turns":1},{"damage":0,"enemies":"Lagavulin","floor":12,"turns":1},{"damage":4,"enemies":"Gremlin Nob","floor":14,"turns":3},{"damage":52,"enemies":"Hexaghost","floor":16,"turns":9},{"damage":14,"enemies":"Shell Parasite","floor":18,"turns":3},{"damage":11,"enemies":"2 Thieves","floor":19,"turns":2},{"damage":2,"enemies":"Cultist and Chosen","floor":20,"turns":4},{"damage":15,"enemies":"Slavers","floor":23,"turns":3},{"damage":24,"enemies":"Book of Stabbing","floor":25,"turns":4},{"damage":7,"enemies":"Gremlin Leader","floor":27,"turns":3},{"damage":0,"enemies":"Snecko","floor":31,"turns":3},{"damage":59,"enemies":"Champ","floor":33,"turns":8},{"damage":0,"enemies":"3 Darklings","floor":35,"turns":3},{"damage":6,"enemies":"3 Shapes","floor":37,"turns":1},{"damage":19,"enemies":"Nemesis","floor":40,"turns":5},{"damage":15,"enemies":"Mind Bloom Boss Battle","floor":41,"turns":6},{"damage":0,"enemies":"Jaw Worm Horde","floor":45,"turns":1},{"damage":22,"enemies":"Writhing Mass","floor":46,"turns":2},{"damage":0,"enemies":"3 Darklings","floor":47,"turns":2},{"damage":3,"enemies":"Giant Head","floor":48,"turns":5},{"damage":53,"enemies":"Awakened One","floor":50,"turns":11}],"seed_played":"7657421162125768465","potions_obtained":[{"floor":5,"key":"Swift Potion"},{"floor":12,"key":"PowerPotion"},{"floor":19,"key":"Strength Potion"},{"floor":20,"key":"Regen Potion"},{"floor":23,"key":"AttackPotion"},{"floor":25,"key":"Explosive Potion"},{"floor":27,"key":"FearPotion"},{"floor":31,"key":"Ancient Potion"},{"floor":33,"key":"SteroidPotion"},{"floor":35,"key":"SkillPotion"},{"floor":37,"key":"Energy Potion"},{"floor":40,"key":"DuplicationPotion"},{"floor":46,"key":"SpeedPotion"},{"floor":47,"key":"EssenceOfSteel"},{"floor":48,"key":"BlessingOfTheForge"}],"is_trial":false,"path_per_floor":["M","?","T","$","M","R","?","R","T","R","?","E","?","E","R","B",null,"M","M","M","?","T","E","R","E","T","E","R","?","?","M","R","B",null,"M","?","M","$","T","E","?","?","T","R","M","M","M","E","R","B",null],"character_chosen":"IRONCLAD","items_purchased":["Dramatic Entrance","Sword Boomerang+1"],"campfire_rested":1,"item_purchase_floors":[4,38],"current_hp_per_floor":[78,62,62,62,68,68,68,68,68,68,56,62,62,64,64,30,68,60,55,59,59,59,59,80,62,62,61,70,64,64,70,80,39,70,76,76,76,76,76,67,58,58,58,70,76,64,70,73,80,50],"gold":603,"neow_bonus":"THREE_ENEMY_KILL","is_daily":false,"chose_seed":false,"campfire_upgraded":8,"win_rate":0.0,"timestamp":1610824845,"path_taken":["M","?","?","$","M","R","?","R","T","R","?","E","?","E","R","BOSS","M","M","M","?","?","E","R","E","T","E","R","?","?","M","R","BOSS","M","?","M","$","?","E","?","?","T","R","M","M","M","E","R","BOSS"],"items_purchased_type":["Card","Card"],"build_version":"2020-12-22","purchased_purges":1,"victory":true,"max_hp_per_floor":[80,80,80,80,80,80,80,80,80,80,80,80,80,80,80,80,80,80,80,80,80,80,80,80,80,80,80,80,80,80,80,80,80,80,80,80,80,80,80,80,80,80,80,80,80,80,80,80,80,80],"card_choices":[{"not_picked":["Perfected Strike","Burning Pact"],"picked":"Sword Boomerang","floor":1},{"not_picked":["Clothesline","Battle Trance"],"picked":"Infernal Blade","floor":5},{"not_picked":["Sentinel","Body Slam+1"],"picked":"Sword Boomerang+1","floor":12},{"not_picked":["Clothesline+1","Entrench"],"picked":"Carnage+1","floor":14},{"not_picked":["Brutality","Double Tap"],"picked":"Exhume","floor":16},{"not_picked":["Anger+1","Carnage+1","Searing Blow+1"],"picked":"SKIP","floor":18},{"not_picked":["Heavy Blade+1","Perfected Strike+1"],"picked":"Anger+1","floor":19},{"not_picked":["Fire Breathing","Combust"],"picked":"Clothesline+1","floor":20},{"not_picked":["Rupture","Havoc"],"picked":"Inflame","floor":23},{"not_picked":["Metallicize","Anger+1","Sentinel"],"picked":"SKIP","floor":25},{"not_picked":["Thunderclap+1","Evolve"],"picked":"Twin Strike+1","floor":27},{"not_picked":["Wild Strike+1","Carnage+1","Hemokinesis+1"],"picked":"SKIP","floor":31},{"not_picked":["Fiend Fire+1","Berserk"],"picked":"Impervious","floor":33},{"not_picked":["Infernal Blade","Anger+1","Flex"],"picked":"SKIP","floor":35},{"not_picked":["Flex+1","Impervious","Evolve"],"picked":"SKIP","floor":37},{"not_picked":["Anger+1","Rampage+1"],"picked":"Feed+1","floor":40},{"not_picked":["Perfected Strike+1","Clash+1","Feel No Pain+1","Rampage+1"],"picked":"SKIP","floor":45},{"not_picked":["Cleave+1","Warcry","Pommel Strike+1"],"picked":"Flame Barrier+1","floor":46},{"not_picked":["Twin Strike+1","Ghostly Armor+1","Spot Weakness+1"],"picked":"Feed+1","floor":47},{"not_picked":["Demon Form","Warcry+1","Metallicize"],"picked":"Sword Boomerang+1","floor":48}],"player_experience":403251,"relics_obtained":[{"floor":3,"key":"Juzu Bracelet"},{"floor":9,"key":"Meat on the Bone"},{"floor":12,"key":"Molten Egg 2"},{"floor":14,"key":"Vajra"},{"floor":22,"key":"White Beast Statue"},{"floor":23,"key":"InkBottle"},{"floor":23,"key":"Matryoshka"},{"floor":25,"key":"Tiny Chest"},{"floor":25,"key":"Anchor"},{"floor":26,"key":"Bag of Marbles"},{"floor":26,"key":"MawBank"},{"floor":27,"key":"Turnip"},{"floor":27,"key":"Eternal Feather"},{"floor":39,"key":"Toy Ornithopter"},{"floor":39,"key":"Kunai"},{"floor":40,"key":"Orichalcum"},{"floor":40,"key":"Question Card"},{"floor":41,"key":"Ginger"},{"floor":43,"key":"Mercury Hourglass"},{"floor":48,"key":"Torii"},{"floor":48,"key":"Oddly Smooth Stone"}],"event_choices":[{"damage_healed":0,"gold_gain":0,"player_choice":"Entered Light","damage_taken":16,"max_hp_gain":0,"max_hp_loss":0,"event_name":"Shining Light","floor":2,"gold_loss":0,"cards_upgraded":["Sword Boomerang","Strike_R"]},{"cards_removed":["Strike_R"],"damage_healed":0,"gold_gain":0,"player_choice":"Purged","damage_taken":0,"max_hp_gain":0,"max_hp_loss":0,"event_name":"Purifier","floor":7,"gold_loss":0},{"damage_healed":0,"gold_gain":0,"player_choice":"Success","damage_taken":12,"relics_obtained":["HornCleat"],"max_hp_gain":0,"max_hp_loss":0,"event_name":"Scrap Ooze","floor":11,"gold_loss":0},{"damage_healed":0,"gold_gain":0,"player_choice":"Grow","damage_taken":0,"max_hp_gain":0,"max_hp_loss":0,"event_name":"Living Wall","floor":13,"gold_loss":0,"cards_upgraded":["Strike_R"]},{"cards_removed":["Strike_R"],"damage_healed":0,"gold_gain":0,"player_choice":"Gave Gold","damage_taken":0,"max_hp_gain":0,"max_hp_loss":0,"event_name":"Beggar","floor":21,"gold_loss":75},{"damage_healed":0,"gold_gain":0,"player_choice":"Joined the Cult","damage_taken":6,"max_hp_gain":0,"max_hp_loss":0,"event_name":"Nest","floor":29,"gold_loss":0,"cards_obtained":["RitualDagger"]},{"damage_healed":0,"gold_gain":0,"player_choice":"Read","damage_taken":0,"max_hp_gain":0,"max_hp_loss":0,"event_name":"The Library","floor":30,"gold_loss":0,"cards_obtained":["Spot Weakness"]},{"cards_removed":["Inflame"],"damage_healed":0,"gold_gain":0,"player_choice":"Removed Power","damage_taken":0,"max_hp_gain":0,"max_hp_loss":0,"event_name":"Falling","floor":36,"gold_loss":0},{"damage_healed":0,"gold_gain":0,"player_choice":"Fight","damage_taken":0,"max_hp_gain":0,"max_hp_loss":0,"event_name":"MindBloom","floor":41,"gold_loss":0},{"damage_healed":0,"gold_gain":0,"player_choice":"Ignored","damage_taken":0,"max_hp_gain":0,"max_hp_loss":0,"event_name":"Mysterious Sphere","floor":42,"gold_loss":0}],"is_beta":false,"boss_relics":[{"not_picked":["Fusion Hammer","Cursed Key"],"picked":"Black Star"},{"not_picked":["Runic Pyramid","Mark of Pain"],"picked":"SlaversCollar"}],"items_purged_floors":[38],"is_endless":false,"potions_floor_spawned":[5,12,19,20,23,25,27,31,33,35,37,40,41,45,46,47,48],"ascension_level":10}}