{"host":"lzzv50t0ea3gz1kk","time":1610802534,"event":{"mods":["ATMod(°¢èªMod)","Act Like it!","BaseMod","Gensokyo","Hallownest","Hermit","Marisa£¨ìFÓê¡¡Ä§ÀíÉ³£©","Minty Spire (QoL Compilation)","Replay The Spire","Robot Space Explorer","StSLib","The Animator"],"gold_per_floor":[116,116,133,198,214,214,16,16,16,91,103,103,114,147,147,245,245,264,275,275,275,275,275,289,315,315,315,335,354,453,465,465,561,561,576,576,586,511,511,511,530,290,290,290,306,321,321,349,349,349],"floor_reached":51,"language":"ZHS","playtime":2803,"items_purged":["Expertise"],"score":754,"play_id":"71a58021-bc61-419f-b019-6a53c3a03449","local_time":"20210116210854","is_ascension_mode":true,"campfire_choices":[{"data":"Noxious Fumes","floor":6,"key":"SMITH"},{"data":"AT_WindFlip","floor":8,"key":"SMITH"},{"data":"Backflip","floor":12,"key":"SMITH"},{"data":"AT_TwilightShroud","floor":15,"key":"SMITH"},{"data":"Adrenaline","floor":23,"key":"SMITH"},{"data":"Dagger Spray","floor":32,"key":"SMITH"},{"data":"PiercingWail","floor":40,"key":"SMITH"},{"data":"Neutralize","floor":44,"key":"SMITH"},{"data":"Survivor","floor":47,"key":"SMITH"},{"floor":49,"key":"REST"}],"circlet_count":0,"master_deck":["Defend_G+1","Defend_G+1","Defend_G+1","Defend_G+1","Survivor+1","Neutralize+1","PiercingWail+1","Noxious Fumes+1","Backflip+1","AT_WindFlip+1","AT_TwilightShroud+1","Adrenaline+1","Burst+1","Dodge and Roll+1","Dagger Spray+1","PiercingWail+1","Poison Darts+1","Poison Darts+1","ReplayTheSpireMod:Private Reserves+1","Well Laid Plans+1","Endless Agony+1","Backstab+1"],"relics":["Ring of the Snake","AT_ATBox","Omamori","MealTicket","Eternal Feather","Oddly Smooth Stone","Kintsugi","Toxic Egg 2","ReplayTheSpireMod:TigerMarble","Replay:Ringing Soul","Replay:Bronze Core","Replay:Bottled Steam","Sundial"],"acts_visited":["Exordium","TheCity","TheBeyond"],"potions_floor_usage":[16,29,33,33,50,50,50],"damage_taken":[{"damage":0,"enemies":"2 Louse","floor":1,"turns":3},{"damage":0,"enemies":"Small Slimes","floor":3,"turns":4},{"damage":3,"enemies":"Jaw Worm","floor":5,"turns":7},{"damage":0,"enemies":"2 Fungi Beasts","floor":11,"turns":2},{"damage":4,"enemies":"Blue Slaver","floor":13,"turns":3},{"damage":20,"enemies":"Lagavulin","floor":14,"turns":6},{"damage":20,"enemies":"Slime Boss","floor":16,"turns":9},{"damage":1,"enemies":"Spheric Guardian","floor":18,"turns":7},{"damage":0,"enemies":"Shell Parasite","floor":19,"turns":6},{"damage":0,"enemies":"Cultist and Chosen","floor":24,"turns":8},{"damage":5,"enemies":"Book of Stabbing","floor":25,"turns":9},{"damage":0,"enemies":"Centurion and Healer","floor":28,"turns":9},{"damage":0,"enemies":"Shelled Parasite and Fungi","floor":29,"turns":2},{"damage":13,"enemies":"Sentry and Sphere","floor":31,"turns":6},{"damage":57,"enemies":"Automaton","floor":33,"turns":10},{"damage":0,"enemies":"3 Shapes","floor":35,"turns":2},{"damage":0,"enemies":"3 Darklings","floor":37,"turns":3},{"damage":41,"enemies":"4 Shapes","floor":41,"turns":4},{"damage":10,"enemies":"Spire Growth","floor":45,"turns":3},{"damage":10,"enemies":"3 Darklings","floor":46,"turns":4},{"damage":30,"enemies":"R_Hoarder","floor":48,"turns":7},{"damage":87,"enemies":"Donu and Deca","floor":50,"turns":14}],"seed_played":"-5669465458959555780","potions_obtained":[{"floor":1,"key":"Dexterity Potion"},{"floor":4,"key":"GamblersBrew"},{"floor":4,"key":"Dexterity Potion"},{"floor":11,"key":"PowerPotion"},{"floor":16,"key":"AttackPotion"},{"floor":31,"key":"PowerPotion"},{"floor":35,"key":"Regen Potion"},{"floor":45,"key":"FearPotion"}],"is_trial":false,"path_per_floor":["M","?","M","?","M","R","$","R","T","?","M","R","M","E","R","B",null,"M","M","?","?","?","R","M","E","T","?","M","M","?","M","R","B",null,"M","?","M","$","?","R","M","$","T","R","M","M","R","E","R","B",null],"character_chosen":"THE_SILENT","items_purchased":["AT_WindFlip","MealTicket","Replay:Bottled Steam"],"campfire_rested":1,"item_purchase_floors":[7,7,42],"current_hp_per_floor":[77,77,77,77,74,74,74,74,74,63,63,72,68,48,57,37,77,76,76,76,76,76,77,77,72,72,72,75,83,83,73,82,28,89,89,92,95,95,95,95,57,72,72,84,74,64,76,49,91,19],"gold":349,"neow_bonus":"TEN_PERCENT_HP_BONUS","is_daily":false,"chose_seed":false,"campfire_upgraded":9,"win_rate":0.0,"timestamp":1610802534,"path_taken":["M","?","M","?","M","R","$","R","T","?","M","R","M","E","R","BOSS","M","M","?","?","?","R","M","E","T","?","M","?","?","M","R","BOSS","M","?","M","$","?","R","M","$","T","R","M","M","R","E","R","BOSS"],"items_purchased_type":["Card","Relic","Relic"],"build_version":"2020-12-22","purchased_purges":1,"victory":true,"max_hp_per_floor":[77,77,77,77,77,77,77,77,77,77,77,77,77,77,77,77,77,77,77,77,77,77,77,77,77,77,77,80,83,83,86,86,89,89,89,92,95,95,95,95,98,98,98,98,98,98,98,101,101,101],"card_choices":[{"not_picked":["ReplayTheSpireMod:Exploit Weakness","Deflect"],"picked":"PiercingWail","floor":1},{"not_picked":["Deflect","Deadly Poison"],"picked":"Noxious Fumes","floor":3},{"not_picked":["Outmaneuver","Tactician"],"picked":"Backflip","floor":5},{"not_picked":["Deflect","Leg Sweep","Deadly Poison"],"picked":"SKIP","floor":11},{"not_picked":["Leg Sweep","ReplayTheSpireMod:Exploit Weakness","Deadly Poison"],"picked":"SKIP","floor":13},{"not_picked":["Hidden Blade","Leg Sweep"],"picked":"AT_TwilightShroud","floor":14},{"not_picked":["AT_KingSlayer","Glass Knife"],"picked":"Adrenaline","floor":16},{"not_picked":["Underhanded Strike","Quick Slash"],"picked":"Expertise","floor":18},{"not_picked":["Acrobatics","Prepared+1","Deflect"],"picked":"SKIP","floor":19},{"not_picked":["Blade Dance+1","Infinite Blades+1","Caltrops"],"picked":"SKIP","floor":24},{"not_picked":["Deflect+1","Backflip+1"],"picked":"Dodge and Roll+1","floor":25},{"not_picked":["AT_ArcaneSupremacy+1","Quick Slash"],"picked":"Dagger Spray","floor":28},{"not_picked":["Outmaneuver+1","AT_WindFlip"],"picked":"PiercingWail+1","floor":29},{"not_picked":["Acrobatics+1","AT_FocusSwordFire+1"],"picked":"Poison Darts+1","floor":31},{"not_picked":["Glass Knife","Replay:Bag of Tricks+1"],"picked":"Poison Darts+1","floor":33},{"not_picked":["Replay:Poison Smokescreen+1","AT_WindFlip","Dodge and Roll+1"],"picked":"SKIP","floor":35},{"not_picked":["Trip+1","HandOfGreed"],"picked":"ReplayTheSpireMod:Private Reserves+1","floor":36},{"not_picked":["PiercingWail+1","Deadly Poison+1"],"picked":"Well Laid Plans+1","floor":37},{"not_picked":["AT_WindFlip","Flying Knee"],"picked":"Endless Agony+1","floor":41},{"not_picked":["Blade Dance+1","Flying Knee+1","Reflex+1"],"picked":"SKIP","floor":45},{"not_picked":["Deadly Poison+1","Hidden Blade+1","Slice"],"picked":"SKIP","floor":46},{"not_picked":["Blade Dance+1","Acrobatics+1"],"picked":"Backstab+1","floor":48}],"player_experience":328217,"relics_obtained":[{"floor":4,"key":"Omamori"},{"floor":9,"key":"Eternal Feather"},{"floor":14,"key":"Oddly Smooth Stone"},{"floor":25,"key":"ReplayTheSpireMod:TigerMarble"},{"floor":26,"key":"Replay:Ringing Soul"},{"floor":43,"key":"Sundial"}],"event_choices":[{"damage_healed":0,"gold_gain":75,"player_choice":"Gather Gold","damage_taken":11,"max_hp_gain":0,"max_hp_loss":0,"event_name":"World of Goop","floor":10,"gold_loss":0},{"damage_healed":0,"gold_gain":0,"player_choice":"Simplicity","damage_taken":0,"max_hp_gain":0,"max_hp_loss":0,"event_name":"Back to Basics","floor":20,"gold_loss":0,"cards_upgraded":["Defend_G","Defend_G","Defend_G","Defend_G"]},{"damage_healed":0,"gold_gain":0,"player_choice":"Read","damage_taken":0,"max_hp_gain":0,"max_hp_loss":0,"event_name":"The Library","floor":22,"gold_loss":0,"cards_obtained":["Burst"]},{"cards_removed":["Hallucinations"],"damage_healed":0,"gold_gain":0,"player_choice":"Purged","damage_taken":0,"max_hp_gain":0,"max_hp_loss":0,"event_name":"Purifier","floor":27,"gold_loss":0},{"damage_healed":0,"gold_gain":99,"player_choice":"Stole From Cult","damage_taken":0,"max_hp_gain":0,"max_hp_loss":0,"event_name":"Nest","floor":30,"gold_loss":0},{"damage_healed":0,"gold_gain":0,"player_choice":"Memory 1","damage_taken":0,"max_hp_gain":0,"max_hp_loss":0,"event_name":"SensoryStone","floor":36,"gold_loss":0},{"damage_healed":0,"gold_gain":0,"player_choice":"Ignored","damage_taken":0,"max_hp_gain":0,"max_hp_loss":0,"event_name":"Tomb of Lord Red Mask","floor":39,"gold_loss":0}],"is_beta":false,"boss_relics":[{"not_picked":["Honey Jar","WristBlade"],"picked":"Kintsugi"},{"not_picked":["Snecko Scales","Runic Dome"],"picked":"Replay:Bronze Core"}],"items_purged_floors":[38],"is_endless":false,"potions_floor_spawned":[1,11,16,25,28,31,35,45,46,48],"ascension_level":1}}